  <div class='ocr_page' id='page_1' title='image "/cluster/home/n/w/nwhite01/storage/ocr_20150623/67/pst.000009865921/885.png"; bbox 0 0 4504 6576; ppageno 0'>
   <div class='ocr_carea' id='block_1_1' title="bbox 758 440 895 498">
    <p class='ocr_par' dir='ltr' id='par_1_1' title="bbox 758 440 895 498">
     <span class='ocr_line' id='line_1_1' title="bbox 758 440 895 498; baseline 0.015 -2"><span class='ocrx_word' id='word_1_1' title='bbox 758 440 782 496; x_wconf 71' lang='grc' dir='ltr'><strong>ί</strong></span> <span class='ocrx_word' id='word_1_2' title='bbox 793 441 895 498; x_wconf 69' lang='lat'><strong>6&#39;13</strong></span> 
     </span>
    </p>
   </div>
   <div class='ocr_carea' id='block_1_2' title="bbox 2227 440 2556 500">
    <p class='ocr_par' dir='ltr' id='par_1_2' title="bbox 2227 440 2556 500">
     <span class='ocr_line' id='line_1_2' title="bbox 2227 440 2556 500; baseline -0.006 0"><span class='ocrx_word' id='word_1_3' title='bbox 2227 440 2556 500; x_wconf 71' lang='lat' dir='ltr'><strong>SOZOMEM</strong></span> 
     </span>
    </p>
   </div>
   <div class='ocr_carea' id='block_1_3' title="bbox 3890 456 4030 514">
    <p class='ocr_par' dir='ltr' id='par_1_3' title="bbox 3890 456 4030 514">
     <span class='ocr_line' id='line_1_3' title="bbox 3890 456 4030 514; baseline 0 -2"><span class='ocrx_word' id='word_1_4' title='bbox 3890 458 3910 512; x_wconf 78' lang='grc' dir='ltr'><strong>Ι</strong></span> <span class='ocrx_word' id='word_1_5' title='bbox 3924 456 4030 514; x_wconf 78' lang='grc' dir='ltr'><strong>ωι</strong></span> 
     </span>
    </p>
   </div>
   <div class='ocr_carea' id='block_1_4' title="bbox 755 561 2534 650">
    <p class='ocr_par' dir='ltr' id='par_1_4' title="bbox 755 561 2534 639">
     <span class='ocr_line' id='line_1_4' title="bbox 755 561 2534 639; baseline 0.003 -25"><span class='ocrx_word' id='word_1_6' title='bbox 755 571 921 627; x_wconf 84' lang='lat' dir='ltr'><strong>runt;</strong></span> <span class='ocrx_word' id='word_1_7' title='bbox 954 568 1230 630; x_wconf 85' lang='lat' dir='ltr'><strong>noctuque</strong></span> <span class='ocrx_word' id='word_1_8' title='bbox 1261 561 1494 618; x_wconf 85' lang='lat' dir='ltr'><strong>obsessa</strong></span> <span class='ocrx_word' id='word_1_9' title='bbox 1541 563 1664 633; x_wconf 90' lang='lat' dir='ltr'><strong>ejus</strong></span> <span class='ocrx_word' id='word_1_10' title='bbox 1699 563 1865 620; x_wconf 91' lang='lat' dir='ltr'><strong>domo</strong></span> <span class='ocrx_word' id='word_1_11' title='bbox 1886 605 1899 629; x_wconf 90' lang='lat'><strong>,</strong></span> <span class='ocrx_word' id='word_1_12' title='bbox 1953 565 2222 636; x_wconf 93' lang='lat' dir='ltr'><strong>impetum</strong></span> <span class='ocrx_word' id='word_1_13' title='bbox 2274 567 2330 621; x_wconf 91' lang='lat' dir='ltr'><strong>in</strong></span> <span class='ocrx_word' id='word_1_14' title='bbox 2360 570 2405 626; x_wconf 76' lang='grc' dir='ltr'><strong>Δ</strong></span> <span class='ocrx_word' id='word_1_15' title='bbox 2433 584 2534 639; x_wconf 86' lang='grc' dir='ltr'><strong>φρα</strong></span> 
     </span>
    </p>
   </div>
   <div class='ocr_carea' id='block_1_5' title="bbox 2251 561 4030 650">
    <p class='ocr_par' dir='ltr' id='par_1_5' title="bbox 2274 566 4030 650">
     <span class='ocr_line' id='line_1_5' title="bbox 2274 566 4030 650; baseline 0.007 -29"><span class='ocrx_word' id='word_1_16' title='bbox 2274 567 2330 621; x_wconf 89' lang='lat' dir='ltr'><strong>in</strong></span> <span class='ocrx_word' id='word_1_17' title='bbox 2360 570 2405 626; x_wconf 76' lang='grc' dir='ltr'><strong>Δ</strong></span> <span class='ocrx_word' id='word_1_18' title='bbox 2433 566 2788 639; x_wconf 79' lang='grc' dir='ltr'><strong>φραξάμενοι,</strong></span> <span class='ocrx_word' id='word_1_19' title='bbox 2822 569 3042 643; x_wconf 78' lang='grc' dir='ltr'><strong>νύκτωρ</strong></span> <span class='ocrx_word' id='word_1_20' title='bbox 3085 573 3249 628; x_wconf 80' lang='grc' dir='ltr'>αὐτοῦ</span> <span class='ocrx_word' id='word_1_21' title='bbox 3291 575 3391 646; x_wconf 84' lang='grc' dir='ltr'><strong>τὴν</strong></span> <span class='ocrx_word' id='word_1_22' title='bbox 3439 575 3618 630; x_wconf 86' lang='grc' dir='ltr'>οίκίαν</span> <span class='ocrx_word' id='word_1_23' title='bbox 3669 577 4030 650; x_wconf 77' lang='grc' dir='ltr'><strong>κατέδραμον.</strong></span> 
     </span>
    </p>
   </div>
   <div class='ocr_carea' id='block_1_6' title="bbox 747 648 2333 725">
    <p class='ocr_par' dir='ltr' id='par_1_6' title="bbox 747 648 2333 725">
     <span class='ocr_line' id='line_1_6' title="bbox 747 648 2333 725; baseline 0.006 -20"><span class='ocrx_word' id='word_1_24' title='bbox 747 666 873 705; x_wconf 89' lang='lat' dir='ltr'><strong>eum</strong></span> <span class='ocrx_word' id='word_1_25' title='bbox 922 648 1194 707; x_wconf 77' lang='lat' dir='ltr'><strong>fecerunt.</strong></span> <span class='ocrx_word' id='word_1_26' title='bbox 1227 649 1431 708; x_wconf 84' lang='lat' dir='ltr'><strong>Verum</strong></span> <span class='ocrx_word' id='word_1_27' title='bbox 1477 652 1776 712; x_wconf 79' lang='lat' dir='ltr'><strong>Gerontius</strong></span> <span class='ocrx_word' id='word_1_28' title='bbox 1823 672 1949 712; x_wconf 85' lang='lat' dir='ltr'><strong>cum</strong></span> <span class='ocrx_word' id='word_1_29' title='bbox 1990 673 2108 725; x_wconf 85' lang='lat' dir='ltr'><strong>uno</strong></span> <span class='ocrx_word' id='word_1_30' title='bbox 2155 659 2333 714; x_wconf 83' lang='lat' dir='ltr'><strong>Alano</strong></span> 
     </span>
    </p>
   </div>
   <div class='ocr_carea' id='block_1_7' title="bbox 749 743 2332 819">
    <p class='ocr_par' dir='ltr' id='par_1_7' title="bbox 749 743 2332 819">
     <span class='ocr_line' id='line_1_7' title="bbox 749 743 2332 819; baseline 0.005 -21"><span class='ocrx_word' id='word_1_31' title='bbox 749 743 1015 798; x_wconf 76' lang='lat' dir='ltr'><strong>familiari</strong></span> <span class='ocrx_word' id='word_1_32' title='bbox 1047 758 1152 801; x_wconf 91' lang='lat' dir='ltr'><strong>suo</strong></span> <span class='ocrx_word' id='word_1_33' title='bbox 1195 746 1503 817; x_wconf 82' lang='lat' dir='ltr'><strong>paucisque</strong></span> <span class='ocrx_word' id='word_1_34' title='bbox 1554 748 1850 805; x_wconf 84' lang='lat' dir='ltr'><strong>admodum</strong></span> <span class='ocrx_word' id='word_1_35' title='bbox 1901 751 2175 819; x_wconf 83' lang='lat' dir='ltr'><strong>servulis,</strong></span> <span class='ocrx_word' id='word_1_36' title='bbox 2225 754 2332 807; x_wconf 86' lang='lat' dir='ltr'><strong>tela</strong></span> 
     </span>
    </p>
   </div>
   <div class='ocr_carea' id='block_1_8' title="bbox 744 837 2331 914">
    <p class='ocr_par' dir='ltr' id='par_1_8' title="bbox 744 837 2331 914">
     <span class='ocr_line' id='line_1_8' title="bbox 744 837 2331 914; baseline 0.006 -22"><span class='ocrx_word' id='word_1_37' title='bbox 744 852 810 892; x_wconf 79' lang='lat' dir='ltr'><strong>ex</strong></span> <span class='ocrx_word' id='word_1_38' title='bbox 843 837 1121 908; x_wconf 82' lang='lat' dir='ltr'><strong>superiori</strong></span> <span class='ocrx_word' id='word_1_39' title='bbox 1151 838 1349 894; x_wconf 88' lang='lat' dir='ltr'><strong>domus</strong></span> <span class='ocrx_word' id='word_1_40' title='bbox 1400 847 1558 910; x_wconf 87' lang='lat' dir='ltr'><strong>parte</strong></span> <span class='ocrx_word' id='word_1_41' title='bbox 1599 843 1942 913; x_wconf 89' lang='lat' dir='ltr'><strong>eonjiciens,</strong></span> <span class='ocrx_word' id='word_1_42' title='bbox 1998 859 2172 914; x_wconf 89' lang='lat' dir='ltr'><strong>supra</strong></span> <span class='ocrx_word' id='word_1_43' title='bbox 2218 854 2331 901; x_wconf 89' lang='lat' dir='ltr'><strong>tre-</strong></span> 
     </span>
    </p>
   </div>
   <div class='ocr_carea' id='block_1_9' title="bbox 744 930 2333 1009">
    <p class='ocr_par' dir='ltr' id='par_1_9' title="bbox 744 930 2333 1009">
     <span class='ocr_line' id='line_1_9' title="bbox 744 930 2333 1009; baseline 0.008 -27"><span class='ocrx_word' id='word_1_44' title='bbox 744 935 941 985; x_wconf 58' lang='lat' dir='ltr'><strong>centos</strong></span> <span class='ocrx_word' id='word_1_45' title='bbox 975 930 1183 987; x_wconf 77' lang='lat' dir='ltr'><strong>milites</strong></span> <span class='ocrx_word' id='word_1_46' title='bbox 1216 930 1516 988; x_wconf 92' lang='lat' dir='ltr'><strong>interemit.</strong></span> <span class='ocrx_word' id='word_1_47' title='bbox 1553 931 1659 990; x_wconf 90' lang='lat' dir='ltr'><strong>Sed</strong></span> <span class='ocrx_word' id='word_1_48' title='bbox 1689 950 1814 991; x_wconf 91' lang='lat' dir='ltr'><strong>cum</strong></span> <span class='ocrx_word' id='word_1_49' title='bbox 1849 937 2066 1009; x_wconf 74' lang='lat' dir='ltr'><strong>sagitta:</strong></span> <span class='ocrx_word' id='word_1_50' title='bbox 2096 937 2333 994; x_wconf 78' lang='lat' dir='ltr'><strong>deiecis-</strong></span> 
     </span>
    </p>
   </div>
   <div class='ocr_carea' id='block_1_10' title="bbox 744 1024 2332 1104">
    <p class='ocr_par' dir='ltr' id='par_1_10' title="bbox 744 1024 2332 1104">
     <span class='ocr_line' id='line_1_10' title="bbox 744 1024 2332 1104; baseline 0.01 -30"><span class='ocrx_word' id='word_1_51' title='bbox 744 1031 904 1089; x_wconf 58' lang='lat' dir='ltr'><strong>sent,</strong></span> <span class='ocrx_word' id='word_1_52' title='bbox 947 1024 1096 1080; x_wconf 83' lang='lat' dir='ltr'><strong>servi</strong></span> <span class='ocrx_word' id='word_1_53' title='bbox 1132 1026 1356 1096; x_wconf 86' lang='lat' dir='ltr'><strong>quidem</strong></span> <span class='ocrx_word' id='word_1_54' title='bbox 1386 1026 1762 1099; x_wconf 82' lang='lat' dir='ltr'><strong>aufugerunt,</strong></span> <span class='ocrx_word' id='word_1_55' title='bbox 1806 1032 1950 1086; x_wconf 90' lang='lat' dir='ltr'><strong>clam</strong></span> <span class='ocrx_word' id='word_1_56' title='bbox 2001 1034 2332 1104; x_wconf 88' lang='lat' dir='ltr'><strong>semetipsos</strong></span> 
     </span>
    </p>
   </div>
   <div class='ocr_carea' id='block_1_11' title="bbox 741 1116 2332 1195">
    <p class='ocr_par' dir='ltr' id='par_1_11' title="bbox 741 1116 2332 1195">
     <span class='ocr_line' id='line_1_11' title="bbox 741 1116 2332 1195; baseline 0.011 -31"><span class='ocrx_word' id='word_1_57' title='bbox 741 1116 1101 1174; x_wconf 84' lang='lat' dir='ltr'><strong>demittentes</strong></span> <span class='ocrx_word' id='word_1_58' title='bbox 1136 1132 1201 1174; x_wconf 85' lang='lat' dir='ltr'><strong>ex</strong></span> <span class='ocrx_word' id='word_1_59' title='bbox 1233 1119 1420 1176; x_wconf 90' lang='lat' dir='ltr'><strong>domo.</strong></span> <span class='ocrx_word' id='word_1_60' title='bbox 1452 1118 1758 1178; x_wconf 85' lang='lat' dir='ltr'><strong>Gerontius</strong></span> <span class='ocrx_word' id='word_1_61' title='bbox 1785 1138 1916 1178; x_wconf 90' lang='lat' dir='ltr'><strong>vero</strong></span> <span class='ocrx_word' id='word_1_62' title='bbox 1935 1163 1949 1187; x_wconf 92' lang='lat'><strong>,</strong></span> <span class='ocrx_word' id='word_1_63' title='bbox 1977 1139 2104 1179; x_wconf 92' lang='lat' dir='ltr'><strong>cum</strong></span> <span class='ocrx_word' id='word_1_64' title='bbox 2134 1134 2187 1180; x_wconf 86' lang='lat' dir='ltr'><strong>et</strong></span> <span class='ocrx_word' id='word_1_65' title='bbox 2216 1125 2332 1195; x_wconf 90' lang='lat' dir='ltr'><strong>ipse</strong></span> 
     </span>
    </p>
   </div>
   <div class='ocr_carea' id='block_1_12' title="bbox 744 1207 2330 1287">
    <p class='ocr_par' dir='ltr' id='par_1_12' title="bbox 744 1207 2330 1287">
     <span class='ocr_line' id='line_1_12' title="bbox 744 1207 2330 1287; baseline 0.006 -26"><span class='ocrx_word' id='word_1_66' title='bbox 744 1207 862 1275; x_wconf 84' lang='lat' dir='ltr'><strong>pari</strong></span> <span class='ocrx_word' id='word_1_67' title='bbox 917 1210 1082 1266; x_wconf 90' lang='lat' dir='ltr'><strong>modo</strong></span> <span class='ocrx_word' id='word_1_68' title='bbox 1135 1220 1323 1282; x_wconf 86' lang='lat' dir='ltr'><strong>posset</strong></span> <span class='ocrx_word' id='word_1_69' title='bbox 1395 1212 1668 1278; x_wconf 76' lang='lat' dir='ltr'><strong>evadere,</strong></span> <span class='ocrx_word' id='word_1_70' title='bbox 1723 1212 2024 1270; x_wconf 74' lang='lat' dir='ltr'><strong>Nunechiae</strong></span> <span class='ocrx_word' id='word_1_71' title='bbox 2076 1215 2330 1287; x_wconf 80' lang='lat' dir='ltr'><strong>conjugis</strong></span> 
     </span>
    </p>
   </div>
   <div class='ocr_carea' id='block_1_13' title="bbox 743 1300 2325 1372">
    <p class='ocr_par' dir='ltr' id='par_1_13' title="bbox 743 1300 2325 1372">
     <span class='ocr_line' id='line_1_13' title="bbox 743 1300 2325 1372; baseline 0.006 -22"><span class='ocrx_word' id='word_1_72' title='bbox 743 1314 930 1356; x_wconf 83' lang='lat' dir='ltr'><strong>amore</strong></span> <span class='ocrx_word' id='word_1_73' title='bbox 955 1300 1213 1359; x_wconf 88' lang='lat' dir='ltr'><strong>detentus</strong></span> <span class='ocrx_word' id='word_1_74' title='bbox 1237 1344 1253 1368; x_wconf 91' lang='lat'><strong>,</strong></span> <span class='ocrx_word' id='word_1_75' title='bbox 1303 1303 1356 1359; x_wconf 92' lang='lat' dir='ltr'><strong>id</strong></span> <span class='ocrx_word' id='word_1_76' title='bbox 1407 1303 1590 1361; x_wconf 82' lang='lat' dir='ltr'><strong>facere</strong></span> <span class='ocrx_word' id='word_1_77' title='bbox 1642 1306 1943 1361; x_wconf 87' lang='lat' dir='ltr'><strong>recusavit.</strong></span> <span class='ocrx_word' id='word_1_78' title='bbox 1981 1304 2130 1362; x_wconf 86' lang='lat' dir='ltr'><strong>Luce</strong></span> <span class='ocrx_word' id='word_1_79' title='bbox 2166 1319 2289 1360; x_wconf 88' lang='lat' dir='ltr'><strong>orta</strong></span> <span class='ocrx_word' id='word_1_80' title='bbox 2311 1348 2325 1372; x_wconf 93' lang='lat'><strong>,</strong></span> 
     </span>
    </p>
   </div>
   <div class='ocr_carea' id='block_1_14' title="bbox 743 1393 2331 1470">
    <p class='ocr_par' dir='ltr' id='par_1_14' title="bbox 743 1393 2331 1470">
     <span class='ocr_line' id='line_1_14' title="bbox 743 1393 2331 1470; baseline 0.004 -24"><span class='ocrx_word' id='word_1_81' title='bbox 743 1407 871 1447; x_wconf 89' lang='lat' dir='ltr'><strong>cum</strong></span> <span class='ocrx_word' id='word_1_82' title='bbox 898 1393 1105 1451; x_wconf 86' lang='lat' dir='ltr'><strong>milites</strong></span> <span class='ocrx_word' id='word_1_83' title='bbox 1132 1394 1312 1466; x_wconf 92' lang='lat' dir='ltr'><strong>ignem</strong></span> <span class='ocrx_word' id='word_1_84' title='bbox 1343 1396 1398 1451; x_wconf 92' lang='lat' dir='ltr'><strong>in</strong></span> <span class='ocrx_word' id='word_1_85' title='bbox 1423 1397 1644 1451; x_wconf 91' lang='lat' dir='ltr'><strong>domum</strong></span> <span class='ocrx_word' id='word_1_86' title='bbox 1675 1396 2000 1467; x_wconf 88' lang='lat' dir='ltr'><strong>injecissent</strong></span> <span class='ocrx_word' id='word_1_87' title='bbox 2020 1438 2035 1463; x_wconf 94' lang='lat'><strong>,</strong></span> <span class='ocrx_word' id='word_1_88' title='bbox 2063 1399 2181 1470; x_wconf 93' lang='lat' dir='ltr'><strong>ipse</strong></span> <span class='ocrx_word' id='word_1_89' title='bbox 2206 1400 2331 1453; x_wconf 93' lang='lat' dir='ltr'><strong>nul-</strong></span> 
     </span>
    </p>
   </div>
   <div class='ocr_carea' id='block_1_15' title="bbox 745 1485 2330 1559">
    <p class='ocr_par' dir='ltr' id='par_1_15' title="bbox 745 1485 2330 1559">
     <span class='ocr_line' id='line_1_15' title="bbox 745 1485 2330 1559; baseline 0.006 -22"><span class='ocrx_word' id='word_1_90' title='bbox 745 1485 855 1538; x_wconf 88' lang='lat' dir='ltr'><strong>lam</strong></span> <span class='ocrx_word' id='word_1_91' title='bbox 887 1485 1132 1558; x_wconf 85' lang='lat' dir='ltr'><strong>amplius</strong></span> <span class='ocrx_word' id='word_1_92' title='bbox 1168 1502 1322 1559; x_wconf 80' lang='lat' dir='ltr'><strong>Spem</strong></span> <span class='ocrx_word' id='word_1_93' title='bbox 1358 1487 1556 1544; x_wconf 90' lang='lat' dir='ltr'><strong>salutis</strong></span> <span class='ocrx_word' id='word_1_94' title='bbox 1598 1487 1854 1544; x_wconf 88' lang='lat' dir='ltr'><strong>relictam</strong></span> <span class='ocrx_word' id='word_1_95' title='bbox 1890 1489 2083 1547; x_wconf 82' lang='lat' dir='ltr'><strong>videns</strong></span> <span class='ocrx_word' id='word_1_96' title='bbox 2107 1529 2122 1556; x_wconf 87' lang='lat'><strong>,</strong></span> <span class='ocrx_word' id='word_1_97' title='bbox 2153 1491 2330 1546; x_wconf 82' lang='lat' dir='ltr'><strong>Alano</strong></span> 
     </span>
    </p>
   </div>
   <div class='ocr_carea' id='block_1_16' title="bbox 741 1577 2330 1651">
    <p class='ocr_par' dir='ltr' id='par_1_16' title="bbox 741 1577 2330 1651">
     <span class='ocr_line' id='line_1_16' title="bbox 741 1577 2330 1651; baseline 0.004 -21"><span class='ocrx_word' id='word_1_98' title='bbox 741 1577 933 1631; x_wconf 91' lang='lat' dir='ltr'><strong>comiti</strong></span> <span class='ocrx_word' id='word_1_99' title='bbox 989 1592 1128 1643; x_wconf 88' lang='lat' dir='ltr'><strong>suo,</strong></span> <span class='ocrx_word' id='word_1_100' title='bbox 1169 1578 1226 1633; x_wconf 91' lang='lat' dir='ltr'><strong>id</strong></span> <span class='ocrx_word' id='word_1_101' title='bbox 1258 1579 1496 1645; x_wconf 89' lang='lat' dir='ltr'><strong>volenti,</strong></span> <span class='ocrx_word' id='word_1_102' title='bbox 1551 1585 1719 1651; x_wconf 88' lang='lat' dir='ltr'><strong>caput</strong></span> <span class='ocrx_word' id='word_1_103' title='bbox 1769 1579 2030 1636; x_wconf 85' lang='lat' dir='ltr'><strong>abscidit.</strong></span> <span class='ocrx_word' id='word_1_104' title='bbox 2082 1581 2330 1639; x_wconf 56' lang='lat' dir='ltr'><strong>Postliaec</strong></span> 
     </span>
    </p>
   </div>
   <div class='ocr_carea' id='block_1_17' title="bbox 740 1667 2330 1738">
    <p class='ocr_par' dir='ltr' id='par_1_17' title="bbox 740 1667 2330 1738">
     <span class='ocr_line' id='line_1_17' title="bbox 740 1667 2330 1738; baseline 0.004 -20"><span class='ocrx_word' id='word_1_105' title='bbox 740 1682 854 1721; x_wconf 67' lang='lat' dir='ltr'><strong>suae</strong></span> <span class='ocrx_word' id='word_1_106' title='bbox 882 1681 1106 1738; x_wconf 89' lang='lat' dir='ltr'><strong>quoque</strong></span> <span class='ocrx_word' id='word_1_107' title='bbox 1158 1667 1319 1722; x_wconf 81' lang='lat' dir='ltr'><strong>uxori</strong></span> <span class='ocrx_word' id='word_1_108' title='bbox 1373 1667 1734 1734; x_wconf 87' lang='lat' dir='ltr'><strong>lamentanti,</strong></span> <span class='ocrx_word' id='word_1_109' title='bbox 1789 1677 1844 1723; x_wconf 91' lang='lat' dir='ltr'><strong>et</strong></span> <span class='ocrx_word' id='word_1_110' title='bbox 1894 1683 2020 1723; x_wconf 92' lang='lat' dir='ltr'><strong>cum</strong></span> <span class='ocrx_word' id='word_1_111' title='bbox 2069 1668 2330 1738; x_wconf 86' lang='lat' dir='ltr'><strong>lacrymis</strong></span> 
     </span>
    </p>
   </div>
   <div class='ocr_carea' id='block_1_18' title="bbox 740 1757 2328 1832">
    <p class='ocr_par' dir='ltr' id='par_1_18' title="bbox 740 1757 2328 1832">
     <span class='ocr_line' id='line_1_18' title="bbox 740 1757 2328 1832; baseline 0.001 -19"><span class='ocrx_word' id='word_1_112' title='bbox 740 1759 1098 1830; x_wconf 81' lang='lat' dir='ltr'><strong>semetipsam</strong></span> <span class='ocrx_word' id='word_1_113' title='bbox 1125 1759 1310 1830; x_wconf 84' lang='lat' dir='ltr'><strong>gladio</strong></span> <span class='ocrx_word' id='word_1_114' title='bbox 1341 1757 1695 1824; x_wconf 90' lang='lat' dir='ltr'><strong>admoventi,</strong></span> <span class='ocrx_word' id='word_1_115' title='bbox 1731 1761 2091 1832; x_wconf 89' lang='lat' dir='ltr'><strong>poscentique</strong></span> <span class='ocrx_word' id='word_1_116' title='bbox 2123 1771 2184 1814; x_wconf 93' lang='lat' dir='ltr'><strong>ut</strong></span> <span class='ocrx_word' id='word_1_117' title='bbox 2214 1761 2328 1830; x_wconf 90' lang='lat' dir='ltr'><strong>pri-</strong></span> 
     </span>
    </p>
   </div>
   <div class='ocr_carea' id='block_1_19' title="bbox 741 1851 2324 1922">
    <p class='ocr_par' dir='ltr' id='par_1_19' title="bbox 741 1851 2324 1922">
     <span class='ocr_line' id='line_1_19' title="bbox 741 1851 2324 1922; baseline 0.001 -18"><span class='ocrx_word' id='word_1_118' title='bbox 741 1866 980 1922; x_wconf 84' lang='lat' dir='ltr'><strong>usquam</strong></span> <span class='ocrx_word' id='word_1_119' title='bbox 1018 1851 1076 1907; x_wconf 91' lang='lat' dir='ltr'><strong>in</strong></span> <span class='ocrx_word' id='word_1_120' title='bbox 1127 1852 1364 1906; x_wconf 89' lang='lat' dir='ltr'><strong>aliorum</strong></span> <span class='ocrx_word' id='word_1_121' title='bbox 1406 1859 1736 1922; x_wconf 90' lang='lat' dir='ltr'><strong>potestatem</strong></span> <span class='ocrx_word' id='word_1_122' title='bbox 1773 1857 2028 1918; x_wconf 87' lang='lat' dir='ltr'><strong>veniret,</strong></span> <span class='ocrx_word' id='word_1_123' title='bbox 2080 1853 2184 1908; x_wconf 87' lang='lat' dir='ltr'><strong>viri</strong></span> <span class='ocrx_word' id='word_1_124' title='bbox 2239 1854 2324 1909; x_wconf 88' lang='lat' dir='ltr'><strong>sui</strong></span> 
     </span>
    </p>
   </div>
   <div class='ocr_carea' id='block_1_20' title="bbox 2449 658 4035 742">
    <p class='ocr_par' dir='ltr' id='par_1_20' title="bbox 2449 658 4035 742">
     <span class='ocr_line' id='line_1_20' title="bbox 2449 658 4035 742; baseline 0.009 -28"><span class='ocrx_word' id='word_1_125' title='bbox 2449 659 2506 714; x_wconf 85' lang='lat'><strong>&#39;0</strong></span> <span class='ocrx_word' id='word_1_126' title='bbox 2539 659 2614 724; x_wconf 76' lang='grc' dir='ltr'>δὲ,</span> <span class='ocrx_word' id='word_1_127' title='bbox 2652 658 2770 732; x_wconf 84' lang='grc' dir='ltr'>μεθ’</span> <span class='ocrx_word' id='word_1_128' title='bbox 2804 663 2924 728; x_wconf 76' lang='grc' dir='ltr'>ἐνὸς</span> <span class='ocrx_word' id='word_1_129' title='bbox 2967 664 3191 718; x_wconf 83' lang='grc' dir='ltr'>Ἀλανοῦ</span> <span class='ocrx_word' id='word_1_130' title='bbox 3244 669 3552 739; x_wconf 72' lang='grc' dir='ltr'><strong>ἐπιτηδείου</strong></span> <span class='ocrx_word' id='word_1_131' title='bbox 3592 671 3691 726; x_wconf 75' lang='grc' dir='ltr'>καὶ</span> <span class='ocrx_word' id='word_1_132' title='bbox 3727 673 3924 742; x_wconf 81' lang='grc' dir='ltr'><strong>ὀλίγων</strong></span> <span class='ocrx_word' id='word_1_133' title='bbox 3956 678 4035 729; x_wconf 83' lang='grc' dir='ltr'><strong>οξ-</strong></span> 
     </span>
    </p>
   </div>
   <div class='ocr_carea' id='block_1_21' title="bbox 2437 751 4033 834">
    <p class='ocr_par' dir='ltr' id='par_1_21' title="bbox 2437 751 4033 834">
     <span class='ocr_line' id='line_1_21' title="bbox 2437 751 4033 834; baseline 0.008 -30"><span class='ocrx_word' id='word_1_134' title='bbox 2437 751 2629 818; x_wconf 90' lang='grc' dir='ltr'>κετῶν,</span> <span class='ocrx_word' id='word_1_135' title='bbox 2673 753 2882 808; x_wconf 82' lang='grc' dir='ltr'>ἀνωθεν</span> <span class='ocrx_word' id='word_1_136' title='bbox 2935 755 3188 824; x_wconf 78' lang='grc' dir='ltr'><strong>τοξεύων,</strong></span> <span class='ocrx_word' id='word_1_137' title='bbox 3232 759 3371 832; x_wconf 79' lang='grc' dir='ltr'>ὑπὲρ</span> <span class='ocrx_word' id='word_1_138' title='bbox 3405 763 3533 826; x_wconf 74' lang='grc' dir='ltr'>τοὺς</span> <span class='ocrx_word' id='word_1_139' title='bbox 3566 765 3907 834; x_wconf 74' lang='grc' dir='ltr'><strong>τριακοσίους</strong></span> <span class='ocrx_word' id='word_1_140' title='bbox 3940 767 4033 819; x_wconf 84' lang='grc' dir='ltr'>ἀν-</span> 
     </span>
    </p>
   </div>
   <div class='ocr_carea' id='block_1_22' title="bbox 2435 842 4033 924">
    <p class='ocr_par' dir='ltr' id='par_1_22' title="bbox 2435 842 4033 924">
     <span class='ocr_line' id='line_1_22' title="bbox 2435 842 4033 924; baseline 0.009 -30"><span class='ocrx_word' id='word_1_141' title='bbox 2435 844 2584 912; x_wconf 86' lang='grc' dir='ltr'>αιρεῖ</span> <span class='ocrx_word' id='word_1_142' title='bbox 2617 842 2972 915; x_wconf 80' lang='grc' dir='ltr'>στρατιώτας.</span> <span class='ocrx_word' id='word_1_143' title='bbox 3016 847 3438 918; x_wconf 68' lang='grc' dir='ltr'>Ἐπιλειψάντων</span> <span class='ocrx_word' id='word_1_144' title='bbox 3462 852 3518 905; x_wconf 83' lang='grc' dir='ltr'>δὲ</span> <span class='ocrx_word' id='word_1_145' title='bbox 3543 853 3651 906; x_wconf 90' lang='grc' dir='ltr'><strong>τῶν</strong></span> <span class='ocrx_word' id='word_1_146' title='bbox 3686 853 3874 924; x_wconf 82' lang='grc' dir='ltr'><strong>βελῶν,</strong></span> <span class='ocrx_word' id='word_1_147' title='bbox 3904 857 4033 924; x_wconf 78' lang='grc' dir='ltr'>φεύ-</span> 
     </span>
    </p>
   </div>
   <div class='ocr_carea' id='block_1_23' title="bbox 2434 937 4030 1017">
    <p class='ocr_par' dir='ltr' id='par_1_23' title="bbox 2434 937 4030 1017">
     <span class='ocr_line' id='line_1_23' title="bbox 2434 937 4030 1017; baseline 0.009 -31"><span class='ocrx_word' id='word_1_148' title='bbox 2434 949 2622 1001; x_wconf 83' lang='grc' dir='ltr'>γουσιν</span> <span class='ocrx_word' id='word_1_149' title='bbox 2672 937 2720 988; x_wconf 86' lang='grc' dir='ltr'>οί</span> <span class='ocrx_word' id='word_1_150' title='bbox 2773 937 2999 1002; x_wconf 84' lang='grc' dir='ltr'>οίκέται,</span> <span class='ocrx_word' id='word_1_151' title='bbox 3050 939 3306 1006; x_wconf 83' lang='grc' dir='ltr'><strong>καθέντες</strong></span> <span class='ocrx_word' id='word_1_152' title='bbox 3351 943 3548 1008; x_wconf 66' lang='grc' dir='ltr'>αὐτοὺς</span> <span class='ocrx_word' id='word_1_153' title='bbox 3598 943 3694 998; x_wconf 80' lang='grc' dir='ltr'><strong>τοῦ</strong></span> <span class='ocrx_word' id='word_1_154' title='bbox 3733 947 4030 1017; x_wconf 76' lang='grc' dir='ltr'>οἰκήματος</span> 
     </span>
    </p>
   </div>
   <div class='ocr_carea' id='block_1_24' title="bbox 2434 1023 4028 1107">
    <p class='ocr_par' dir='ltr' id='par_1_24' title="bbox 2434 1023 4028 1107">
     <span class='ocr_line' id='line_1_24' title="bbox 2434 1023 4028 1107; baseline 0.009 -32"><span class='ocrx_word' id='word_1_155' title='bbox 2434 1023 2629 1096; x_wconf 85' lang='grc' dir='ltr'>λάθρα.</span> <span class='ocrx_word' id='word_1_156' title='bbox 2686 1025 2967 1096; x_wconf 89' lang='grc' dir='ltr'>Γερόντιος</span> <span class='ocrx_word' id='word_1_157' title='bbox 3015 1028 3071 1081; x_wconf 84' lang='grc' dir='ltr'>δὲ</span> <span class='ocrx_word' id='word_1_158' title='bbox 3133 1029 3224 1083; x_wconf 82' lang='grc' dir='ltr'>τὸν</span> <span class='ocrx_word' id='word_1_159' title='bbox 3281 1031 3394 1085; x_wconf 74' lang='grc' dir='ltr'>ἴσον</span> <span class='ocrx_word' id='word_1_160' title='bbox 3450 1032 3652 1104; x_wconf 85' lang='grc' dir='ltr'>τρόπον</span> <span class='ocrx_word' id='word_1_161' title='bbox 3703 1034 4028 1107; x_wconf 75' lang='grc' dir='ltr'><strong>διασωθῆναι</strong></span> 
     </span>
    </p>
   </div>
   <div class='ocr_carea' id='block_1_25' title="bbox 2432 1113 4028 1196">
    <p class='ocr_par' dir='ltr' id='par_1_25' title="bbox 2432 1113 4028 1196">
     <span class='ocr_line' id='line_1_25' title="bbox 2432 1113 4028 1196; baseline 0.008 -30"><span class='ocrx_word' id='word_1_162' title='bbox 2432 1113 2747 1184; x_wconf 80' lang='grc' dir='ltr'>δυνάμενος,</span> <span class='ocrx_word' id='word_1_163' title='bbox 2772 1117 2870 1186; x_wconf 82' lang='grc' dir='ltr'>οὐχ</span> <span class='ocrx_word' id='word_1_164' title='bbox 2896 1117 3090 1183; x_wconf 77' lang='grc' dir='ltr'>είλετο,</span> <span class='ocrx_word' id='word_1_165' title='bbox 3127 1121 3484 1192; x_wconf 74' lang='grc' dir='ltr'><strong>κατασχεθεὶς</strong></span> <span class='ocrx_word' id='word_1_166' title='bbox 3527 1125 3692 1194; x_wconf 74' lang='grc' dir='ltr'>ἔρωτι</span> <span class='ocrx_word' id='word_1_167' title='bbox 3740 1125 4028 1196; x_wconf 80' lang='grc' dir='ltr'>Νοννιχίας</span> 
     </span>
    </p>
   </div>
   <div class='ocr_carea' id='block_1_26' title="bbox 2433 1207 4028 1290">
    <p class='ocr_par' dir='ltr' id='par_1_26' title="bbox 2433 1207 4028 1290">
     <span class='ocr_line' id='line_1_26' title="bbox 2433 1207 4028 1290; baseline 0.008 -31"><span class='ocrx_word' id='word_1_168' title='bbox 2433 1212 2532 1280; x_wconf 79' lang='grc' dir='ltr'>τῆς</span> <span class='ocrx_word' id='word_1_169' title='bbox 2564 1207 2729 1261; x_wconf 80' lang='grc' dir='ltr'>αὐτοῦ</span> <span class='ocrx_word' id='word_1_170' title='bbox 2761 1211 3008 1280; x_wconf 81' lang='grc' dir='ltr'><strong>γαμετῆς</strong></span> <span class='ocrx_word' id='word_1_171' title='bbox 3040 1211 3174 1283; x_wconf 64' lang='grc'>(40).</span> <span class='ocrx_word' id='word_1_172' title='bbox 3205 1213 3340 1284; x_wconf 83' lang='grc' dir='ltr'>Περὶ</span> <span class='ocrx_word' id='word_1_173' title='bbox 3380 1214 3437 1268; x_wconf 87' lang='grc' dir='ltr'>δὲ</span> <span class='ocrx_word' id='word_1_174' title='bbox 3474 1216 3575 1284; x_wconf 83' lang='grc' dir='ltr'>τὴν</span> <span class='ocrx_word' id='word_1_175' title='bbox 3611 1216 3686 1269; x_wconf 79' lang='grc' dir='ltr'>ἔω</span> <span class='ocrx_word' id='word_1_176' title='bbox 3723 1216 3834 1289; x_wconf 84' lang='grc' dir='ltr'>πῦρ</span> <span class='ocrx_word' id='word_1_177' title='bbox 3856 1218 4028 1290; x_wconf 79' lang='grc' dir='ltr'>ἐμϐα-</span> 
     </span>
    </p>
   </div>
   <div class='ocr_carea' id='block_1_27' title="bbox 2434 1300 4026 1381">
    <p class='ocr_par' dir='ltr' id='par_1_27' title="bbox 2434 1300 4026 1381">
     <span class='ocr_line' id='line_1_27' title="bbox 2434 1300 4026 1381; baseline 0.008 -30"><span class='ocrx_word' id='word_1_178' title='bbox 2434 1300 2631 1353; x_wconf 88' lang='grc' dir='ltr'>λόντων</span> <span class='ocrx_word' id='word_1_179' title='bbox 2666 1303 2732 1371; x_wconf 83' lang='grc' dir='ltr'><strong>τῇ</strong></span> <span class='ocrx_word' id='word_1_180' title='bbox 2772 1302 2920 1372; x_wconf 82' lang='grc' dir='ltr'>οἰκίᾳ</span> <span class='ocrx_word' id='word_1_181' title='bbox 2958 1304 3068 1356; x_wconf 88' lang='grc' dir='ltr'><strong>τῶν</strong></span> <span class='ocrx_word' id='word_1_182' title='bbox 3102 1305 3468 1376; x_wconf 78' lang='grc' dir='ltr'><strong>στρατιωτῶν,</strong></span> <span class='ocrx_word' id='word_1_183' title='bbox 3513 1308 3612 1361; x_wconf 79' lang='grc' dir='ltr'>οὐκ</span> <span class='ocrx_word' id='word_1_184' title='bbox 3648 1314 3794 1381; x_wconf 71' lang='grc' dir='ltr'>ἔχων</span> <span class='ocrx_word' id='word_1_185' title='bbox 3839 1311 4026 1364; x_wconf 71' lang='grc' dir='ltr'>λοιπὸν</span> 
     </span>
    </p>
   </div>
   <div class='ocr_carea' id='block_1_28' title="bbox 2435 1393 4021 1472">
    <p class='ocr_par' dir='ltr' id='par_1_28' title="bbox 2435 1393 4021 1472">
     <span class='ocr_line' id='line_1_28' title="bbox 2435 1393 4021 1472; baseline 0.008 -28"><span class='ocrx_word' id='word_1_186' title='bbox 2435 1393 2707 1463; x_wconf 79' lang='grc' dir='ltr'>σωτηρίας</span> <span class='ocrx_word' id='word_1_187' title='bbox 2735 1393 2945 1458; x_wconf 80' lang='grc' dir='ltr'><strong>ἐλπίδα,</strong></span> <span class='ocrx_word' id='word_1_188' title='bbox 2975 1395 3194 1460; x_wconf 81' lang='grc' dir='ltr'>ἑκόντος</span> <span class='ocrx_word' id='word_1_189' title='bbox 3238 1396 3336 1450; x_wconf 78' lang='grc' dir='ltr'><strong>τοῦ</strong></span> <span class='ocrx_word' id='word_1_190' title='bbox 3385 1399 3639 1462; x_wconf 81' lang='grc' dir='ltr'><strong>συνόντος</strong></span> <span class='ocrx_word' id='word_1_191' title='bbox 3674 1402 3822 1472; x_wconf 82' lang='grc' dir='ltr'>αὐτῷ</span> <span class='ocrx_word' id='word_1_192' title='bbox 3860 1403 4021 1458; x_wconf 81' lang='grc' dir='ltr'>Ἀλα-</span> 
     </span>
    </p>
   </div>
   <div class='ocr_carea' id='block_1_29' title="bbox 2434 1483 4022 1566">
    <p class='ocr_par' dir='ltr' id='par_1_29' title="bbox 2434 1483 4022 1566">
     <span class='ocr_line' id='line_1_29' title="bbox 2434 1483 4022 1566; baseline 0.007 -30"><span class='ocrx_word' id='word_1_193' title='bbox 2434 1483 2530 1536; x_wconf 79' lang='grc' dir='ltr'><strong>νοῦ</strong></span> <span class='ocrx_word' id='word_1_194' title='bbox 2557 1485 2854 1555; x_wconf 80' lang='grc' dir='ltr'>ἀποτέμνει</span> <span class='ocrx_word' id='word_1_195' title='bbox 2884 1486 2983 1556; x_wconf 85' lang='grc' dir='ltr'><strong>τὴν</strong></span> <span class='ocrx_word' id='word_1_196' title='bbox 3027 1487 3291 1560; x_wconf 83' lang='grc' dir='ltr'>κεφαλήν·</span> <span class='ocrx_word' id='word_1_197' title='bbox 3344 1490 3482 1560; x_wconf 84' lang='grc' dir='ltr'><strong>μετά</strong></span> <span class='ocrx_word' id='word_1_198' title='bbox 3510 1490 3567 1545; x_wconf 86' lang='grc' dir='ltr'>δὲ</span> <span class='ocrx_word' id='word_1_199' title='bbox 3591 1491 3764 1546; x_wconf 80' lang='grc' dir='ltr'>ταῦτα</span> <span class='ocrx_word' id='word_1_200' title='bbox 3800 1495 3894 1546; x_wconf 81' lang='grc' dir='ltr'>καὶ</span> <span class='ocrx_word' id='word_1_201' title='bbox 3922 1497 4022 1566; x_wconf 78' lang='grc' dir='ltr'><strong>τῆς</strong></span> 
     </span>
    </p>
   </div>
   <div class='ocr_carea' id='block_1_30' title="bbox 2437 1574 4024 1658">
    <p class='ocr_par' dir='ltr' id='par_1_30' title="bbox 2437 1574 4024 1658">
     <span class='ocr_line' id='line_1_30' title="bbox 2437 1574 4024 1658; baseline 0.007 -31"><span class='ocrx_word' id='word_1_202' title='bbox 2437 1574 2572 1638; x_wconf 85' lang='grc' dir='ltr'>ίδίας</span> <span class='ocrx_word' id='word_1_203' title='bbox 2620 1577 2866 1647; x_wconf 75' lang='grc' dir='ltr'><strong>γαμετῆς</strong></span> <span class='ocrx_word' id='word_1_204' title='bbox 2929 1578 3374 1650; x_wconf 79' lang='grc' dir='ltr'><strong>ὀλοφυρομένης,</strong></span> <span class='ocrx_word' id='word_1_205' title='bbox 3423 1583 3518 1636; x_wconf 75' lang='grc' dir='ltr'><strong>καὶ</strong></span> <span class='ocrx_word' id='word_1_206' title='bbox 3577 1585 3716 1653; x_wconf 84' lang='grc' dir='ltr'>μετὰ</span> <span class='ocrx_word' id='word_1_207' title='bbox 3769 1583 4024 1658; x_wconf 80' lang='grc' dir='ltr'>δακρύων</span> 
     </span>
    </p>
   </div>
   <div class='ocr_carea' id='block_1_31' title="bbox 2433 1667 4020 1747">
    <p class='ocr_par' dir='ltr' id='par_1_31' title="bbox 2433 1667 4020 1747">
     <span class='ocr_line' id='line_1_31' title="bbox 2433 1667 4020 1747; baseline 0.007 -28"><span class='ocrx_word' id='word_1_208' title='bbox 2433 1667 2826 1740; x_wconf 79' lang='grc' dir='ltr'>προσωθούσης</span> <span class='ocrx_word' id='word_1_209' title='bbox 2853 1671 3050 1740; x_wconf 80' lang='grc' dir='ltr'>ἑαυτὴν</span> <span class='ocrx_word' id='word_1_210' title='bbox 3096 1671 3173 1742; x_wconf 81' lang='grc' dir='ltr'>τῷ</span> <span class='ocrx_word' id='word_1_211' title='bbox 3215 1672 3377 1742; x_wconf 80' lang='grc' dir='ltr'>ξίφει,</span> <span class='ocrx_word' id='word_1_212' title='bbox 3413 1675 3506 1726; x_wconf 77' lang='grc' dir='ltr'>καὶ</span> <span class='ocrx_word' id='word_1_213' title='bbox 3536 1676 3665 1746; x_wconf 80' lang='grc' dir='ltr'>πρὶν</span> <span class='ocrx_word' id='word_1_214' title='bbox 3694 1677 3782 1746; x_wconf 83' lang='grc' dir='ltr'><strong>ὑφ’</strong></span> <span class='ocrx_word' id='word_1_215' title='bbox 3812 1678 4020 1747; x_wconf 81' lang='grc' dir='ltr'>ἑτέροις</span> 
     </span>
    </p>
   </div>
   <div class='ocr_carea' id='block_1_32' title="bbox 2432 1757 4019 1836">
    <p class='ocr_par' dir='ltr' id='par_1_32' title="bbox 2432 1757 4019 1836">
     <span class='ocr_line' id='line_1_32' title="bbox 2432 1757 4019 1836; baseline 0.007 -27"><span class='ocrx_word' id='word_1_216' title='bbox 2432 1757 2702 1825; x_wconf 84' lang='grc' dir='ltr'>γενέσθαι,</span> <span class='ocrx_word' id='word_1_217' title='bbox 2740 1759 2891 1830; x_wconf 83' lang='grc' dir='ltr'>παρὰ</span> <span class='ocrx_word' id='word_1_218' title='bbox 2935 1760 3026 1813; x_wconf 82' lang='grc' dir='ltr'><strong>τοῦ</strong></span> <span class='ocrx_word' id='word_1_219' title='bbox 3067 1762 3261 1834; x_wconf 77' lang='grc' dir='ltr'>ἀνδρὸς</span> <span class='ocrx_word' id='word_1_220' title='bbox 3299 1763 3590 1818; x_wconf 82' lang='grc' dir='ltr'>ἀποθανεῖν</span> <span class='ocrx_word' id='word_1_221' title='bbox 3619 1766 3893 1836; x_wconf 87' lang='grc' dir='ltr'>αίτούσης,</span> <span class='ocrx_word' id='word_1_222' title='bbox 3924 1769 4019 1820; x_wconf 79' lang='grc' dir='ltr'>καὶ</span> 
     </span>
    </p>
   </div>
   <div class='ocr_carea' id='block_1_33' title="bbox 2430 1849 4014 1925">
    <p class='ocr_par' dir='ltr' id='par_1_33' title="bbox 2430 1849 4014 1925">
     <span class='ocr_line' id='line_1_33' title="bbox 2430 1849 4014 1925; baseline 0.008 -24"><span class='ocrx_word' id='word_1_223' title='bbox 2430 1849 2587 1902; x_wconf 82' lang='grc' dir='ltr'>τοῦτο</span> <span class='ocrx_word' id='word_1_224' title='bbox 2615 1851 2674 1903; x_wconf 88' lang='grc' dir='ltr'>τὸ</span> <span class='ocrx_word' id='word_1_225' title='bbox 2694 1850 2865 1922; x_wconf 88' lang='grc' dir='ltr'>δῶρον</span> <span class='ocrx_word' id='word_1_226' title='bbox 2888 1852 3118 1907; x_wconf 82' lang='grc' dir='ltr'>ὕστατον</span> <span class='ocrx_word' id='word_1_227' title='bbox 3145 1855 3273 1925; x_wconf 85' lang='grc' dir='ltr'>παρ’</span> <span class='ocrx_word' id='word_1_228' title='bbox 3297 1855 3460 1910; x_wconf 79' lang='grc' dir='ltr'>αὐτοῦ</span> <span class='ocrx_word' id='word_1_229' title='bbox 3489 1856 3671 1910; x_wconf 86' lang='grc' dir='ltr'>λαϐεῖν</span> <span class='ocrx_word' id='word_1_230' title='bbox 3701 1859 4014 1912; x_wconf 79' lang='grc' dir='ltr'>ἀντιϐολού-</span> 
     </span>
    </p>
   </div>
   <div class='ocr_carea' id='block_1_34' title="bbox 739 1923 2518 2016">
    <p class='ocr_par' dir='ltr' id='par_1_34' title="bbox 739 1923 2518 2016">
     <span class='ocr_line' id='line_1_34' title="bbox 739 1923 2518 2016; baseline 0.002 -19"><span class='ocrx_word' id='word_1_231' title='bbox 739 1947 932 2000; x_wconf 78' lang='lat' dir='ltr'><strong>dextra</strong></span> <span class='ocrx_word' id='word_1_232' title='bbox 965 1953 1278 2001; x_wconf 84' lang='lat' dir='ltr'><strong>moreretur</strong></span> <span class='ocrx_word' id='word_1_233' title='bbox 1305 1989 1321 2013; x_wconf 96' lang='lat'><strong>,</strong></span> <span class='ocrx_word' id='word_1_234' title='bbox 1351 1955 1522 2016; x_wconf 77' lang='lat' dir='ltr'><strong>utque</strong></span> <span class='ocrx_word' id='word_1_235' title='bbox 1549 1947 1654 2002; x_wconf 88' lang='lat' dir='ltr'><strong>hoc</strong></span> <span class='ocrx_word' id='word_1_236' title='bbox 1682 1954 1990 2002; x_wconf 79' lang='lat' dir='ltr'><strong>extremum</strong></span> <span class='ocrx_word' id='word_1_237' title='bbox 2025 1963 2227 2002; x_wconf 89' lang='lat' dir='ltr'><strong>munus</strong></span> <span class='ocrx_word' id='word_1_238' title='bbox 2254 1947 2326 2002; x_wconf 84' lang='lat' dir='ltr'><strong>ab</strong></span> <span class='ocrx_word' id='word_1_239' title='bbox 2360 1923 2400 1980; x_wconf 72' lang='grc' dir='ltr'><strong><em>Β</em></strong></span> <span class='ocrx_word' id='word_1_240' title='bbox 2430 1955 2518 2008; x_wconf 83' lang='grc' dir='ltr'>σης</span> 
     </span>
    </p>
   </div>
   <div class='ocr_carea' id='block_1_35' title="bbox 2238 1923 4017 2016">
    <p class='ocr_par' dir='ltr' id='par_1_35' title="bbox 2254 1923 4017 2016">
     <span class='ocr_line' id='line_1_35' title="bbox 2254 1923 4017 2016; baseline 0.005 -24"><span class='ocrx_word' id='word_1_241' title='bbox 2254 1947 2326 2002; x_wconf 79' lang='lat' dir='ltr'><strong>ab</strong></span> <span class='ocrx_word' id='word_1_242' title='bbox 2360 1923 2400 1980; x_wconf 75' lang='grc' dir='ltr'><strong><em>Β</em></strong></span> <span class='ocrx_word' id='word_1_243' title='bbox 2430 1955 2547 2008; x_wconf 83' lang='grc' dir='ltr'>σης.</span> <span class='ocrx_word' id='word_1_244' title='bbox 2573 1940 2680 1993; x_wconf 76' lang='grc' dir='ltr'>Καὶ</span> <span class='ocrx_word' id='word_1_245' title='bbox 2707 1943 2739 2010; x_wconf 86' lang='grc' dir='ltr'>ἠ</span> <span class='ocrx_word' id='word_1_246' title='bbox 2766 1941 2864 2010; x_wconf 83' lang='grc' dir='ltr'>μὲν</span> <span class='ocrx_word' id='word_1_247' title='bbox 2899 1943 3052 2015; x_wconf 76' lang='grc' dir='ltr'>γυνὴ,</span> <span class='ocrx_word' id='word_1_248' title='bbox 3087 1923 3305 2016; x_wconf 78' lang='grc' dir='ltr'>ἀνδρείᾳ</span> <span class='ocrx_word' id='word_1_249' title='bbox 3333 1945 3433 2014; x_wconf 80' lang='grc' dir='ltr'><strong>τῆς</strong></span> <span class='ocrx_word' id='word_1_250' title='bbox 3459 1945 3754 2016; x_wconf 71' lang='grc' dir='ltr'>θρησκείας</span> <span class='ocrx_word' id='word_1_251' title='bbox 3779 1947 4017 2014; x_wconf 77' lang='grc' dir='ltr'>ἐπαξίως</span> 
     </span>
    </p>
   </div>
   <div class='ocr_carea' id='block_1_36' title="bbox 741 2036 2325 2110">
    <p class='ocr_par' dir='ltr' id='par_1_36' title="bbox 741 2036 2325 2110">
     <span class='ocr_line' id='line_1_36' title="bbox 741 2036 2325 2110; baseline 0.002 -21"><span class='ocrx_word' id='word_1_252' title='bbox 741 2039 865 2107; x_wconf 90' lang='lat' dir='ltr'><strong>ipso</strong></span> <span class='ocrx_word' id='word_1_253' title='bbox 895 2039 1172 2108; x_wconf 83' lang='lat' dir='ltr'><strong>acciperet</strong></span> <span class='ocrx_word' id='word_1_254' title='bbox 1200 2037 1382 2092; x_wconf 87' lang='lat' dir='ltr'><strong>oranti</strong></span> <span class='ocrx_word' id='word_1_255' title='bbox 1407 2076 1422 2102; x_wconf 95' lang='lat'><strong>,</strong></span> <span class='ocrx_word' id='word_1_256' title='bbox 1465 2036 1659 2092; x_wconf 86' lang='lat' dir='ltr'><strong>itidem</strong></span> <span class='ocrx_word' id='word_1_257' title='bbox 1697 2047 1862 2108; x_wconf 89' lang='lat' dir='ltr'><strong>caput</strong></span> <span class='ocrx_word' id='word_1_258' title='bbox 1889 2039 2218 2110; x_wconf 85' lang='lat' dir='ltr'><strong>amputavit.</strong></span> <span class='ocrx_word' id='word_1_259' title='bbox 2249 2038 2325 2092; x_wconf 91' lang='lat' dir='ltr'><strong>Ita</strong></span> 
     </span>
    </p>
   </div>
   <div class='ocr_carea' id='block_1_37' title="bbox 737 2127 2327 2201">
    <p class='ocr_par' dir='ltr' id='par_1_37' title="bbox 737 2127 2327 2201">
     <span class='ocr_line' id='line_1_37' title="bbox 737 2127 2327 2201; baseline 0.001 -19"><span class='ocrx_word' id='word_1_260' title='bbox 737 2129 920 2184; x_wconf 83' lang='lat' dir='ltr'><strong>virilis</strong></span> <span class='ocrx_word' id='word_1_261' title='bbox 954 2128 1128 2182; x_wconf 89' lang='lat' dir='ltr'><strong>animi</strong></span> <span class='ocrx_word' id='word_1_262' title='bbox 1173 2127 1375 2184; x_wconf 68' lang='lat' dir='ltr'><strong>mulier</strong></span> <span class='ocrx_word' id='word_1_263' title='bbox 1430 2127 1660 2199; x_wconf 90' lang='lat' dir='ltr'><strong>dignum</strong></span> <span class='ocrx_word' id='word_1_264' title='bbox 1743 2129 2016 2201; x_wconf 74' lang='lat' dir='ltr'><strong>religione</strong></span> <span class='ocrx_word' id='word_1_265' title='bbox 2061 2145 2160 2186; x_wconf 91' lang='lat' dir='ltr'><strong>sua</strong></span> <span class='ocrx_word' id='word_1_266' title='bbox 2210 2131 2327 2186; x_wconf 79' lang='lat' dir='ltr'><strong>exi-</strong></span> 
     </span>
    </p>
   </div>
   <div class='ocr_carea' id='block_1_38' title="bbox 737 2219 2323 2292">
    <p class='ocr_par' dir='ltr' id='par_1_38' title="bbox 737 2219 2323 2292">
     <span class='ocr_line' id='line_1_38' title="bbox 737 2219 2323 2292; baseline 0.002 -19"><span class='ocrx_word' id='word_1_267' title='bbox 737 2231 854 2274; x_wconf 89' lang='lat' dir='ltr'><strong>tum</strong></span> <span class='ocrx_word' id='word_1_268' title='bbox 903 2220 1106 2275; x_wconf 86' lang='lat' dir='ltr'><strong>sortita</strong></span> <span class='ocrx_word' id='word_1_269' title='bbox 1131 2262 1150 2287; x_wconf 89' lang='lat'><strong>,</strong></span> <span class='ocrx_word' id='word_1_270' title='bbox 1191 2227 1313 2276; x_wconf 86' lang='lat' dir='ltr'><strong>erat</strong></span> <span class='ocrx_word' id='word_1_271' title='bbox 1343 2221 1492 2276; x_wconf 91' lang='lat' dir='ltr'><strong>enim</strong></span> <span class='ocrx_word' id='word_1_272' title='bbox 1523 2219 1842 2276; x_wconf 89' lang='lat' dir='ltr'><strong>Christiana</strong></span> <span class='ocrx_word' id='word_1_273' title='bbox 1870 2263 1886 2288; x_wconf 95' lang='lat'><strong>,</strong></span> <span class='ocrx_word' id='word_1_274' title='bbox 1937 2223 2323 2292; x_wconf 87' lang='lat' dir='ltr'><strong>sempiternam</strong></span> 
     </span>
    </p>
   </div>
   <div class='ocr_carea' id='block_1_39' title="bbox 737 2311 2323 2384">
    <p class='ocr_par' dir='ltr' id='par_1_39' title="bbox 737 2311 2323 2384">
     <span class='ocr_line' id='line_1_39' title="bbox 737 2311 2323 2384; baseline -0.001 -15"><span class='ocrx_word' id='word_1_275' title='bbox 737 2313 823 2369; x_wconf 88' lang='lat' dir='ltr'><strong>sui</strong></span> <span class='ocrx_word' id='word_1_276' title='bbox 858 2313 1186 2368; x_wconf 87' lang='lat' dir='ltr'><strong>memoriam</strong></span> <span class='ocrx_word' id='word_1_277' title='bbox 1215 2312 1455 2383; x_wconf 89' lang='lat' dir='ltr'><strong>posteris</strong></span> <span class='ocrx_word' id='word_1_278' title='bbox 1485 2311 1802 2384; x_wconf 88' lang='lat' dir='ltr'><strong>dereliquit.</strong></span> <span class='ocrx_word' id='word_1_279' title='bbox 1835 2313 2136 2370; x_wconf 86' lang='lat' dir='ltr'><strong>Gerontius</strong></span> <span class='ocrx_word' id='word_1_280' title='bbox 2171 2329 2323 2379; x_wconf 81' lang='lat' dir='ltr'><strong>vero,</strong></span> 
     </span>
    </p>
   </div>
   <div class='ocr_carea' id='block_1_40' title="bbox 738 2406 2324 2478">
    <p class='ocr_par' dir='ltr' id='par_1_40' title="bbox 738 2406 2324 2478">
     <span class='ocr_line' id='line_1_40' title="bbox 738 2406 2324 2478; baseline -0.001 -18"><span class='ocrx_word' id='word_1_281' title='bbox 738 2420 865 2460; x_wconf 84' lang='lat' dir='ltr'><strong>eum</strong></span> <span class='ocrx_word' id='word_1_282' title='bbox 899 2420 960 2462; x_wconf 88' lang='lat' dir='ltr'><strong>se</strong></span> <span class='ocrx_word' id='word_1_283' title='bbox 993 2406 1161 2462; x_wconf 87' lang='lat' dir='ltr'><strong>tertio</strong></span> <span class='ocrx_word' id='word_1_284' title='bbox 1191 2407 1604 2478; x_wconf 90' lang='lat' dir='ltr'><strong>percussisset,</strong></span> <span class='ocrx_word' id='word_1_285' title='bbox 1650 2421 1755 2462; x_wconf 90' lang='lat' dir='ltr'><strong>nec</strong></span> <span class='ocrx_word' id='word_1_286' title='bbox 1784 2414 1968 2462; x_wconf 89' lang='lat' dir='ltr'><strong>tamen</strong></span> <span class='ocrx_word' id='word_1_287' title='bbox 2009 2409 2170 2461; x_wconf 73' lang='lat' dir='ltr'><strong>letale</strong></span> <span class='ocrx_word' id='word_1_288' title='bbox 2207 2408 2324 2460; x_wconf 82' lang='lat' dir='ltr'><strong>vul-</strong></span> 
     </span>
    </p>
   </div>
   <div class='ocr_carea' id='block_1_41' title="bbox 737 2498 2324 2571">
    <p class='ocr_par' dir='ltr' id='par_1_41' title="bbox 737 2498 2324 2571">
     <span class='ocr_line' id='line_1_41' title="bbox 737 2498 2324 2571; baseline 0.003 -19"><span class='ocrx_word' id='word_1_289' title='bbox 737 2515 845 2554; x_wconf 92' lang='lat' dir='ltr'><strong>nus</strong></span> <span class='ocrx_word' id='word_1_290' title='bbox 877 2498 1183 2568; x_wconf 76' lang='lat' dir='ltr'><strong>accepisse</strong></span> <span class='ocrx_word' id='word_1_291' title='bbox 1226 2502 1490 2566; x_wconf 86' lang='lat' dir='ltr'><strong>sentiret,</strong></span> <span class='ocrx_word' id='word_1_292' title='bbox 1546 2500 1742 2556; x_wconf 87' lang='lat' dir='ltr'><strong>stricto</strong></span> <span class='ocrx_word' id='word_1_293' title='bbox 1775 2500 2012 2571; x_wconf 80' lang='lat' dir='ltr'><strong>pugione</strong></span> <span class='ocrx_word' id='word_1_294' title='bbox 2050 2518 2208 2569; x_wconf 82' lang='lat' dir='ltr'><strong>quem</strong></span> <span class='ocrx_word' id='word_1_295' title='bbox 2257 2501 2324 2556; x_wconf 84' lang='lat' dir='ltr'><strong>ad</strong></span> 
     </span>
    </p>
   </div>
   <div class='ocr_carea' id='block_1_42' title="bbox 736 2591 1884 2659">
    <p class='ocr_par' dir='ltr' id='par_1_42' title="bbox 736 2591 1884 2659">
     <span class='ocr_line' id='line_1_42' title="bbox 736 2591 1884 2659; baseline -0.001 -12"><span class='ocrx_word' id='word_1_296' title='bbox 736 2592 919 2647; x_wconf 73' lang='lat' dir='ltr'><strong>femur</strong></span> <span class='ocrx_word' id='word_1_297' title='bbox 949 2591 1224 2659; x_wconf 73' lang='lat' dir='ltr'><strong>trahebat,</strong></span> <span class='ocrx_word' id='word_1_298' title='bbox 1259 2608 1356 2648; x_wconf 84' lang='lat' dir='ltr'><strong>cor</strong></span> <span class='ocrx_word' id='word_1_299' title='bbox 1385 2608 1545 2649; x_wconf 89' lang='lat' dir='ltr'><strong>sumn</strong></span> <span class='ocrx_word' id='word_1_300' title='bbox 1583 2593 1884 2648; x_wconf 78' lang='lat' dir='ltr'><strong>transﬁxit.</strong></span> 
     </span>
    </p>
   </div>
   <div class='ocr_carea' id='block_1_43' title="bbox 1376 2679 1700 2736">
    <p class='ocr_par' dir='ltr' id='par_1_43' title="bbox 1376 2679 1700 2736">
     <span class='ocr_line' id='line_1_43' title="bbox 1376 2679 1700 2736; baseline -0.009 0"><span class='ocrx_word' id='word_1_301' title='bbox 1376 2681 1527 2736; x_wconf 83' lang='lat' dir='ltr'><strong>CAI’.</strong></span> <span class='ocrx_word' id='word_1_302' title='bbox 1561 2679 1700 2734; x_wconf 80' lang='lat' dir='ltr'><strong>XIV.</strong></span> 
     </span>
    </p>
   </div>
   <div class='ocr_carea' id='block_1_44' title="bbox 737 2772 2323 2836">
    <p class='ocr_par' dir='ltr' id='par_1_44' title="bbox 737 2772 2323 2836">
     <span class='ocr_line' id='line_1_44' title="bbox 737 2772 2323 2836; baseline 0.001 -8"><span class='ocrx_word' id='word_1_303' title='bbox 737 2772 816 2828; x_wconf 75' lang='lat' dir='ltr'><strong>De</strong></span> <span class='ocrx_word' id='word_1_304' title='bbox 846 2773 1229 2836; x_wconf 77' lang='lat' dir='ltr'><strong>Constantino,</strong></span> <span class='ocrx_word' id='word_1_305' title='bbox 1255 2775 1387 2829; x_wconf 81' lang='lat' dir='ltr'><strong>etde</strong></span> <span class='ocrx_word' id='word_1_306' title='bbox 1408 2776 1642 2830; x_wconf 73' lang='lat' dir='ltr'><strong>exercitu</strong></span> <span class='ocrx_word' id='word_1_307' title='bbox 1666 2775 1893 2830; x_wconf 84' lang='lat' dir='ltr'><strong>Honorii</strong></span> <span class='ocrx_word' id='word_1_308' title='bbox 1907 2793 1925 2830; x_wconf 87' lang='lat'><em>:</em></span> <span class='ocrx_word' id='word_1_309' title='bbox 1943 2776 2069 2831; x_wconf 85' lang='lat' dir='ltr'><strong>etde</strong></span> <span class='ocrx_word' id='word_1_310' title='bbox 2090 2776 2323 2831; x_wconf 80' lang='lat' dir='ltr'><strong>Edobico</strong></span> 
     </span>
    </p>
   </div>
   <div class='ocr_carea' id='block_1_45' title="bbox 807 2845 2322 2917">
    <p class='ocr_par' dir='ltr' id='par_1_45' title="bbox 807 2845 2322 2917">
     <span class='ocr_line' id='line_1_45' title="bbox 807 2845 2322 2917; baseline 0.003 -20"><span class='ocrx_word' id='word_1_311' title='bbox 807 2847 1066 2917; x_wconf 70' lang='lat' dir='ltr'><strong>magistro</strong></span> <span class='ocrx_word' id='word_1_312' title='bbox 1105 2845 1378 2899; x_wconf 84' lang='lat' dir='ltr'><strong>militum:</strong></span> <span class='ocrx_word' id='word_1_313' title='bbox 1420 2847 1682 2916; x_wconf 85' lang='lat' dir='ltr'><strong>quomodo</strong></span> <span class='ocrx_word' id='word_1_314' title='bbox 1719 2847 1784 2900; x_wconf 87' lang='lat' dir='ltr'><strong>ab</strong></span> <span class='ocrx_word' id='word_1_315' title='bbox 1816 2845 2032 2914; x_wconf 82' lang='lat' dir='ltr'><strong>Ulphita</strong></span> <span class='ocrx_word' id='word_1_316' title='bbox 2071 2848 2202 2902; x_wconf 87' lang='lat' dir='ltr'><strong>duce</strong></span> <span class='ocrx_word' id='word_1_317' title='bbox 2233 2849 2322 2917; x_wconf 87' lang='lat' dir='ltr'><strong>qui</strong></span> 
     </span>
    </p>
   </div>
   <div class='ocr_carea' id='block_1_46' title="bbox 793 2915 2321 3000">
    <p class='ocr_par' dir='ltr' id='par_1_46' title="bbox 793 2915 2321 3000">
     <span class='ocr_line' id='line_1_46' title="bbox 793 2915 2321 3000; baseline 0.001 -31"><span class='ocrx_word' id='word_1_318' title='bbox 793 2931 922 2969; x_wconf 85' lang='lat' dir='ltr'><strong>cum</strong></span> <span class='ocrx_word' id='word_1_319' title='bbox 964 2915 1276 3000; x_wconf 58' lang='lat' dir='ltr'><strong>genstantio</strong></span> <span class='ocrx_word' id='word_1_320' title='bbox 1319 2915 1514 2971; x_wconf 72' lang='lat' dir='ltr'><strong>misSus</strong></span> <span class='ocrx_word' id='word_1_321' title='bbox 1558 2917 1732 2987; x_wconf 74' lang='lat' dir='ltr'><strong>fuerat</strong></span> <span class='ocrx_word' id='word_1_322' title='bbox 1757 2957 1772 2982; x_wconf 93' lang='lat'><strong>,</strong></span> <span class='ocrx_word' id='word_1_323' title='bbox 1820 2919 1984 2972; x_wconf 82' lang='lat' dir='ltr'><strong>rictus</strong></span> <span class='ocrx_word' id='word_1_324' title='bbox 2021 2935 2082 2972; x_wconf 90' lang='lat' dir='ltr'><strong>ac</strong></span> <span class='ocrx_word' id='word_1_325' title='bbox 2121 2915 2321 2986; x_wconf 78' lang='lat' dir='ltr'><strong>perem-</strong></span> 
     </span>
    </p>
   </div>
   <div class='ocr_carea' id='block_1_47' title="bbox 806 2997 1150 3053">
    <p class='ocr_par' dir='ltr' id='par_1_47' title="bbox 806 2997 1150 3053">
     <span class='ocr_line' id='line_1_47' title="bbox 806 2997 1150 3053; baseline 0.009 -15"><span class='ocrx_word' id='word_1_326' title='bbox 806 2999 928 3050; x_wconf 81' lang='lat' dir='ltr'><strong>plus</strong></span> <span class='ocrx_word' id='word_1_327' title='bbox 966 2997 1150 3053; x_wconf 66' lang='lat' dir='ltr'><strong>inerit.</strong></span> 
     </span>
    </p>
   </div>
   <div class='ocr_carea' id='block_1_48' title="bbox 809 3076 2319 3138">
    <p class='ocr_par' dir='ltr' id='par_1_48' title="bbox 809 3076 2319 3138">
     <span class='ocr_line' id='line_1_48' title="bbox 809 3076 2319 3138; baseline 0.005 -9"><span class='ocrx_word' id='word_1_328' title='bbox 809 3076 1034 3133; x_wconf 83' lang='lat' dir='ltr'><strong>Interim</strong></span> <span class='ocrx_word' id='word_1_329' title='bbox 1081 3079 1516 3136; x_wconf 85' lang='lat' dir='ltr'><strong>circumsidente</strong></span> <span class='ocrx_word' id='word_1_330' title='bbox 1559 3079 1839 3137; x_wconf 72' lang='lat' dir='ltr'><strong>Arelatum</strong></span> <span class='ocrx_word' id='word_1_331' title='bbox 1883 3080 2111 3138; x_wconf 87' lang='lat' dir='ltr'><strong>llonorii</strong></span> <span class='ocrx_word' id='word_1_332' title='bbox 2162 3097 2319 3137; x_wconf 76' lang='lat' dir='ltr'><strong>exer-</strong></span> 
     </span>
    </p>
   </div>
   <div class='ocr_carea' id='block_1_49' title="bbox 733 3167 2316 3246">
    <p class='ocr_par' dir='ltr' id='par_1_49' title="bbox 733 3167 2316 3246">
     <span class='ocr_line' id='line_1_49' title="bbox 733 3167 2316 3246; baseline 0.004 -25"><span class='ocrx_word' id='word_1_333' title='bbox 733 3169 846 3222; x_wconf 87' lang='lat' dir='ltr'><strong>citu</strong></span> <span class='ocrx_word' id='word_1_334' title='bbox 870 3207 884 3231; x_wconf 91' lang='lat'><strong>,</strong></span> <span class='ocrx_word' id='word_1_335' title='bbox 918 3167 1325 3246; x_wconf 59' lang='lat' dir='ltr'><strong>Constantinus</strong></span> <span class='ocrx_word' id='word_1_336' title='bbox 1375 3169 1557 3226; x_wconf 88' lang='lat' dir='ltr'><strong>adhuc</strong></span> <span class='ocrx_word' id='word_1_337' title='bbox 1600 3171 1950 3228; x_wconf 88' lang='lat' dir='ltr'><strong>obsidionem</strong></span> <span class='ocrx_word' id='word_1_338' title='bbox 1982 3172 2316 3240; x_wconf 87' lang='lat' dir='ltr'><strong>sustinebat,</strong></span> 
     </span>
    </p>
   </div>
   <div class='ocr_carea' id='block_1_50' title="bbox 2429 2029 4015 2112">
    <p class='ocr_par' dir='ltr' id='par_1_50' title="bbox 2429 2029 4015 2112">
     <span class='ocr_line' id='line_1_50' title="bbox 2429 2029 4015 2112; baseline 0.007 -29"><span class='ocrx_word' id='word_1_339' title='bbox 2429 2035 2660 2099; x_wconf 78' lang='grc' dir='ltr'>φανεῖσα</span> <span class='ocrx_word' id='word_1_340' title='bbox 2691 2029 2779 2104; x_wconf 82' lang='grc' dir='ltr'><strong>(ἦν</strong></span> <span class='ocrx_word' id='word_1_341' title='bbox 2813 2035 2921 2106; x_wconf 78' lang='grc' dir='ltr'>γὰρ</span> <span class='ocrx_word' id='word_1_342' title='bbox 2953 2037 3296 2108; x_wconf 80' lang='grc' dir='ltr'>Χριστιανὴ),</span> <span class='ocrx_word' id='word_1_343' title='bbox 3315 2031 3417 2092; x_wconf 83' lang='grc' dir='ltr'>ὦδε</span> <span class='ocrx_word' id='word_1_344' title='bbox 3448 2039 3699 2111; x_wconf 76' lang='grc' dir='ltr'>τέθνηκε,</span> <span class='ocrx_word' id='word_1_345' title='bbox 3728 2041 4015 2112; x_wconf 81' lang='grc' dir='ltr'>κρείττονα</span> 
     </span>
    </p>
   </div>
   <div class='ocr_carea' id='block_1_51' title="bbox 2428 2121 4010 2200">
    <p class='ocr_par' dir='ltr' id='par_1_51' title="bbox 2428 2121 4010 2200">
     <span class='ocr_line' id='line_1_51' title="bbox 2428 2121 4010 2200; baseline 0.006 -26"><span class='ocrx_word' id='word_1_346' title='bbox 2428 2121 2596 2193; x_wconf 81' lang='grc' dir='ltr'>λήθης</span> <span class='ocrx_word' id='word_1_347' title='bbox 2625 2123 2723 2193; x_wconf 80' lang='grc' dir='ltr'><strong>τὴν</strong></span> <span class='ocrx_word' id='word_1_348' title='bbox 2755 2125 2883 2196; x_wconf 79' lang='grc' dir='ltr'>περὶ</span> <span class='ocrx_word' id='word_1_349' title='bbox 2905 2125 3072 2196; x_wconf 83' lang='grc' dir='ltr'>αὐτῆς</span> <span class='ocrx_word' id='word_1_350' title='bbox 3111 2127 3333 2198; x_wconf 80' lang='grc' dir='ltr'>μνήμην</span> <span class='ocrx_word' id='word_1_351' title='bbox 3369 2127 3447 2198; x_wconf 81' lang='grc' dir='ltr'>τῷ</span> <span class='ocrx_word' id='word_1_352' title='bbox 3476 2129 3652 2200; x_wconf 86' lang='grc' dir='ltr'>χρόνῳ</span> <span class='ocrx_word' id='word_1_353' title='bbox 3675 2129 4010 2200; x_wconf 72' lang='grc' dir='ltr'>παραδοῦσα.</span> 
     </span>
    </p>
   </div>
   <div class='ocr_carea' id='block_1_52' title="bbox 2427 2212 4013 2290">
    <p class='ocr_par' dir='ltr' id='par_1_52' title="bbox 2427 2212 4013 2290">
     <span class='ocr_line' id='line_1_52' title="bbox 2427 2212 4013 2290; baseline 0.008 -26"><span class='ocrx_word' id='word_1_354' title='bbox 2427 2212 2467 2264; x_wconf 86' lang='grc' dir='ltr'><strong><em>Γ</em></strong></span> <span class='ocrx_word' id='word_1_355' title='bbox 2471 2213 2707 2283; x_wconf 86' lang='grc' dir='ltr'>ερόντιος</span> <span class='ocrx_word' id='word_1_356' title='bbox 2739 2215 2794 2268; x_wconf 79' lang='grc' dir='ltr'>δὲ</span> <span class='ocrx_word' id='word_1_357' title='bbox 2838 2216 3019 2287; x_wconf 88' lang='grc' dir='ltr'>τρίτον</span> <span class='ocrx_word' id='word_1_358' title='bbox 3053 2217 3246 2272; x_wconf 75' lang='grc' dir='ltr'>ἑαυτὸν</span> <span class='ocrx_word' id='word_1_359' title='bbox 3288 2218 3368 2290; x_wconf 82' lang='grc' dir='ltr'>τῷ</span> <span class='ocrx_word' id='word_1_360' title='bbox 3406 2219 3548 2290; x_wconf 79' lang='grc' dir='ltr'>ξίφει</span> <span class='ocrx_word' id='word_1_361' title='bbox 3594 2222 3814 2287; x_wconf 80' lang='grc' dir='ltr'>παίσας,</span> <span class='ocrx_word' id='word_1_362' title='bbox 3844 2223 3920 2286; x_wconf 83' lang='grc' dir='ltr'><strong>ὼς</strong></span> <span class='ocrx_word' id='word_1_363' title='bbox 3949 2224 4013 2276; x_wconf 75' lang='grc' dir='ltr'>οὐ</span> 
     </span>
    </p>
   </div>
   <div class='ocr_carea' id='block_1_53' title="bbox 2428 2305 4013 2386">
    <p class='ocr_par' dir='ltr' id='par_1_53' title="bbox 2428 2305 4013 2386">
     <span class='ocr_line' id='line_1_53' title="bbox 2428 2305 4013 2386; baseline 0.006 -30"><span class='ocrx_word' id='word_1_364' title='bbox 2428 2305 2646 2376; x_wconf 85' lang='grc' dir='ltr'>καιρίαν</span> <span class='ocrx_word' id='word_1_365' title='bbox 2698 2306 2876 2361; x_wconf 85' lang='grc' dir='ltr'>λαϐὼν</span> <span class='ocrx_word' id='word_1_366' title='bbox 2931 2308 3158 2380; x_wconf 79' lang='grc' dir='ltr'>ᾔσθετο,</span> <span class='ocrx_word' id='word_1_367' title='bbox 3215 2311 3563 2382; x_wconf 86' lang='grc' dir='ltr'>σπασάμενος</span> <span class='ocrx_word' id='word_1_368' title='bbox 3616 2313 3676 2366; x_wconf 85' lang='grc' dir='ltr'>τὸ</span> <span class='ocrx_word' id='word_1_369' title='bbox 3728 2314 3877 2386; x_wconf 72' lang='grc' dir='ltr'>παρὰ</span> <span class='ocrx_word' id='word_1_370' title='bbox 3919 2314 4013 2366; x_wconf 78' lang='grc' dir='ltr'>τὸν</span> 
     </span>
    </p>
   </div>
   <div class='ocr_carea' id='block_1_54' title="bbox 2431 2398 3654 2474">
    <p class='ocr_par' dir='ltr' id='par_1_54' title="bbox 2431 2398 3654 2474">
     <span class='ocr_line' id='line_1_54' title="bbox 2431 2398 3654 2474; baseline 0.007 -23"><span class='ocrx_word' id='word_1_371' title='bbox 2431 2414 2504 2468; x_wconf 87' lang='grc' dir='ltr'><strong>μη</strong></span> <span class='ocrx_word' id='word_1_372' title='bbox 2514 2398 2606 2468; x_wconf 68' lang='grc' dir='ltr'><strong>ρον</strong></span> <span class='ocrx_word' id='word_1_373' title='bbox 2631 2399 2886 2469; x_wconf 80' lang='grc' dir='ltr'>ξιφίδιον,</span> <span class='ocrx_word' id='word_1_374' title='bbox 2921 2401 3058 2455; x_wconf 88' lang='grc' dir='ltr'><strong>κατά</strong></span> <span class='ocrx_word' id='word_1_375' title='bbox 3085 2402 3186 2472; x_wconf 83' lang='grc' dir='ltr'>τῆς</span> <span class='ocrx_word' id='word_1_376' title='bbox 3215 2403 3441 2474; x_wconf 87' lang='grc' dir='ltr'>καρδίας</span> <span class='ocrx_word' id='word_1_377' title='bbox 3469 2405 3654 2474; x_wconf 81' lang='grc' dir='ltr'>ῆλασε.</span> 
     </span>
    </p>
   </div>
   <div class='ocr_carea' id='block_1_55' title="bbox 3023 2683 3412 2738">
    <p class='ocr_par' dir='ltr' id='par_1_55' title="bbox 3023 2683 3412 2738">
     <span class='ocr_line' id='line_1_55' title="bbox 3023 2683 3412 2738; baseline 0.005 -2"><span class='ocrx_word' id='word_1_378' title='bbox 3023 2683 3276 2738; x_wconf 78' lang='grc' dir='ltr'><strong>ΚΕΦΑΛ.</strong></span> <span class='ocrx_word' id='word_1_379' title='bbox 3318 2685 3412 2738; x_wconf 76' lang='lat' dir='ltr'><strong>IA&#39;.</strong></span> 
     </span>
    </p>
   </div>
   <div class='ocr_carea' id='block_1_56' title="bbox 2427 2769 4008 2845">
    <p class='ocr_par' dir='ltr' id='par_1_56' title="bbox 2427 2769 4008 2845">
     <span class='ocr_line' id='line_1_56' title="bbox 2427 2769 4008 2845; baseline 0.005 -21"><span class='ocrx_word' id='word_1_380' title='bbox 2427 2769 3066 2845; x_wconf 41' lang='lat' dir='ltr'><strong>[Iepiltfwratartlrov</strong></span> <span class='ocrx_word' id='word_1_381' title='bbox 3097 2775 3192 2828; x_wconf 79' lang='grc' dir='ltr'><strong>καί</strong></span> <span class='ocrx_word' id='word_1_382' title='bbox 3233 2774 3342 2842; x_wconf 79' lang='grc' dir='ltr'><strong>τῆς</strong></span> <span class='ocrx_word' id='word_1_383' title='bbox 3384 2778 3665 2844; x_wconf 83' lang='grc' dir='ltr'>στρατιᾶς</span> <span class='ocrx_word' id='word_1_384' title='bbox 3707 2779 4008 2845; x_wconf 78' lang='grc' dir='ltr'>Ὀνωριόυ,</span> 
     </span>
    </p>
   </div>
   <div class='ocr_carea' id='block_1_57' title="bbox 2497 2841 4012 2920">
    <p class='ocr_par' dir='ltr' id='par_1_57' title="bbox 2497 2841 4012 2920">
     <span class='ocr_line' id='line_1_57' title="bbox 2497 2841 4012 2920; baseline 0.007 -28"><span class='ocrx_word' id='word_1_385' title='bbox 2497 2841 2595 2920; x_wconf 59' lang='grc' dir='ltr'><strong>καί</strong></span> <span class='ocrx_word' id='word_1_386' title='bbox 2646 2842 2963 2920; x_wconf 32' lang='grc' dir='ltr'><strong>Ἐᾷοὸξχορ-</strong></span> <span class='ocrx_word' id='word_1_387' title='bbox 2986 2845 3089 2920; x_wconf 64' lang='grc' dir='ltr'><strong>τοῦ</strong></span> <span class='ocrx_word' id='word_1_388' title='bbox 3113 2841 3467 2920; x_wconf 13' lang='grc' dir='ltr'>ᾲστρατὲηγοῦ</span> <span class='ocrx_word' id='word_1_389' title='bbox 3485 2865 3497 2879; x_wconf 87' lang='grc'><strong>·</strong></span> <span class='ocrx_word' id='word_1_390' title='bbox 3548 2841 3654 2903; x_wconf 61' lang='grc' dir='ltr'><strong>καί</strong></span> <span class='ocrx_word' id='word_1_391' title='bbox 3674 2846 3822 2920; x_wconf 64' lang='grc' dir='ltr'>ἧττα</span> <span class='ocrx_word' id='word_1_392' title='bbox 3848 2841 4012 2904; x_wconf 60' lang='grc' dir='ltr'><strong>’Ἔδοξ-</strong></span> 
     </span>
    </p>
   </div>
   <div class='ocr_carea' id='block_1_58' title="bbox 2497 2912 4011 2988">
    <p class='ocr_par' dir='ltr' id='par_1_58' title="bbox 2497 2912 4011 2988">
     <span class='ocr_line' id='line_1_58' title="bbox 2497 2912 4011 2988; baseline 0.005 -24"><span class='ocrx_word' id='word_1_393' title='bbox 2497 2912 2666 2980; x_wconf 75' lang='grc' dir='ltr'>ϐίκου</span> <span class='ocrx_word' id='word_1_394' title='bbox 2698 2913 2836 2988; x_wconf 66' lang='grc' dir='ltr'><strong>Δὑπὸ</strong></span> <span class='ocrx_word' id='word_1_395' title='bbox 2893 2912 3796 2988; x_wconf 19' lang='grc' dir='ltr'>Ούλφίλατοῦθ’συστρατηγοῦ</span> <span class='ocrx_word' id='word_1_396' title='bbox 3851 2924 4011 2974; x_wconf 82' lang='grc' dir='ltr'><strong>Κων-</strong></span> 
     </span>
    </p>
   </div>
   <div class='ocr_carea' id='block_1_59' title="bbox 2493 2983 3437 3054">
    <p class='ocr_par' dir='ltr' id='par_1_59' title="bbox 2493 2983 3437 3054">
     <span class='ocr_line' id='line_1_59' title="bbox 2493 2983 3437 3054; baseline 0.01 -21"><span class='ocrx_word' id='word_1_397' title='bbox 2493 2983 2840 3046; x_wconf 79' lang='grc' dir='ltr'>σταντίνου,</span> <span class='ocrx_word' id='word_1_398' title='bbox 2871 2985 2970 3038; x_wconf 81' lang='grc' dir='ltr'><strong>καί</strong></span> <span class='ocrx_word' id='word_1_399' title='bbox 3016 2983 3205 3054; x_wconf 74' lang='grc' dir='ltr'>φόνος</span> <span class='ocrx_word' id='word_1_400' title='bbox 3231 2988 3437 3042; x_wconf 84' lang='grc' dir='ltr'>αὐτοῦ.</span> 
     </span>
    </p>
   </div>
   <div class='ocr_carea' id='block_1_60' title="bbox 2497 3075 4008 3153">
    <p class='ocr_par' dir='ltr' id='par_1_60' title="bbox 2497 3075 4008 3153">
     <span class='ocr_line' id='line_1_60' title="bbox 2497 3075 4008 3153; baseline 0.004 -25"><span class='ocrx_word' id='word_1_401' title='bbox 2497 3075 2903 3140; x_wconf 80' lang='grc' dir='ltr'>Κωνσταντῖνος</span> <span class='ocrx_word' id='word_1_402' title='bbox 2951 3076 3031 3141; x_wconf 79' lang='grc' dir='ltr'>δὲ,</span> <span class='ocrx_word' id='word_1_403' title='bbox 3073 3077 3520 3150; x_wconf 86' lang='grc' dir='ltr'>περικαθημένης</span> <span class='ocrx_word' id='word_1_404' title='bbox 3582 3081 3684 3150; x_wconf 78' lang='grc' dir='ltr'><strong>τῆς</strong></span> <span class='ocrx_word' id='word_1_405' title='bbox 3749 3081 4008 3153; x_wconf 83' lang='grc' dir='ltr'>Ὀνωρίου</span> 
     </span>
    </p>
   </div>
   <div class='ocr_carea' id='block_1_61' title="bbox 2427 3167 4008 3243">
    <p class='ocr_par' dir='ltr' id='par_1_61' title="bbox 2427 3167 4008 3243">
     <span class='ocr_line' id='line_1_61' title="bbox 2427 3167 4008 3243; baseline 0.003 -23"><span class='ocrx_word' id='word_1_406' title='bbox 2427 3169 2708 3238; x_wconf 83' lang='grc' dir='ltr'>στρατιᾶς,</span> <span class='ocrx_word' id='word_1_407' title='bbox 2746 3167 2825 3221; x_wconf 79' lang='grc' dir='ltr'><strong>ἔτι</strong></span> <span class='ocrx_word' id='word_1_408' title='bbox 2866 3167 3001 3239; x_wconf 82' lang='grc' dir='ltr'>πρὸς</span> <span class='ocrx_word' id='word_1_409' title='bbox 3029 3169 3128 3240; x_wconf 85' lang='grc' dir='ltr'><strong>τὴν</strong></span> <span class='ocrx_word' id='word_1_410' title='bbox 3158 3169 3474 3242; x_wconf 86' lang='grc' dir='ltr'>πολιορκίαν</span> <span class='ocrx_word' id='word_1_411' title='bbox 3509 3173 3774 3243; x_wconf 82' lang='grc' dir='ltr'>ἀντεῖχεν,</span> <span class='ocrx_word' id='word_1_412' title='bbox 3808 3172 4008 3241; x_wconf 82' lang='grc' dir='ltr'>ἀγγελ-</span> 
     </span>
    </p>
   </div>
   <div class='ocr_carea' id='block_1_62' title="bbox 731 3249 2510 3337">
    <p class='ocr_par' dir='ltr' id='par_1_62' title="bbox 731 3249 2510 3335">
     <span class='ocr_line' id='line_1_62' title="bbox 731 3249 2510 3335; baseline 0.008 -22"><span class='ocrx_word' id='word_1_413' title='bbox 731 3278 858 3327; x_wconf 74' lang='lat' dir='ltr'><strong>cum</strong></span> <span class='ocrx_word' id='word_1_414' title='bbox 892 3249 945 3316; x_wconf 54' lang='lat' dir='ltr'><strong>ei!</strong></span> <span class='ocrx_word' id='word_1_415' title='bbox 981 3262 1297 3316; x_wconf 89' lang='lat' dir='ltr'><strong>nuntiatum</strong></span> <span class='ocrx_word' id='word_1_416' title='bbox 1331 3271 1516 3330; x_wconf 89' lang='lat' dir='ltr'><strong>esset,</strong></span> <span class='ocrx_word' id='word_1_417' title='bbox 1566 3261 1869 3318; x_wconf 78' lang='lat' dir='ltr'><strong>Edohieum</strong></span> <span class='ocrx_word' id='word_1_418' title='bbox 1913 3279 2039 3320; x_wconf 90' lang='lat' dir='ltr'><strong>eum</strong></span> <span class='ocrx_word' id='word_1_419' title='bbox 2076 3264 2314 3335; x_wconf 86' lang='lat' dir='ltr'><strong>ingenti-</strong></span> <span class='ocrx_word' id='word_1_420' title='bbox 2346 3268 2388 3326; x_wconf 90' lang='lat' dir='ltr'>C</span> <span class='ocrx_word' id='word_1_421' title='bbox 2423 3259 2510 3312; x_wconf 81' lang='grc' dir='ltr'><strong>θέν</strong></span> 
     </span>
    </p>
   </div>
   <div class='ocr_carea' id='block_1_63' title="bbox 2226 3249 4005 3337">
    <p class='ocr_par' dir='ltr' id='par_1_63' title="bbox 2226 3259 4005 3337">
     <span class='ocr_line' id='line_1_63' title="bbox 2226 3259 4005 3337; baseline 0.003 -25"><span class='ocrx_word' id='word_1_422' title='bbox 2226 3266 2314 3319; x_wconf 76' lang='lat' dir='ltr'><strong>ui.</strong></span> <span class='ocrx_word' id='word_1_423' title='bbox 2346 3268 2388 3326; x_wconf 75' lang='grc' dir='ltr'>ο</span> <span class='ocrx_word' id='word_1_424' title='bbox 2423 3259 2606 3322; x_wconf 82' lang='grc' dir='ltr'>θέντος</span> <span class='ocrx_word' id='word_1_425' title='bbox 2649 3260 2918 3330; x_wconf 83' lang='grc' dir='ltr'>Ἐδοϐίχου</span> <span class='ocrx_word' id='word_1_426' title='bbox 2972 3261 3112 3330; x_wconf 80' lang='grc' dir='ltr'>μετὰ</span> <span class='ocrx_word' id='word_1_427' title='bbox 3166 3263 3425 3334; x_wconf 87' lang='grc' dir='ltr'>πλείστης</span> <span class='ocrx_word' id='word_1_428' title='bbox 3472 3267 3788 3336; x_wconf 88' lang='grc' dir='ltr'>συμμαχίας</span> <span class='ocrx_word' id='word_1_429' title='bbox 3835 3266 4005 3337; x_wconf 77' lang='grc' dir='ltr'>ἥξειν.</span> 
     </span>
    </p>
   </div>
   <div class='ocr_carea' id='block_1_64' title="bbox 732 3354 2313 3427">
    <p class='ocr_par' dir='ltr' id='par_1_64' title="bbox 732 3354 2313 3427">
     <span class='ocr_line' id='line_1_64' title="bbox 732 3354 2313 3427; baseline 0.003 -19"><span class='ocrx_word' id='word_1_430' title='bbox 732 3355 836 3409; x_wconf 84' lang='lat' dir='ltr'><strong>bus</strong></span> <span class='ocrx_word' id='word_1_431' title='bbox 859 3354 1081 3411; x_wconf 77' lang='lat' dir='ltr'><strong>auxiliis</strong></span> <span class='ocrx_word' id='word_1_432' title='bbox 1107 3355 1425 3411; x_wconf 79' lang='lat' dir='ltr'><strong>adventare.</strong></span> <span class='ocrx_word' id='word_1_433' title='bbox 1457 3354 1614 3423; x_wconf 83' lang='lat' dir='ltr'><strong>Quod</strong></span> <span class='ocrx_word' id='word_1_434' title='bbox 1641 3355 1866 3427; x_wconf 86' lang='lat' dir='ltr'><strong>quidem</strong></span> <span class='ocrx_word' id='word_1_435' title='bbox 1891 3355 2057 3412; x_wconf 87' lang='lat' dir='ltr'><strong>etiam</strong></span> <span class='ocrx_word' id='word_1_436' title='bbox 2089 3357 2313 3413; x_wconf 89' lang='lat' dir='ltr'><strong>llonorii</strong></span> 
     </span>
    </p>
   </div>
   <div class='ocr_carea' id='block_1_65' title="bbox 731 3445 2315 3520">
    <p class='ocr_par' dir='ltr' id='par_1_65' title="bbox 731 3445 2315 3520">
     <span class='ocr_line' id='line_1_65' title="bbox 731 3445 2315 3520; baseline 0.006 -22"><span class='ocrx_word' id='word_1_437' title='bbox 731 3448 903 3504; x_wconf 89' lang='lat' dir='ltr'><strong>duces</strong></span> <span class='ocrx_word' id='word_1_438' title='bbox 944 3462 1276 3520; x_wconf 72' lang='lat' dir='ltr'><strong>magnopere</strong></span> <span class='ocrx_word' id='word_1_439' title='bbox 1305 3449 1551 3505; x_wconf 85' lang='lat' dir='ltr'><strong>terrebat</strong></span> <span class='ocrx_word' id='word_1_440' title='bbox 1579 3467 1594 3504; x_wconf 90' lang='lat'><strong>:</strong></span> <span class='ocrx_word' id='word_1_441' title='bbox 1642 3445 1780 3506; x_wconf 83' lang='lat' dir='ltr'><strong>adeo</strong></span> <span class='ocrx_word' id='word_1_442' title='bbox 1811 3460 1870 3505; x_wconf 90' lang='lat' dir='ltr'><strong>ut</strong></span> <span class='ocrx_word' id='word_1_443' title='bbox 1902 3451 1956 3504; x_wconf 92' lang='lat' dir='ltr'><strong>in</strong></span> <span class='ocrx_word' id='word_1_444' title='bbox 1991 3451 2196 3505; x_wconf 84' lang='lat' dir='ltr'><strong>italiam</strong></span> <span class='ocrx_word' id='word_1_445' title='bbox 2231 3467 2315 3507; x_wconf 85' lang='lat' dir='ltr'><strong>re-</strong></span> 
     </span>
    </p>
   </div>
   <div class='ocr_carea' id='block_1_66' title="bbox 729 3540 2313 3613">
    <p class='ocr_par' dir='ltr' id='par_1_66' title="bbox 729 3540 2313 3613">
     <span class='ocr_line' id='line_1_66' title="bbox 729 3540 2313 3613; baseline 0.003 -20"><span class='ocrx_word' id='word_1_446' title='bbox 729 3540 912 3606; x_wconf 82' lang='lat' dir='ltr'><strong>verti,</strong></span> <span class='ocrx_word' id='word_1_447' title='bbox 968 3547 1142 3610; x_wconf 85' lang='lat' dir='ltr'><strong>atque</strong></span> <span class='ocrx_word' id='word_1_448' title='bbox 1194 3540 1309 3596; x_wconf 89' lang='lat' dir='ltr'><strong>illic</strong></span> <span class='ocrx_word' id='word_1_449' title='bbox 1359 3541 1566 3596; x_wconf 88' lang='lat' dir='ltr'><strong>bellum</strong></span> <span class='ocrx_word' id='word_1_450' title='bbox 1619 3557 1812 3612; x_wconf 88' lang='lat' dir='ltr'><strong>gerere</strong></span> <span class='ocrx_word' id='word_1_451' title='bbox 1857 3541 1973 3612; x_wconf 78' lang='lat' dir='ltr'><strong>jam</strong></span> <span class='ocrx_word' id='word_1_452' title='bbox 2028 3552 2313 3613; x_wconf 79' lang='lat' dir='ltr'><strong>pararent.</strong></span> 
     </span>
    </p>
   </div>
   <div class='ocr_carea' id='block_1_67' title="bbox 729 3625 2316 3704">
    <p class='ocr_par' dir='ltr' id='par_1_67' title="bbox 729 3625 2316 3704">
     <span class='ocr_line' id='line_1_67' title="bbox 729 3625 2316 3704; baseline 0.001 -18"><span class='ocrx_word' id='word_1_453' title='bbox 729 3632 979 3701; x_wconf 82' lang='lat' dir='ltr'><strong>Cumque</strong></span> <span class='ocrx_word' id='word_1_454' title='bbox 1022 3631 1075 3687; x_wconf 89' lang='lat' dir='ltr'><strong>id</strong></span> <span class='ocrx_word' id='word_1_455' title='bbox 1103 3632 1400 3688; x_wconf 85' lang='lat' dir='ltr'><strong>consilium</strong></span> <span class='ocrx_word' id='word_1_456' title='bbox 1453 3625 1793 3700; x_wconf 82' lang='lat' dir='ltr'><strong>placuisset,</strong></span> <span class='ocrx_word' id='word_1_457' title='bbox 1845 3634 2098 3689; x_wconf 91' lang='lat' dir='ltr'><strong>nuntiato</strong></span> <span class='ocrx_word' id='word_1_458' title='bbox 2144 3636 2316 3704; x_wconf 81' lang='lat' dir='ltr'><strong>proti-</strong></span> 
     </span>
    </p>
   </div>
   <div class='ocr_carea' id='block_1_68' title="bbox 729 3721 2316 3796">
    <p class='ocr_par' dir='ltr' id='par_1_68' title="bbox 729 3721 2316 3796">
     <span class='ocr_line' id='line_1_68' title="bbox 729 3721 2316 3796; baseline 0.001 -19"><span class='ocrx_word' id='word_1_459' title='bbox 729 3739 836 3778; x_wconf 90' lang='lat' dir='ltr'><strong>nus</strong></span> <span class='ocrx_word' id='word_1_460' title='bbox 865 3721 1090 3779; x_wconf 87' lang='lat' dir='ltr'><strong>Edohici</strong></span> <span class='ocrx_word' id='word_1_461' title='bbox 1117 3723 1388 3788; x_wconf 88' lang='lat' dir='ltr'><strong>adventu,</strong></span> <span class='ocrx_word' id='word_1_462' title='bbox 1418 3733 1471 3779; x_wconf 90' lang='lat' dir='ltr'><strong>et</strong></span> <span class='ocrx_word' id='word_1_463' title='bbox 1499 3723 1647 3795; x_wconf 86' lang='lat' dir='ltr'><strong>quod</strong></span> <span class='ocrx_word' id='word_1_464' title='bbox 1679 3724 1728 3780; x_wconf 90' lang='lat' dir='ltr'><strong>is</strong></span> <span class='ocrx_word' id='word_1_465' title='bbox 1756 3726 1810 3779; x_wconf 91' lang='lat' dir='ltr'><strong>in</strong></span> <span class='ocrx_word' id='word_1_466' title='bbox 1845 3725 2100 3796; x_wconf 78' lang='lat' dir='ltr'><strong>proximo</strong></span> <span class='ocrx_word' id='word_1_467' title='bbox 2129 3737 2316 3781; x_wconf 70' lang='lat' dir='ltr'><strong>castra</strong></span> 
     </span>
    </p>
   </div>
   <div class='ocr_carea' id='block_1_69' title="bbox 732 3813 2317 3886">
    <p class='ocr_par' dir='ltr' id='par_1_69' title="bbox 732 3813 2317 3886">
     <span class='ocr_line' id='line_1_69' title="bbox 732 3813 2317 3886; baseline 0.001 -18"><span class='ocrx_word' id='word_1_468' title='bbox 732 3816 990 3881; x_wconf 85' lang='lat' dir='ltr'><strong>haberet,</strong></span> <span class='ocrx_word' id='word_1_469' title='bbox 1055 3815 1162 3886; x_wconf 86' lang='lat' dir='ltr'><strong>ipsi</strong></span> <span class='ocrx_word' id='word_1_470' title='bbox 1222 3813 1550 3870; x_wconf 79' lang='lat' dir='ltr'><strong>Rhodanum</strong></span> <span class='ocrx_word' id='word_1_471' title='bbox 1604 3831 1823 3871; x_wconf 89' lang='lat' dir='ltr'><strong>amnem</strong></span> <span class='ocrx_word' id='word_1_472' title='bbox 1885 3817 2189 3886; x_wconf 85' lang='lat' dir='ltr'><strong>trajiciunt.</strong></span> <span class='ocrx_word' id='word_1_473' title='bbox 2251 3815 2317 3870; x_wconf 89' lang='lat' dir='ltr'><strong>Et</strong></span> 
     </span>
    </p>
   </div>
   <div class='ocr_carea' id='block_1_70' title="bbox 729 3907 2314 3979">
    <p class='ocr_par' dir='ltr' id='par_1_70' title="bbox 729 3907 2314 3979">
     <span class='ocr_line' id='line_1_70' title="bbox 729 3907 2314 3979; baseline 0.001 -18"><span class='ocrx_word' id='word_1_474' title='bbox 729 3909 1090 3964; x_wconf 74' lang='lat' dir='ltr'><strong>Constantius</strong></span> <span class='ocrx_word' id='word_1_475' title='bbox 1121 3907 1344 3978; x_wconf 85' lang='lat' dir='ltr'><strong>quidem</strong></span> <span class='ocrx_word' id='word_1_476' title='bbox 1371 3907 1468 3978; x_wconf 87' lang='lat' dir='ltr'><strong>qui</strong></span> <span class='ocrx_word' id='word_1_477' title='bbox 1500 3907 1786 3979; x_wconf 88' lang='lat' dir='ltr'><strong>pedestres</strong></span> <span class='ocrx_word' id='word_1_478' title='bbox 1816 3907 2004 3978; x_wconf 84' lang='lat' dir='ltr'><strong>cepias</strong></span> <span class='ocrx_word' id='word_1_479' title='bbox 2031 3908 2314 3972; x_wconf 82' lang='lat' dir='ltr'><strong>ductabat,</strong></span> 
     </span>
    </p>
   </div>
   <div class='ocr_carea' id='block_1_71' title="bbox 730 4001 2315 4072">
    <p class='ocr_par' dir='ltr' id='par_1_71' title="bbox 730 4001 2315 4072">
     <span class='ocr_line' id='line_1_71' title="bbox 730 4001 2315 4072; baseline 0.001 -16"><span class='ocrx_word' id='word_1_480' title='bbox 730 4002 1026 4057; x_wconf 74' lang='lat' dir='ltr'><strong>adventum</strong></span> <span class='ocrx_word' id='word_1_481' title='bbox 1058 4001 1299 4058; x_wconf 89' lang='lat' dir='ltr'><strong>hostium</strong></span> <span class='ocrx_word' id='word_1_482' title='bbox 1331 4001 1748 4072; x_wconf 82' lang='lat' dir='ltr'><strong>opperiebatur.</strong></span> <span class='ocrx_word' id='word_1_483' title='bbox 1785 4001 1947 4058; x_wconf 87' lang='lat' dir='ltr'><strong>Ullila</strong></span> <span class='ocrx_word' id='word_1_484' title='bbox 1995 4019 2124 4058; x_wconf 88' lang='lat' dir='ltr'><strong>vero</strong></span> <span class='ocrx_word' id='word_1_485' title='bbox 2167 4003 2315 4057; x_wconf 76' lang='lat' dir='ltr'><strong>Con-</strong></span> 
     </span>
    </p>
   </div>
   <div class='ocr_carea' id='block_1_72' title="bbox 730 4091 2311 4166">
    <p class='ocr_par' dir='ltr' id='par_1_72' title="bbox 730 4091 2311 4166">
     <span class='ocr_line' id='line_1_72' title="bbox 730 4091 2311 4166; baseline 0.001 -20"><span class='ocrx_word' id='word_1_486' title='bbox 730 4092 922 4148; x_wconf 79' lang='lat' dir='ltr'><strong>.-.:antii</strong></span> <span class='ocrx_word' id='word_1_487' title='bbox 960 4092 1198 4163; x_wconf 88' lang='lat' dir='ltr'><strong>collega,</strong></span> <span class='ocrx_word' id='word_1_488' title='bbox 1235 4091 1382 4146; x_wconf 88' lang='lat' dir='ltr'><strong>haud</strong></span> <span class='ocrx_word' id='word_1_489' title='bbox 1417 4092 1613 4163; x_wconf 89' lang='lat' dir='ltr'><strong>procul</strong></span> <span class='ocrx_word' id='word_1_490' title='bbox 1645 4092 1868 4149; x_wconf 89' lang='lat' dir='ltr'><strong>abditus</strong></span> <span class='ocrx_word' id='word_1_491' title='bbox 1901 4107 2027 4148; x_wconf 93' lang='lat' dir='ltr'><strong>cum</strong></span> <span class='ocrx_word' id='word_1_492' title='bbox 2065 4095 2311 4166; x_wconf 80' lang='lat' dir='ltr'><strong>equitatu</strong></span> 
     </span>
    </p>
   </div>
   <div class='ocr_carea' id='block_1_73' title="bbox 730 4182 2314 4256">
    <p class='ocr_par' dir='ltr' id='par_1_73' title="bbox 730 4182 2314 4256">
     <span class='ocr_line' id='line_1_73' title="bbox 730 4182 2314 4256; baseline 0.002 -17"><span class='ocrx_word' id='word_1_493' title='bbox 730 4183 1074 4240; x_wconf 88' lang='lat' dir='ltr'><strong>subsidebat.</strong></span> <span class='ocrx_word' id='word_1_494' title='bbox 1101 4182 1399 4254; x_wconf 79' lang='lat' dir='ltr'><strong>Postquam</strong></span> <span class='ocrx_word' id='word_1_495' title='bbox 1429 4183 1618 4240; x_wconf 89' lang='lat' dir='ltr'><strong>hostes</strong></span> <span class='ocrx_word' id='word_1_496' title='bbox 1644 4185 1942 4239; x_wconf 75' lang='lat' dir='ltr'><strong>exercitum</strong></span> <span class='ocrx_word' id='word_1_497' title='bbox 1976 4183 2150 4240; x_wconf 72' lang='lat' dir='ltr'><strong>Ullilze</strong></span> <span class='ocrx_word' id='word_1_498' title='bbox 2176 4201 2314 4256; x_wconf 83' lang='lat' dir='ltr'><strong>prae-</strong></span> 
     </span>
    </p>
   </div>
   <div class='ocr_carea' id='block_1_74' title="bbox 731 4273 2310 4348">
    <p class='ocr_par' dir='ltr' id='par_1_74' title="bbox 731 4273 2310 4348">
     <span class='ocr_line' id='line_1_74' title="bbox 731 4273 2310 4348; baseline 0 -18"><span class='ocrx_word' id='word_1_499' title='bbox 731 4275 1026 4348; x_wconf 83' lang='lat' dir='ltr'><strong>tergressi,</strong></span> <span class='ocrx_word' id='word_1_500' title='bbox 1068 4273 1184 4344; x_wconf 89' lang='lat' dir='ltr'><strong>jam</strong></span> <span class='ocrx_word' id='word_1_501' title='bbox 1229 4288 1352 4328; x_wconf 93' lang='lat' dir='ltr'><strong>cum</strong></span> <span class='ocrx_word' id='word_1_502' title='bbox 1405 4273 1676 4329; x_wconf 87' lang='lat' dir='ltr'><strong>militibus</strong></span> <span class='ocrx_word' id='word_1_503' title='bbox 1721 4273 2031 4330; x_wconf 88' lang='lat' dir='ltr'><strong>Constantii</strong></span> <span class='ocrx_word' id='word_1_504' title='bbox 2075 4292 2310 4347; x_wconf 82' lang='lat' dir='ltr'><strong>pugnam</strong></span> 
     </span>
    </p>
   </div>
   <div class='ocr_carea' id='block_1_75' title="bbox 731 4366 2311 4440">
    <p class='ocr_par' dir='ltr' id='par_1_75' title="bbox 731 4366 2311 4440">
     <span class='ocr_line' id='line_1_75' title="bbox 731 4366 2311 4440; baseline 0.002 -19"><span class='ocrx_word' id='word_1_505' title='bbox 731 4367 920 4422; x_wconf 86' lang='lat' dir='ltr'><strong>inituri</strong></span> <span class='ocrx_word' id='word_1_506' title='bbox 965 4376 1125 4422; x_wconf 85' lang='lat' dir='ltr'><strong>erant</strong></span> <span class='ocrx_word' id='word_1_507' title='bbox 1146 4405 1161 4431; x_wconf 91' lang='lat'><strong>,</strong></span> <span class='ocrx_word' id='word_1_508' title='bbox 1201 4374 1428 4437; x_wconf 87' lang='lat' dir='ltr'><strong>repente</strong></span> <span class='ocrx_word' id='word_1_509' title='bbox 1460 4367 1623 4436; x_wconf 88' lang='lat' dir='ltr'><strong>signo</strong></span> <span class='ocrx_word' id='word_1_510' title='bbox 1651 4366 1785 4421; x_wconf 89' lang='lat' dir='ltr'><strong>dato</strong></span> <span class='ocrx_word' id='word_1_511' title='bbox 1816 4382 2185 4440; x_wconf 90' lang='lat' dir='ltr'><strong>prorumpens</strong></span> <span class='ocrx_word' id='word_1_512' title='bbox 2215 4367 2311 4424; x_wconf 87' lang='lat' dir='ltr'><strong>Ul-</strong></span> 
     </span>
    </p>
   </div>
   <div class='ocr_carea' id='block_1_76' title="bbox 731 4457 2311 4531">
    <p class='ocr_par' dir='ltr' id='par_1_76' title="bbox 731 4457 2311 4531">
     <span class='ocr_line' id='line_1_76' title="bbox 731 4457 2311 4531; baseline 0.002 -19"><span class='ocrx_word' id='word_1_513' title='bbox 731 4460 852 4522; x_wconf 84' lang='lat' dir='ltr'><strong>tiia,</strong></span> <span class='ocrx_word' id='word_1_514' title='bbox 905 4459 1092 4514; x_wconf 79' lang='lat' dir='ltr'><strong>hostes</strong></span> <span class='ocrx_word' id='word_1_515' title='bbox 1136 4474 1168 4516; x_wconf 86' lang='lat' dir='ltr'><strong>a</strong></span> <span class='ocrx_word' id='word_1_516' title='bbox 1227 4467 1380 4530; x_wconf 88' lang='lat' dir='ltr'><strong>tergo</strong></span> <span class='ocrx_word' id='word_1_517' title='bbox 1427 4457 1659 4512; x_wconf 86' lang='lat' dir='ltr'><strong>invadit.</strong></span> <span class='ocrx_word' id='word_1_518' title='bbox 1707 4458 2014 4531; x_wconf 88' lang='lat' dir='ltr'><strong>Statimque</strong></span> <span class='ocrx_word' id='word_1_519' title='bbox 2062 4461 2311 4530; x_wconf 82' lang='lat' dir='ltr'><strong>disjectis</strong></span> 
     </span>
    </p>
   </div>
   <div class='ocr_carea' id='block_1_77' title="bbox 729 4549 2306 4623">
    <p class='ocr_par' dir='ltr' id='par_1_77' title="bbox 729 4549 2306 4623">
     <span class='ocr_line' id='line_1_77' title="bbox 729 4549 2306 4623; baseline 0.003 -19"><span class='ocrx_word' id='word_1_520' title='bbox 729 4567 919 4605; x_wconf 83' lang='lat' dir='ltr'><strong>eorum</strong></span> <span class='ocrx_word' id='word_1_521' title='bbox 974 4552 1192 4622; x_wconf 90' lang='lat' dir='ltr'><strong>copiis,</strong></span> <span class='ocrx_word' id='word_1_522' title='bbox 1251 4551 1344 4604; x_wconf 87' lang='lat' dir='ltr'><strong>alii</strong></span> <span class='ocrx_word' id='word_1_523' title='bbox 1395 4550 1449 4605; x_wconf 90' lang='lat' dir='ltr'><strong>in</strong></span> <span class='ocrx_word' id='word_1_524' title='bbox 1498 4549 1680 4622; x_wconf 77' lang='lat' dir='ltr'><strong>fugam</strong></span> <span class='ocrx_word' id='word_1_525' title='bbox 1722 4552 1907 4618; x_wconf 80' lang='lat' dir='ltr'><strong>versi,</strong></span> <span class='ocrx_word' id='word_1_526' title='bbox 1954 4553 2048 4607; x_wconf 91' lang='lat' dir='ltr'><strong>alii</strong></span> <span class='ocrx_word' id='word_1_527' title='bbox 2097 4555 2306 4623; x_wconf 82' lang='lat' dir='ltr'><strong>oecisi,</strong></span> 
     </span>
    </p>
   </div>
   <div class='ocr_carea' id='block_1_78' title="bbox 2431 3349 4008 3432">
    <p class='ocr_par' dir='ltr' id='par_1_78' title="bbox 2431 3349 4008 3432">
     <span class='ocr_line' id='line_1_78' title="bbox 2431 3349 4008 3432; baseline 0.008 -30"><span class='ocrx_word' id='word_1_528' title='bbox 2431 3349 2600 3403; x_wconf 79' lang='grc' dir='ltr'>Τοῦτο</span> <span class='ocrx_word' id='word_1_529' title='bbox 2641 3349 2695 3404; x_wconf 78' lang='grc' dir='ltr'>δὲ</span> <span class='ocrx_word' id='word_1_530' title='bbox 2725 3352 2818 3404; x_wconf 78' lang='grc' dir='ltr'>καὶ</span> <span class='ocrx_word' id='word_1_531' title='bbox 2847 3354 2971 3416; x_wconf 81' lang='grc' dir='ltr'>τοὺς</span> <span class='ocrx_word' id='word_1_532' title='bbox 3012 3353 3267 3426; x_wconf 88' lang='grc' dir='ltr'>Ὀνωρίου</span> <span class='ocrx_word' id='word_1_533' title='bbox 3300 3358 3638 3426; x_wconf 77' lang='grc' dir='ltr'>στρατηγοὺς</span> <span class='ocrx_word' id='word_1_534' title='bbox 3677 3359 3738 3410; x_wconf 77' lang='grc' dir='ltr'>εὐ</span> <span class='ocrx_word' id='word_1_535' title='bbox 3771 3362 4008 3432; x_wconf 79' lang='grc' dir='ltr'>μετρίως</span> 
     </span>
    </p>
   </div>
   <div class='ocr_carea' id='block_1_79' title="bbox 2433 3443 4007 3521">
    <p class='ocr_par' dir='ltr' id='par_1_79' title="bbox 2433 3443 4007 3521">
     <span class='ocr_line' id='line_1_79' title="bbox 2433 3443 4007 3521; baseline 0.007 -26"><span class='ocrx_word' id='word_1_536' title='bbox 2433 3443 2637 3511; x_wconf 82' lang='grc' dir='ltr'>ἐφόϐει.</span> <span class='ocrx_word' id='word_1_537' title='bbox 2673 3443 3129 3517; x_wconf 87' lang='grc' dir='ltr'>Βουλευσαμένων</span> <span class='ocrx_word' id='word_1_538' title='bbox 3185 3463 3242 3501; x_wconf 91' lang='grc' dir='ltr'><strong>τε</strong></span> <span class='ocrx_word' id='word_1_539' title='bbox 3289 3448 3468 3502; x_wconf 83' lang='grc' dir='ltr'>αὐτῶν</span> <span class='ocrx_word' id='word_1_540' title='bbox 3516 3450 3872 3521; x_wconf 78' lang='grc' dir='ltr'>ἀναστρέφειν</span> <span class='ocrx_word' id='word_1_541' title='bbox 3925 3455 4007 3517; x_wconf 87' lang='grc' dir='ltr'><strong>είς</strong></span> 
     </span>
    </p>
   </div>
   <div class='ocr_carea' id='block_1_80' title="bbox 2441 3539 4005 3614">
    <p class='ocr_par' dir='ltr' id='par_1_80' title="bbox 2441 3539 4005 3614">
     <span class='ocr_line' id='line_1_80' title="bbox 2441 3539 4005 3614; baseline 0.003 -21"><span class='ocrx_word' id='word_1_542' title='bbox 2441 3539 2692 3604; x_wconf 81' lang='grc' dir='ltr'>Ἰταλίαν,</span> <span class='ocrx_word' id='word_1_543' title='bbox 2727 3540 2887 3593; x_wconf 89' lang='grc' dir='ltr'>κάκεῖ</span> <span class='ocrx_word' id='word_1_544' title='bbox 2914 3539 3255 3610; x_wconf 78' lang='grc' dir='ltr'>πειραθῆναι</span> <span class='ocrx_word' id='word_1_545' title='bbox 3283 3539 3378 3593; x_wconf 82' lang='grc' dir='ltr'>τοῦ</span> <span class='ocrx_word' id='word_1_546' title='bbox 3409 3541 3672 3614; x_wconf 89' lang='grc' dir='ltr'>πολέμου,</span> <span class='ocrx_word' id='word_1_547' title='bbox 3701 3543 3792 3596; x_wconf 77' lang='grc' dir='ltr'><strong>καὶ</strong></span> <span class='ocrx_word' id='word_1_548' title='bbox 3818 3544 4005 3613; x_wconf 79' lang='grc' dir='ltr'>ἐπειδὴ</span> 
     </span>
    </p>
   </div>
   <div class='ocr_carea' id='block_1_81' title="bbox 2424 3631 4003 3704">
    <p class='ocr_par' dir='ltr' id='par_1_81' title="bbox 2424 3631 4003 3704">
     <span class='ocr_line' id='line_1_81' title="bbox 2424 3631 4003 3704; baseline 0.001 -19"><span class='ocrx_word' id='word_1_549' title='bbox 2424 3631 2581 3685; x_wconf 78' lang='grc' dir='ltr'>τοῦτο</span> <span class='ocrx_word' id='word_1_550' title='bbox 2639 3632 2941 3694; x_wconf 88' lang='grc' dir='ltr'>συνεδόκει,</span> <span class='ocrx_word' id='word_1_551' title='bbox 2992 3631 3220 3702; x_wconf 85' lang='grc' dir='ltr'>πλησίον</span> <span class='ocrx_word' id='word_1_552' title='bbox 3276 3631 3634 3700; x_wconf 81' lang='grc' dir='ltr'>ἀγγελθέντος</span> <span class='ocrx_word' id='word_1_553' title='bbox 3707 3633 4003 3704; x_wconf 83' lang='grc' dir='ltr'>Ἐδοϐίχου,</span> 
     </span>
    </p>
   </div>
   <div class='ocr_carea' id='block_1_82' title="bbox 2426 3721 4004 3793">
    <p class='ocr_par' dir='ltr' id='par_1_82' title="bbox 2426 3721 4004 3793">
     <span class='ocr_line' id='line_1_82' title="bbox 2426 3721 4004 3793; baseline 0.001 -18"><span class='ocrx_word' id='word_1_554' title='bbox 2426 3722 2635 3793; x_wconf 82' lang='grc' dir='ltr'>περῶσι</span> <span class='ocrx_word' id='word_1_555' title='bbox 2673 3722 2919 3776; x_wconf 83' lang='grc' dir='ltr'>Ῥοδανὸν</span> <span class='ocrx_word' id='word_1_556' title='bbox 2949 3722 3037 3775; x_wconf 71' lang='grc' dir='ltr'>τὸν</span> <span class='ocrx_word' id='word_1_557' title='bbox 3071 3721 3334 3790; x_wconf 85' lang='grc' dir='ltr'>ποταμόν.</span> <span class='ocrx_word' id='word_1_558' title='bbox 3363 3723 3472 3776; x_wconf 71' lang='grc' dir='ltr'><strong>Καὶ</strong></span> <span class='ocrx_word' id='word_1_559' title='bbox 3497 3721 3874 3783; x_wconf 81' lang='grc' dir='ltr'>Κωνστάντιος</span> <span class='ocrx_word' id='word_1_560' title='bbox 3904 3722 4004 3792; x_wconf 87' lang='grc' dir='ltr'>μὲν</span> 
     </span>
    </p>
   </div>
   <div class='ocr_carea' id='block_1_83' title="bbox 2421 3803 4004 3885">
    <p class='ocr_par' dir='ltr' id='par_1_83' title="bbox 2421 3803 4004 3885">
     <span class='ocr_line' id='line_1_83' title="bbox 2421 3803 4004 3885; baseline 0.001 -19"><span class='ocrx_word' id='word_1_561' title='bbox 2421 3803 2559 3885; x_wconf 79' lang='grc' dir='ltr'>ἔχων</span> <span class='ocrx_word' id='word_1_562' title='bbox 2607 3813 2735 3877; x_wconf 79' lang='grc' dir='ltr'>τοὺς</span> <span class='ocrx_word' id='word_1_563' title='bbox 2786 3814 3004 3877; x_wconf 79' lang='grc' dir='ltr'>πεζοὺς,</span> <span class='ocrx_word' id='word_1_564' title='bbox 3057 3815 3306 3878; x_wconf 78' lang='grc' dir='ltr'>ἐπιόντας</span> <span class='ocrx_word' id='word_1_565' title='bbox 3343 3815 3627 3884; x_wconf 83' lang='grc' dir='ltr'>περιμένει</span> <span class='ocrx_word' id='word_1_566' title='bbox 3673 3817 3799 3878; x_wconf 77' lang='grc' dir='ltr'>τοὺς</span> <span class='ocrx_word' id='word_1_567' title='bbox 3845 3815 4004 3868; x_wconf 80' lang='grc' dir='ltr'>πολε-</span> 
     </span>
    </p>
   </div>
   <div class='ocr_carea' id='block_1_84' title="bbox 2424 3905 4000 3980">
    <p class='ocr_par' dir='ltr' id='par_1_84' title="bbox 2424 3905 4000 3980">
     <span class='ocr_line' id='line_1_84' title="bbox 2424 3905 4000 3980; baseline 0.002 -21"><span class='ocrx_word' id='word_1_568' title='bbox 2424 3907 2579 3976; x_wconf 88' lang='grc' dir='ltr'>μίους</span> <span class='ocrx_word' id='word_1_569' title='bbox 2606 3922 2619 3935; x_wconf 85' lang='grc'><strong>·</strong></span> <span class='ocrx_word' id='word_1_570' title='bbox 2666 3906 2936 3975; x_wconf 83' lang='grc' dir='ltr'>Οὐλφίλας</span> <span class='ocrx_word' id='word_1_571' title='bbox 2961 3905 3017 3959; x_wconf 85' lang='grc' dir='ltr'>δὲ</span> <span class='ocrx_word' id='word_1_572' title='bbox 3047 3908 3076 3959; x_wconf 84' lang='grc' dir='ltr'><strong>ὁ</strong></span> <span class='ocrx_word' id='word_1_573' title='bbox 3103 3909 3480 3960; x_wconf 82' lang='grc' dir='ltr'>Κωνσταντίου</span> <span class='ocrx_word' id='word_1_574' title='bbox 3519 3910 3910 3980; x_wconf 77' lang='grc' dir='ltr'>συστρατηγὺς,</span> <span class='ocrx_word' id='word_1_575' title='bbox 3938 3913 4000 3962; x_wconf 73' lang='grc' dir='ltr'>οὒ</span> 
     </span>
    </p>
   </div>
   <div class='ocr_carea' id='block_1_85' title="bbox 2420 3999 3996 4070">
    <p class='ocr_par' dir='ltr' id='par_1_85' title="bbox 2420 3999 3996 4070">
     <span class='ocr_line' id='line_1_85' title="bbox 2420 3999 3996 4070; baseline 0.004 -20"><span class='ocrx_word' id='word_1_576' title='bbox 2420 3999 2703 4069; x_wconf 73' lang='grc' dir='ltr'>πὸρῤωθεν</span> <span class='ocrx_word' id='word_1_577' title='bbox 2739 3999 3072 4069; x_wconf 82' lang='grc' dir='ltr'>ἀποκρυϐεἰς</span> <span class='ocrx_word' id='word_1_578' title='bbox 3107 4000 3245 4070; x_wconf 87' lang='grc' dir='ltr'><strong>μετά</strong></span> <span class='ocrx_word' id='word_1_579' title='bbox 3287 3999 3396 4052; x_wconf 87' lang='grc' dir='ltr'><strong>τῶν</strong></span> <span class='ocrx_word' id='word_1_580' title='bbox 3429 4002 3638 4054; x_wconf 77' lang='grc' dir='ltr'>ἱππέων</span> <span class='ocrx_word' id='word_1_581' title='bbox 3689 4001 3996 4056; x_wconf 81' lang='grc' dir='ltr'>ἐλάνθανεν.</span> 
     </span>
    </p>
   </div>
   <div class='ocr_carea' id='block_1_86' title="bbox 2433 4091 3998 4165">
    <p class='ocr_par' dir='ltr' id='par_1_86' title="bbox 2433 4091 3998 4165">
     <span class='ocr_line' id='line_1_86' title="bbox 2433 4091 3998 4165; baseline 0.001 -19"><span class='ocrx_word' id='word_1_582' title='bbox 2433 4093 2584 4146; x_wconf 79' lang='grc' dir='ltr'>Ἐπεὶ</span> <span class='ocrx_word' id='word_1_583' title='bbox 2615 4091 2670 4144; x_wconf 82' lang='grc' dir='ltr'>δὲ</span> <span class='ocrx_word' id='word_1_584' title='bbox 2699 4091 3148 4162; x_wconf 72' lang='grc' dir='ltr'>παραμείψαντες</span> <span class='ocrx_word' id='word_1_585' title='bbox 3185 4093 3234 4144; x_wconf 74' lang='lat' dir='ltr'><strong>oi</strong></span> <span class='ocrx_word' id='word_1_586' title='bbox 3266 4091 3511 4161; x_wconf 88' lang='grc' dir='ltr'>πολέμιοι</span> <span class='ocrx_word' id='word_1_587' title='bbox 3543 4091 3637 4146; x_wconf 83' lang='grc' dir='ltr'>τοῦ</span> <span class='ocrx_word' id='word_1_588' title='bbox 3667 4093 3907 4163; x_wconf 78' lang='grc' dir='ltr'>Ούλφίλα</span> <span class='ocrx_word' id='word_1_589' title='bbox 3931 4097 3998 4165; x_wconf 74' lang='grc' dir='ltr'>τῇ</span> 
     </span>
    </p>
   </div>
   <div class='ocr_carea' id='block_1_87' title="bbox 2423 4183 3999 4256">
    <p class='ocr_par' dir='ltr' id='par_1_87' title="bbox 2423 4183 3999 4256">
     <span class='ocr_line' id='line_1_87' title="bbox 2423 4183 3999 4256; baseline 0 -18"><span class='ocrx_word' id='word_1_590' title='bbox 2423 4186 2682 4256; x_wconf 81' lang='grc' dir='ltr'>στρατιᾷ,</span> <span class='ocrx_word' id='word_1_591' title='bbox 2724 4183 2946 4255; x_wconf 82' lang='grc' dir='ltr'>ἔμελλον</span> <span class='ocrx_word' id='word_1_592' title='bbox 2996 4185 3074 4247; x_wconf 82' lang='grc' dir='ltr'><strong>είς</strong></span> <span class='ocrx_word' id='word_1_593' title='bbox 3127 4186 3313 4256; x_wconf 89' lang='grc' dir='ltr'>χεῖρας</span> <span class='ocrx_word' id='word_1_594' title='bbox 3367 4185 3504 4239; x_wconf 83' lang='grc' dir='ltr'>ίέναι</span> <span class='ocrx_word' id='word_1_595' title='bbox 3555 4185 3664 4238; x_wconf 89' lang='grc' dir='ltr'><strong>τῶν</strong></span> <span class='ocrx_word' id='word_1_596' title='bbox 3717 4186 3858 4256; x_wconf 76' lang='grc' dir='ltr'>ἀμφὶ</span> <span class='ocrx_word' id='word_1_597' title='bbox 3906 4185 3999 4238; x_wconf 81' lang='grc' dir='ltr'><strong>τὸν</strong></span> 
     </span>
    </p>
   </div>
   <div class='ocr_carea' id='block_1_88' title="bbox 2420 4274 3998 4347">
    <p class='ocr_par' dir='ltr' id='par_1_88' title="bbox 2420 4274 3998 4347">
     <span class='ocr_line' id='line_1_88' title="bbox 2420 4274 3998 4347; baseline 0.001 -19"><span class='ocrx_word' id='word_1_598' title='bbox 2420 4276 2817 4340; x_wconf 84' lang='grc' dir='ltr'>Κωνστάντιον,</span> <span class='ocrx_word' id='word_1_599' title='bbox 2851 4275 3076 4346; x_wconf 88' lang='grc' dir='ltr'>σημείου</span> <span class='ocrx_word' id='word_1_600' title='bbox 3107 4274 3369 4340; x_wconf 82' lang='grc' dir='ltr'>δοθέντος,</span> <span class='ocrx_word' id='word_1_601' title='bbox 3403 4276 3661 4347; x_wconf 76' lang='grc' dir='ltr'>ἐξαπίνης</span> <span class='ocrx_word' id='word_1_602' title='bbox 3706 4277 3998 4346; x_wconf 69' lang='grc' dir='ltr'>ἀναφανεὶς</span> 
     </span>
    </p>
   </div>
   <div class='ocr_carea' id='block_1_89' title="bbox 2419 4366 3998 4440">
    <p class='ocr_par' dir='ltr' id='par_1_89' title="bbox 2419 4366 3998 4440">
     <span class='ocr_line' id='line_1_89' title="bbox 2419 4366 3998 4440; baseline -0.001 -18"><span class='ocrx_word' id='word_1_603' title='bbox 2419 4367 2717 4437; x_wconf 69' lang='grc' dir='ltr'>Οἰολφίλας,</span> <span class='ocrx_word' id='word_1_604' title='bbox 2770 4366 2912 4420; x_wconf 83' lang='grc' dir='ltr'><strong>κατά</strong></span> <span class='ocrx_word' id='word_1_605' title='bbox 2958 4367 3128 4422; x_wconf 84' lang='grc' dir='ltr'>νώτου</span> <span class='ocrx_word' id='word_1_606' title='bbox 3155 4367 3262 4421; x_wconf 89' lang='grc' dir='ltr'><strong>τῶν</strong></span> <span class='ocrx_word' id='word_1_607' title='bbox 3289 4369 3562 4439; x_wconf 89' lang='grc' dir='ltr'>πολεμίων</span> <span class='ocrx_word' id='word_1_608' title='bbox 3586 4368 3814 4440; x_wconf 67' lang='grc' dir='ltr'>ἤλαυνεν</span> <span class='ocrx_word' id='word_1_609' title='bbox 3840 4385 3852 4399; x_wconf 92' lang='grc'><strong>·</strong></span> <span class='ocrx_word' id='word_1_610' title='bbox 3900 4368 3998 4421; x_wconf 67' lang='lat' dir='ltr'><strong>a5-</strong></span> 
     </span>
    </p>
   </div>
   <div class='ocr_carea' id='block_1_90' title="bbox 2417 4458 3995 4530">
    <p class='ocr_par' dir='ltr' id='par_1_90' title="bbox 2417 4458 3995 4530">
     <span class='ocr_line' id='line_1_90' title="bbox 2417 4458 3995 4530; baseline -0.001 -17"><span class='ocrx_word' id='word_1_611' title='bbox 2417 4462 2542 4514; x_wconf 82' lang='grc' dir='ltr'>τίκα</span> <span class='ocrx_word' id='word_1_612' title='bbox 2585 4477 2642 4512; x_wconf 89' lang='grc' dir='ltr'><strong>τε</strong></span> <span class='ocrx_word' id='word_1_613' title='bbox 2679 4458 2888 4530; x_wconf 82' lang='grc' dir='ltr'>τροπῆς</span> <span class='ocrx_word' id='word_1_614' title='bbox 2917 4459 3234 4530; x_wconf 85' lang='grc' dir='ltr'>γενομένης,</span> <span class='ocrx_word' id='word_1_615' title='bbox 3284 4461 3334 4512; x_wconf 87' lang='grc' dir='ltr'><strong>οί</strong></span> <span class='ocrx_word' id='word_1_616' title='bbox 3380 4459 3478 4530; x_wconf 76' lang='grc' dir='ltr'>μὲν</span> <span class='ocrx_word' id='word_1_617' title='bbox 3511 4459 3811 4529; x_wconf 85' lang='grc' dir='ltr'>φεύγουσι,</span> <span class='ocrx_word' id='word_1_618' title='bbox 3864 4460 3913 4513; x_wconf 79' lang='grc' dir='ltr'>οἱ</span> <span class='ocrx_word' id='word_1_619' title='bbox 3950 4459 3995 4512; x_wconf 75' lang='grc' dir='ltr'>δ’</span> 
     </span>
    </p>
   </div>
   <div class='ocr_carea' id='block_1_91' title="bbox 2419 4552 3993 4626">
    <p class='ocr_par' dir='ltr' id='par_1_91' title="bbox 2419 4552 3993 4626">
     <span class='ocr_line' id='line_1_91' title="bbox 2419 4552 3993 4626; baseline 0.001 -17"><span class='ocrx_word' id='word_1_620' title='bbox 2419 4553 2807 4625; x_wconf 74' lang='grc' dir='ltr'>ἀναιροῦνται,</span> <span class='ocrx_word' id='word_1_621' title='bbox 2861 4553 2909 4604; x_wconf 85' lang='grc' dir='ltr'>οί</span> <span class='ocrx_word' id='word_1_622' title='bbox 2961 4552 3016 4606; x_wconf 81' lang='grc' dir='ltr'>δὲ</span> <span class='ocrx_word' id='word_1_623' title='bbox 3072 4553 3289 4616; x_wconf 86' lang='grc' dir='ltr'>πλείους</span> <span class='ocrx_word' id='word_1_624' title='bbox 3337 4553 3406 4606; x_wconf 90' lang='grc' dir='ltr'><strong>τά</strong></span> <span class='ocrx_word' id='word_1_625' title='bbox 3457 4554 3596 4608; x_wconf 80' lang='grc' dir='ltr'>ὅπλα</span> <span class='ocrx_word' id='word_1_626' title='bbox 3646 4554 3993 4626; x_wconf 86' lang='grc' dir='ltr'>ἀποθέμενοι,</span> 
     </span>
    </p>
   </div>
   <div class='ocr_carea' id='block_1_92' title="bbox 731 4642 2510 4717">
    <p class='ocr_par' dir='ltr' id='par_1_92' title="bbox 731 4642 2510 4715">
     <span class='ocr_line' id='line_1_92' title="bbox 731 4642 2510 4715; baseline 0.002 -19"><span class='ocrx_word' id='word_1_627' title='bbox 731 4644 978 4714; x_wconf 86' lang='lat' dir='ltr'><strong>plurimi,</strong></span> <span class='ocrx_word' id='word_1_628' title='bbox 1009 4643 1182 4698; x_wconf 87' lang='lat' dir='ltr'><strong>armis</strong></span> <span class='ocrx_word' id='word_1_629' title='bbox 1213 4642 1469 4713; x_wconf 76' lang='lat' dir='ltr'><strong>abiectis.</strong></span> <span class='ocrx_word' id='word_1_630' title='bbox 1497 4642 1711 4699; x_wconf 87' lang='lat' dir='ltr'><strong>veniam</strong></span> <span class='ocrx_word' id='word_1_631' title='bbox 1741 4654 2048 4715; x_wconf 87' lang='lat' dir='ltr'><strong>poscentes,</strong></span> <span class='ocrx_word' id='word_1_632' title='bbox 2073 4646 2302 4701; x_wconf 74' lang='lat' dir='ltr'><strong>salutem</strong></span> <span class='ocrx_word' id='word_1_633' title='bbox 2341 4654 2386 4708; x_wconf 83' lang='grc' dir='ltr'><strong>Ι)</strong></span> <span class='ocrx_word' id='word_1_634' title='bbox 2417 4665 2510 4714; x_wconf 86' lang='grc' dir='ltr'><strong>συγ</strong></span> 
     </span>
    </p>
   </div>
   <div class='ocr_carea' id='block_1_93' title="bbox 2215 4642 3994 4717">
    <p class='ocr_par' dir='ltr' id='par_1_93' title="bbox 2221 4644 3994 4717">
     <span class='ocr_line' id='line_1_93' title="bbox 2221 4644 3994 4717; baseline 0.001 -18"><span class='ocrx_word' id='word_1_635' title='bbox 2221 4662 2302 4701; x_wconf 80' lang='lat' dir='ltr'><strong>rm</strong></span> <span class='ocrx_word' id='word_1_636' title='bbox 2341 4654 2386 4708; x_wconf 83' lang='grc' dir='ltr'><strong>Ι)</strong></span> <span class='ocrx_word' id='word_1_637' title='bbox 2417 4646 2744 4715; x_wconf 83' lang='grc' dir='ltr'>συγγνώμην</span> <span class='ocrx_word' id='word_1_638' title='bbox 2774 4646 3003 4717; x_wconf 77' lang='grc' dir='ltr'>ᾔτησαν,</span> <span class='ocrx_word' id='word_1_639' title='bbox 3037 4645 3130 4698; x_wconf 78' lang='grc' dir='ltr'>καὶ</span> <span class='ocrx_word' id='word_1_640' title='bbox 3168 4644 3378 4715; x_wconf 74' lang='grc' dir='ltr'>φειδοῦς</span> <span class='ocrx_word' id='word_1_641' title='bbox 3410 4645 3739 4717; x_wconf 76' lang='grc' dir='ltr'>ἠξιώθησαν.</span> <span class='ocrx_word' id='word_1_642' title='bbox 3798 4647 3994 4702; x_wconf 86' lang='grc' dir='ltr'>Ἐδόϐι-</span> 
     </span>
    </p>
   </div>
   <div class='ocr_carea' id='block_1_94' title="bbox 731 4733 2318 4807">
    <p class='ocr_par' dir='ltr' id='par_1_94' title="bbox 731 4733 2318 4807">
     <span class='ocr_line' id='line_1_94' title="bbox 731 4733 2318 4807; baseline 0.003 -16"><span class='ocrx_word' id='word_1_643' title='bbox 731 4735 1016 4792; x_wconf 84' lang='lat' dir='ltr'><strong>consecuti</strong></span> <span class='ocrx_word' id='word_1_644' title='bbox 1047 4743 1196 4792; x_wconf 91' lang='lat' dir='ltr'><strong>sunt.</strong></span> <span class='ocrx_word' id='word_1_645' title='bbox 1225 4733 1500 4791; x_wconf 76' lang='lat' dir='ltr'><strong>Edovicus</strong></span> <span class='ocrx_word' id='word_1_646' title='bbox 1526 4743 1708 4791; x_wconf 88' lang='lat' dir='ltr'><strong>autem</strong></span> <span class='ocrx_word' id='word_1_647' title='bbox 1737 4751 2045 4793; x_wconf 90' lang='lat' dir='ltr'><strong>conscenso</strong></span> <span class='ocrx_word' id='word_1_648' title='bbox 2073 4754 2236 4807; x_wconf 73' lang='lat' dir='ltr'><strong>equo,</strong></span> <span class='ocrx_word' id='word_1_649' title='bbox 2262 4740 2318 4795; x_wconf 86' lang='lat' dir='ltr'><strong>in</strong></span> 
     </span>
    </p>
   </div>
   <div class='ocr_carea' id='block_1_95' title="bbox 729 4827 2316 4901">
    <p class='ocr_par' dir='ltr' id='par_1_95' title="bbox 729 4827 2316 4901">
     <span class='ocr_line' id='line_1_95' title="bbox 729 4827 2316 4901; baseline 0.002 -18"><span class='ocrx_word' id='word_1_650' title='bbox 729 4844 921 4901; x_wconf 86' lang='lat' dir='ltr'><strong>agrum</strong></span> <span class='ocrx_word' id='word_1_651' title='bbox 939 4829 1228 4900; x_wconf 89' lang='lat' dir='ltr'><strong>quemdam</strong></span> <span class='ocrx_word' id='word_1_652' title='bbox 1247 4827 1508 4900; x_wconf 81' lang='lat' dir='ltr'><strong>profugit,</strong></span> <span class='ocrx_word' id='word_1_653' title='bbox 1530 4829 1597 4882; x_wconf 90' lang='lat' dir='ltr'><strong>ad</strong></span> <span class='ocrx_word' id='word_1_654' title='bbox 1630 4827 1914 4884; x_wconf 89' lang='lat' dir='ltr'><strong>Ecdicium</strong></span> <span class='ocrx_word' id='word_1_655' title='bbox 1947 4829 2068 4900; x_wconf 88' lang='lat' dir='ltr'><strong>ejus</strong></span> <span class='ocrx_word' id='word_1_656' title='bbox 2099 4846 2316 4900; x_wconf 85' lang='lat' dir='ltr'><strong>posses-</strong></span> 
     </span>
    </p>
   </div>
   <div class='ocr_carea' id='block_1_96' title="bbox 729 4919 2316 4992">
    <p class='ocr_par' dir='ltr' id='par_1_96' title="bbox 729 4919 2316 4992">
     <span class='ocr_line' id='line_1_96' title="bbox 729 4919 2316 4992; baseline 0.001 -15"><span class='ocrx_word' id='word_1_657' title='bbox 729 4935 944 4986; x_wconf 90' lang='lat' dir='ltr'><strong>sorem,</strong></span> <span class='ocrx_word' id='word_1_658' title='bbox 974 4921 1067 4992; x_wconf 91' lang='lat' dir='ltr'><strong>qui</strong></span> <span class='ocrx_word' id='word_1_659' title='bbox 1102 4920 1292 4976; x_wconf 90' lang='lat' dir='ltr'><strong>multis</strong></span> <span class='ocrx_word' id='word_1_660' title='bbox 1336 4920 1471 4974; x_wconf 92' lang='lat' dir='ltr'><strong>olim</strong></span> <span class='ocrx_word' id='word_1_661' title='bbox 1501 4919 1782 4975; x_wconf 82' lang='lat' dir='ltr'><strong>beneﬁciis</strong></span> <span class='ocrx_word' id='word_1_662' title='bbox 1813 4919 1882 4975; x_wconf 88' lang='lat' dir='ltr'><strong>ab</strong></span> <span class='ocrx_word' id='word_1_663' title='bbox 1914 4919 2157 4977; x_wconf 85' lang='lat' dir='ltr'><strong>Edobico</strong></span> <span class='ocrx_word' id='word_1_664' title='bbox 2185 4921 2316 4978; x_wconf 75' lang='lat' dir='ltr'><strong>alle-</strong></span> 
     </span>
    </p>
   </div>
   <div class='ocr_carea' id='block_1_97' title="bbox 728 5012 2312 5083">
    <p class='ocr_par' dir='ltr' id='par_1_97' title="bbox 728 5012 2312 5083">
     <span class='ocr_line' id='line_1_97' title="bbox 728 5012 2312 5083; baseline 0.001 -15"><span class='ocrx_word' id='word_1_665' title='bbox 728 5024 853 5070; x_wconf 89' lang='lat' dir='ltr'><strong>ctus</strong></span> <span class='ocrx_word' id='word_1_666' title='bbox 877 5053 893 5078; x_wconf 92' lang='lat'><strong>,</strong></span> <span class='ocrx_word' id='word_1_667' title='bbox 922 5013 1133 5070; x_wconf 89' lang='lat' dir='ltr'><strong>amicus</strong></span> <span class='ocrx_word' id='word_1_668' title='bbox 1165 5013 1245 5068; x_wconf 93' lang='lat' dir='ltr'><strong>illi</strong></span> <span class='ocrx_word' id='word_1_669' title='bbox 1276 5028 1402 5070; x_wconf 91' lang='lat' dir='ltr'><strong>esse</strong></span> <span class='ocrx_word' id='word_1_670' title='bbox 1443 5012 1761 5083; x_wconf 86' lang='lat' dir='ltr'><strong>putabatur.</strong></span> <span class='ocrx_word' id='word_1_671' title='bbox 1808 5013 2010 5068; x_wconf 86' lang='lat' dir='ltr'><strong>Verum</strong></span> <span class='ocrx_word' id='word_1_672' title='bbox 2052 5014 2312 5070; x_wconf 86' lang='lat' dir='ltr'><strong>Ecdicius</strong></span> 
     </span>
    </p>
   </div>
   <div class='ocr_carea' id='block_1_98' title="bbox 730 5103 2312 5177">
    <p class='ocr_par' dir='ltr' id='par_1_98' title="bbox 730 5103 2312 5177">
     <span class='ocr_line' id='line_1_98' title="bbox 730 5103 2312 5177; baseline -0.001 -15"><span class='ocrx_word' id='word_1_673' title='bbox 730 5115 893 5177; x_wconf 82' lang='lat' dir='ltr'><strong>caput</strong></span> <span class='ocrx_word' id='word_1_674' title='bbox 917 5104 1140 5162; x_wconf 80' lang='lat' dir='ltr'><strong>Edobici</strong></span> <span class='ocrx_word' id='word_1_675' title='bbox 1185 5112 1531 5176; x_wconf 86' lang='lat' dir='ltr'><strong>amputatum</strong></span> <span class='ocrx_word' id='word_1_676' title='bbox 1568 5103 1636 5159; x_wconf 86' lang='lat' dir='ltr'><strong>ad</strong></span> <span class='ocrx_word' id='word_1_677' title='bbox 1673 5104 1902 5161; x_wconf 87' lang='lat' dir='ltr'><strong>llonorli</strong></span> <span class='ocrx_word' id='word_1_678' title='bbox 1943 5106 2113 5163; x_wconf 90' lang='lat' dir='ltr'><strong>duces</strong></span> <span class='ocrx_word' id='word_1_679' title='bbox 2155 5108 2312 5163; x_wconf 84' lang='lat' dir='ltr'><strong>detu-</strong></span> 
     </span>
    </p>
   </div>
   <div class='ocr_carea' id='block_1_99' title="bbox 2417 4734 3995 4809">
    <p class='ocr_par' dir='ltr' id='par_1_99' title="bbox 2417 4734 3995 4809">
     <span class='ocr_line' id='line_1_99' title="bbox 2417 4734 3995 4809; baseline 0.001 -19"><span class='ocrx_word' id='word_1_680' title='bbox 2417 4755 2508 4808; x_wconf 88' lang='grc' dir='ltr'><strong>χος</strong></span> <span class='ocrx_word' id='word_1_681' title='bbox 2539 4737 2593 4789; x_wconf 75' lang='grc' dir='ltr'>δὲ</span> <span class='ocrx_word' id='word_1_682' title='bbox 2626 4737 2792 4788; x_wconf 80' lang='grc' dir='ltr'>ἵππου</span> <span class='ocrx_word' id='word_1_683' title='bbox 2826 4734 3042 4796; x_wconf 84' lang='grc' dir='ltr'>ἐπιϐὰς,</span> <span class='ocrx_word' id='word_1_684' title='bbox 3093 4735 3292 4804; x_wconf 77' lang='grc' dir='ltr'>ἔφυγεν</span> <span class='ocrx_word' id='word_1_685' title='bbox 3347 4738 3426 4799; x_wconf 88' lang='grc' dir='ltr'><strong>εἰς</strong></span> <span class='ocrx_word' id='word_1_686' title='bbox 3481 4737 3648 4808; x_wconf 79' lang='grc' dir='ltr'>ἀγρόν</span> <span class='ocrx_word' id='word_1_687' title='bbox 3693 4755 3813 4791; x_wconf 87' lang='grc' dir='ltr'>τινα</span> <span class='ocrx_word' id='word_1_688' title='bbox 3859 4741 3995 4809; x_wconf 67' lang='grc' dir='ltr'>πρὸς</span> 
     </span>
    </p>
   </div>
   <div class='ocr_carea' id='block_1_100' title="bbox 2428 4825 3994 4898">
    <p class='ocr_par' dir='ltr' id='par_1_100' title="bbox 2428 4825 3994 4898">
     <span class='ocr_line' id='line_1_100' title="bbox 2428 4825 3994 4898; baseline 0.001 -17"><span class='ocrx_word' id='word_1_689' title='bbox 2428 4827 2692 4881; x_wconf 85' lang='grc' dir='ltr'>Ἑκδίκιον</span> <span class='ocrx_word' id='word_1_690' title='bbox 2721 4825 2814 4879; x_wconf 84' lang='grc' dir='ltr'><strong>τὸν</strong></span> <span class='ocrx_word' id='word_1_691' title='bbox 2850 4825 3204 4896; x_wconf 86' lang='grc' dir='ltr'>κεκτημένον,</span> <span class='ocrx_word' id='word_1_692' title='bbox 3236 4825 3462 4880; x_wconf 83' lang='grc' dir='ltr'>πλεῖστα</span> <span class='ocrx_word' id='word_1_693' title='bbox 3495 4829 3621 4898; x_wconf 82' lang='grc' dir='ltr'>παρ’</span> <span class='ocrx_word' id='word_1_694' title='bbox 3648 4829 3811 4882; x_wconf 75' lang='grc' dir='ltr'>αὑτοῦ</span> <span class='ocrx_word' id='word_1_695' title='bbox 3855 4830 3994 4883; x_wconf 78' lang='grc' dir='ltr'>Ἐδο-</span> 
     </span>
    </p>
   </div>
   <div class='ocr_carea' id='block_1_101' title="bbox 2413 4919 3992 4992">
    <p class='ocr_par' dir='ltr' id='par_1_101' title="bbox 2413 4919 3992 4992">
     <span class='ocr_line' id='line_1_101' title="bbox 2413 4919 3992 4992; baseline 0.002 -19"><span class='ocrx_word' id='word_1_696' title='bbox 2413 4921 2568 4991; x_wconf 82' lang='grc' dir='ltr'>ϐίχου</span> <span class='ocrx_word' id='word_1_697' title='bbox 2618 4921 2880 4991; x_wconf 86' lang='grc' dir='ltr'>πρότερον</span> <span class='ocrx_word' id='word_1_698' title='bbox 2925 4919 3394 4990; x_wconf 81' lang='grc' dir='ltr'>εὖηργετημένον,</span> <span class='ocrx_word' id='word_1_699' title='bbox 3445 4921 3539 4973; x_wconf 74' lang='grc' dir='ltr'><strong>καὶ</strong></span> <span class='ocrx_word' id='word_1_700' title='bbox 3585 4921 3736 4990; x_wconf 87' lang='grc' dir='ltr'>φίλον</span> <span class='ocrx_word' id='word_1_701' title='bbox 3777 4923 3992 4992; x_wconf 78' lang='grc' dir='ltr'>νομιζό-</span> 
     </span>
    </p>
   </div>
   <div class='ocr_carea' id='block_1_102' title="bbox 2420 5011 3992 5086">
    <p class='ocr_par' dir='ltr' id='par_1_102' title="bbox 2420 5011 3992 5086">
     <span class='ocr_line' id='line_1_102' title="bbox 2420 5011 3992 5086; baseline 0.002 -21"><span class='ocrx_word' id='word_1_702' title='bbox 2420 5029 2600 5083; x_wconf 89' lang='grc' dir='ltr'>μενον.</span> <span class='ocrx_word' id='word_1_703' title='bbox 2664 5013 2720 5065; x_wconf 87' lang='grc' dir='ltr'>Ὀ</span> <span class='ocrx_word' id='word_1_704' title='bbox 2746 5011 2822 5077; x_wconf 84' lang='grc' dir='ltr'>δὲ,</span> <span class='ocrx_word' id='word_1_705' title='bbox 2858 5011 2956 5083; x_wconf 78' lang='grc' dir='ltr'>τὴν</span> <span class='ocrx_word' id='word_1_706' title='bbox 2990 5011 3156 5065; x_wconf 79' lang='grc' dir='ltr'>αὑτοῦ</span> <span class='ocrx_word' id='word_1_707' title='bbox 3191 5011 3430 5084; x_wconf 80' lang='grc' dir='ltr'>κεφαλὴν</span> <span class='ocrx_word' id='word_1_708' title='bbox 3463 5011 3774 5084; x_wconf 84' lang='grc' dir='ltr'>ἀποτεμὼν,</span> <span class='ocrx_word' id='word_1_709' title='bbox 3823 5031 3992 5086; x_wconf 82' lang='grc' dir='ltr'>προσ-</span> 
     </span>
    </p>
   </div>
   <div class='ocr_carea' id='block_1_103' title="bbox 2416 5103 3992 5176">
    <p class='ocr_par' dir='ltr' id='par_1_103' title="bbox 2416 5103 3992 5176">
     <span class='ocr_line' id='line_1_103' title="bbox 2416 5103 3992 5176; baseline 0.001 -19"><span class='ocrx_word' id='word_1_710' title='bbox 2416 5104 2572 5176; x_wconf 85' lang='grc' dir='ltr'>φέρει</span> <span class='ocrx_word' id='word_1_711' title='bbox 2599 5107 2711 5168; x_wconf 86' lang='grc' dir='ltr'>τοῖς</span> <span class='ocrx_word' id='word_1_712' title='bbox 2751 5103 3006 5176; x_wconf 79' lang='grc' dir='ltr'>ὐνωρίου</span> <span class='ocrx_word' id='word_1_713' title='bbox 3036 5106 3380 5176; x_wconf 80' lang='grc' dir='ltr'>στρατηγοῖς,</span> <span class='ocrx_word' id='word_1_714' title='bbox 3420 5104 3506 5156; x_wconf 79' lang='grc' dir='ltr'>ἐπ’</span> <span class='ocrx_word' id='word_1_715' title='bbox 3537 5104 3710 5159; x_wconf 79' lang='grc' dir='ltr'>ἐλπίδι</span> <span class='ocrx_word' id='word_1_716' title='bbox 3743 5105 3992 5176; x_wconf 76' lang='grc' dir='ltr'>μεγάλων</span> 
     </span>
    </p>
   </div>
   <div class='ocr_carea' id='block_1_104' title="bbox 1944 5279 2797 5336">
    <p class='ocr_par' dir='ltr' id='par_1_104' title="bbox 1944 5279 2797 5336">
     <span class='ocr_line' id='line_1_104' title="bbox 1944 5279 2797 5336; baseline -0.002 -1"><span class='ocrx_word' id='word_1_717' title='bbox 1944 5280 2208 5336; x_wconf 78' lang='lat' dir='ltr'><strong>VALESII</strong></span> <span class='ocrx_word' id='word_1_718' title='bbox 2249 5279 2797 5336; x_wconf 71' lang='lat' dir='ltr'><strong>ANNOTATIONES.</strong></span> 
     </span>
    </p>
   </div>
   <div class='ocr_carea' id='block_1_105' title="bbox 727 5418 2306 5490">
    <p class='ocr_par' dir='ltr' id='par_1_105' title="bbox 727 5418 2306 5490">
     <span class='ocr_line' id='line_1_105' title="bbox 727 5418 2306 5490; baseline -0.004 -13"><span class='ocrx_word' id='word_1_719' title='bbox 727 5423 876 5477; x_wconf 84' lang='lat' dir='ltr'><strong>nullo</strong></span> <span class='ocrx_word' id='word_1_720' title='bbox 919 5419 984 5474; x_wconf 88' lang='lat' dir='ltr'><strong>ab</strong></span> <span class='ocrx_word' id='word_1_721' title='bbox 1031 5419 1196 5474; x_wconf 83' lang='lat' dir='ltr'><strong>Italia</strong></span> <span class='ocrx_word' id='word_1_722' title='bbox 1246 5427 1408 5485; x_wconf 86' lang='lat' dir='ltr'><strong>metu,</strong></span> <span class='ocrx_word' id='word_1_723' title='bbox 1456 5418 1837 5476; x_wconf 87' lang='lat' dir='ltr'><strong>Constantinus</strong></span> <span class='ocrx_word' id='word_1_724' title='bbox 1875 5420 2014 5490; x_wconf 70' lang='lat' dir='ltr'><strong>gulae</strong></span> <span class='ocrx_word' id='word_1_725' title='bbox 2044 5436 2104 5472; x_wconf 88' lang='lat' dir='ltr'><strong>ac</strong></span> <span class='ocrx_word' id='word_1_726' title='bbox 2141 5421 2306 5474; x_wconf 86' lang='lat' dir='ltr'><strong>ventri</strong></span> 
     </span>
    </p>
   </div>
   <div class='ocr_carea' id='block_1_106' title="bbox 727 5491 2306 5562">
    <p class='ocr_par' dir='ltr' id='par_1_106' title="bbox 727 5491 2306 5562">
     <span class='ocr_line' id='line_1_106' title="bbox 727 5491 2306 5562; baseline -0.002 -16"><span class='ocrx_word' id='word_1_727' title='bbox 727 5495 962 5554; x_wconf 79' lang='lat' dir='ltr'><strong>deditus,</strong></span> <span class='ocrx_word' id='word_1_728' title='bbox 995 5491 1166 5546; x_wconf 87' lang='lat' dir='ltr'><strong>redire</strong></span> <span class='ocrx_word' id='word_1_729' title='bbox 1188 5491 1256 5543; x_wconf 84' lang='lat' dir='ltr'><strong>ad</strong></span> <span class='ocrx_word' id='word_1_730' title='bbox 1287 5494 1581 5562; x_wconf 77' lang='lat' dir='ltr'><strong>Hispanias</strong></span> <span class='ocrx_word' id='word_1_731' title='bbox 1613 5492 1780 5562; x_wconf 81' lang='lat' dir='ltr'><strong>ﬁlium</strong></span> <span class='ocrx_word' id='word_1_732' title='bbox 1813 5500 2008 5548; x_wconf 75' lang='lat' dir='ltr'><strong>monet.</strong></span> <span class='ocrx_word' id='word_1_733' title='bbox 2043 5491 2145 5555; x_wconf 83' lang='lat' dir='ltr'><strong>Qui</strong></span> <span class='ocrx_word' id='word_1_734' title='bbox 2170 5506 2306 5557; x_wconf 63' lang='lat' dir='ltr'><strong>pra!-</strong></span> 
     </span>
    </p>
   </div>
   <div class='ocr_carea' id='block_1_107' title="bbox 730 5560 2305 5632">
    <p class='ocr_par' dir='ltr' id='par_1_107' title="bbox 730 5560 2305 5632">
     <span class='ocr_line' id='line_1_107' title="bbox 730 5560 2305 5632; baseline -0.002 -16"><span class='ocrx_word' id='word_1_735' title='bbox 730 5565 906 5618; x_wconf 82' lang='lat' dir='ltr'><strong>ntissis</strong></span> <span class='ocrx_word' id='word_1_736' title='bbox 942 5561 1264 5632; x_wconf 78' lang='lat' dir='ltr'><strong>agminibus,</strong></span> <span class='ocrx_word' id='word_1_737' title='bbox 1307 5560 1433 5614; x_wconf 87' lang='lat' dir='ltr'><strong>dum</strong></span> <span class='ocrx_word' id='word_1_738' title='bbox 1493 5560 1619 5617; x_wconf 81' lang='lat' dir='ltr'><strong>cum</strong></span> <span class='ocrx_word' id='word_1_739' title='bbox 1693 5571 1843 5627; x_wconf 81' lang='lat' dir='ltr'><strong>patre</strong></span> <span class='ocrx_word' id='word_1_740' title='bbox 1909 5562 2177 5625; x_wconf 76' lang='lat' dir='ltr'><strong>resideret,</strong></span> <span class='ocrx_word' id='word_1_741' title='bbox 2241 5562 2305 5613; x_wconf 87' lang='lat' dir='ltr'><strong>ab</strong></span> 
     </span>
    </p>
   </div>
   <div class='ocr_carea' id='block_1_108' title="bbox 733 5631 2304 5700">
    <p class='ocr_par' dir='ltr' id='par_1_108' title="bbox 733 5631 2304 5700">
     <span class='ocr_line' id='line_1_108' title="bbox 733 5631 2304 5700; baseline -0.002 -13"><span class='ocrx_word' id='word_1_742' title='bbox 733 5631 996 5700; x_wconf 84' lang='lat' dir='ltr'><strong>Hispania</strong></span> <span class='ocrx_word' id='word_1_743' title='bbox 1037 5632 1209 5685; x_wconf 84' lang='lat' dir='ltr'><strong>nuntii</strong></span> <span class='ocrx_word' id='word_1_744' title='bbox 1258 5638 1573 5699; x_wconf 78' lang='lat' dir='ltr'><strong>commeant,</strong></span> <span class='ocrx_word' id='word_1_745' title='bbox 1611 5652 1640 5686; x_wconf 88' lang='lat' dir='ltr'><strong>a</strong></span> <span class='ocrx_word' id='word_1_746' title='bbox 1687 5631 1935 5687; x_wconf 81' lang='lat' dir='ltr'><strong>Gerontio</strong></span> <span class='ocrx_word' id='word_1_747' title='bbox 1983 5632 2304 5695; x_wconf 66' lang='lat' dir='ltr'><strong>Maximum,</strong></span> 
     </span>
    </p>
   </div>
   <div class='ocr_carea' id='block_1_109' title="bbox 729 5703 2306 5774">
    <p class='ocr_par' dir='ltr' id='par_1_109' title="bbox 729 5703 2306 5774">
     <span class='ocr_line' id='line_1_109' title="bbox 729 5703 2306 5774; baseline -0.001 -17"><span class='ocrx_word' id='word_1_748' title='bbox 729 5721 892 5757; x_wconf 87' lang='lat' dir='ltr'><strong>unum</strong></span> <span class='ocrx_word' id='word_1_749' title='bbox 914 5719 977 5756; x_wconf 75' lang='lat' dir='ltr'><strong>ex</strong></span> <span class='ocrx_word' id='word_1_750' title='bbox 1009 5703 1285 5756; x_wconf 76' lang='lat' dir='ltr'><strong>clientibus</strong></span> <span class='ocrx_word' id='word_1_751' title='bbox 1315 5704 1447 5774; x_wconf 86' lang='lat' dir='ltr'><strong>suis,</strong></span> <span class='ocrx_word' id='word_1_752' title='bbox 1477 5705 1695 5773; x_wconf 86' lang='lat' dir='ltr'><strong>imperio</strong></span> <span class='ocrx_word' id='word_1_753' title='bbox 1728 5706 2032 5772; x_wconf 65' lang='lat' dir='ltr'><strong>praeditum,</strong></span> <span class='ocrx_word' id='word_1_754' title='bbox 2062 5714 2217 5774; x_wconf 84' lang='lat' dir='ltr'><strong>atque</strong></span> <span class='ocrx_word' id='word_1_755' title='bbox 2254 5705 2306 5756; x_wconf 81' lang='lat' dir='ltr'><strong>in</strong></span> 
     </span>
    </p>
   </div>
   <div class='ocr_carea' id='block_1_110' title="bbox 729 5773 2304 5841">
    <p class='ocr_par' dir='ltr' id='par_1_110' title="bbox 729 5773 2304 5841">
     <span class='ocr_line' id='line_1_110' title="bbox 729 5773 2304 5841; baseline -0.002 -12"><span class='ocrx_word' id='word_1_756' title='bbox 729 5792 784 5829; x_wconf 77' lang='lat' dir='ltr'><strong>se</strong></span> <span class='ocrx_word' id='word_1_757' title='bbox 808 5776 1062 5829; x_wconf 83' lang='lat' dir='ltr'><strong>comitatu</strong></span> <span class='ocrx_word' id='word_1_758' title='bbox 1102 5775 1333 5841; x_wconf 77' lang='lat' dir='ltr'><strong>gentium</strong></span> <span class='ocrx_word' id='word_1_759' title='bbox 1381 5773 1732 5829; x_wconf 86' lang='lat' dir='ltr'><strong>barbararum</strong></span> <span class='ocrx_word' id='word_1_760' title='bbox 1775 5777 2067 5828; x_wconf 79' lang='lat' dir='ltr'><strong>accinctum</strong></span> <span class='ocrx_word' id='word_1_761' title='bbox 2099 5777 2304 5841; x_wconf 87' lang='lat' dir='ltr'><strong>parari.</strong></span> 
     </span>
    </p>
   </div>
   <div class='ocr_carea' id='block_1_111' title="bbox 731 5841 2303 5913">
    <p class='ocr_par' dir='ltr' id='par_1_111' title="bbox 731 5841 2303 5913">
     <span class='ocr_line' id='line_1_111' title="bbox 731 5841 2303 5913; baseline -0.001 -14"><span class='ocrx_word' id='word_1_762' title='bbox 731 5845 848 5910; x_wconf 83' lang='lat' dir='ltr'><strong>Quo</strong></span> <span class='ocrx_word' id='word_1_763' title='bbox 895 5845 1155 5909; x_wconf 70' lang='lat' dir='ltr'><strong>exterriti,</strong></span> <span class='ocrx_word' id='word_1_764' title='bbox 1207 5841 1474 5899; x_wconf 83' lang='lat' dir='ltr'><strong>Edobecco</strong></span> <span class='ocrx_word' id='word_1_765' title='bbox 1517 5848 1584 5898; x_wconf 78' lang='lat' dir='ltr'><strong>ad</strong></span> <span class='ocrx_word' id='word_1_766' title='bbox 1630 5845 1918 5900; x_wconf 80' lang='lat' dir='ltr'><strong>Germanas</strong></span> <span class='ocrx_word' id='word_1_767' title='bbox 1961 5857 2134 5910; x_wconf 68' lang='lat' dir='ltr'><strong>nentes</strong></span> <span class='ocrx_word' id='word_1_768' title='bbox 2168 5861 2303 5913; x_wconf 72' lang='lat' dir='ltr'><strong>pra:-</strong></span> 
     </span>
    </p>
   </div>
   <div class='ocr_carea' id='block_1_112' title="bbox 731 5914 2301 5988">
    <p class='ocr_par' dir='ltr' id='par_1_112' title="bbox 731 5914 2301 5988">
     <span class='ocr_line' id='line_1_112' title="bbox 731 5914 2301 5988; baseline -0.002 -15"><span class='ocrx_word' id='word_1_769' title='bbox 731 5918 913 5985; x_wconf 82' lang='lat' dir='ltr'><strong>misso,</strong></span> <span class='ocrx_word' id='word_1_770' title='bbox 947 5916 1234 5987; x_wconf 71' lang='lat' dir='ltr'><strong>Constans,</strong></span> <span class='ocrx_word' id='word_1_771' title='bbox 1267 5921 1314 5972; x_wconf 83' lang='lat' dir='ltr'><strong>et</strong></span> <span class='ocrx_word' id='word_1_772' title='bbox 1349 5916 1629 5987; x_wconf 71' lang='lat' dir='ltr'><strong>praefectus</strong></span> <span class='ocrx_word' id='word_1_773' title='bbox 1666 5921 1788 5988; x_wconf 72' lang='lat' dir='ltr'><strong>jam</strong></span> <span class='ocrx_word' id='word_1_774' title='bbox 1823 5917 2084 5972; x_wconf 81' lang='lat' dir='ltr'><strong>Decimius</strong></span> <span class='ocrx_word' id='word_1_775' title='bbox 2118 5914 2301 5972; x_wconf 62' lang='lat' dir='ltr'><strong>Rusti.</strong></span> 
     </span>
    </p>
   </div>
   <div class='ocr_carea' id='block_1_113' title="bbox 2416 5417 3990 5488">
    <p class='ocr_par' dir='ltr' id='par_1_113' title="bbox 2416 5417 3990 5488">
     <span class='ocr_line' id='line_1_113' title="bbox 2416 5417 3990 5488; baseline 0.002 -16"><span class='ocrx_word' id='word_1_776' title='bbox 2416 5435 2505 5472; x_wconf 84' lang='lat' dir='ltr'><strong>cus</strong></span> <span class='ocrx_word' id='word_1_777' title='bbox 2560 5433 2625 5471; x_wconf 74' lang='lat' dir='ltr'><strong>ea;</strong></span> <span class='ocrx_word' id='word_1_778' title='bbox 2671 5417 2970 5487; x_wconf 75' lang='lat' dir='ltr'><strong>officiorum</strong></span> <span class='ocrx_word' id='word_1_779' title='bbox 3013 5419 3300 5488; x_wconf 86' lang='lat' dir='ltr'><strong>magistro,</strong></span> <span class='ocrx_word' id='word_1_780' title='bbox 3343 5429 3523 5487; x_wconf 79' lang='lat' dir='ltr'><strong>petunt</strong></span> <span class='ocrx_word' id='word_1_781' title='bbox 3578 5422 3815 5481; x_wconf 80' lang='lat' dir='ltr'><strong>Gallias.</strong></span> <span class='ocrx_word' id='word_1_782' title='bbox 3874 5440 3990 5476; x_wconf 86' lang='lat' dir='ltr'><strong>cum</strong></span> 
     </span>
    </p>
   </div>
   <div class='ocr_carea' id='block_1_114' title="bbox 2422 5487 3990 5560">
    <p class='ocr_par' dir='ltr' id='par_1_114' title="bbox 2422 5487 3990 5560">
     <span class='ocr_line' id='line_1_114' title="bbox 2422 5487 3990 5560; baseline 0.005 -20"><span class='ocrx_word' id='word_1_783' title='bbox 2422 5487 2645 5560; x_wconf 61' lang='lat' dir='ltr'><strong>Francis</strong></span> <span class='ocrx_word' id='word_1_784' title='bbox 2691 5499 2740 5542; x_wconf 87' lang='lat' dir='ltr'><strong>et</strong></span> <span class='ocrx_word' id='word_1_785' title='bbox 2771 5487 3129 5552; x_wconf 68' lang='lat' dir='ltr'><strong>Alamannis,</strong></span> <span class='ocrx_word' id='word_1_786' title='bbox 3177 5492 3422 5560; x_wconf 86' lang='lat' dir='ltr'><strong>omnique</strong></span> <span class='ocrx_word' id='word_1_787' title='bbox 3455 5494 3682 5546; x_wconf 81' lang='lat' dir='ltr'><strong>militum</strong></span> <span class='ocrx_word' id='word_1_788' title='bbox 3716 5510 3873 5546; x_wconf 86' lang='lat' dir='ltr'><strong>manu</strong></span> <span class='ocrx_word' id='word_1_789' title='bbox 3922 5494 3990 5548; x_wconf 81' lang='lat' dir='ltr'><strong>ad</strong></span> 
     </span>
    </p>
   </div>
   <div class='ocr_carea' id='block_1_115' title="bbox 2416 5558 3469 5630">
    <p class='ocr_par' dir='ltr' id='par_1_115' title="bbox 2416 5558 3469 5630">
     <span class='ocr_line' id='line_1_115' title="bbox 2416 5558 3469 5630; baseline 0.002 -16"><span class='ocrx_word' id='word_1_790' title='bbox 2416 5558 2828 5614; x_wconf 84' lang='lat' dir='ltr'><strong>Constantinum</strong></span> <span class='ocrx_word' id='word_1_791' title='bbox 2852 5560 3185 5630; x_wconf 84' lang='lat' dir='ltr'><strong>jamjamque</strong></span> <span class='ocrx_word' id='word_1_792' title='bbox 3224 5558 3469 5616; x_wconf 77' lang='lat' dir='ltr'><strong>redituri.</strong></span> 
     </span>
    </p>
   </div>
   <div class='ocr_carea' id='block_1_116' title="bbox 2488 5630 3988 5702">
    <p class='ocr_par' dir='ltr' id='par_1_116' title="bbox 2488 5630 3988 5702">
     <span class='ocr_line' id='line_1_116' title="bbox 2488 5630 3988 5702; baseline 0.003 -17"><span class='ocrx_word' id='word_1_793' title='bbox 2488 5631 2600 5697; x_wconf 64' lang='grc'><strong>(40)</strong></span> <span class='ocrx_word' id='word_1_794' title='bbox 2638 5633 2960 5699; x_wconf 66' lang='grc' dir='ltr'>[νοννιχίας</span> <span class='ocrx_word' id='word_1_795' title='bbox 2981 5630 3089 5699; x_wconf 83' lang='grc' dir='ltr'><strong>τῆς</strong></span> <span class='ocrx_word' id='word_1_796' title='bbox 3119 5633 3308 5686; x_wconf 78' lang='grc' dir='ltr'>αὐτοῦ</span> <span class='ocrx_word' id='word_1_797' title='bbox 3332 5633 3610 5702; x_wconf 78' lang='grc' dir='ltr'>γαμετῆς.</span> <span class='ocrx_word' id='word_1_798' title='bbox 3644 5635 3797 5701; x_wconf 78' lang='lat' dir='ltr'><strong>Apud</strong></span> <span class='ocrx_word' id='word_1_799' title='bbox 3827 5633 3988 5690; x_wconf 77' lang='lat' dir='ltr'><strong>Nire-</strong></span> 
     </span>
    </p>
   </div>
   <div class='ocr_carea' id='block_1_117' title="bbox 2415 5702 3988 5773">
    <p class='ocr_par' dir='ltr' id='par_1_117' title="bbox 2415 5702 3988 5773">
     <span class='ocr_line' id='line_1_117' title="bbox 2415 5702 3988 5773; baseline 0.004 -20"><span class='ocrx_word' id='word_1_800' title='bbox 2415 5702 2648 5773; x_wconf 78' lang='lat' dir='ltr'><strong>phorum</strong></span> <span class='ocrx_word' id='word_1_801' title='bbox 2683 5703 2751 5773; x_wconf 85' lang='lat' dir='ltr'><strong>in</strong></span> <span class='ocrx_word' id='word_1_802' title='bbox 2799 5703 2891 5756; x_wconf 91' lang='lat' dir='ltr'><strong>lib.</strong></span> <span class='ocrx_word' id='word_1_803' title='bbox 2932 5717 3044 5764; x_wconf 78' lang='lat' dir='ltr'><strong>xw,</strong></span> <span class='ocrx_word' id='word_1_804' title='bbox 3077 5716 3198 5772; x_wconf 88' lang='lat' dir='ltr'><strong>cap.</strong></span> <span class='ocrx_word' id='word_1_805' title='bbox 3240 5703 3294 5768; x_wconf 87' lang='lat'><strong>6,</strong></span> <span class='ocrx_word' id='word_1_806' title='bbox 3347 5705 3612 5773; x_wconf 90' lang='lat' dir='ltr'><strong>scriptum</strong></span> <span class='ocrx_word' id='word_1_807' title='bbox 3645 5713 3730 5759; x_wconf 84' lang='lat' dir='ltr'><strong>est</strong></span> <span class='ocrx_word' id='word_1_808' title='bbox 3780 5706 3988 5760; x_wconf 80' lang='grc' dir='ltr'>Νουνν-</span> 
     </span>
    </p>
   </div>
   <div class='ocr_carea' id='block_1_118' title="bbox 2415 5771 3986 5842">
    <p class='ocr_par' dir='ltr' id='par_1_118' title="bbox 2415 5771 3986 5842">
     <span class='ocr_line' id='line_1_118' title="bbox 2415 5771 3986 5842; baseline 0.004 -18"><span class='ocrx_word' id='word_1_809' title='bbox 2415 5771 2558 5842; x_wconf 83' lang='grc' dir='ltr'>χίας.</span> <span class='ocrx_word' id='word_1_810' title='bbox 2591 5771 2696 5827; x_wconf 87' lang='lat' dir='ltr'><strong>Sed</strong></span> <span class='ocrx_word' id='word_1_811' title='bbox 2737 5788 2845 5827; x_wconf 89' lang='lat' dir='ltr'><strong>non</strong></span> <span class='ocrx_word' id='word_1_812' title='bbox 2876 5773 3070 5826; x_wconf 88' lang='lat' dir='ltr'><strong>dubito</strong></span> <span class='ocrx_word' id='word_1_813' title='bbox 3103 5771 3238 5842; x_wconf 85' lang='lat' dir='ltr'><strong>quin</strong></span> <span class='ocrx_word' id='word_1_814' title='bbox 3291 5771 3646 5828; x_wconf 78' lang='lat' dir='ltr'><strong>scribendum</strong></span> <span class='ocrx_word' id='word_1_815' title='bbox 3682 5777 3750 5828; x_wconf 59' lang='lat' dir='ltr'><strong>sit</strong></span> <span class='ocrx_word' id='word_1_816' title='bbox 3790 5776 3986 5830; x_wconf 81' lang='grc' dir='ltr'>Νουνε-</span> 
     </span>
    </p>
   </div>
   <div class='ocr_carea' id='block_1_119' title="bbox 2412 5842 3996 5916">
    <p class='ocr_par' dir='ltr' id='par_1_119' title="bbox 2412 5842 3996 5916">
     <span class='ocr_line' id='line_1_119' title="bbox 2412 5842 3996 5916; baseline 0.004 -20"><span class='ocrx_word' id='word_1_817' title='bbox 2412 5844 2554 5916; x_wconf 82' lang='grc' dir='ltr'>χίας.</span> <span class='ocrx_word' id='word_1_818' title='bbox 2590 5842 2686 5898; x_wconf 79' lang='lat' dir='ltr'><strong>Est</strong></span> <span class='ocrx_word' id='word_1_819' title='bbox 2745 5845 2891 5901; x_wconf 88' lang='lat' dir='ltr'><strong>enim</strong></span> <span class='ocrx_word' id='word_1_820' title='bbox 2933 5857 3130 5900; x_wconf 87' lang='lat' dir='ltr'><strong>nomen</strong></span> <span class='ocrx_word' id='word_1_821' title='bbox 3176 5844 3458 5916; x_wconf 83' lang='lat' dir='ltr'><strong>proprium</strong></span> <span class='ocrx_word' id='word_1_822' title='bbox 3522 5846 3769 5901; x_wconf 80' lang='lat' dir='ltr'><strong>mulieris</strong></span> <span class='ocrx_word' id='word_1_823' title='bbox 3813 5847 3996 5904; x_wconf 78' lang='lat' dir='ltr'><strong>Nunc-</strong></span> 
     </span>
    </p>
   </div>
   <div class='ocr_carea' id='block_1_120' title="bbox 2409 5915 2554 5970">
    <p class='ocr_par' dir='ltr' id='par_1_120' title="bbox 2409 5915 2554 5970">
     <span class='ocr_line' id='line_1_120' title="bbox 2409 5915 2554 5970; baseline -0.014 0"><span class='ocrx_word' id='word_1_824' title='bbox 2409 5915 2554 5970; x_wconf 85' lang='lat' dir='ltr'><strong>cltia.</strong></span> 
     </span>
    </p>
   </div>
  </div>
