4504 6576
420 469 561 525 1625

1369 473 1685 528 HISTORIA
1728 472 2270 529 ECCLESIASTICA.
2304 506 2370 513 —
2407 475 2533 529 LIB.
2570 474 2657 529 IX.

3543 479 3678 538 N326

414 592 609 664 δώρων
640 592 732 647 καὶ
763 593 948 664 τιμῆς.
985 595 1355 657 Κωνστάντιος
1394 596 1449 648 δὲ
1483 596 1578 664 τὴν
1614 597 1710 664 μὲν
1754 595 1994 665 κεφαλὴν
2024 601 2069 658 Α
2100 596 2191 661 lit,

1898 595 1994 665 λὴν
2024 601 2069 658 Α
2100 596 2191 661 lit,
2226 596 2392 666 380
2421 597 2657 650 maxima
2689 594 2759 650 ab
2793 592 2905 650 illis
2945 610 3175 652 munera
3214 603 3268 652 et
3319 596 3583 653 honorem
3612 615 3677 655 se

414 684 678 754 δεχθῆναι
730 684 1048 754 προσέταξε,
1101 686 1259 757 χάριν
1310 688 1452 756 ἔχειν
1505 688 1754 757 Ἑκδικίῳ
1799 688 1859 739 τὸ
1903 688 1994 756 δη-

418 776 613 843 μόσιον
654 775 822 829 εἰπὼν
853 776 952 845 τῆς
996 776 1232 845 Οὐλφίλα
1266 778 1516 848 πράξεως
1563 779 1673 847 (il)
1700 797 1711 809 '
1760 782 1997 831 συνεῖναι

412 868 474 921 δὲ
534 868 903 931 σπουδάζοντα
952 869 1112 922 αὐτὸν
1171 871 1476 939 ἀναχωρεῖν
1525 871 1849 935 ἐκέλευσεν,
1898 873 1997 925 οὐκ

413 962 631 1032 ἀγαθὴν
676 962 1022 1032 ἡγησάμενος
1058 961 1227 1015 κακοῦ
1278 961 1548 1032 ξενοδόχου
1583 962 1678 1033 τὴν
1714 964 1998 1016 συνουσίαν

413 1054 635 1105 ἔσεσθαι
664 1053 813 1125 αὑτῷ
845 1054 876 1124 ἢ
910 1056 974 1123 τῇ
1010 1055 1257 1124 στρατιᾷ.
1287 1055 1396 1107 Καὶ
1423 1056 1451 1107 ὁ
1479 1054 1597 1123 μὲν,
1632 1055 1785 1123 φίλου
1813 1054 2001 1123 ἀνδρὸς

413 1146 515 1197 καὶ
568 1145 713 1209 ξένου
772 1148 831 1199 ὲν
885 1145 1195 1216 δυσπραγίο,
1249 1145 1591 1216 διακειμένου
1640 1146 1999 1199 ἀνοσιώτατον

414 1240 581 1303 φόνον
612 1239 909 1310 τολμήσας,
956 1239 1099 1293 κατὰ
1146 1240 1339 1311 κενῆς,
1386 1238 1542 1293 τοῦτο
1578 1240 1642 1311 δὴ
1682 1240 1773 1294 τοῦ
1818 1240 1995 1309 λόγου,

413 1329 601 1399 χανὼν
631 1330 861 1403 ἀπῆλθε.

1015 1600 1261 1655 ΚΕΦᾹΛ.
1303 1601 1403 1653 ῙΕ’.

414 1688 562 1757 Περὶ
618 1687 728 1755 τῆς
786 1689 1128 1755 ἀποθέσεως
1185 1689 1303 1743 τῶν
1345 1691 1691 1754 βασιλικῶν
1733 1694 1997 1760 σημείων

496 1761 991 1829 Κωνσταντίνου,
1034 1760 1129 1813 καί
1167 1762 1247 1825 ὠς
1274 1760 1689 1829 ἐχειροτονήθη
1739 1765 1995 1828 πρεσϐύ-

490 1846 699 1895 τερος·
750 1830 849 1881 καὶ
883 1827 1135 1893 θάνατος
1186 1827 1371 1883 αὑτοῦ
1396 1827 1697 1897 ὕστερον,
1738 1827 1835 1884 καὶ
1878 1832 1993 1885 τῶν

488 1899 697 1953 ἄλλων
734 1898 1042 1965 τυράννων
1068 1899 1184 1953 τῶν
1214 1900 1681 1953 ἐπαναστάντων
1723 1902 1991 1969 Ὀνιιιερίῳ.

490 1991 649 2044 Μετὰ
679 1991 735 2044 δὲ
764 1990 864 2062 τὴν
892 1990 1047 2061 νίκην
1091 1992 1615 2061 ἀντιπεραιωθείσης
1658 1990 1815 2057 αὖθις
1862 1993 1997 2064 πρὸς

410 2083 520 2151 τὴν
552 2081 703 2135 πόλιν
734 2081 829 2152 τῆς
872 2082 1126 2152 Ὀνωρίου
1157 2084 1437 2153 στρατιᾶς,
1488 2083 1675 2152 μαθὼν
1710 2085 1993 2136 Κωνσταν-

410 2173 564 2233 τίνος
614 2171 951 2241 ἀναιρεῖσθαι
1012 2172 1278 2242 Ἐδόὸιχον
1312 2174 1445 2241 (42),
1500 2173 1661 2235 αὐτὸς
1706 2173 1764 2237 ἐξ
1803 2174 1997 2227 ἑαυτοῦ

410 2262 519 2332 τὴν
552 2262 842 2332 ἁλουργίδα
891 2263 985 2317 καὶ
1015 2264 1083 2317 τά
1125 2264 1367 2334 σύμϐολα
1408 2265 1507 2333 τῆς
1575 2265 1850 2333 βασιλείας
1895 2267 1999 2318 ἁπ-

412 2354 577 2407 έθετο
603 2371 614 2386 ·
641 2357 735 2410 καὶ
767 2355 1087 2409 καταλαῦὼν
1135 2357 1231 2428 τὴν
1271 2356 1585 2427 ἐκκλησίαν,
1619 2362 1998 2429 χειροτονεῖται

414 2447 813 2519 πρεσϐύτερος.
850 2448 1086 2520 Ὀρκους
1122 2466 1182 2501 τε
1215 2450 1479 2521 πρότερον
1510 2450 1762 2513 λαϐόντες
1809 2453 1858 2503 oi
1892 2451 1999 2504 ἔσω

410 2538 637 2607 τειχῶν,
685 2539 956 2608 ἀνοίγουσι
986 2540 1084 2603 τὰς
1113 2540 1307 2604 πύλας,
1352 2542 1444 2593 καὶ
1478 2541 1691 2610 φειδοῦς
1725 2542 1998 2608 ἀξιοῦνται

410 2630 641 2692 πάντες.
678 2631 786 2683 Καὶ
834 2631 894 2683 τὸ
938 2631 999 2695 ἐξ
1040 2631 1251 2685 ἐκείνου
1300 2631 1459 2685 πάλιν
1489 2631 1549 2685 τὸ
1581 2632 1707 2703 τῇδε
1756 2634 1997 2702 ὑπήκοον

408 2723 499 2782 είς
527 2722 623 2791 τὴν
659 2720 915 2792 Ὁνωρίου
942 2723 1238 2793 ἡγεμονίαν
1279 2724 1549 2793 ἐπανῆλθε
1576 2763 1589 2787 ,
1644 2726 1736 2777 καὶ
1764 2728 1875 2788 τοῖς
1905 2726 1996 2778 ὑπ’

408 2811 581 2865 αὑτὸν
639 2811 895 2881 ἄρχουσιν
958 2813 1223 2865 ἐπείθετο.
1297 2814 1705 2875 Κωνσταντῖνος
1773 2814 1829 2866 δὲ
1882 2814 1997 2884 ἅμα

424 2903 701 2973 Ἰουλιανῷ
730 2902 807 2974 τῷ
845 2904 993 2957 παιῶ
1024 2904 1445 2974 παραπεμφθεὶς
1471 2907 1547 2969 είς
1592 2904 1836 2971 Ἰταλίαν,
1870 2908 1997 2977 πρὶν

409 2996 657 3064 φθάσαι,
722 2997 862 3050 κατὰ
915 2996 1013 3067 τὴν
1068 2998 1186 3051 ὁδὸν
1235 2997 1534 3051 κτίννυται.
1592 3000 1665 3051 οὐ
1712 2999 1889 3068 πολλῷ
1940 3001 1997 3053 δὲ

412 3088 647 3157 ὓστερον
674 3090 951 3160 ἀδοκήτως
974 3088 1317 3160 ἀναιροῦνται
1354 3090 1604 3153 ’ἰοειανός
1632 3109 1687 3145 τε
1712 3092 1805 3144 καὶ
1831 3091 1997 3154 Μάξι-

414 3198 522 3251 μος
544 3182 656 3250 (45)
676 3180 704 3221 δ
726 3184 774 3234 oi
806 3180 1196 3251 προειρημένοι
1223 3180 1495 3251 τύραννοι,
1529 3181 1622 3235 καὶ
1655 3183 1827 3252 Σάρος
1856 3182 1989 3253 (44),

413 3274 512 3327 καὶ
542 3272 689 3325 ἄλλοι
730 3272 970 3326 πλεῖστοι
1022 3273 1114 3325 ἐπὶ
1157 3272 1383 3337 τούτοις,
1419 3272 1900 3338 ἐπιϐουλεύσαντες
1923 3279 1988 3345 τῇ

422 3364 687 3435 Ὀνωρίου
723 3364 986 3435 βασιλείᾳ.

2101 688 2431 757 adepturum
2470 703 2723 756 sperans.
2772 689 3137 745 Constantius
3180 704 3315 744 vero
3349 699 3515 759 caput
3554 691 3681 760 qui-

2102 778 2221 834 dem
2237 780 2407 849 accipi
2436 779 2631 847 jussit,
2656 779 2849 837 dicens
2868 780 3265 850 rempublicam
3281 782 3486 851 gratias
3518 797 3681 851 agere

2110 870 2281 923 Ullila:
2331 871 2399 924 ob
2451 870 2662 925 facinus
2692 870 2930 935 Ecdicii,
2963 874 3055 929 sed
3088 888 3213 927 cum
3244 871 3499 926 Ecdicius
3534 876 3676 942 apud

2106 960 2286 1029 ipsmn
2328 974 2550 1015 manere
2580 961 2780 1025 vellet,
2822 962 3118 1019 abscedere
3157 981 3281 1021 eum
3320 967 3534 1035 jussit:
3578 984 3677 1023 nec

2105 1051 2206 1106 sibi
2230 1091 2245 1111 ,
2281 1067 2381 1106 nec
2410 1053 2677 1108 exercitui
2709 1056 3053 1109 commodam
3109 1055 3223 1111 fore
3255 1067 3411 1113 ratus
3446 1074 3679 1112 censue.

2104 1143 2350 1197 tudinem
2382 1144 2502 1211 ejus
2534 1144 2636 1197 viri
2663 1184 2677 1207 ,
2708 1145 2801 1215 qui
2831 1155 2939 1199 tam
2972 1146 3114 1199 male
3148 1146 3389 1217 hospites
3420 1163 3550 1202 suos
3584 1165 3679 1201 ex-

2104 1234 2333 1303 ciperet.
2372 1233 2449 1288 Ita
2496 1233 2785 1300 Ecdicius,
2831 1250 2956 1291 cum
3009 1237 3253 1293 hominis
3301 1241 3463 1293 amici
3516 1248 3680 1309 atque

2106 1326 2341 1396 hospitis
2370 1326 2599 1382 adversa
2634 1326 2857 1381 fortuna
2887 1326 2973 1395 usi
3013 1328 3281 1384 nefariam
3317 1331 3521 1387 eadem
3557 1348 3680 1402 per-

2103 1426 2320 1485 petrare
2359 1433 2528 1474 ausus
2580 1419 2812 1485 fuisset,
2863 1420 3143 1477 incassum
3179 1422 3342 1479 hians
3367 1463 3382 1489 ,
3419 1433 3478 1480 ut
3519 1426 3680 1497 vulgo

2103 1508 2209 1563 dici
2239 1509 2404 1575 solet,
2443 1511 2730 1569 abscessit.

2729 1602 2881 1657 CAP.
2928 1603 3041 1657 XV.

2105 1688 2395 1767 Quomodo
2423 1688 2806 1767 Constantinus
2834 1694 3065 1767 insignia
3102 1698 3309 1765 imperii
3342 1698 3673 1767 deposuerit,

2172 1769 2219 1811 et
2252 1761 2524 1830 presbyter
2550 1762 2722 1829 [actus
2746 1764 2925 1828 fuerit.
2943 1761 3204 1831 Ejusdem
3230 1761 3436 1830 ra'des',
3462 1778 3511 1822 et
3540 1761 3677 1823 alio;

2171 1845 2285 1882 rum
2319 1832 2409 1899 qui
2444 1831 2690 1886 adversus
2725 1833 3015 1886 Honorium
3046 1836 3438 1892 rebellaverant.

2175 1983 2306 2039 Post
2366 1985 2511 2040 hanc
2567 1987 2893 2054 victoriam,
2949 2005 3073 2043 cum
3120 1992 3396 2047 exercitus
3444 1992 3674 2048 llonorii

2101 2076 2329 2142 trajecto
2361 2080 2558 2131 iterum
2595 2092 2758 2133 amne
2792 2078 2859 2132 ad
2895 2080 3235 2134 obsidionem
3272 2082 3431 2136 urbis
3488 2099 3676 2137 rever-

2100 2163 2278 2226 tisset,
2308 2164 2729 2231 Constantinus,
2761 2169 2979 2238 cognita
3012 2169 3234 2225 Edobici
3267 2174 3411 2227 crede
3433 2213 3451 2238 ,
3478 2190 3678 2243 purpu-

2101 2271 2217 2310 ram
2249 2266 2306 2312 et
2340 2259 2552 2329 reliqua
2591 2260 2809 2330 imperii
2843 2262 3079 2332 insignia
3127 2273 3323 2333 sponte
3378 2267 3674 2336 deposuit;

2099 2362 2334 2418 cmnque
2377 2351 2445 2405 ad
2482 2353 2774 2408 ecclesiam
2812 2354 3088 2420 venisset,
3125 2357 3237 2411 illic
3279 2360 3558 2430 presbyter
3587 2378 3678 2414 or-

2100 2442 2321 2499 dinatus
2354 2452 2458 2499 est.
2496 2445 2720 2501 Obsessi
2769 2462 2930 2512 vero,
2979 2459 3204 2520 accepta
3252 2453 3403 2521 prius
3445 2453 3678 2523 jurisju-

2101 2535 2261 2588 randi
2314 2536 2453 2601 fide,
2511 2546 2703 2606 portas
2751 2540 3041 2607 aperiunt,
3094 2550 3149 2596 et
3180 2543 3424 2599 universi
3461 2547 3675 2599 veniam

2099 2628 2381 2680 consecuti
2432 2635 2583 2683 sunt.
2638 2627 2819 2697 Atque
2870 2644 2937 2684 ex
2982 2644 3047 2684 eo
3080 2638 3327 2701 tempore
3372 2633 3455 2686 hae
3486 2646 3679 2688 omnes

2100 2718 2401 2788 provincia:
2435 2719 2540 2773 sub
2573 2729 2901 2788 potestatem
2938 2721 3167 2777 llonorii
3210 2724 3420 2779 rediere
3447 2764 3459 2787 ,
3492 2733 3548 2778 et
3575 2726 3678 2779 du-

2100 2813 2262 2867 cibus
2314 2826 2378 2865 ac
2424 2812 2735 2867 rectoribus
2772 2812 2921 2868 illius
2955 2812 3217 2883 deinceps
3251 2830 3500 2884 paruere.
3530 2817 3675 2869 Con-

2101 2905 2381 2959 stantinus
2411 2919 2578 2973 porro
2605 2918 2711 2957 una
2756 2918 2881 2957 cum
2928 2902 3147 2959 Juliano
3198 2905 3307 2959 filio
3354 2905 3407 2959 in
3461 2903 3674 2959 Italiam

2098 2998 2336 3061 missus,
2372 3007 2666 3065 antequam
2701 3011 2767 3051 eo
2800 2998 3184 3066 pervenisset,
3238 3000 3294 3051 in
3345 2998 3550 3053 itinere
3590 3007 3679 3055 est

2088 3090 2341 3146 .occisus.
2390 3086 2503 3143 Nec
2536 3087 2713 3142 multo
2740 3095 2866 3158 post
2912 3087 3142 3144 Jovinus
3185 3097 3239 3144 et
3275 3089 3543 3146 Maximus
3592 3099 3678 3163 ty-

2099 3178 2565 3247 ranni;quorum
2623 3178 2876 3247 superius
2922 3178 3260 3233 mentionem
3312 3177 3578 3244 fecimus,
3609 3196 3675 3235 ex

2095 3270 2402 3341 improviso
2434 3270 2712 3326 interfecti
2744 3279 2873 3327 sunt
2900 3289 2914 3326 :
2955 3270 3126 3327 Sarus
3158 3271 3288 3327 item
3325 3280 3380 3327 et
3409 3273 3500 3326 alii
3534 3289 3675 3344 prae-

2098 3373 2243 3417 terea
2276 3364 2625 3434 complures,
2661 3362 2757 3432 qui
2798 3361 3028 3418 Honorii
3076 3363 3307 3433 imperio
3348 3362 3563 3420 fuerant
3593 3365 3677 3419 in-

2100 3455 2306 3509 sidiati.

1612 3630 1880 3686 VALESII
1916 3632 2467 3689 ANNOTATIONES.

487 3785 601 3856 (41)
638 3787 752 3855 Τῆς
794 3787 1068 3854 Οὺλςρίλα
1122 3786 1406 3853 πράξεως.
1444 3783 1600 3839 llunc
1652 3788 1828 3841 locum
1872 3804 1992 3855 pes-

412 3856 559 3910 sime
590 3861 754 3911 vertit
808 3856 1109 3910 Musculus.
1151 3856 1420 3909 Sum-idus
1475 3864 1655 3910 autem
1688 3857 1883 3912 Petrus
1918 3862 1989 3912 ita

416 3928 817 3994 interpretatus
846 3935 928 3981 est
952 3942 964 3977 :
987 3926 1374 3981 Constantinus
1402 3936 1576 3979 autem
1601 3938 1758 3996 caput
1784 3928 1988 3995 quidem

411 3998 584 4063 accipi
605 3997 794 4065 jussit,
844 4013 904 4049 ac
935 3999 1138 4063 gratias
1174 3996 1387 4049 Ecdicio
1429 3999 1512 4066 agi
1561 3998 1858 4063 reipublicw
1904 4015 1990 4050 no-

406 4068 579 4130 mine,
626 4069 715 4137 qui
784 4066 1011 4135 L'lphila:
1062 4068 1225 4137 o/ﬁcio
1274 4069 1485 4137 [unctus
1545 4078 1711 4131 esset;
1770 4084 1990 4123 sensum

418 4148 597 4208 tamen
621 4136 843 4191 minime
865 4146 947 4191 est
969 4136 1278 4208 asseCutns.
1308 4136 1401 4191 Est
1424 4152 1554 4208 sane
1584 4138 1803 4208 elegans
1830 4138 1989 4204 jocus

413 4207 508 4260 ille
530 4206 844 4261 Constantii
876 4210 1142 4262 adversus
1180 4206 1481 4261 Ecdicium.
1503 4205 1634 4260 Nam
1667 4205 1791 4261 cum
1827 4207 1989 4262 Ecdi-

412 4277 537 4349 cius
573 4278 862 4349 maximam
910 4282 1211 4332 mercedem
1242 4293 1300 4332 se
1346 4287 1699 4349 accepturum
1742 4288 1988 4349 speraret

414 4346 487 4401 ob
542 4355 709 4416 caput
778 4346 1085 4411 Edobichi,
1146 4348 1508 4402 Constantius
1574 4346 1789 4416 praeter
1838 4350 1987 4403 illius

412 4417 883 4509 exspectatiptiem
918 4418 1273 4509 quspondit‘,
1313 4419 1736 4509 "rempérblicam
1767 4420 1985 4509 ἕτερος

412 4500 580 4558 agere
614 4486 847 4556 Ulphilaz
879 4489 949 4541 ob
986 4487 1188 4541 factum
1217 4488 1442 4541 Ecdicii.
1486 4487 1541 4541 Si
1584 4489 1729 4543 enim
1767 4486 1984 4558 Ulphila

407 4572 525 4611 non
559 4556 789 4612 fudisset
825 4560 1011 4627 copias
1064 4558 1358 4628 Edobichi,
1415 4574 1691 4627 nunquam
1722 4560 1771 4613 ei
1821 4556 1988 4628 caput

413 4638 757 4699 amputasset
787 4626 1061 4683 Ecdicius.
1085 4626 1258 4682 Verba
1284 4630 1468 4696 itaque
1500 4626 1833 4698 tr’ansposita
1863 4626 1990 4699 sunt

412 4697 468 4750 in
501 4697 710 4763 Graeco,
749 4708 799 4752 ct
836 4698 1173 4753 restituenda
1232 4697 1692 4768 quemadmodutii
1740 4699 1873 4751 dixi.
1908 4698 1993 4751 Ni-

412 4769 685 4838 eephorus
710 4784 841 4823 vero
869 4784 993 4822 eum
1056 4770 1203 4823 hunc
1261 4772 1442 4823 locum
1480 4785 1590 4823 non
1639 4770 1990 4838 intelligeret,

412 4852 607 4892 vocem
648 4839 885 4904 Ούλφίλα
912 4856 972 4891 ex
986 4843 1199 4907 punxit.

486 4908 598 4977 (42)
660 4909 878 4963 Μαθὼν
924 4908 1377 4973 Κωνσταντῖνος
1414 4909 1782 4978 ἀναιρεῖσθαι
1837 4909 1993 4964 Ἐδό-

407 4981 602 5048 6ιχον.
638 4978 1001 5034 Scribendum
1028 4989 1112 5033 est
1143 4979 1466 5049 ἀνῃρῆσθαι.

487 5051 597 5117 (45)
648 5051 927 5115 Ἰοϐιανός
962 5067 1025 5103 τε
1048 5051 1143 5103 καὶ
1184 5049 1468 5119 Μάξιμος.
1514 5049 1876 5104 Scribendum
1909 5060 1993 5104 est

417 5120 664 5184 Ἰοϐἰνος.
696 5119 797 5174 Hic
826 5130 912 5175 est
945 5120 1196 5185 Jovinus,
1228 5121 1485 5188 qui‘cum
1519 5122 1846 5177 Sebastiano
1881 5121 1992 5175 fra-

399 5197 492 5261 tre
519 5192 863 5261 tyrannidem
895 5192 949 5245 in
1008 5189 1197 5245 Galliis
1243 5191 1500 5261 arripuit,
1540 5192 1783 5245 Honorio
1839 5208 1891 5244 ix
1939 5198 1993 5246 et

396 5258 726 5333 fi‘tzetitlosio
760 5262 1180 5333 Iveonsulibus,
1210 5270 1270 5333 ut
1290 5258 1668 5333 ex’Frigerido
1690 5262 1990 5332 colligitur.

393 5332 469 5382 δέ
491 5334 616 5385 ribit
648 5334 792 5387 enim
823 5331 1162 5402 Frigeridus,
1202 5332 1339 5403 dum
1362 5331 1760 5387 Constantinus
1793 5331 1981 5403 tyran-

400 5414 515 5456 Iuis
554 5404 621 5454 ah
652 5403 875 5457 Ilonorii
916 5403 1149 5458 ducibus
1189 5401 1533 5457 obsideretur
1578 5401 1988 5468 Arelate,'nnn-

405 5478 545 5526 tium
583 5490 648 5528 ex
677 5474 872 5530 Galliis
912 5475 1137 5529 allatum
1175 5472 1369 5539 fuisse,
1398 5472 1649 5528 Jovimun
1684 5475 1989 5543 sumpsisse

2021 4600 2066 4657 D

2098 3799 2328 3841 ornatus
2363 3788 2563 3853 regios.
2616 3787 2881 3855 Sequenti
2948 3801 3078 3842 vero
3121 3803 3265 3842 anno
3323 3803 3440 3858 quo
3488 3788 3670 3843 lieno-

2099 3860 2214 3912 rius
2241 3875 2290 3911 Ix
2322 3867 2378 3911 et
2412 3858 2759 3912 Theodosius
2815 3874 2847 3907 ν
2884 3860 3148 3912 consules
3198 3856 3369 3918 fuere,
3417 3856 3670 3912 Jovinum

2096 3944 2221 3981 cum
2252 3928 2421 3982 fratre
2454 3930 2508 3983 in
2537 3928 2728 3982 Galliis
2776 3928 3019 3981 occisum
3063 3944 3184 3983 esse
3216 3929 3409 3983 scribit
3444 3928 3672 3983 Marcel-

2096 3998 2280 4062 linus;
2340 3998 2576 4068 Prosper
2621 4013 2750 4052 vero
2788 4004 2841 4051 et
2892 3997 3099 4054 Idatius
3132 4000 3183 4051 id
3249 4000 3494 4053 referunt
3524 4014 3672 4053 anno

2097 4070 2440 4136 insequente,
2476 4069 2643 4123 Lucio
2695 4069 2813 4122 solo
2845 4083 2960 4122 eos.
2994 4068 3229 4122 Maximo
3287 4079 3465 4123 autem
3504 4073 3670 4122 vitam

2095 4153 2415 4193 concessam
2449 4139 2642 4194 scribit
2707 4136 2965 4208 Prosper,
2999 4154 3064 4191 eo
3101 4138 3244 4207 quod
3308 4138 3571 4194 modestia
3607 4155 3672 4193 ac

2096 4211 2281 4263 vilitas
2348 4209 2586 4263 hominis
2660 4208 2917 4261 Invidiam
2983 4208 3216 4262 affectati
3278 4208 3491 4277 imperii
3555 4226 3668 4263 non

2096 4280 2430 4333 merebatur.
2482 4280 2580 4332 Diu
2618 4288 2797 4332 tamen
2849 4286 3041 4347 postea
3097 4279 3236 4333 idem
3293 4278 3563 4332 Maximus
3613 4284 3667 4333 in

2096 4350 2494 4405 tricennalibus
2529 4349 2753 4402 IIonorii
2810 4347 3132 4403 interfectus
3183 4356 3290 4410 est,
3350 4358 3406 4401 ut
3470 4350 3669 4403 scribit

2096 4418 2445 4474 Marcellinus
2487 4422 2540 4473 in
2579 4418 2857 4480 Chronico,
2894 4413 3137 4471 Honorio
3181 4434 3277 4470 xm
3331 4429 3385 4472 et
3416 4418 3668 4471 Theodo-

2096 4492 2181 4543 sio
2232 4504 2260 4541 χ
2292 4490 2615 4545 consulibus
2661 4507 2672 4542 :
2729 4487 2994 4558 Maximus
3051 4499 3305 4558 tyrannus
3346 4498 3393 4541 et
3441 4486 3667 4558 Iovinus

2097 4560 2240 4629 ferro
2278 4560 2465 4629 uincti,
2520 4560 2735 4613 adducti
2790 4559 2854 4612 de
2911 4557 3669 4629 Hispaniisatquerinterfecti

2096 4627 2237 4683 sunt.
2277 4627 2379 4683 Ubi
2425 4632 2668 4698 ignotum
2702 4636 2785 4698 est
2842 4628 3095 4696 quisnam
3150 4628 3222 4682 sit
3274 4627 3505 4682 Jovinus
3544 4631 3666 4683 iste.

2094 4700 2211 4753 Non
2237 4701 2381 4753 enim
2412 4696 2593 4769 potest
2616 4714 2735 4753 esse
2753 4696 2983 4769 Joyinus
3010 4699 3056 4752 is
3080 4700 3168 4767 qui
3193 4713 3316 4769 cum
3343 4698 3671 4769 Sebastiano

2095 4785 2390 4839 purpuram
2412 4767 2685 4839 Isumpsit
2717 4772 2769 4821 in
2802 4767 3026 4829 Galliis;
3057 4768 3377 4839 jamdudum
3412 4769 3557 4821 enim
3583 4768 3668 4822 in-

2095 4836 2360 4895 terfectus
2396 4836 2596 4901 fuerat,
2634 4849 2769 4907 teste
2803 4836 3122 4893 Marcellino
3156 4846 3209 4892 et
3248 4836 3541 4907 Prospero.

2167 4912 2276 4980 (44)
2322 4913 2428 4965 Καὶ
2484 4910 2692 4979 Σάρος.
2751 4904 2922 4963 Sarus
2975 4923 3174 4980 genere
3230 4904 3467 4980 Gothus,
3521 4908 3671 4975 prius

2095 4978 2314 5050 quidem
2348 4984 2417 5035 ab
2450 4978 2678 5034 Honorii
2710 4978 2994 5048 partibus‘
3024 4988 3271 5043 steterat,
3322 4988 3376 5033 et
3407 4978 3671 5032 adversus

2094 5052 2409 5106 Alarichum
2441 5052 2740 5105 Gothorum
2782 5066 2959 5118 regem
3008 5060 3231 5105 strenue
3278 5059 3614 5120 pugnaverat
3653 5068 3667 5102 :

2096 5122 2296 5176 deinde
2321 5132 2513 5175 contra
2538 5122 2964 5175 Constantinum
3000 5130 3294 5190 tyrannum
3356 5120 3560 5190 missus
3615 5122 3668 5172 in

2094 5191 2319 5254 Gallias,
2353 5191 2717 5262 Nebogastum
2768 5189 3089 5262 magistrum
3143 5192 3374 5244 militum
3412 5189 3671 5262 Constan-

2095 5266 2193 5316 tini
2231 5264 2423 5331 prmlio
2448 5258 2749 5331 superarat.
2785 5258 2979 5316 Postea
2998 5278 3127 5315 vero
3152 5262 3399 5331 infensus
3426 5258 3671 5312 llonurio

2095 5335 2164 5387 0b
2216 5330 2419 5387 credent
2456 5330 2708 5387 Belleritli
2749 5332 3037 5386 domestici
3085 5332 3171 5385 sui
3232 5330 3458 5384 minime
3495 5332 3670 5381 vindi-

2092 5416 2292 5469 catam,
2331 5403 2576 5470 Honorii
2613 5412 2795 5470 partes
2848 5404 3162 5469 reliquerat.
3194 5408 3248 5454 et
3286 5401 3353 5453 ad
3414 5398 3667 5453 Jovinnm

2092 5474 2434 5546 tyrannidem
2468 5475 2521 5528 in
2560 5468 2752 5528 Galliis
2779 5468 3052 5543 gerentem
3086 5488 3144 5527 sc
3186 5471 3517 5525 contulerat.
3554 5470 3669 5535 Qua

1826 5651 2212 5709 VARIORI‘M.

487 5770 515 5809 δ
558 5769 647 5825 Bis
696 5769 945 5822 meminit
995 5766 1245 5821 Valesius
1305 5766 1433 5820 noni
1485 5766 1803 5821 consulatus
1854 5768 1984 5837 imp.

414 5836 673 5909 Honorii,
705 5839 867 5909 idque
898 5842 950 5891 in
976 5839 1213 5891 diversis
1250 5838 1428 5891 annis.
1464 5837 1619 5909 Quod
1650 5838 1729 5890 sic
1748 5836 1987 5904 explicat

412 5904 546 5963 Ant.
579 5904 824 5981 Pagius’:
863 5909 1122 5978 Quartum
1161 5910 1496 5963 consulatum
1550 5907 1738 5976 absque
1788 5910 1985 5977 (olle’ga

2095 5771 2251 5838 gessit
2313 5767 2671 5830 Theodosius;
2722 5766 2990 5819 Honorius
3044 5782 3235 5818 nonum
3277 5764 3327 5817 in
3382 5774 3669 5835 sequcntein

2096 5856 2291 5893 annum
2325 5838 2553 5894 distulit.
