4504 6576
421 451 559 507 ΗΞΞἿ
1365 459 1696 519 ΠΙΞΤΟΚῘΑ
1742 462 2200 519 ECCLESlASTlt

1909 462 2301 519 .ESlASTICA.
2339 499 2404 509 —-
2446 466 2572 524 LIB.
2618 469 2703 525 ΙΧ,
3551 476 3688 531 ιοῖο

414 568 522 659 τὴν
568 568 685 623 όδδν
727 569 823 642 τήν
853 570 944 626 ἐπὶ
970 572 1283 644 Βιθθερέσιν
1313 577 1425 647 (50)
1449 580 1547 649 τὴν
1568 580 1722 634 πόλιν
1744 580 2004 649 ἄγουσαν.
2037 598 2081 653 Α
2109 582 2180 637 ho

1905 597 2004 635 ταν.
2037 598 2081 653 Α
2109 582 2335 639 hortum
2358 629 2370 651 ,
2406 603 2569 643 secus
2604 588 2745 642 viam
2778 605 2897 659 qua:
2944 588 3099 645 ducit
3134 590 3201 646 ad
3246 592 3435 647 urbem
3473 592 3684 650 Bitthe—

419 657 690 750 Εδρήσεις
715 659 773 712 δὲ
801 661 1045 731 λάρνακα
1074 664 1288 733 διπλῆν,
1340 667 1559 739 ξυλίνην
1605 670 1702 741 τὴν
1743 671 1914 735 ἔνδον,
1953 674 2011 725 έν
2116 688 2198 728 rer

1908 714 1914 735 ,
1953 674 2011 725 ὲν
2116 688 2326 728 reman.
2366 675 2630 746 Reperies
2664 657 2844 734 autem
2883 693 3066 734 arcam
3101 680 3416 750 duplicem:
3455 682 3687 739 interio-

421 748 709 821 μολυϐδίνῃ
789 755 857 821 τῇ
934 754 1135 819 ἔξωθεν
1164 774 1177 789 ο
1248 760 1391 828 ἀμφὶ
1443 760 1499 813 δὲ
1561 762 1664 832 τὴν
1725 762 2008 835 λάρνακα,

417 838 625 893 ὑέλινον
668 843 859 907 σκεῦος
903 845 1105 918 πλῆρες
1142 849 1369 913 ὑδάτων,
1397 853 1604 907 καὶδύο
1648 854 1798 923 δφεις
1850 856 2013 925 μεγέ-

416 928 501 981 θει
543 933 814 1001 μετρίους,
869 938 960 990 καὶ
995 939 1206 1010 πράους
1243 945 1337 995 καὶ
1367 944 1643 1008 ἀϐλαϐεῖς,
1698 945 1774 1008 ὡς
1828 946 2007 1002 δοκεῖν

414 1019 722 1090 χειροήθεις
780 1020 939 1079 εῖναι.
988 1028 1145 1082 Κατά
1186 1030 1242 1084 δὲ
1288 1032 1384 1101 τὴν
1434 1034 1681 1099 σύνταξιν
1729 1036 1823 1088 τοῦ
1880 1054 2010 1107 προ-

417 1108 589 1176 φήτου
642 1115 1081 1186 παραγενόμενος
1147 1120 1473 1192 Καλήμερος
1539 1124 1633 1177 ἐπὶ
1699 1126 1789 1179 τὸν
1836 1126 2008 1197 δηλω-

418 1197 580 1255 θέντα
603 1204 788 1269 τόπον,
832 1208 1033 1280 σπουδῇ
1064 1211 1155 1263 τοῦ
1186 1212 1347 1283 ἔργου
1379 1216 1571 1285 είχετο.
1611 1217 1749 1270 ’Υπὸ
1784 1218 1846 1272 δὲ
1893 1220 2008 1283 τοῖς

418 1296 837 1366 προειρημένοις
884 1300 1171 1371 συμϐόλοις
1203 1304 1677 1379 ἀνακαλυφθείσης
1718 1309 1817 1379 τῆς
1848 1312 1997 1378 ἱερᾶς

419 1384 628 1455 θήκης,
682 1391 923 1463 ἀνεφάνη
973 1397 1002 1447 ὁ
1034 1394 1175 1459 θεῖος
1221 1399 1529 1470 προφήτης,
1585 1400 1783 1473 λευκὴν
1816 1403 2007 1473 στολὴν

418 1477 809 1549 ἠμφιεσμένος,
860 1476 949 1537 οἷά
973 1502 1058 1553 γε,
1090 1481 1264 1556 οἶμαι,
1301 1490 1395 1542 καὶ
1420 1492 1599 1562 ίερεὺς
1644 1492 1718 1545 ῶν
1749 1511 1762 1524 ·
1815 1495 1917 1547 ὑπὸ
1950 1495 2005 1549 δὲ

415 1565 544 1630 τοὺς
593 1569 758 1633 πόδας
802 1572 966 1627 αὐτοῦ
1027 1575 1229 1643 ἔξωθεν
1282 1578 1382 1649 τῆς
1430 1579 1737 1651 λάρνακος,
1792 1585 2005 1638 παιδίον

416 1655 593 1711 ἔκειτο
615 1659 905 1733 βασιλικῆς
928 1664 1231 1738 ἠξιωμένον
1257 1670 1449 1740 ταφῆς.
1480 1666 1606 1743 Εἶχε
1639 1673 1739 1745 μὲν
1756 1677 1883 1746 γὰρ,
1909 1676 2003 1730 ἐπὶ

418 1747 518 1817 μὲν
544 1749 642 1820 τῆς
678 1754 943 1823 κεφαλῆς,
991 1758 1228 1827 χρυσοῦν
1277 1762 1542 1831 στέφανον
1572 1780 1585 1794 ·
1642 1768 1821 1837 χρυσᾶ
1850 1768 1907 1821 δὲ
1933 1770 2003 1823 τά

414 1837 756 1927 ὑποδήματα,
792 1844 886 1897 καὶ
918 1844 1015 1917 τὴν
1047 1848 1252 1919 ἐσθῆτα
1279 1854 1488 1922 τιμίαν.
1543 1854 1918 1927 ’Λπορούντων
1944 1859 2000 1913 δὲ

413 1925 525 1980 τῶν
550 1929 670 1983 τότε
706 1932 887 2001 σοφῶν
923 1936 1017 1990 καὶ
1051 1937 1240 2008 ἱερέων
1266 1943 1393 2013 περὶ
1421 1944 1611 1999 τούτου
1635 1925 1730 2000 τοῦ
1763 1948 1997 2016 παιδίου,
2034 1934 2078 1992 Β

413 2019 497 2084 τίς
524 2037 582 2074 τε
604 2021 693 2093 εἵη
723 2024 815 2078 καὶ
850 2025 1031 2089 πόθεν,
1064 2030 1157 2082 καὶ
1178 2023 1239 2085 οὗ
1268 2032 1427 2105 χάριν
1467 2034 1646 2090 τοιάδε
1697 2038 1995 2107 ἠμφίεστο,

412 2110 628 2180 λέγεται
673 2116 952 2189 Ζαχαρίαν
995 2120 1086 2174 τὸν
1140 2118 1444 2195 ἡγούμενον
1494 2128 1594 2197 τῆς
1638 2129 1696 2184 ἐν
1738 2131 1999 2202 Γεράροις

416 2207 712 2279 μοναχικῆς
741 2211 1035 2280 συνοικίας,
1074 2213 1305 2286 Ἐϐραίᾳ
1330 2221 1424 2272 καὶ
1452 2218 1658 2292 παλαιᾷ
1686 2228 1998 2293 περιτυχεῖν

412 2302 616 2370 γραφῇ,
638 2299 700 2353 οὐ
724 2300 832 2356 τῶν
854 2304 1395 2377 ἑκκλησιαζομένων.
1426 2310 1647 2382 Ἐδήλου
1671 2314 1725 2367 δὲ
1746 2314 1822 2377 ὡς
1838 2316 1998 2385 ἡνίκα

411 2390 684 2461 Ζαχαρίαν
712 2392 805 2447 τὸν
818 2398 1101 2469 προφήτην
1117 2399 1327 2453 ἀνεῖλεν
1379 2401 1533 2466 Ἰωάς
1552 2405 1581 2457 ό
1611 2403 1711 2473 τῆς
1739 2406 1998 2470 Ἰουδαίας

412 2480 793 2551 βασιλεὺς,οὑκ
812 2486 892 2549 είς
911 2487 1129 2556 μακρὰν
1162 2505 1226 2540 πε
1234 2490 1287 2559 pl
1310 2490 1401 2542 τὸν
1424 2487 1570 2545 οἶκον
1589 2492 1798 2565 χαλεπῇ
1836 2497 1999 2567 ἐχρή-

412 2586 541 2625 σατο
572 2577 846 2647 συμφορᾷ.
884 2576 1118 2652 Ἐδδόμῃ
1176 2579 1286 2651 γάρ
1318 2582 1500 2654 ἡμέρᾳ
1532 2584 1631 2655 τῆς
1658 2584 1995 2656 ἀναιρέσεως

409 2661 502 2715 τοῦ
532 2667 837 2737 προφήτου,
882 2668 1142 2741 ἐξαπίνης
1173 2672 1321 2743 αὑτῷ
1355 2674 1501 2745 μάλα
1543 2678 1937 2748 κεχαρισμένος
1970 2679 1998 2731 ὁ

408 2758 540 2819 παῖς
590 2756 877 2812 ἀπολώλει.
939 2760 1239 2832 Συμϐαλὼν
1287 2763 1343 2817 δὲ
1393 2764 1533 2818 κατά
1580 2766 1871 2839 Θεομηνίαν
1920 2769 1998 2841 ’.ᾦ

407 2846 636 2919 τοιούτῳ
663 2848 947 2921 παθήματι
975 2855 1315 2925 περιπεσεῖν,
1348 2854 1451 2909 ὑπὸ
1480 2857 1606 2921 τοὺς
1636 2858 1803 2924 πόδας
1828 2859 1994 2915 αὐτοῦ

406 2936 469 2991 τὸ
495 2939 776 3009 μειράκιον
807 2940 1025 3013 ἔθαψεν,
1055 2945 1491 3017 ἀπολογούμενος
1531 2947 1701 3024 ταύτῃ
1752 2951 1891 3019 ὑπὲρ
1920 2946 1997 3007 ὧν

407 3031 489 3093 είς
536 3031 700 3086 αὑτὸν
749 3034 989 3105 ἥμαρτε.
1043 3038 1153 3093 Καὶ
1182 3038 1249 3092 τὰ
1286 3040 1384 3110 μὲν
1425 3033 1527 3093 ὧδε
1577 3040 1769 3110 ἔγνων.
1831 3044 1889 3098 '0
1940 3045 1995 3098 δὲ

407 3123 717 3194 προφήτης,
750 3126 959 3198 καίπερ
1015 3128 1121 3200 πρὸ
1172 3130 1441 3184 πλείστων
1485 3133 1687 3201 γενεῶν
1738 3135 1842 3189 ὑπὸ
1894 3138 1995 3209 γῆν

405 3214 678 3285 κείμενος,
706 3216 843 3281 σῶος
871 3219 1135 3292 ἀνεφάνη,
1176 3220 1235 3274 έν
1263 3220 1380 3293 χρῷ
1405 3225 1767 3295 κεκαρμένος,
1799 3226 1995 3299 εὐθύρο

409 3309 512 3376 ρις,
543 3308 793 3375 γενειάδα
826 3309 1062 3381 μετρίως
1092 3290 1426 3383 καθειμένην
1465 3290 1624 3383 ἔχων,
1672 3314 1771 3385 τὴν
1814 3316 1871 3369 δὲ
1905 3290 1995 3368 κέ-
2025 3290 2069 3351 c

406 3397 581 3469 φαλὴν
632 3398 995 3472 βραχυτέραν,
1044 3402 1137 3455 καὶ
1180 3403 1305 3465 τοὺς
1344 3403 1660 3475 ὀφθαλμοὺς
1706 3405 1885 3476 ὀλίγον
1934 3407 1991 3461 ὲν

406 3490 559 3562 βάθει
587 3494 704 3557 ταῖς
736 3492 934 3567 ὀφρύσι
968 3494 1431 3565 καλυπτομένους.

2114 782 2229 820 rem
2260 766 2482 837 quidem
2522 768 2784 840 ligneam,
2821 771 3134 841 plumbeam
3166 788 3296 828 vero
3314 777 3635 829 exteriorem
3672 799 3685 833 :

2112 867 2164 911 et
2214 857 2364 913 circa
2408 873 2594 913 arcam
2641 874 2738 915 vas
2786 861 3021 915 vitreum
3063 876 3207 931 aqua
3243 865 3467 932 plenum
3500 883 3513 919 :
3546 865 3688 922 duos

2112 949 2246 1004 item
2288 964 2500 1022 angues
2531 952 2794 1007 mediocri
2842 955 3261 1024 magnitudine,
3318 958 3478 1012 mites
3522 968 3689 1025 atque

2112 1040 2412 1108 innoxios,
2446 1042 2522 1098 ita
2557 1049 2617 1097 ut
2662 1045 2937 1099 mansueti
2985 1062 3110 1102 esse
3158 1047 3470 1102 videantur.
3519 1048 3688 1119 Igitur

2109 1133 2430 1191 Calemerus
2470 1152 2537 1191 ex
2581 1137 2861 1207 prophetae
2896 1139 3155 1193 mandato
3188 1140 3254 1194 ad
3304 1141 3484 1195 locum
3531 1158 3687 1195 mon-

2108 1233 2345 1281 stratum
2389 1226 2668 1298 profectus
2691 1270 2705 1293 ,
2732 1245 2956 1284 manum
2992 1231 3145 1299 operi
3180 1230 3471 1287 admovere
3499 1234 3684 1301 cmpit.

2108 1318 2357 1390 Cumque
2386 1320 2546 1389 juxta
2577 1321 2735 1392 signa
2760 1338 2881 1393 qtne
2929 1339 3098 1393 supra
3144 1325 3471 1386 retulimus,
3528 1339 3686 1378 sacra

2107 1427 2272 1483 capsa
2303 1422 2492 1483 aperta
2530 1412 2768 1478 fuisset,
2807 1416 3067 1484 apparuit
3112 1415 3337 1469 divinus
3384 1415 3684 1484 propheta,

2107 1503 2229 1557 alba
2259 1512 2409 1559 veste
2438 1504 2663 1559 indutus
2684 1544 2699 1568 ,
2736 1506 2939 1575 quippe
2971 1509 3062 1575 qui
3096 1505 3356 1561 sacerdos
3387 1507 3551 1559 etiam
3576 1547 3590 1567 .
3630 1517 3689 1560 ut

2106 1593 2324 1663 opinor,
2376 1592 2595 1649 fuisset.
2630 1593 2805 1648 Porro
2857 1595 2961 1650 sub
3007 1594 3241 1665 pedibus
3293 1595 3480 1658 illius,
3534 1606 3688 1650 extra

2105 1698 2288 1738 arcam
2318 1692 2501 1741 tamen
2522 1727 2536 1749 ,
2567 1684 2750 1742 infans
2775 1685 2994 1755 jacebat
3024 1687 3169 1757 regia
3199 1687 3480 1755 sepultura
3513 1687 3691 1740 hono-

2105 1790 2276 1831 ratus.
2296 1774 2539 1830 Habebat
2559 1776 2705 1831 enim
2724 1790 2945 1831 auream
2965 1792 3227 1831 coronam
3258 1779 3313 1831 in
3338 1779 3520 1847 capite
3548 1797 3560 1832 :
3592 1794 3689 1831 au-

2105 1879 2193 1920 rea
2221 1863 2351 1919 item
2384 1862 2759 1920 ealceamenta
2781 1872 2835 1919 et
2860 1873 3062 1919 vestem
3091 1865 3410 1933 pretiosam.
3439 1864 3691 1933 Cumque

2108 1956 2387 2027 sapientes
2415 1964 2470 2012 et
2497 1956 2865 2012 sacerdotalis
2901 1957 3115 2011 ordinis
3148 1957 3249 2010 viri
3285 1958 3351 2011 de
3382 1957 3489 2010 hoc
3522 1972 3692 2025 puero

2107 2048 2482 2118 ambigerent,
2522 2048 2777 2118 quisnam
2809 2056 2863 2103 et
2893 2049 3038 2103 unde
3070 2055 3251 2111 esset,
3304 2056 3358 2103 et
3408 2062 3571 2117 quam
3619 2048 3691 2101 ob

2106 2153 2328 2194 causam
2358 2139 2636 2210 ejusmodi
2661 2147 2812 2195 veste
2835 2139 3072 2193 amictus
3094 2147 3277 2201 esset,
3303 2140 3459 2192 aiunt
3482 2138 3691 2213 Zacha-

2106 2232 2243 2285 riam
2273 2231 2368 2301 qui
2405 2238 2520 2285 tum
2557 2231 2900 2285 monasterio
2933 2231 2988 2283 in
3023 2230 3248 2285 Geraris
3292 2238 3555 2299 praeerat,
3603 2246 3694 2285 ve-

2106 2328 2313 2376 tustum
2345 2311 2636 2391 quemdam
2672 2319 3028 2375 Hebraeorum
3069 2322 3268 2377 librum
3293 2362 3307 2386 ,
3354 2338 3463 2377 non
3507 2331 3690 2377 tamen

2104 2412 2435 2467 canonicum
2458 2451 2474 2477 ,
2510 2410 2655 2467 forte
2690 2420 2915 2491 nactum
2945 2428 3091 2469 esse.
3129 2412 3412 2484 Scriptum
3460 2425 3581 2470 erat
3634 2416 3692 2469 in

2103 2520 2168 2560 eo
2198 2504 2341 2559 libro
2362 2542 2377 2568 ,
2415 2502 2549 2561 Joas
2574 2519 2757 2574 regem
2788 2503 3103 2559 Judteorum
3128 2546 3142 2571 ,
3192 2521 3318 2559 cum
3365 2506 3691 2561 Zachariam

2102 2595 2423 2666 prophetam
2478 2595 2900 2663 interfecisset,
2955 2612 3065 2651 non
3124 2598 3304 2651 multo
3360 2608 3484 2668 post
3541 2598 3691 2653 domi

2104 2686 2459 2742 acerbissima
2487 2687 2803 2741 calamitate
2832 2687 3154 2757 perculsum
3204 2686 3399 2742 fuisse.
3447 2685 3693 2758 Septimo

2102 2781 2247 2837 enim
2280 2780 2371 2837 die
2412 2789 2540 2852 post
2571 2796 2775 2837 .necem
2807 2781 3121 2852 pr0phetae,
3155 2780 3300 2836 filius
3333 2782 3436 2853 ipsi
3482 2782 3693 2851 jucun~

2103 2874 2365 2930 dissimus
2423 2875 2713 2945 repentina
2768 2882 2945 2929 morte
3000 2872 3511 2944 interiit.Cumque
3563 2888 3692 2929 eam

2102 2968 2469 3024 calamitatem
2523 2967 2619 3024 Dei
2668 2968 3044 3040 indignatione
3089 2966 3199 3023 sibi
3247 2967 3521 3023 invectam
3570 2982 3695 3022 esse

2102 3060 2439 3130 conjiceret,
2468 3075 2700 3130 puerum
2729 3062 2833 3117 sub
2877 3060 3108 3131 pedibus
3155 3058 3432 3129 prophetat
3474 3059 3692 3114 humari

2100 3154 2401 3223 pmcepit:
2441 3152 2543 3206 hoc
2596 3152 2761 3207 modo
2810 3150 3162 3207 satisfaciens
3193 3166 3293 3221 pro
3330 3151 3414 3208 his
3444 3167 3568 3223 quas
3596 3151 3696 3207 ad—

2101 3259 2299 3300 versus
2333 3244 2659 3314 prophetam
2695 3244 3071 3299 commiserat.
3106 3244 3284 3315 Atque
3314 3244 3433 3300 hzec
3466 3244 3692 3315 quidem

2102 3338 2178 3392 ita
2207 3338 2418 3408 accepi.
2452 3337 2729 3393 Caeterum
2779 3338 3077 3408 prophetes
3105 3380 3120 3406 ,
3152 3341 3281 3396 licet
3330 3339 3518 3394 multis
3567 3344 3696 3393 ante

2099 3432 2351 3487 auatibus
2379 3431 2483 3487 sub
2514 3438 2660 3485 terra
2691 3430 2949 3486 conditus
2979 3430 3201 3499 fuisset,
3242 3432 3459 3502 integer
3490 3431 3696 3485 nihilo-

2096 3523 2281 3577 minus
2334 3522 2623 3593 apparuit,
2674 3520 2743 3577 ad
2786 3530 2969 3577 cutem
3033 3530 3261 3586 tonsus,
3326 3536 3466 3576 naso
3502 3530 3690 3587 recto,

405 3600 581 3658 barba
654 3604 867 3659 modice
912 3606 1217 3675 promissa,
1265 3607 1443 3676 capite
1488 3608 1756 3674 breviore,
1811 3610 2000 3666 oculos
2058 3611 2264 3668 habens
2320 3611 2603 3682 paululum
2661 3625 2830 3667 cavos
2872 3619 2928 3666 et
2979 3610 3299 3681 superciliis
3327 3610 3600 3666 obtectos.

762 3726 941 3794 Τέλος
972 3726 1095 3781 σὺν
1127 3726 1203 3795 τῇ
1236 3728 1372 3798 ἁγίᾳ
1417 3728 1628 3796 Τριάδι.

2172 3730 2328 3789 Finis
2366 3748 2459 3803 ope
2492 3741 2649 3804 atque
2688 3732 2895 3788 auxilio
2938 3733 3297 3788 sanctissima:
3335 3731 3641 3786 Trinitatis.

1603 3905 1874 3963 VALESII
1907 3908 2458 3966 ANNOTATIONES.

406 3996 697 4073 _Sozome_ai
729 3999 932 4073 verbis,
961 4001 1199 4073 ἀγρότην
1230 4002 1541 4073 substituit,
1567 4003 1617 4057 id
1650 4015 1734 4058 est
1766 4004 1983 4073 agrico-

404 4069 549 4145 lam._
573 4069 1048 4145 Adquemlocum
1075 4069 1313 4127 Joannes
1340 4072 1559 4145 Langus
1600 4076 1767 4127 verba
1804 4069 1982 4129 Soco-

406 4140 903 4215 meni_adducens,
954 4145 1178 4215 exponit
1232 4140 1484 4215 servum'
1507 4145 1699 4215 glebae.
1732 4146 1894 4199 Certe
1935 4148 1985 4198 in

408 4208 533 4280 lege
568 4208 753 4279 unica,
776 4212 966 4267 codice
993 4208 1060 4267 de
1087 4214 1300 4267 colonis
1326 4208 1758 4280 Thracénsibus,
1797 4215 1989 4269 dicun-

406 4286 499 4352 tur
532 4283 673 4352 servi
709 4291 867 4337 terra:
895 4284 983 4336 cui
1021 4285 1135 4337 nati
1168 4293 1317 4347 sunt,
1346 4284 1473 4338 licet
1502 4287 1819 4340 conditione
1841 4288 1990 4352 inge-

407 4349 501 4423 nui
536 4350 863 4407 habeantur.
898 4353 1089 4423 Itaque
1146 4354 1338 4408 borum
1390 4364 1569 4412 status
1618 4356 1835 4411 medius
1874 4349 1992 4411 erat

406 4418 548 4492 inter
573 4423 837 4492 ingenuos
866 4433 921 4477 et
955 4418 1179 4489 servos.
1216 4434 1275 4479 ut
1319 4432 1553 4481 testatur
1583 4427 1669 4481 lex
1721 4427 1988 4492 secunda,

405 4490 595 4549 codice
637 4490 718 4548 Ίη
742 4494 932 4566 quibus
990 4497 1165 4550 causis
1225 4496 1417 4551 coloni.
1454 4496 1661 4553 Horum
1710 4497 1804 4553 alii
1838 4490 1998 4555 erant

2092 4007 2413 4090 griginari-i‘,
2445 4007 2534 4090 alii
2579 4007 2855 4090 inquilini,
2899 4008 3150 4090 utitlocet
3200 4007 3307 4088 lex.
3341 4008 3515 4076 prima
3548 4004 3693 4090 Cod;

2095 4076 2303 4131 Theod.
2344 4077 2420 4131 De
2450 4076 2669 4131 colonis.
2703 4078 3001 4148 Originarii
3035 4081 3193 4132 aliter
3240 4080 3403 4132 etiam
3459 4078 3686 4143 ascriptl

2095 4151 2377 4209 dicuntur.
2404 4164 2469 4203 eo
2502 4149 2645 4218 quod
2706 4150 2969 4203 censibus
3019 4150 3246 4217 ascripti
3326 4159 3516 4203 essent
3576 4162 3685 4197 una

2096 4236 2219 4271 cum
2256 4219 2403 4288 agris
2431 4235 2571 4288 quos
2594 4219 2869 4274 colebant.
2896 4219 3254 4274 Pessessorcs
3280 4226 3461 4272 autem
3494 4232 3683 4270 eorum

2100 4305 2247 4342 nunc
2276 4290 2508 4349 domini.
2546 4305 2691 4343 nunc
2728 4294 2941 4359 patroni
2979 4297 3249 4343 vocantur
3286 4292 3336 4341 in
3366 4288 3574 4359 codice.

2172 4360 2282 4428 (50)
2317 4360 2436 4428 Τὴν
2457 4359 2555 4413 ἐπὶ
2598 4357 2957 4427 Βιθθερέϐιν.
3002 4360 3058 4414 ln
3116 4359 3311 4415 codice
3378 4357 3687 4413 Fuketiano

2101 4432 2369 4501 scriptum
2402 4440 2486 4487 est
2515 4430 2864 4503 Βιθθερέμιν.
