4504 6576
403 436 538 493 163⁸1

398 563 454 631 et
484 553 881 631 quinquaginta
914 562 1302 631 episcoporum
1331 574 1360 612 a
1391 560 1592 629 quibus
1630 563 1966 631 Athanasius

400 625 920 713 inicomniunionem
950 625 1256 713 susceptus
1279 638 1386 694 est,
1413 625 1604 713 'dat'am
1647 630 1964 713 fuisse,__sed

399 697 620 770 nomine
663 705 949 770 et_rogatu
992 697 1222 755 alterius
1272 701 1468 770 synodi
1501 700 1786 757 Romanae.
1838 704 1968 758 Haec

396 775 482 820 est
513 765 746 843 _Bgi'unii
795 765 1167 843 ratiocinatio,
1222 765 1517 843 it_t_'videre
1555 779 1643 826 est
1689 773 1743 827 in
1796 774 1969 843 gestis

397 838 526 907 anni
560 836 841 907 Μίκων.
875 840 967 893 L7.
1000 841 1106 895 Sed
1138 838 1457 893 facillimum
1505 850 1591 895 est
1635 836 1825 897 cuivis
1844 859 1964 898 eam

395 904 661 978 refellere.
698 904 881 978 Primo
910 911 1054 964 enim
1085 923 1287 975 negare
1312 925 1632 978 possumus,
1654 910 1967 967 Orientales

397 975 608 1053 in_suis
648 976 721 1053 _ad
766 976 972 1053 Julium
1008 982 1207 1053 litteris
1236 975 1462 1047 questos
1490 980 1662 1037 fuisse
1695 983 1840 1053 quod
1873 984 1965 1036 ille

396 1045 760 1119 Athanasium
805 1050 859 1102 in
906 1045 1351 1103 communionem
1400 1045 1762 1119 suscepisset.
1804 1052 1965 1107 Certe

396 1116 453 1167 in
487 1124 601 1169 tota
641 1116 778 1192 Julii
819 1120 1051 1192 episiola
1083 1121 1289 1192 nullum
1326 1120 1447 1192 eius
1476 1116 1835 1192 querimoniae
1863 1138 1963 1192 ap-
2009 1151 2019 1165 ο

398 1195 553 1259 paret
588 1189 902 1259 vestigium.
930 1189 1227 1259 Conquesti
1259 1190 1477 1259 quidem
1515 1190 1736 1246 fuerant
1765 1189 1962 1247 Orien-

389 1257 536 1329 viales
583 1258 638 1312 in
686 1261 802 1313 suis
842 1257 1236 1329 litteris,'quod
1284 1258 1465 1314 Julius
1498 1270 1692 1316 contra
1719 1278 1962 1317 canones

399 1323 623 1398 iaceret.
661 1337 717 1382 et
754 1329 901 1398 quod
944 1323 1218 1382 flammam
1271 1330 1563 1385 discordia:
1600 1334 1962 1387 accendisset.

398 1393 504 1451 Sed
538 1397 606 1452 de
632 1393 1028 1454 communione
1078 1415 1202 1453 cum
1236 1400 1539 1455 Athanasio
1585 1403 1720 1456 inita
1751 1404 1961 1457 nullum

396 1468 626 1543 verbum
653 1469 744 1543 hic
778 1469 998 1543 legitur.
1040 1468 1278 1543 Excusat
1303 1472 1464 1543 etiam
1498 1487 1558 1526 se
1586 1470 1766 1528 Julius
1798 1488 1959 1543 papa,

395 1538 541 1612 quod
570 1536 830 1612 profugos
842 1536 1161 1612 episcopos
1176 1610 1181 1612 Α
1196 1540 1430 1612 benigne
1469 1544 1750 1611 exceperit
1768 1582 1782 1605 ,
1800 1536 1959 1612 ’τιιίοά

396 1605 632 1679 doluerit
660 1605 767 1679 una
801 1605 926 1661 cum
957 1605 1275 1679 dolentibus
1324 1605 1623 1675 fratribus;
1652 1615 1796 1679 quod
1832 1605 1960 1667 cum

396 1676 655 1732 ﬂentibus
694 1676 927 1749 ﬂeverit.
968 1677 1262 1749 Sedinihil
1292 1682 1529 1749 amplius
1556 1676 1712 1736 dicit.
1760 1680 1957 1737 Verum

396 1749 763 1818 concedamus
796 1747 1050 1813 Baronio,
1079 1746 1400 1803 Orientales
1432 1754 1723 1818 episcopos
1755 1753 1809 1805 in
1843 1752 1961 1807 suis

397 1816 698 1890 ad‘Julium
739 1818 935 1890 litteris
974 1818 1298 1890 nominatim
1326 1816 1554 1888 questos
1609 1816 1780 1876 fuisse
1812 1822 1959 1890 quod

395 1887 771 1961 Athanasium
806 1888 860 1941 in
910 1887 1357 1961 communionem
1414 1906 1567 1943 suam
1634 1887 1953 1961 recepisset.

395 1954 536 2020 Quid
567 1957 721 2011 tum?
746 1958 826 2030 An
850 1973 915 2011 ex
939 1971 1006 2011 eo
1034 1958 1301 2030 Sequitur,
1327 1962 1617 2030 epistolam
1648 1954 1775 2014 Julii
1809 1976 1959 2030 papae

394 2043 505 2082 non
535 2043 660 2082 esse.
684 2028 947 2098 scriptam
982 2029 1206 2082 nomine
1236 2028 1428 2098 synodi
1468 2029 1726 2085 Romanae
1765 2028 1823 2084 in
1850 2028 1956 2098 qua

393 2098 732 2153 Athanasius
763 2097 940 2151 fuerat
964 2097 1297 2152 absolutus?
1330 2100 1551 2154 Minime
1576 2104 1821 2154 omnino.
1858 2097 1959 2155 De-

392 2176 589 2236 ceptus
636 2168 893 2239 nimirum
942 2176 1027 2222 est
1077 2168 1345 2223 Baronius
1388 2182 1441 2223 et
1480 2172 1796 2239 quicunque
1828 2188 1955 2225 eum

392 2241 564 2292 secuti
609 2247 757 2294 sunt.
788 2238 916 2292 dum
966 2239 1286 2293 existimant
1336 2238 1957 2295 Athanasiumrnonnisi

392 2307 448 2362 itt
482 2308 691 2378 synodo
727 2307 972 2361 Romana
1014 2319 1332 2377 susceptum
1386 2309 1557 2365 fuisse
1603 2313 1655 2365 in
1713 2328 1959 2365 commu-

393 2380 635 2432 nionem.
660 2379 816 2443 Quod
844 2393 945 2448 ego
980 2394 1088 2431 non
1126 2379 1291 2432 modo
1322 2379 1544 2440 falsum,
1582 2382 1675 2435 sed
1706 2383 1777 2435 ab
1806 2381 1956 2435 omni

392 2450 605 2502 ratione
640 2449 877 2521 alienum
911 2463 1036 2503 esse
1077 2449 1356 2521 existimo.
1392 2452 1678 2505 Sexdecim
1714 2453 1959 2521 integros

393 2534 607 2573 menses
653 2519 838 2572 Romae
873 2520 1179 2586 permansit
1224 2519 1582 2583 Athanasius,
1614 2519 1960 2575 adversario-

382 2604 511 2642 rum
556 2604 789 2660 suotinm
853 2588 1145 2642 adventum
1211 2602 1583 2657 exspectans,
1662 2602 1955 2660 antequam

390 2659 640 2731 synodus
676 2658 919 2731 Romana
966 2674 1190 2731 causam
1239 2662 1412 2728 ipsius
1458 2658 1836 2731 cognosceret.
1874 2664 1956 2715 An

392 2730 561 2797 igitur
600 2730 866 2783 credibile
911 2740 1018 2789 est,
1056 2727 1271 2781 Julium’
1298 2746 1494 2800 papam
1529 2727 1644 2785 ioto
1676 2732 1768 2785 illo
1818 2740 1957 2784 tem-

389 2814 525 2869 pore
571 2814 600 2852 a
637 2801 1025 2853 communione
1054 2800 1335 2855 Athanasii
1368 2803 1748 2855 abstinuisse?
1792 2802 1956 2871 Atqui

389 2878 580 2925 contra
615 2880 698 2923 est
725 2871 840 2938 ipse
867 2870 1222 2931 Athanasius,
1266 2872 1357 2939 qui
1393 2872 1445 2924 in
1484 2872 1839 2939 Apologetico
1888 2870 1957 2925 ad

389 2942 775 3008 imperatorem
825 2939 1211 2993 Constantium
1264 2942 1467 2994 diserte
1518 2943 1735 3007 scribit,
1773 2958 1832 2995 se
1871 2959 1959 2995 ve-

388 3012 540 3065 nisse
586 3010 811 3062 Romam
864 3020 923 3063 ut
972 3026 1031 3062 se
1080 3026 1290 3077 suaque
1338 3012 1524 3064 omnia
1580 3013 1837 3066 Ecclesia:
1883 3014 1957 3064 illi

388 3080 777 3135 committeret.
817 3079 931 3142 Quo
958 3081 1165 3147 quidem
1197 3089 1444 3146 tempore,
1478 3083 1676 3150 inquit,
1711 3084 1958 3135 assiduus

387 3167 532 3204 erant
559 3150 615 3202 in
645 3150 952 3219 synaxibus.
980 3151 1037 3201 Si
1070 3152 1124 3203 in
1156 3154 1456 3219 synaxibus
1487 3150 1669 3206 Romae
1698 3155 1959 3207 assiduus

387 3230 508 3275 erat
536 3220 891 3278 Athanasius.
919 3235 1051 3290 ergo
1084 3237 1208 3274 cum
1237 3222 1497 3290 episcopo
1528 3222 1773 3276 Romano
1803 3240 1957 3276 com-

389 3292 726 3345 municabat.
777 3291 981 3343 Deinde
1012 3289 1192 3345 Julius
1228 3306 1366 3359 papa
1406 3289 1458 3346 et
1498 3294 1857 3347 Athanasium
1904 3304 1959 3346 et

385 3361 507 3431 ejus
531 3362 883 3431 adversarios
912 3360 1140 3413 Romam
1176 3360 1242 3413 ad
1266 3377 1496 3431 causam
1527 3363 1814 3417 dicendam
1841 3379 1959 3418 evo-

386 3441 632 3485 caverat.
684 3430 799 3484 Non
837 3434 1018 3499 potuit
1066 3431 1231 3499 igitur
1256 3430 1436 3485 Julius
1466 3441 1594 3488 ante
1636 3449 1819 3487 causa
1862 3448 1959 3487 co-

377 3502 711 3569 gnitionem,
740 3500 1025 3572 Athanasii
1069 3503 1515 3555 communionem
1569 3502 1840 3572 refugere,
1892 3520 1960 3558 ne

386 3572 765 3641 praeiudicium
791 3586 973 3641 causa:
1003 3569 1225 3641 faceret.
1250 3572 1303 3624 ld
1337 3574 1480 3625 enim
1512 3569 1787 3641 mquitatis
1818 3576 1960 3627 ratio

382 3658 496 3697 non
533 3642 763 3711 patitur.
805 3640 868 3693 Et
906 3640 1089 3711 Juiins
1122 3641 1341 3708 quidem
1374 3658 1498 3694 cum
1538 3640 1829 3697 Athanasii
1864 3647 1961 3696 ad-

383 3714 668 3775 versariis,
700 3726 937 3780 cumque
974 3710 1207 3763 Eusebio
1241 3715 1362 3779 ipso
1396 3716 1841 3767 communionem
1875 3716 1957 3767 lo-

382 3784 570 3845 vehat,
602 3783 802 3850 quippe
849 3782 943 3850 qui
973 3791 1028 3833 et
1068 3796 1257 3834 eorum
1293 3782 1503 3834 litteras
1545 3784 1868 3851 accipiebat,
1906 3794 1959 3836 et

384 3853 452 3906 ad
491 3853 642 3923 ipsos
672 3855 919 3923 vicissim
954 3852 1251 3904 scribebat.
1278 3851 1393 3923 Cur
1428 3868 1558 3923 ergo
1605 3853 1747 3907 idem
1781 3852 1957 3907 Julius

386 3917 771 3977 inclementior
822 3922 1017 3976 fuisset
1050 3936 1177 3989 erga
1211 3917 1600 3985 Athanasium,
1658 3928 1955 3991 praesertim

385 4008 511 4047 cum
540 3993 629 4047 ille
653 3992 782 4046 Julii
818 4007 969 4063 papa:
1004 3992 1215 4063 litteris,
1236 4000 1501 4046 evocatus
1534 3996 1717 4047 statim
1748 3997 1958 4061 paruis-

384 4072 491 4121 set.
527 4073 581 4117 et
622 4064 688 4117 ad
714 4062 854 4117 diem
886 4064 1088 4116 dictam
1123 4062 1410 4123 adfuisset,
1443 4064 1779 4118 adversariis
1804 4065 1956 4131 judi-

384 4136 533 4188 cium
574 4132 834 4187 Romanaz
865 4134 1011 4187 sedis
1041 4132 1508 4186 detrectantibus?
1531 4135 1699 4199 Atqui
1732 4136 1957 4203 presby-

385 4213 537 4258 teros
573 4204 751 4272 ipsius
799 4203 1108 4272 Athanasii,
1139 4218 1276 4269 quos
1310 4204 1374 4254 ad
1415 4204 1741 4257 refellendas
1788 4204 1955 4257 Euse-

384 4271 676 4327 bianorum
727 4274 1035 4327 calumnias
1082 4271 1305 4325 Romam
1355 4276 1519 4340 paulo
1557 4284 1683 4327 ante
1732 4276 1955 4329 miserat

382 4346 743 4409 Athanasius,
774 4343 952 4395 Julius
988 4342 1221 4410 benigne
1264 4354 1576 4411 exceperat,
1608 4354 1661 4397 et
1695 4345 1761 4397 ad
1808 4360 1957 4397 com-

383 4416 701 4467 munionem
740 4430 895 4467 suam
944 4414 1259 4465 admiserat.
1311 4413 1364 4464 Id
1413 4415 1560 4466 enim
1613 4415 1728 4481 ipse
1774 4414 1955 4471 Julius

384 4488 523 4539 satis
572 4497 759 4551 aperte
795 4484 1069 4549 significat
1124 4484 1173 4533 in
1231 4482 1470 4550 Epistola
1511 4484 1582 4535 ad
1631 4484 1951 4538 Orientales.

383 4554 514 4619 Qua:
546 4556 711 4625 igitur
738 4569 908 4608 causa
941 4568 1061 4607 esse
1091 4554 1285 4621 potuit,
1316 4556 1669 4625 quamobrem
1700 4557 1954 4623 praisenti

382 4623 686 4680 Athanasio
723 4626 863 4679 idem
908 4640 1016 4675 non
1052 4626 1374 4692 prtestaret?
1399 4623 1684 4678 Postremo
1712 4626 1955 4678 Athana-

384 4697 502 4750 sius
554 4697 607 4749 in
651 4696 914 4764 Apologia
961 4694 1201 4747 secunda
1257 4693 1531 4749 adversus
1580 4695 1839 4760 Arianos,
1889 4698 1955 4751 de

383 4766 595 4833 synodo
638 4764 883 4819 Romana
936 4764 1187 4833 loquens,
1241 4765 1531 4833 perspicue
1563 4765 1810 4819 declarat
1852 4766 1954 4819 Ec-

381 4835 608 4891 clesiam
638 4835 940 4889 Romanam
966 4850 1179 4902 semper
1191 4850 1314 4888 cum
1340 4836 1458 4903 ipso
1487 4840 1948 4891 communicasse.

379 4906 499 4961 Non
514 4908 657 4978 enim
677 4907 808 4959 dicit
840 4906 1230 4973 quinquaginta
1262 4908 1552 4978 episcopos
1592 4907 1684 4975 qui
1715 4908 1782 4960 ad
1826 4924 1953 4978 syn-

378 4980 543 5030 odum
588 4974 883 5029 Romanam
937 4985 1323 5038 convenerant,
1370 4974 1547 5044 ipsum
1589 4978 1657 5030 ad
1706 4974 1953 5031 commu-

378 5049 599 5101 nionem
641 5047 988 5115 suscepisse,
1043 5048 1134 5099 sed
1182 5049 1622 5100 communionem
1666 5062 1791 5099 cum
1833 5049 1952 5117 ipso

380 5126 433 5171 et
463 5119 790 5170 charitatem
816 5119 933 5169 suis
956 5119 1649 5187 sententiisconfirmasse.
1678 5116 1798 5170 Jam
1824 5116 1951 5187 ergo

381 5194 543 5241 antea
582 5203 705 5240 cum
742 5188 859 5254 ipso
903 5186 1403 5241 communieabant.
1440 5186 1614 5241 Verba
1665 5186 1949 5243 Athanasii

381 5258 497 5329 haec
522 5266 679 5312 sunt:
712 5259 822 5329 Καὶ
842 5256 1125 5329 ἐκύρωσαν
1154 5260 1232 5317 εἰς
1273 5259 1418 5325 ἡμᾶς
1447 5260 1546 5329 τήν
1583 5275 1640 5309 τε
1668 5260 1950 5311 κοινωνίαν

381 5328 475 5380 καὶ
513 5330 612 5398 τὴν
656 5328 902 5398 ἀγάπηνἑ
947 5328 1004 5380 In
1061 5328 1298 5395 Epistula
1356 5328 1509 5381 vero
1546 5330 1613 5381 ad
1671 5331 1949 5385 solitarios

380 5396 626 5465 ejusdem
652 5400 847 5467 synodi
874 5396 1133 5450 Romana:
1160 5400 1490 5451 sententiam
1524 5400 1691 5453 refert
1718 5401 1802 5453 his
1832 5416 1951 5453 ver-

381 5468 495 5523 bis:
541 5469 717 5536 Ἠμᾶς
758 5469 813 5520 δὲ
846 5468 1191 5533 ἀπεδέξαντο,
1220 5468 1313 5520 καὶ
1350 5472 1446 5537 τὴν
1482 5471 1617 5539 πρὸς
1654 5473 1801 5539 ἡμᾶς
1831 5488 1947 5523 κοι-

382 5540 575 5591 νωνίαν
606 5540 900 5607 ἠγάπησαν
921 5580 935 5601 ,
982 5540 1032 5591 id
1065 5547 1171 5600 est,
1205 5554 1309 5593 nos
1336 5550 1515 5591 autem
1556 5544 1943 5609 probaverunt,

381 5620 434 5662 et
470 5611 913 5682 communionem
969 5609 1257 5682 nobiscum
1309 5610 1581 5682 foverunt.
1638 5610 1764 5664 Ruit
1819 5628 1947 5682 ergo

385 5680 634 5731 funditus
680 5688 789 5732 tota
843 5679 1069 5749 liaroniii
1104 5681 1529 5748 argumentatio,
1570 5698 1675 5749 qua
1715 5679 1947 5749 probare

386 5751 579 5803 nititur
609 5750 746 5803 duas
784 5748 1022 5821 synodos
1053 5748 1327 5821 Romanas
1354 5748 1776 5821 distinguendas
1801 5769 1941 5815 esse,

384 5830 436 5893 et
472 5820 759 5889 epistolam
791 5819 919 5893 Julii
956 5835 1105 5889 papae
1148 5820 1212 5871 ad
1258 5819 1621 5893 posteriorem
1675 5823 1943 5893 synodum

389 5890 681 5944 Romanam
733 5891 1027 5959 pertinere,
1056 5906 1164 5946 non
1203 5892 1267 5945 ad
1298 5894 1536 5961 priorem
1580 5890 1726 5946 illam
1756 5895 1809 5947 in
1838 5910 1944 5954 qua

1730 440 2215 502 OBSERVATION
2224 447 2329 503 ES.

3518 455 3657 514 1638

2073 566 2365 646 absolutus
2403 567 2582 646 iuerat
2617 572 2975 646 Athanasius.
3009 575 3189 646 Atque
3238 575 3352 631 lucc
3403 575 3654 633 sullicere

2070 645 2328 703 poterant
2355 638 2425 693 ad
2455 643 2808 697 evertendam
2837 644 3058 701 Baronii
3086 638 3652 702 sententiam.Verum

2070 720 2140 780 ne
2166 710 2342 780 solitis
2376 710 2666 767 Athanasii
2719 715 3035 770 testimonio
3084 718 3182 770 niti
3215 719 3427 780 videar,
3476 717 3653 780 ipsius

2068 776 2411 862 eti_am_Juli_i
2466 786 3113 862 papaaiaiuctoritatejd
3165 776 3441 862 evincam'.
3494 776 3543 862 is
3594 788 3651 862 in

2067 849 2302 924 epistola
2342 849 2409 924 ad
2462 849 2794 916 Orientales,
2833 870 2957 924 pag.
3011 856 3139 919 745,
3188 857 3448 911 editionis
3494 856 3650 911 Pari-

2068 918 2295 997 siensis.
2328 919 2535 997 diserte
2580 918 2929 997 tesmtur'se'
2968 918 3133 979 totius
3177 927 3373 997 synodi
3426 927 3652 981 nomine

2067 985 2135 1038 ad
2173 993 2322 1055 ipsos
2362 992 2628 1065 scribere,
2686 995 2938 1065 quamvis
2973 1010 3081 1048 non
3130 985 3381 1050 om'nium
3431 997 3650 1065 episco-

2067 1069 2286 1135 porum,
2325 1060 2419 1114 sed
2469 1062 2665 1135 solum
2695 1060 2869 1135 ipsius
2900 1078 3098 1119 nomen
3136 1067 3335 1122 litteris
3366 1060 3645 1135 praeﬁxum

2067 1126 2327 1204 sit.__Nam_
2350 1139 2404 1184 et
2428 1126 2796 1204 cumpriores
2823 1134 3037 1188 litteras
3070 1135 3137 1189 ad
3165 1136 3316 1204 ipsos
3348 1126 3646 1197 scriberet,

2065 1197 2273 1270 quibus
2317 1202 2467 1267 ipsos
2516 1197 2599 1255 ad'
2637 1204 2906 1270 synodum
2946 1197 3234 1267 evocabat,
3286 1222 3347 1262 se
3394 1206 3645 1260 omnium

2064 1263 2509 1344 Occidentalium
2543 1263 2765 1344 nomine
2792 1274 3119 1341 scripsisse:
3161 1263 3232 1327 Et
3253 1292 3412 1337 nunc,
3447 1277 3642 1344 inquit.

2063 1337 2307 1412 condicto
2337 1338 2421 1393 die
2450 1358 2630 1395 omnes
2660 1337 2966 1411 adfuerunt,
3002 1354 3049 1397 et
3097 1345 3328 1412 ejusdem
3375 1337 3647 1399 sententia:

2064 1423 2251 1485 omne:
2273 1409 2441 1485 fuere,
2469 1409 2766 1485 qttamieg'o
2805 1416 2993 1466 iterum
3028 1409 3167 1468 vobis
3196 1416 3429 1469 scribens
3474 1418 3645 1485 signi-

2063 1477 2181 1553 ﬁco.
2213 1477 2355 1543 Quid
2389 1477 2489 1535 his
2508 1477 2905 1553 verbis-potest
2948 1500 3071 1539 esse
3118 1486 3465 1541 manifestius
3488 1477 3646 1538 ?'Ait

2062 1545 2245 1602 Julius
2272 1564 2464 1604 omnes
2488 1545 2778 1621 episcopos
2811 1551 3057 1608 adfuisse
3092 1553 3155 1605 ad
3188 1554 3332 1607 diem
3372 1556 3646 1608 constitu-

2062 1626 2177 1694 tum
2214 1622 2623 1694 quosynodum
2653 1623 3243 1694 itidixerat._Potestne
3271 1626 3336 1676 de
3362 1626 3471 1677 alia
3511 1641 3645 1694 syno

2060 1687 2169 1764 otio
2221 1688 2273 1741 id
2318 1687 2567 1764 intelligi
2617 1708 2782 1758 quam
2841 1691 2909 1764 de
2962 1692 3209 1746 Romana
3266 1696 3362 1764 illa
3419 1697 3472 1747 in
3526 1687 3637 1764 qua

2059 1758 2402 1813 Athanasius
2444 1758 2667 1814 auditus
2722 1771 2776 1815 et
2828 1762 3118 1816 absolutus
3179 1766 3305 1817 est?
3336 1758 3643 1818 Ostendam

2062 1826 2234 1901 igitur
2256 1829 2555 1901 adversarii
2590 1832 2820 1884 alteram
2846 1833 3116 1899 synodum
3146 1848 3308 1901 quam
3341 1832 3526 1886 Romae
3560 1835 3645 1886 in-

2059 1897 2260 1949 dixerit
2295 1896 2517 1969 Juiius;
2567 1901 2660 1953 sed
2714 1896 2961 1969 profecto
3013 1896 3297 1969 nunquam
3351 1904 3643 1958 ostendere

2059 1974 2341 2089 poterunt.
2372 1967 2637 2024 Praeterea
2660 1967 3007 2026 additJulius
3031 1987 3089 2026 se
3125 1967 3208 2027 his
3236 1974 3640 2041 posterioribus

2084 2036 2266 2089 itteris
2316 2040 2645 2089 sententiam
2686 2042 2834 2089 illius
2886 2043 3079 2089 svnodi
3124 2043 3503 2089 Orientalibus
3561 2048 3640 2089 si-

2084 2036 2266 2111 itteris
2316 2040 2645 2111 sententiam
2685 2042 2834 2094 illius
2886 2043 3081 2111 synodi
3124 2036 3503 2097 Orientalibus
3561 2048 3640 2097 si-

2057 2105 2339 2178 gnificare.
2378 2110 2619 2178 ldipsum
2648 2120 2733 2164 est
2756 2112 2901 2178 quod
2917 2105 3098 2167 'antea
3132 2113 3346 2166 dixerat
3391 2113 3640 2166 Athana-

2058 2178 2199 2253 sius,
2247 2176 2475 2253 Julium'
2508 2195 2703 2248 papam
2749 2176 2996 2253 rogatum
3048 2198 3172 2237 esse
3212 2197 3260 2253 ia
3316 2184 3527 2253 synodo
3581 2192 3642 2234 ut

2057 2245 2756 2321 Orientalibusseriberet.
2799 2245 2960 2321 Vides
3002 2268 3164 2321 quam
3209 2245 3363 2307 beue'
3389 2254 3533 2307 inter
3580 2268 3641 2306 se

2056 2319 2389 2371 conveniant
2424 2320 2709 2373 Athanasii
2758 2333 2811 2373 et
2857 2318 2985 2374 Julii
3020 2318 3374 2384 testimonia;
3413 2323 3549 2377 adeo
3580 2331 3641 2375 ut

2056 2385 2329 2442 Baronius
2354 2390 2447 2457 qui
2479 2390 2575 2444 has
2605 2389 2736 2443 Julii
2780 2392 2996 2446 litteras
3030 2392 3097 2446 ad
3124 2390 3437 2448 Orientales
3478 2394 3639 2447 datas

2056 2467 2374 2531 essenegat
2402 2468 2524 2528 post
2553 2462 2823 2530 synodum
2859 2460 3165 2516 Romanam
3190 2463 3247 2516 in
3277 2479 3387 2531 qua
3410 2463 3637 2516 auditus

2056 2535 2142 2581 est
2174 2528 2536 2602 Athanasius,
2569 2528 2679 2602 non
2712 2532 2816 2585 soli
2850 2532 3177 2597 Athanasio,
3218 2528 3313 2587 sed
3354 2534 3459 2602 ipsi
3491 2531 3639 2588 Julio

2058 2612 2213 2667 papa:
2236 2597 2503 2669 refragari
2535 2600 2808 2656 videatur.

2710 2691 2864 2745 CAP.
2890 2691 2977 2746 Vl.

2062 2776 2252 2832 Utrum
2308 2779 2633 2855 Athanasius
2685 2781 2787 2855 bis_
2810 2781 3030 2835 Romam
3084 2786 3298 2839 venerit.
3359 2784 3639 2855 Refellitur

2402 2852 2644 2906 Socratis
2670 2862 2719 2905 et
2749 2851 2968 2906 Baronii
3002 2858 3277 2909 sententia.

2128 2938 2396 2996 Baronius
2476 2943 2528 2994 in
2616 2942 2911 2997 Annalibus
2991 2948 3369 3001 ecclesiasticis
3444 2950 3633 3003 scrihit

2055 3009 2417 3088 Athanasium
2468 3024 2591 3088 post
2647 3013 2912 3088 judicium
2959 3017 3166 3088 synodi
3197 3018 3470 3088 Romamn
3526 3036 3637 3088 quo

2057 3094 2087 3132 a
2141 3083 2623 3136 criminationibus
2686 3083 3131 3137 adversariorum
3187 3087 3359 3142 fuerat
3414 3083 3636 3144 abso-ln-

2057 3157 2168 3224 ios,
2212 3153 2415 3224 statim
2456 3153 2842 3205 Alexandriam
2897 3156 3184 3224 navigasse
3233 3173 3377 3212 anno
3420 3160 3632 3213 Domini

2058 3220 2194 3294 541.Δ
2219 3223 2302 3275 vel
2335 3222 2439 3276 sub
2475 3224 2856 3294 initium_anni
2898 3220 3226 3294 342fldque
3262 3227 3505 3283 Socratis
3536 3246 3635 3284 au-

2057 3291 2319 3367 ctoritate
2348 3298 2663 3367 conhrmat.‘
2694 3291 3010 3367 l’aulopost
3030 3291 3157 3367 vero
3182 3312 3307 3350 cum
3335 3297 3634 3367 Gregorius

2058 3362 2281 3414 militari
2315 3378 2480 3417 manu
2516 3362 2835 3417 succinctus
2862 3362 3293 3419 Alexandrinam
3329 3362 3631 3423 Ecclesiam

2056 3441 2407 3499 occupasset,
2440 3433 2637 3485 iterum
2692 3432 2919 3485 Romam
2971 3437 3208 3491 venisse.
3249 3436 3469 3491 Baronii
3508 3455 3636 3493 sen-

2057 3502 2285 3555 tentiam
2322 3511 2543 3557 secutus
2576 3510 2659 3555 est
2696 3501 2949 3558 Petavius
2998 3515 3185 3559 noster
3216 3506 3269 3559 in
3306 3506 3621 3562 Rationario

2059 3580 2371 3646 temporum,
2400 3572 2715 3646 Blondellits
2746 3573 2969 3646 in_libro
3004 3574 3075 3627 De
3116 3578 3349 3642 printatu
3380 3596 3551 3646 papw,
3579 3590 3634 3635 et

2056 3644 2146 3694 alii
2179 3642 2290 3695 fere
2319 3656 2530 3699 omnes.
2567 3642 2768 3710 quibus
2799 3641 3057 3698 Socrates
3086 3641 3277 3699 ausam
3311 3641 3523 3702 erroris
3551 3650 3633 3701 vi-

2056 3710 2219 3783 detur
2254 3713 2577 3779 prtebuisse.
2616 3710 2813 3783 Verum
2858 3714 3195 3769 Athanasius
3226 3715 3342 3783 ipse
3373 3718 3422 3772 id
3458 3720 3630 3771 niani-

2059 3781 2354 3856 iestissime
2388 3782 2609 3856 refellit.
2648 3782 2783 3856 Cum
2813 3786 2957 3856 enim
2992 3784 3044 3856 iii
3091 3781 3396 3841 libris—suis
3426 3790 3630 3856 saepius

2058 3852 2272 3905 locutus
2314 3855 2385 3904 sit
2434 3852 2501 3905 de
2536 3868 2632 3905 sua
2685 3853 2738 3905 in
2776 3855 2962 3906 urbem
3001 3854 3227 3924 Romam
3268 3852 3627 3924 profectione,

2056 3924 2222 3976 semel
2259 3930 2471 3975 tantum
2503 3924 2572 3975 ah
2605 3924 2742 3976 urbe
2776 3924 3142 3977 Alexandrina
3186 3923 3409 3978 Romam
3449 3945 3507 3981 se
3538 3946 3629 3981 ve-

2056 3993 2455 4064 nissc_scribit.
2495 3992 2737 4045 Primum
2768 3994 2817 4044 in
2849 3993 3199 4062 Apologetico
3230 3996 3294 4047 ad
3333 3997 3629 4064 imperato-

2056 4078 2167 4115 rem
2202 4062 2611 4125 Constantiutu,
2653 4066 2995 4131 respondens
3028 4066 3321 4118 calumniis
3370 4062 3628 4121 adversa-

2057 4135 2259 4185 riorum
2293 4134 2387 4201 qui
2432 4134 2609 4201 ipsntn
2647 4134 2786 4201 apud
2826 4134 3210 4201 imperatorem
3239 4136 3624 4191 Constantiunt

2055 4214 2468 4274 accusaverunt,
2504 4203 2650 4271 quod
2684 4204 3039 4259 Constantem
3079 4206 3384 4274 Augustum
3429 4207 3626 4263 adver-

2054 4287 2150 4325 sus
2208 4273 2431 4327 fratrem
2468 4274 2585 4327 suis
2638 4275 2986 4328 sermonibus
3039 4273 3417 4340 excitavisset,
3450 4278 3527 4331 ait
3564 4293 3625 4332 se

2056 4342 2360 4411 profectum
2386 4343 2732 4408 Alexandria,
2760 4360 2867 4397 non
2897 4345 2962 4398 ad
2990 4346 3312 4400 comitatum
3351 4347 3624 4402 Constan-

2055 4415 2127 4469 tis
2172 4416 2450 4486 Augusti,
2480 4415 2571 4486 sed
2621 4414 2983 4486 llomainiter
3018 4414 3249 4471 fecisse:
3283 4432 3519 4486 cumque
3563 4433 3624 4474 se

2054 4500 2263 4551 suaque
2309 4484 2490 4536 omnia
2532 4483 2793 4537 Ecclesiae
2835 4485 2909 4537 illi
2961 4483 3443 4549 commendasset,'
3482 4489 3623 4542 assi-

2052 4556 2220 4607 duum
2268 4552 2441 4608 fuisse
2488 4554 2541 4605 in
2590 4555 2835 4609 collectis
2875 4563 2929 4609 et
2969 4559 3329 4611 conventibus
3357 4557 3623 4611 ecclesia-

2053 4625 2229 4679 sticis.
2262 4624 2471 4689 Quarto
2502 4624 2700 4678 deinde
2730 4634 2850 4692 post
2881 4640 3025 4679 anno
3058 4627 3259 4681 litteris
3301 4627 3622 4681 Constantis

2053 4696 2279 4763 Augusti
2323 4692 2492 4746 Roma
2528 4701 2814 4747 evocatum
2843 4710 2901 4749 se
2935 4712 3057 4750 esse
3084 4696 3471 4752 Mediolanum.
3513 4696 3621 4752 Sed

2052 4766 2237 4820 Gt'zeca
2285 4766 2446 4818 verba
2493 4764 2672 4837 ipsius
2716 4765 3002 4819 Athanasii
3042 4777 3265 4834 praestat
3312 4782 3613 4837 apponere,

2051 4837 2251 4906 quippe
2297 4850 2417 4906 qua:
2443 4834 2766 4906 sententiam
2823 4846 3067 4889 nostram
3120 4834 3619 4906 apertius—confir-

2052 4902 2221 4959 litant.
2267 4902 2450 4977 Tum
2499 4904 2675 4977 τοίννν
2718 4906 2765 4956 εἰ
2818 4906 2910 4977 καὶ
2962 4906 3120 4959 ἱκανὰ
3155 4902 3299 4977 ῖπρὸς
3350 4907 3620 4971 ἀπόδειξίν

2050 4978 2184 5038 ἐστι,
2221 4974 2592 5046 συγχώρησον
2617 4974 2763 5046 ὅμως
2813 4975 3170 5046 διηγήσασθαι
3214 4974 3348 5040 ὅλως
3391 4979 3482 5031 καὶ
3531 4979 3622 5031 τὸν

2050 5046 2306 5115 λογισμὸν
2342 5044 2440 5112 τῆς
2465 5044 2793 5112 ἀποδημίας,
2828 5044 2893 5097 id
2922 5044 3002 5100 est
3030 5065 3042 5099 :
3086 5046 3213 5099 lla'c
3242 5048 3449 5115 quidem
3476 5048 3619 5116 su/ﬁ-

2051 5120 2193 5170 ciunt
2222 5132 2315 5183 pro
2347 5116 2822 5187 demonstratione:
2854 5118 2941 5169 sed
2984 5131 3156 5170 tamen
3189 5130 3386 5182 patere,
3418 5134 3617 5187 quwso,

2051 5199 2105 5240 ut
2158 5189 2319 5240 totius
2368 5185 2709 5254 profectionis
2760 5202 2887 5238 mea:
2933 5188 3025 5238 tibi
3068 5190 3321 5240 rationem
3373 5185 3615 5252 reddant,

2048 5277 2150 5329 quo
2188 5273 2687 5329 cognoscasiquam
2716 5264 2902 5329 temere
2946 5274 3024 5309 me
3076 5259 3465 5329 calumnieniur
3517 5261 3616 5310 ad-

2050 5326 2294 5382 uersarii.
2368 5328 2602 5395 Subjicit
2658 5326 2858 5379 deinde
2915 5329 3288 5381 Athanasius:
3360 5328 3618 5393 Ἐξελθὼν

2048 5402 2155 5452 ἀπὸ
2184 5401 2279 5467 τῆς
2323 5396 2745 5467 Ἀλεξανδρείας,
2780 5399 2891 5467 οὐκ,
2923 5401 3001 5459 εἰς
3033 5397 3092 5449 τὸ
3131 5398 3485 5467 στρατόπεδον
3522 5398 3615 5450 τοῦ

2048 5466 2273 5535 ἀδελφοῦ
2327 5485 2442 5527 σου,
2473 5466 2594 5519 οὐδὲ
2640 5469 2772 5535 πρὸς
2817 5466 3009 5530 ἄλλους
3052 5466 3223 5530 τινὰςζ
3270 5468 3300 5537 ἢ
3353 5468 3509 5536 μόνον
3539 5471 3617 5529 εἰς

2048 5543 2144 5611 τὴν
2176 5540 2390 5610 Ῥώμην
2416 5537 2665 5611 ἀνῇλϐον,
2695 5548 2800 5590 etc.
2834 5543 2966 5611 Cum
2994 5539 3161 5605 igitur
3190 5546 3421 5611 testetur
3446 5539 3617 5611 Atha-

2050 5608 2238 5666 nasius
2290 5608 2350 5664 Se
2408 5609 2579 5661 totius
2632 5609 2990 5675 profectionis
3047 5624 3110 5661 ac
3162 5608 3616 5676 peregrinationis

2050 5699 2162 5734 suae
2212 5682 2479 5732 rationem
2522 5678 2845 5731 Constantio
2880 5678 3239 5743 redditurum,
3294 5678 3339 5731 si
3393 5680 3616 5730 Romani

2051 5754 2134 5804 bis
2164 5753 2397 5805 venisset
2426 5748 2494 5801 ab
2522 5750 2656 5801 urbe
2688 5749 3037 5810 Alexandria,
3065 5757 3215 5801 certe
3259 5749 3308 5801 id
3354 5749 3456 5813 hoc
3492 5750 3617 5800 loco

2048 5833 2480 5875 commemorare
2528 5819 2828 5881 debuisset,
2866 5834 2933 5871 ne
2979 5835 3160 5873 coram
3197 5819 3444 5888 principe
3478 5820 3616 5872 veri-

2051 5901 2217 5948 tatem
2268 5892 2447 5946 sciens
2498 5890 2806 5944 occultasse
2870 5889 3164 5945 videretur.
3227 5888 3498 5945 Praeterea
3562 5889 3617 5943 in
