4504 6576
871 388 895 438 1
905 385 1012 442 639

864 505 1127 575 Apologia
1165 503 1406 558 secunda
1447 505 1710 560 adversus
1749 505 2002 568 Arianos.
2031 507 2199 563 semel
2227 522 2287 563 se
2314 506 2426 561 Ro-

867 589 1014 629 mam
1060 575 1280 629 venisse
1324 575 1517 629 scribit
1558 576 1624 628 ad
1674 589 1895 630 causam
1942 577 2257 640 dicendam,
2300 592 2425 630 cum

869 643 1162 700 Eusebiani
1191 658 1221 697 a
1245 643 1396 698 Julio
1424 645 1809 713 postulassent,
1839 655 1897 698 ut
1915 646 1984 699 ad
2016 661 2238 699 causam
2267 647 2427 700 Atha-

864 715 1007 786 nasii
1036 714 1476 786 cognoscendam
1501 715 1743 786 synodus
1763 713 1950 768 Romae
1975 725 2422 786 congregaretur.

865 783 940 838 De
980 784 1222 838 secunda
1253 791 1437 837 autem
1469 783 1807 852 profectione
1838 799 1906 838 ne
1943 783 2424 853 verbum'quidem

862 853 1135 924 vexstatiin
1185 862 1298 905 tota
1326 853 1429 924 illa
1460 854 1745 924 Apologia.
1799 853 2038 923 Denique
2085 856 2140 908 in
2183 854 2423 923 Epistola

859 922 934 976 ad
977 923 1276 983 solitarios,
1323 922 1464 977 idem
1515 922 1854 978 Athanasius
1903 922 2101 979 cuncta
2147 922 2270 992 qua;
2321 926 2423 979 sibi

867 994 1212 1061 contigerant
1251 993 1546 1061 diligenter
1573 1008 1863 1054 enarratis,
1897 997 2059 1048 unius
2108 1003 2319 1048 tantum
2367 997 2421 1048 in

870 1062 1061 1114 urbem
1109 1063 1336 1114 Romam
1392 1061 1746 1131 profectionis
1799 1078 1912 1117 sum
1963 1064 2241 1127 meminit,
2294 1073 2425 1118 tunc
2490 1083 2500 1097 -

866 1132 1076 1203 scilicet
1103 1147 1226 1186 cum
1262 1133 1327 1184 ad
1360 1133 1627 1203 synodum
1667 1133 1965 1186 Romanam
1997 1132 2124 1186 Julii
2153 1149 2301 1203 papze
2333 1135 2424 1186 lit-

860 1201 998 1274 teris
1044 1212 1134 1255 est
1183 1204 1412 1274 accitus.
1447 1202 1574 1274 Post
1601 1203 1746 1255 illam
1779 1213 1958 1257 autem
2007 1201 2275 1274 synodum
2323 1206 2418 1266 ait,

857 1272 1147 1339 episcopos
1174 1273 1267 1343 sui
1296 1273 1529 1343 concilio
1560 1273 1941 1339 interfuerant,
1964 1288 2026 1327 ea
2039 1272 2174 1343 qua:
2206 1275 2261 1326 in
2298 1289 2425 1340 syn-

857 1343 964 1394 odo
1011 1353 1158 1410 gesta
1208 1341 1424 1395 fuerant
1467 1342 1754 1397 Constanti
1789 1348 2039 1413 Augusto
2072 1341 2175 1413 per
2213 1345 2422 1397 litteras

857 1414 1170 1482 nuntiasse;
1204 1421 1406 1465 cuncta
1433 1413 1561 1466 item
1595 1429 1718 1482 qua:
1746 1413 2088 1467 Alexandria:
2113 1422 2420 1482 perpetrata

855 1489 1014 1533 erant
1039 1496 1068 1533 a
1092 1479 1382 1552 Gregorio,
1417 1483 1594 1536 eidem
1614 1479 2002 1552 signiﬁcasse.
2040 1479 2268 1548 Quod—si
2299 1493 2422 1552 post

857 1552 1050 1620 synodi
1089 1549 1348 1605 Romanae
1378 1552 1642 1621 judicium
1669 1549 2003 1607 Athanasius
2034 1549 2419 1608 Alexandriam

855 1636 1114 1674 reversus
1145 1621 1356 1684 fuisset,
1392 1631 1557 1690 atque
1590 1621 1739 1675 illinc
1774 1638 1967 1677 rursus
1995 1625 2048 1676 in
2089 1623 2278 1677 urbem
2308 1622 2420 1676 Ro-

855 1706 996 1742 mam
1053 1691 1330 1754 rediisset,
1384 1706 1663 1760 nunquam
1715 1692 1766 1745 id
1819 1697 1920 1746 hoc
1969 1694 2090 1747 loco
2142 1694 2419 1747 omisisset

851 1762 1207 1814 Athanasius.
1247 1759 1362 1814 Hoc
1394 1759 1542 1815 enim
1586 1761 1654 1814 ad
1683 1762 1805 1829 ejus
1840 1763 2150 1816 institutum
2188 1765 2421 1818 maxime

852 1831 1109 1894 faciebat,
1153 1837 1212 1882 ut
1266 1830 1405 1883 mala
1453 1840 1618 1899 atque
1650 1847 1925 1886 airuntuas
1970 1844 2024 1887 et
2073 1833 2418 1887 calamitates

851 1915 992 1968 quas
1018 1900 1088 1953 ab
1112 1900 1445 1955 adversariis
1472 1903 1588 1954 suis
1614 1917 1910 1970 perpessus
1943 1902 2139 1962 fuerat,
2174 1903 2417 1955 omnium

850 1971 1028 2024 oculis
1076 1970 1404 2038 subjiceret.
1456 1970 1576 2024 Iluc
1627 1972 1858 2033 accedit,
1892 1974 2038 2040 quod
2082 1972 2415 2026 Athanasius

851 2042 1059 2110 absque
1091 2055 1368 2093 consensu
1409 2048 1462 2094 et
1495 2042 1694 2096 litteris
1719 2041 2070 2110 imperatoris
2109 2043 2417 2096 Constantii

851 2109 1024 2165 Roma
1075 2111 1460 2164 Alexandriam
1493 2111 1673 2164 redire
1706 2109 1817 2164 non
1851 2113 2042 2180 potuit.
2078 2112 2258 2165 Licuit
2291 2114 2416 2180 qui--

849 2181 972 2236 dem
1003 2182 1325 2245 Athanasio,
1355 2189 1414 2233 ut
1436 2181 1603 2234 saluti
1665 2197 1777 2236 sua:
1805 2184 2122 2235 consuleret
2148 2193 2203 2234 et
2235 2184 2416 2234 inimi-

849 2267 1040 2305 corum
1070 2249 1300 2321 insidias
1327 2253 1606 2321 elfngeret,
1629 2251 1813 2306 relicta
1836 2252 2161 2306 Alexandria
2190 2252 2415 2304 Romam

850 2321 1129 2391 navigare.
1156 2320 1389 2374 Honesta
1413 2320 1559 2376 enim
1578 2331 1662 2376 est
1685 2324 1889 2391 quaevis
1913 2324 2052 2376 ratio
2069 2322 2418 2390 expediendae

849 2393 1063 2446 salutis.
1094 2391 1198 2444 Sed
1228 2391 1395 2444 Roma
1428 2392 1622 2446 reverti
1654 2393 2033 2446 Alexandriam
2079 2395 2148 2445 ab
2192 2393 2416 2446 alterius

850 2463 1114 2532 principis
1152 2462 1384 2532 ditioue,
1437 2463 1598 2528 idque
1644 2472 1764 2532 post
1814 2464 2019 2515 biennii
2069 2477 2300 2525 moram,
2360 2463 2413 2515 id

847 2549 979 2586 vero
1008 2548 1114 2585 non
1148 2531 1298 2584 licuit
1331 2535 1448 2584 sine
1495 2531 1753 2602 mandato
1787 2533 2070 2602 principis.
2105 2533 2264 2587 Certe
2292 2543 2417 2602 post

851 2602 1175 2656 Serdicense
1229 2602 1553 2672 concilium,
1603 2600 1656 2653 id
1707 2613 1790 2656 cst
1849 2600 1982 2672 post
2020 2600 2414 2656 tecuntcnicatit

847 2674 1114 2742 synodum
1154 2687 1259 2739 qtta
1296 2671 1629 2725 Athanasius
1659 2671 1946 2733 innocens,
1968 2673 2263 2726 adversarii
2284 2688 2416 2725 vero

845 2743 997 2796 illius
1041 2742 1464 2795 calumniatores
1509 2751 1564 2794 et
1593 2743 1832 2795 haeretici
1874 2742 2103 2810 judicati
2145 2751 2294 2805 sunt,
2330 2743 2414 2794 vix

845 2815 1062 2866 tandem
1093 2825 1261 2865 ausus
1290 2819 1373 2865 est
1408 2810 1738 2866 Athanasius
1761 2811 2145 2866 Alexandriam
2180 2816 2411 2875 reverti;

846 2898 1023 2952 neque
1069 2881 1330 2952 idiprius
1352 2881 1481 2935 fecit
1518 2895 1680 2950 quam
1731 2882 2411 2952 creberrimisgConstantit

843 2949 1041 3007 litteris
1088 2949 1511 3005 ad’comitatum
1539 2949 1810 3005 evocatus
1842 2949 2056 3006 fuisset.
2089 2950 2195 3005 Sed
2227 2959 2280 3005 et
2319 2966 2414 3003 an-

846 3031 954 3087 tea,
987 3037 1111 3076 cum
1145 3031 1266 3091 post
1291 3021 1498 3091 obitum
1527 3019 1872 3074 Constantini
1897 3022 2115 3075 Maximi
2143 3036 2208 3074 ex
2242 3021 2407 3076 Galli-
2459 3061 2465 3068 .

844 3107 983 3146 cauo
1009 3089 1204 3146 exsilio
1233 3092 1286 3144 in
1321 3089 1614 3161 Egyptum
1647 3106 1902 3161 reversus
1940 3101 2049 3153 est,
2098 3092 2260 3144 triutn
2299 3094 2415 3144 Ca:-

843 3177 1034 3217 sarum
1079 3163 1276 3214 litteris
1323 3159 1612 3214 restitutus
1663 3159 1861 3214 fuerat.
1912 3161 2144 3215 Proinde
2191 3162 2238 3215 si
2291 3171 2413 3228 post

844 3233 1112 3302 synodum
1167 3229 1467 3302 Romanam
1519 3231 1852 3285 Athanasius
1897 3232 2280 3302 Alexandriam
2328 3247 2413 3284 re-

842 3299 966 3365 diit,
1000 3310 1130 3354 tunc
1153 3315 1370 3369 quoque
1402 3299 1711 3354 Constantii
1748 3302 1941 3355 litteris
1971 3302 2215 3355 munitus
2247 3301 2412 3354 fuerit

843 3387 1074 3428 necesse
1105 3381 1211 3426 est.
1245 3371 1356 3422 Cur
1389 3385 1520 3438 ergo
1552 3385 1646 3423 eas
1676 3372 1981 3424 Constantii
2029 3372 2236 3425 litteras
2280 3387 2413 3424 nus-

843 3458 1004 3511 quam
1044 3447 1305 3494 memorat
1335 3441 1704 3511 Athanasius,
1753 3443 1844 3508 qui
1895 3441 2135 3508 reliquas
2167 3441 2408 3508 ejusdem

843 3510 1108 3581 principis
1152 3510 1414 3579 epistolas
1442 3510 1510 3561 ad
1543 3525 1724 3581 suam,
1753 3525 1973 3564 causam
2007 3525 2071 3561 ac
2107 3511 2411 3564 restitutio-

844 3580 967 3635 item
1011 3583 1362 3644 pertinentes,
1394 3587 1501 3648 tam
1526 3580 1829 3648 _ambitiose
1864 3590 2081 3648 tamque
2124 3581 2410 3648 diligenter

844 3666 1115 3721 apponere
1159 3647 1482 3721 consuevit?
1513 3646 1742 3721 fefellit
1789 3646 2081 3721 liaronium
2128 3646 2406 3721 Socrates,

847 3717 938 3792 qui
976 3723 1029 3774 in
1065 3721 1201 3773 libro
1237 3717 1482 3773 secundo
1513 3717 1764 3792 Historia:
1793 3719 2003 3792 scribit,
2049 3720 2408 3792 Athanasium

844 3788 966 3846 eum
1004 3804 1125 3858 post
1151 3792 1442 3842 violentam
1473 3788 1870 3842 ordinationem
1897 3788 2146 3858 Gregorii
2181 3788 2407 3842 Romam

846 3881 906 3920 se
949 3869 1015 3914 ad
1057 3859 1258 3914 Iulium
1296 3872 1502 3929 papam,
1527 3859 1871 3929 contulisset,
1914 3860 2129 3929 cognita
2159 3873 2346 3929 causa,
2375 3874 2406 3929 a

841 3935 989 3990 Julio
1020 3931 1327 3986 restitutum
1364 3935 1419 3981 et
1444 3927 1827 3981 Alexandriam
1856 3927 2257 3996 cum‘ejusdetn
2279 3927 2408 3982 Julii

844 4002 1042 4060 litteris
1073 4013 1349 4056 reversum
1371 4013 1527 4068 esse:
1568 4011 1632 4052 ac
1663 3999 1861 4052 deinde
1886 3999 2047 4068 paulo
2075 4008 2197 4068 post
2224 4006 2406 4068 amioto

843 4073 1129 4143 Gregorio,
1156 4080 1212 4126 et
1247 4070 1301 4122 in
1333 4067 1462 4143 ejus
1486 4069 1664 4143 locum
1697 4067 1992 4122 substituto
2012 4067 2266 4143 Georgio,
2297 4067 2408 4143 Ro-

844 4136 989 4199 mam
1018 4141 1210 4197 iterum
1256 4138 1581 4208 profugisse.
1615 4136 1814 4192 Verum
1866 4145 1979 4190 tota
2021 4139 2112 4192 illa
2163 4136 2406 4193 Socratis

845 4230 912 4268 ac
955 4209 1242 4266 Sozomeni
1290 4209 1555 4270 narratio,
1602 4210 1814 4262 mendis
1863 4209 2162 4262 innumeris
2209 4218 2401 4263 scatet.

842 4285 1088 4350 Quorum
1137 4280 1426 4350 maximam
1455 4285 1661 4348 partem
1698 4279 1961 4332 Baronius
1988 4282 2104 4350 ipse
2144 4294 2208 4331 ac
2239 4277 2404 4350 Blon-

843 4349 1021 4409 detlus
1057 4349 1374 4421 jamdudum
1404 4350 1804 4421 observarunt:
1838 4363 2006 4421 quare
2051 4349 2294 4421 Socratis
2327 4357 2406 4402 te»

842 4417 1160 4478 stimoniunt
1191 4420 1244 4472 iit
1271 4419 1435 4473 rebus
1467 4417 1749 4472 Athanasii
1774 4419 1978 4471 nullius
2009 4419 2266 4487 ponderis
2295 4427 2402 4482 est,

840 4495 1044 4564 quippe
1081 4491 1175 4559 qui
1210 4489 1791 4564 pugnantiahinter‘se
1835 4489 2033 4564 dixerit
2078 4499 2242 4564 atque
2273 4504 2405 4542 con-

843 4555 1034 4617 ti-aria.
1065 4555 1475 4628 Omissa'igitur
1509 4555 1754 4612 Socratis
1784 4560 2132 4620 auctoritate,
2173 4560 2402 4612 alteram

841 4632 1058 4687 Baronii
1089 4627 1354 4684 rationem
1384 4627 1744 4681 excutiamus.
1789 4628 1880 4681 Sic
1909 4629 2072 4695 igitur
2105 4630 2400 4682 ratiocina-

839 4711 932 4757 tur
962 4703 1228 4755 Baronius
1257 4715 1310 4752 tn
1347 4699 1514 4767 gestis
1548 4700 1678 4750 anni
1703 4701 1825 4752 oti.
1865 4713 1982 4766 cap.
2019 4697 2122 4750 t9:
2155 4700 2399 4752 Athana-

839 4778 983 4828 sium
1034 4772 1255 4842 quidem
1300 4783 1577 4842 reversum
1623 4783 1747 4821 esse
1791 4769 1959 4842 Itonia
2015 4769 2399 4822 Alexandriam

839 4843 945 4897 hoc
964 4838 1132 4903 anno,
1155 4841 1237 4894 vel
1264 4840 1547 4905 sequentis
1573 4841 1698 4889 anni
1730 4838 1977 4898 exordio,
2002 4854 2066 4890 ex
2087 4853 2152 4891 eo
2181 4853 2401 4907 quoque

839 4913 1003 4967 facile
1035 4919 1210 4980 potest
1240 4910 1486 4977 intelligi.
1511 4909 1916 4980 quodcoustat
1959 4918 2219 4980 tempore
2243 4925 2392 4976 grass

836 4977 1064 5036 sationis
1126 4981 1448 5034 Arianorum
1509 4977 1562 5030 iu
1631 4977 2050 5030 Alexandrinam
2101 4979 2396 5032 Ecclesiam

837 5070 982 5107 anno
1023 5053 1268 5121 sequenti
1317 5050 1496 5109 factae,
1547 5063 1670 5102 eum
1721 5050 1833 5121 illic
1880 5057 2154 5121 repertum
2207 5052 2395 5101 fuisse.

835 5135 979 5193 quou
1025 5118 1260 5193 ipsemet
1297 5127 1542 5193 testatur
1565 5123 1617 5170 in
1672 5118 2393 5193 ep_islola_a_il_orthodoxos.

834 5188 980 5248 Idem
1011 5193 1206 5258 repetit
1237 5190 1505 5244 Barouius
1531 5190 1588 5258 in
1615 5190 1783 5258 gestis
1804 5190 1933 5241 anni
1952 5188 2079 5247 542,
2107 5189 2198 5242 ubi
2227 5197 2396 5242 to;am

835 5265 947 5318 fere
984 5263 1268 5343 Athanasii
1293 5277 1360 5314 au
1384 5257 1722 5343 orthodoxos
1744 5260 2027 5343 epistolam
2056 5261 2393 5340 transcribit.

834 5337 910 5387 25.x
944 5349 1050 5401 qua
1095 5332 1382 5385 manifeste
1431 5329 1722 5401 colligitur,
1757 5329 2076 5401 Gregorium
2095 5333 2255 5401 icit-ca
2300 5345 2399 5397 pa-

830 5398 1036 5458 scbzl's
1074 5403 1198 5456 festi
1225 5400 1487 5456 solemnia
1522 5398 1946 5453 Alexandrinam
1981 5398 2285 5454 Ecclesiam
2313 5414 2398 5452 oc-

829 5489 1096 5542 cupasse.
1158 5472 1510 5526 Athanasium
1561 5484 1712 5534 vero,
1766 5478 1911 5522 metu
1966 5470 2395 5542 Arianorumin

831 5540 1129 5598 Ecclesiam
1172 5543 1538 5604 irruentium,
1586 5542 1728 5592 claui
1779 5554 1841 5592 se
1882 5554 1913 5592 e
1953 5540 2130 5592 medio
2182 5540 2393 5592 subdu-

827 5630 978 5669 xisse
1039 5615 1166 5678 ρυειι
1209 5627 1333 5668 cum
1377 5626 1524 5665 anno
1559 5610 1657 5663 3M
1697 5610 1811 5676 geri
1841 5625 1950 5661 non
2004 5613 2302 5676 potuerint,
2330 5625 2395 5663 eo

827 5685 974 5755 quod
1011 5685 1347 5737 Antiochena
1397 5683 1641 5755 synodus
1686 5683 1741 5732 in
1788 5694 1892 5746 qua
1921 5678 2230 5755 Gregorius
2268 5683 2395 5755 Ale-

828 5751 1112 5810 iaudriniaa.
1142 5755 1294 5808 urbis
1321 5751 1616 5822 epiScopus
1641 5761 1724 5805 est
1756 5751 2112 5822 constitutus,
2143 5761 2198 5806 et
2234 5754 2392 5822 cujus

827 5828 996 5895 gestis
1017 5833 1276 5895 tanquam
1299 5819 1703 5879 Alexandrinus
1722 5819 2016 5891 episcopus
2038 5821 2390 5890 subscripsit,

1950 386 2021 442 IN
2060 386 2434 445 SOCRATEM
2473 385 2561 442 ET
2593 384 3021 445 SOZOMENUM

3977 390 4116 447 16ιο

2534 506 2832 578 maximam
2871 517 3076 575 partem
3109 509 3239 562 anni
3271 508 3422 565 illius
3449 508 3823 578 occupaverit.
3855 511 4112 578 sequenti

2534 591 2680 630 anno
2704 577 3057 646 assignentur
3092 594 3316 634 necesse
3349 588 3454 635 est.
3496 577 3622 633 Haec
3650 588 3738 634 est
3763 577 3982 632 Baronii
4019 597 4111 633 ra-

2532 646 2844 716 tiocinatio.
2895 646 3069 716 Cujus
3111 650 3442 703 sententiam
3493 665 3605 702 non
3641 649 3900 704 Petavius
3930 651 4109 702 solum

2532 729 2598 768 ac
2629 714 3094 790 B_lon_dellus,'sed
3127 735 3324 774 omnes
3366 728 3637 790 quotquot
3683 719 3794 772 vidi
3840 719 4110 774 hactenus

2533 785 2768 854 amplexi
2800 796 2949 841 sunt.

3164 877 3318 933 CAP.
3361 877 3476 934 VII.

2534 965 2609 1020 De
2650 968 2905 1023 circulari
2950 969 3232 1023 Athanasii
3270 969 3496 1037 epistola
3528 969 3597 1022 ad
3641 985 3820 1023 omnes
3856 969 4110 1022 orthodo-

2598 1053 2718 1100 xos,
2781 1051 2954 1092 utrum
3007 1042 3070 1094 de
3123 1039 3396 1110 Gregorio,
3439 1056 3506 1092 an
3539 1043 3602 1093 de
3650 1037 3873 1108 Georgio
3908 1042 4109 1108 πῆμα

2599 1120 2688 1162 εει.

2602 1198 2713 1266 Ego
2754 1217 2883 1256 vero
2924 1211 3116 1256 contra
3158 1201 3387 1266 allirmo,
3439 1201 3734 1256 Baronium
3783 1202 4108 1271 gravissime

2532 1269 2741 1342 lapsum
2770 1288 2912 1330 esse.
2948 1273 3043 1342 qui
3070 1274 3359 1342 epistolam
3387 1272 3537 1325 illam
3583 1269 3872 1342 Athanasii
3908 1274 3975 1324 ad
4010 1287 4104 1324 ομ

2531 1339 2841 1414 thodoxos,
2876 1344 2943 1396 dc
2966 1339 3230 1414 Gregorii
3279 1341 3618 1414 ἑνθρθνισμῷ
3669 1343 3934 1414 scriptam
3980 1357 4105 1414 esse

2529 1410 2848 1481 crediderit,
2905 1427 3031 1465 cum
3081 1410 3283 1481 diserte
3331 1410 3542 1467 nomen
3577 1410 3830 1481 praeferat
3882 1411 4102 1480 Georgii

2527 1477 2716 1533 Ariani
2755 1483 2847 1549 qui
2891 1483 2986 1535 diu
3034 1495 3158 1551 post
3186 1480 3536 1551 Gregorium,
3578 1477 3732 1534 anno
3757 1481 3963 1536 Christi
3994 1477 4104 1535 336

2528 1551 2950 1605 Alexandrinam
2978 1553 3280 1608 Ecclesiam
3320 1554 3543 1606 invasit.
3573 1551 3772 1605 Fateor
3799 1553 4019 1620 quidem
4047 1551 4101 1604 id

2529 1622 2675 1688 quod
2718 1621 2854 1674 dicit
2903 1621 3192 1685 Baronins,
3239 1623 3351 1675 hate
3397 1624 3508 1676 duo
3559 1619 4100 1691 nomina,’Giegorii

2529 1691 2746 1745 scilicet
2779 1707 2840 1745 ac
2871 1691 3114 1760 Georgii.
3145 1695 3287 1746 inter
3309 1707 3368 1746 sc
3391 1692 3652 1745 confundi
3687 1690 4096 1747 solere.Ve’rum

2531 1760 2643 1812 haec
2682 1762 2936 1816 conlusio
2963 1763 3016 1815 in
3051 1762 3260 1816 Latinis
3302 1772 3516 1815 tantum
3549 1760 3834 1814 codicibus
3868 1777 3970 1815 usu
4001 1777 4096 1814 ve-

2529 1830 2639 1902 nit,
2662 1847 2768 1883 non
2799 1832 2927 1884 item
2961 1833 3013 1884 in
3039 1832 3265 1886 Graecis.
3301 1831 3438 1886 Curti
3471 1833 3634 1902 igitur
3660 1839 3776 1902 tota
3809 1833 3898 1884 il!a
3929 1832 4098 1882 Atha-

2529 1901 2663 1951 nasii
2703 1902 2932 1969 epistola
2977 1918 3173 1956 nomen
3207 1903 3408 1970 ubique
3450 1899 3700 1970 pra-ferat
3723 1899 3966 1970 Georgii,
3994 1915 4102 1953 cur

2526 1981 2800 2038 expuncto
2826 1971 2973 2025 illius
3027 1973 3244 2026 nomine
3277 1973 3523 2042 Gregorii
3559 1971 3882 2024 vocabulum
3931 1985 4095 2042 repo-

2527 2042 2764 2094 nemus?
2805 2045 3106 2110 praesertim
3145 2057 3268 2095 cum
3297 2057 3361 2096 ea
3404 2041 3524 2111 qua:
3567 2042 3680 2096 illic
3708 2051 4000 2094 narrantur
4027 2041 4098 2092 ab

2526 2111 2864 2176 Athanasio,
2922 2111 3141 2180 Georgii
3200 2113 3382 2179 potius
3435 2113 3702 2166 invasioni
3762 2113 4096 2165 conveniant

2525 2180 3004 2252 quamGregorii.
3055 2182 3240 2237 Primo
3271 2185 3416 2235 enim
3467 2181 3799 2237 Athanasius
3836 2181 3892 2234 in
3946 2183 4094 2252 dicta

2524 2249 2752 2317 epistola
2791 2249 2868 2306 ait
2915 2250 3229 2322 Georgium,
3274 2252 3357 2306 sic
3404 2254 3571 2322 enim
3608 2253 3767 2320 vulgo
3811 2251 4093 2314 scribitur,

2525 2322 2859 2388 postulatum
2896 2319 3420 2391 fuisse—episcopum
3448 2322 3517 2376 ab
3547 2319 3768 2376 Arianis
3799 2322 3892 2390 qui
3938 2330 4097 2375 erant

2523 2390 2910 2461 Alexandriae;
2945 2393 3088 2461 quod
3128 2390 3196 2446 de
3245 2390 3510 2461 Gregorio
3544 2407 3814 2460 nusquam
3865 2393 4094 2446 dicitur.

2524 2459 2729 2532 Deinde
2757 2459 3023 2531 Georgius
3050 2465 3102 2516 in
3131 2459 3581 2532 eademiépistola
3609 2459 3812 2532 dicitur
3834 2463 4096 2517 introisse

2523 2531 2908 2602 Alexandriam
2934 2541 3180 2601 tempore
3205 2531 3659 2602 quadragesimae.
3703 2531 3845 2602 Idem
3879 2532 3946 2584 de
3969 2533 4094 2598 ejus

2525 2598 2755 2654 introitu
2786 2602 2993 2657 diserte
3026 2598 3260 2660 testatur
3292 2598 3619 2656 Athanasius
3652 2603 3704 2654 in
3749 2600 3992 2668 Epistolu
4022 2603 4093 2654 ad

2523 2671 2814 2724 solitarios.
2864 2672 2934 2724 At
2965 2673 3033 2726 de
3069 2671 3332 2741 Gregorio
3375 2686 3646 2741 nusquam
3682 2672 3732 2724 id
3774 2673 3842 2725 εει)
3881 2674 3975 2724 illo
4001 2673 4092 2725 di-

2522 2749 2670 2793 ctum
2724 2743 3052 2797 invenimus.
3095 2741 3363 2797 Prmterea
3411 2741 3747 2796 Athanasius
3793 2743 3849 2794 in
3898 2743 4090 2796 eadem

2521 2811 2751 2881 epistola
2800 2812 2991 2866 scribit
3030 2814 3286 2881 populum
3320 2812 3472 2865 urbis
3504 2811 3905 2870 Alexandrinas.
3963 2827 4087 2866 cum

2522 2880 2575 2932 in
2614 2881 2840 2952 introitu
2879 2880 3364 2952 Georgii’Arianos
3407 2889 3559 2934 tanta
3594 2882 3644 2934 vi
3703 2883 3948 2950 grassari
3986 2885 4088 2935 ad-

2522 2965 2714 3020 versus
2743 2950 3055 3006 Catholicos
3082 2952 3302 3015 videret,
3331 2953 3544 3019 publice
3571 2960 3934 3020 protestatum
3964 2967 4088 3006 esse

2521 3019 2664 3087 apud
2705 3031 2847 3075 acta.
2900 3021 3042 3074 Idem
3075 3022 3239 3076 refert
3268 3019 3602 3075 Athanasius
3636 3023 3689 3075 in
3739 3022 3986 3090 Epistola
4018 3021 4088 3074 ad

2520 3091 2810 3156 solitarios,
2855 3091 3014 3159 cujus
3047 3092 3114 3144 ad
3140 3093 3344 3145 calcem
3375 3092 3624 3160 apposita
3672 3107 3756 3146 εει
3807 3093 3925 3160 ipsa
3959 3095 4089 3146 Ale—

2521 3160 2914 3231 xandrinorum
2946 3163 3291 3230 protestatio.
3325 3162 3393 3214 At
3424 3162 3493 3231 de
3531 3161 3794 3231 Gregorio
3819 3163 3956 3215 nihil
3983 3162 4089 3215 hu-

2515 3229 2758 3299 jusniodi
2809 3229 2991 3285 actum
3033 3233 3357 3286 invenimus.
3423 3230 3527 3286 Sed
3580 3229 3840 3299 quorsum
3892 3233 3945 3285 itt
4002 3232 4090 3286 his

2519 3298 2858 3366 coniecturis
2885 3302 3174 3365 hatremus,
3209 3317 3333 3355 cum
3371 3298 3822 3356 manifestissimo
3858 3318 3925 3355 ac
3964 3317 4088 3356 cer-

2521 3371 2736 3441 tissimo
2764 3380 3086 3441 argumento
3110 3373 3438 3425 convincere
3467 3371 3646 3436 liceat,
3679 3373 3966 3440 epistolam
4017 3372 4087 3424 il-

2518 3439 2624 3490 lam
2668 3439 2952 3494 Athanasii
2998 3443 3065 3493 ad
3112 3441 3448 3495 orthodoxos
3481 3439 3746 3496 adversus
3793 3442 4088 3510 Georgium

2519 3510 2780 3581 scriptam
2834 3526 2978 3574 esse,
3031 3526 3137 3564 non
3199 3521 3376 3564 autem
3424 3511 3691 3566 adversus
3724 3511 4091 3581 Gregorium?

2521 3577 2699 3646 Ipsum
2729 3581 2896 3648 igitur
2917 3582 3276 3650 Athanasium
3311 3582 3361 3632 id
3391 3582 3536 3650 qttod
3565 3582 3678 3634 dixi
3703 3577 3861 3635 clare
3884 3592 4090 3636 testan-

2518 3657 2628 3701 tem
2656 3653 2964 3704 audiamus.
3006 3649 3177 3703 Porro
3219 3652 3402 3706 Graava
3434 3653 3607 3719 ipsius
3635 3653 3797 3706 verba
3831 3667 4092 3706 necessa-

2519 3719 2602 3773 rio
2659 3720 2747 3774 hic
2803 3735 3159 3788 apponemus,
3211 3737 3276 3774 eo
3328 3724 3476 3788 quod
3530 3721 3762 3776 Latinus
3813 3723 4087 3791 interpres

2518 3804 2740 3842 sensum
2802 3791 3041 3845 auctoris
3091 3794 3176 3845 sui
3235 3791 3460 3845 minime
3513 3801 3596 3844 est
3652 3803 3975 3847 assecutus:
4032 3793 4087 3846 id

2516 3859 2662 3928 quod
2710 3857 2951 3931 Baronio
2999 3876 3064 3914 ac
3115 3861 3329 3931 caeteris
3377 3860 3554 3915 fraudi
3603 3861 3725 3916 fuit.
3783 3861 4084 3931 Postquam

2517 3927 2647 4002 ergo
2688 3929 3028 4002 Athanasius
3062 3931 3196 3984 dixit
3224 3927 3540 4002 Georgium,
3582 3941 3770 4002 utpote
3796 3927 4080 3998 Ariat'tum,

2515 3999 2734 4053 Ariauis
2760 3999 3022 4073 duntaxat
3053 4001 3271 4063 favisse,
3301 3999 3618 4056 Catholicos
3647 3999 3795 4056 'vero
3823 4013 4083 4073 tauquam

2515 4080 2807 4124 extraneos
2839 4081 2892 4122 et
2927 4071 3133 4125 alienos
3177 4073 3436 4125 insectari
3489 4073 3736 4133 solitum,
3795 4073 3910 4127 haec
3935 4071 4083 4128 sub-

2510 4139 2692 4214 jungit
2723 4156 2753 4214 _:
2808 4139 3023 4214 Ἐπερῇ
3079 4141 3186 4211 γὰρ
3211 4141 3565 4214 ῨΓρηγὸριοντ
3607 4143 3774 4212 ὅνπερ
3821 4143 4083 4214 πρότερον

2514 4211 2562 4260 οἱ
2618 4211 2746 4282 step).
2813 4208 3098 4282 Εὺᾳέῦιὸγ
3145 4208 3290 4272 toi;
3339 4208 3637 4282 Ἆρειανοίς
3704 4208 4080 4282 κὰτέότησὰν,

2517 4281 2667 4353 μετὰ-
2698 4279 2758 4331 τὸ
2809 4279 3016 4353 {podia}
3058 4282 3199 4353 ἡμᾶς
3249 4281 3375 4350 περὶ
3414 4279 3624 4353 ζαὺντοῦ,
3654 4283 3882 4353 ᾲπάνττεςί
3927 4279 4080 4353 opai;

2513 4351 2561 4424 oi.
2597 4350 2708 4424 fite
2753 4349 3041 4424 καβοᾎικῆς
3095 4349 3382 4424 ἐπίσκρπᾳι
3413 4351 3726 4424 ἐπίστασθε,
3767 4352 3840 4415 ὡς
3867 4349 4080 4424 διὰλιῂν

2512 4419 2764 4493 ἀᾳέὸειαν
2796 4420 3017 4493 eludat»;
3047 4420 3210 4493 ςὺτὸν
3245 4421 3669 4493 ἁρεῼεματίσαεε
3728 4426 3817 4475 καὶ
3865 4419 4080 4493 ἀπεκή-

2518 4489 2735 4557 ρύξατε·
2781 4488 2992 4560 ἓτούτομ
3051 4489 3210 4560 ἕνεκα
3261 4488 3529 4560 Γεώργιον
3604 4491 3688 4543 νῦν
3735 4494 3847 4554 τοῖς
3894 4488 4079 4556 αὐτοῖς

2528 4555 2815 4632 Ἀρερανοτς
2867 4558 3207 4632 ἀπέστειλαν.
3257 4555 3502 4632 Εἷτᾰῖνα
3555 4561 3653 4632 μ,ὴῷ
3700 4555 4078 4632 antestium?

2509 4630 2770 4700 αἰσχύνην
2831 4630 3128 4700 οφλ-ήσωσι,
3183 4630 3477 4699 γραφόντων.
3541 4629 3696 4700 ἡμῶν
3750 4631 3908 4684 πάλιν
3955 4629 4076 4686 κάτ’

2510 4698 2696 4764 αὑτοῦ,
2726 4704 2810 4751 διὰ
2859 4698 3015 4750 τοῦτο
3059 4703 3124 4768 τῇ
3172 4698 3367 4763 {titubas
3417 4701 3506 4779 pia
3537 4698 3678 4779 .iaﬂ'
3708 4701 3865 4770 ἡμῶν
3909 4702 4075 4822 ἐθη-

2513 4785 2691 4822 σαντοι
2721 4781 2824 4822 etc.
2849 4769 2980 4822 Utta!
3002 4774 3165 4822 verba
3195 4785 3274 4822 sic
3310 4769 3503 4822 Latine
3535 4781 3894 4822 interpretor:
3930 4811 3949 4822 .
3988 4789 4075 4822 am

2513 4785 2691 4833 savio,
2721 4781 2827 4839 etc.
2849 4769 2980 4832 Qua!
3002 4774 3165 4822 verba
3195 4785 3274 4823 sic
3310 4769 3503 4824 Latine
3535 4769 3894 4839 interpretor:
3930 4769 4075 4825 Nam

2509 4840 2758 4906 quoniam
2788 4838 3119 4906 Gregorium.
3151 4855 3299 4909 quem
3341 4851 3495 4892 antea
3525 4838 3810 4894 Eusebium
3853 4843 4073 4895 Arionis

2508 4913 2806 4977 episcopum
2852 4912 3251 4971 constituerant,
3291 4920 3566 4978 postquam
3606 4910 3667 4961 de
3708 4911 3802 4964 illo
3833 4913 4077 4979 scripsis-

2508 4994 2638 5040 sem,
2665 4995 2840 5032 omnes
2873 4995 2956 5031 vos
2982 4979 3233 5032 Ecclesia:
3261 4981 3534 5032 catholica:
3559 4981 3787 5046 episcopi
3815 4980 3938 5049 jure
3960 4999 4072 5035 me-

2508 5064 2609 5101 tuo
2639 5051 2698 5102 ob
2729 5049 3047 5110 impietatem
3076 5061 3408 5102 anatuemate
3427 5051 3757 5115 percussistis
3779 5059 3828 5103 et
3855 5052 4072 5104 abdica-

2509 5120 2623 5179 διεδ,
2659 5119 3094 5187 quemadmodum
3147 5121 3303 5184 probe
3340 5122 3529 5172 sritis:
3581 5125 3640 5172 ob
3692 5137 3806 5174 eam
3851 5139 4070 5175 causam

2510 5187 2784 5258 Georgium
2821 5206 2955 5242 nunc
2988 5192 3169 5242 iisdem
3199 5190 3416 5242 Arionis
3460 5191 3712 5243 miserunt
3746 5192 4066 5259 episcopum.

2508 5259 2708 5311 Deinde
2741 5276 2802 5311 ne
2832 5262 3028 5327 pudore
3054 5261 3242 5311 iterum
3265 5276 3325 5311 ac
3357 5260 3546 5327 probro
3579 5260 3896 5328 afﬁciantur,
3921 5263 4070 5316 nobis

2508 5333 2755 5382 adversus
2796 5334 2933 5396 ipsos
2961 5330 3164 5383 litteras
3197 5329 3565 5391 scribentibus,
3591 5342 3842 5383 extranea
3869 5347 3916 5383 tu
3944 5350 4067 5384 con-

2507 5409 2591 5450 ιτα
2638 5417 2730 5451 nos
2783 5418 2866 5452 usi
2900 5412 3040 5458 sunt,
3075 5411 3130 5450 ut
3182 5399 3417 5452 ecclesiis
3457 5400 3511 5451 in
3559 5416 3713 5453 suam
3760 5410 4070 5466 potestatem

2507 5470 2756 5534 redactis,
2792 5486 2996 5522 onmem
3022 5469 3314 5522 Ariauismi
3342 5470 3694 5536 suspicionem
3747 5489 3781 5523 α
3827 5489 3880 5524 se
3923 5489 4069 5526 amo-

2507 5540 2596 5593 t‘iri
2633 5539 2945 5600 viderentur,
2979 5551 3086 5593 etc.
3115 5539 3260 5603 Quid
3290 5540 3376 5594 his
3407 5541 3587 5594 verbis
3623 5542 3909 5596 Athanasii
3950 5558 4064 5595 ma-

2505 5609 2798 5682 nifestius?
2851 5610 3052 5682 Arinen
3080 5611 3427 5682 apertissime
3455 5608 3744 5681 Georgium
3775 5611 4067 5682 disainguit

2506 5697 2534 5732 a
2565 5678 2874 5749 Gregorio?
2913 5679 2977 5732 Et
3006 5680 3329 5749 Gregorium
3356 5681 3576 5748 quidem
3605 5678 3740 5734 biint
3769 5683 3837 5735 ab
3877 5678 4066 5736 ortho-

2503 5750 2659 5806 doxis
2685 5751 2963 5820 episcopis
2994 5750 3418 5822 condemnatum
3449 5763 3573 5822 esse
3603 5751 3738 5805 dicit
3775 5765 3938 5822 atque
3971 5755 4065 5806 de-

2503 5823 2765 5891 positum,
2795 5822 2851 5876 in
2881 5820 3092 5888 synodo
3132 5820 3345 5876 sciiicet
3388 5820 3700 5879 Serdiccnsi
3727 5839 3740 5876 :
3772 5820 4063 5894 Gecrgium
