4504 6576
869 412 1009 467 464⁵5

875 523 1165 581 Baronium
1205 520 1259 574 in
1301 533 1547 575 errorem
1596 519 1832 574 induxit.
1882 518 2068 588 Neque
2095 519 2242 573 enim
2273 519 2452 575 Julius

872 596 1002 651 dioit
1055 591 1376 660 Gregorium
1426 607 1457 645 a
1517 592 1741 658 triginta
1783 597 2127 660 sextantum
2178 591 2452 660 episcopis

875 669 930 721 in
971 664 1106 718 urbe
1157 659 1448 716 Antiochia
1501 663 1820 730 episcopum
1882 659 2054 730 fuisse
2106 659 2446 727 salutaturi),

873 737 968 792 sed
1006 747 1130 788 cum
1171 733 1476 786 Antiochia:
1529 729 1848 802 designatus
1902 729 2100 802 fuisset
2158 732 2451 800 episcopus

871 803 1296 865 Alexandrinus,
1330 817 1359 855 a
1393 802 1617 871 triginta
1659 817 1753 855 seu
1790 801 2170 856 mansionibus
2220 803 2449 855 missum

872 891 996 932 eum
1028 873 1200 928 fuisse
1231 873 1640 927 Alexandriam.
1672 871 1776 925 Tot
1808 871 1952 924 enim
1978 879 2106 924 sunt
2136 874 2450 927 mansiones

874 949 944 1000 ab
976 945 1264 998 Antiochia
1313 943 1698 997 Alexandriam
1733 956 1925 1009 usque,
1959 951 2015 994 ut
2050 957 2111 995 ex
2156 941 2476 996 ltinerario'

874 1014 1134 1071 Antonini
1161 1014 1456 1083 colligitur.
1503 1013 1700 1066 Eodem
1737 1011 1900 1065 modo
1937 1014 2179 1081 loquitur
2206 1013 2450 1066 Ammia-

875 1102 981 1142 nus
1027 1084 1378 1140 Marcellinus
1434 1084 1486 1136 in
1529 1084 1666 1136 libro
1694 1096 1806 1145 xvt,
1837 1083 1928 1137 ubi
1973 1083 2265 1137 vanitatem
2313 1083 2451 1137 Con-

874 1157 1062 1212 stantii
1087 1157 1318 1223 Augusti
1355 1154 1753 1225 perstringens,
1784 1154 1997 1225 quires
2025 1169 2053 1206 a
2084 1151 2304 1225 Juliano
2333 1153 2449 1208 Cre-

873 1243 997 1283 sare
1029 1225 1242 1280 fortiter
1292 1224 1360 1279 in
1395 1225 1568 1280 Gallia
1612 1234 1798 1294 gestas
1838 1224 1942 1278 sibi
2002 1224 2330 1289 ascribebat,
2375 1227 2450 1282 ait

873 1313 995 1353 eum
1027 1298 1080 1351 in
1113 1297 1347 1363 epistola
1391 1297 1626 1364 quadam
1665 1295 1981 1364 scripsisse,
2016 1309 2075 1348 se
2114 1295 2448 1364 Argentora-

873 1369 1014 1424 tensi
1049 1368 1241 1436 prcelio
1271 1366 1594 1436 interfuisse
1615 1374 1669 1418 et
1695 1365 1749 1418 in
1793 1365 1967 1433 prima
1997 1365 2446 1436 aciepugnasse.

873 1453 998 1492 cum
1036 1434 1216 1491 tamen
1265 1437 1411 1491 illius
1459 1435 1635 1505 prcelii
1679 1443 1927 1506 tempore
1962 1434 2256 1506 mansione
2286 1438 2449 1506 quin-

872 1508 1195 1579 quagesima
1226 1504 1544 1579 disparatus
1569 1515 1716 1560 esset
1745 1506 1815 1559 ab
1851 1505 1919 1558 iis
1947 1505 2123 1579 locis.
2171 1504 2265 1579 §ic
2298 1504 2444 1561 enim

873 1573 1124 1648 loquitur
1151 1573 1498 1648 Ammianus,
1536 1590 1636 1648 pro
1689 1590 1754 1630 eo
1810 1573 2100 1648 quodgalii
2132 1574 2404 1648 dicerent
2430 1619 2444 1643 ,

873 1643 1280 1729 quinquaginta
1309 1643 1779 1729 dierum'itinere.
1809 1643 1920 1729 Nlelc
1945 1646 2104 1726 aliter
2132 1645 2281 1715 loqui
2309 1648 2448 1702 solet

870 1713 1100 1774 Casuras
1133 1713 1188 1771 in
1226 1715 1386 1770 libris
1418 1716 1794 1784 Topographiw
1833 1713 2171 1779 Christiania,
2205 1713 2444 1784 quorum

871 1795 1132 1856 excerpta
1163 1786 1300 1840 mihi
1343 1785 1739 1856 humanissime
1770 1786 2202 1856 communicavit
2235 1785 2448 1842 Emeri-

871 1873 973 1915 cus
1012 1854 1280 1928 Bigotius,
1308 1855 1392 1909 vir
1419 1855 1780 1928 doctissimus
1805 1868 1869 1908 ac
1895 1854 2074 1928 deme
2103 1856 2308 1928 optime
2336 1874 2422 1913 me
2445 1892 2451 1898 -

871 1931 1038 1984 ritus.
1073 1925 1327 1982 Deleatur
1366 1940 1500 1996 ergo
1530 1926 1621 1979 hic
1653 1939 1811 1978 error
1849 1940 1916 1996 ex
1950 1925 2247 1996 Annalibus
2287 1928 2452 1982 eccle-

871 1999 1123 2062 siasticis,
1161 2007 1222 2051 ut
1253 2012 1320 2051 ex
1353 1994 1550 2051 animis
1583 2009 1774 2050 eorum
1802 1995 1918 2064 qui,
1948 1994 2168 2050 Baronii
2208 2000 2454 2052 auctori-

872 2078 986 2124 tate
1007 2068 1240 2130 inducti,
1261 2065 1312 2120 id
1344 2080 1446 2136 pro
1473 2073 1628 2120 certo
1651 2074 1822 2134 atque
1844 2065 2160 2136 indubitata
2186 2065 2451 2124 hactenus

873 2145 1191 2202 tenuerunt,
1225 2153 1319 2191 sex
1348 2135 1403 2191 et
1423 2136 1648 2204 triginta
1682 2136 1900 2190 Arianae
1930 2135 2190 2191 factionis
2219 2145 2274 2191 et
2297 2153 2451 2192 com-

873 2210 1153 2264 munionis
1181 2209 1477 2278 episcOpos
1517 2207 1572 2260 in
1613 2206 1958 2278 Antiochena
2002 2207 2216 2278 synodo
2257 2224 2453 2265 conse-

874 2280 1045 2336 disse.
1079 2276 1228 2334 Scio’
1256 2276 1459 2336 multos
1489 2293 1557 2333 ex
1599 2277 1878 2332 veteribus
1927 2277 1982 2330 in
2029 2276 2091 2330 ea
2121 2276 2293 2334 fuisse
2328 2295 2452 2334 sen-

876 2351 1067 2414 tentia,
1104 2359 1162 2404 ut
1202 2352 1489 2404 crederent
1532 2347 1954 2418 Antiochenam
1983 2348 2254 2418 synodum
2287 2349 2450 2416 banc,

875 2423 1081 2492 delqua
1117 2435 1265 2474 nunc
1296 2419 1641 2492 agimus._ah_
1677 2417 1902 2492 Arianis
1933 2415 2109 2492 fuisse
2140 2419 2424 2492 collectam

875 2492 953 2548 ita
994 2486 1213 2562 praeter
1251 2486 1499 2562 c:eteros_
1528 2487 1828 2562 Palladius
1855 2488 1912 2562 in
1929 2486 2192 2562 _Di_alogo
2238 2489 2316 2562 de
2342 2491 2454 2545 vita

873 2557 1100 2618 Joannis
1123 2559 1527 2631 Cbrysostomi,
1559 2559 1653 2631 ubi
1701 2558 1894 2631 scribit
1927 2557 2202 2628 Elpidium
2235 2560 2452 2629 episco-

876 2648 1004 2702 pum
1044 2632 1199 2702 juris,
1217 2629 1470 2702 canonici
1505 2629 1926 2702 peritissimum.
1981 2644 2166 2702 coram
2210 2631 2452 2700 impera-

875 2699 994 2758 tore
1027 2701 1266 2757 Arcadio
1303 2701 1482 2770 palam
1509 2699 1838 2762 afﬁrmasse,
1859 2699 2450 2770 canonesAntiocheui

875 2774 1096 2829 concilii
1135 2772 1203 2827 ab
1232 2769 1449 2827 Arianis
1481 2770 1657 2826 fuisse
1688 2772 2048 2839 compositos.
2093 2769 2228 2824 Nam
2263 2772 2455 2826 adver-

877 2845 1008 2898 sarii
1067 2842 1298 2898 Joannis
1366 2841 1749 2911 (lbrysostomi
1811 2841 2135 2894 nitebantur
2185 2844 2455 2911 praecipue

876 2915 1118 2983 quodam
1159 2928 1372 2968 canone
1410 2913 1560 2967 illius
1593 2911 1859 2983 concilii.
1894 2911 2050 2977 Quod
2081 2927 2205 2966 cum
2242 2913 2454 2968 videret

875 2980 1155 3056 Elpidius,
1183 2983 1501 3056 Severiano,
1534 2982 1633 3056 qui
1662 2980 2076 3056 infensissimus
2115 2992 2231 3036 erat
2278 2984 2454 3056 hostis

873 3051 1274 3127 Clirysostomi,
1306 3055 1448 3108 hanc
1463 3051 1849 3127 conditionem
1874 3051 2090 3127 detulit.
2125 3061 2183 3127 ut
2214 3054 2450 3109 subscri-

876 3123 1032 3182 beret
1059 3126 1306 3196 ejusdem
1351 3138 1412 3179 se
1453 3125 1574 3178 fidei
1618 3138 1740 3178 esse
1772 3137 1911 3196 cum
1942 3123 2218 3196 episcopis
2252 3127 2449 3196 Antio-

876 3198 1036 3252 clteni
1089 3193 1307 3250 concilii
1373 3196 1466 3263 qui
1526 3207 1792 3249 canonem
1855 3193 2009 3246 illum
2065 3193 2445 3250 condiderant.

879 3267 1033 3333 Quod
1071 3267 1291 3337 quidem
1345 3264 1682 3320 Severianus
1714 3273 1845 3316 tunc
1881 3263 2059 3318 facere
2101 3264 2445 3322 detrectavit.

878 3337 1078 3392 Verum
1111 3340 1215 3392 hoc
1246 3337 1658 3405 intelligendum
1689 3343 1795 3406 est,
1839 3349 1953 3387 non
2002 3337 2162 3404 quasi
2203 3338 2446 3406 episcopi

877 3410 953 3462 illi
983 3409 1076 3477 qui
1119 3405 1247 3462 huic
1289 3408 1498 3477 synodo
1533 3405 1924 3477 interfuerunt,
1968 3407 2147 3474 palam
2179 3415 2249 3477 et,
2272 3405 2456 3476 aperte

880 3476 1138 3534 Aria’nam
1216 3476 1530 3548 opinionem
1605 3477 1838 3546 professi
1906 3476 2131 3530 fuerint.
2211 3476 2456 3532 Fuerunt

880 3551 1023 3604 enim
1059 3550 1401 3620 professione
1441 3548 1719 3620 catholici,
1763 3556 1822 3600 ut
1865 3555 2083 3620 constat
2120 3555 2233 3601 tum
2277 3565 2340 3603 ex
2376 3559 2454 3604 te-

882 3617 1142 3690 stimonio
1168 3618 1359 3673 Hilarii
1402 3620 1461 3690 in
1505 3619 1648 3672 libro
1684 3617 1762 3672 De
1800 3617 2035 3686 synodis.
2071 3628 2183 3671 tum
2220 3633 2286 3672 ex
2332 3621 2451 3690 epi-

879 3692 1019 3746 stola
1051 3689 1179 3744 Julii
1213 3705 1364 3760 papaa
1403 3689 1471 3743 ad
1517 3691 1666 3758 ipsos
1700 3689 1924 3760 scripta.
1969 3691 2125 3742 Certe
2172 3689 2453 3760 nunquam

877 3761 1123 3816 Ecclesia
1171 3759 1439 3816 catholica
1480 3775 1669 3815 eorum
1703 3759 1860 3812 fidem
1893 3769 1948 3814 et
1987 3774 2227 3813 canones
2261 3759 2450 3816 susce-

880 3835 1070 3901 pisset,
1103 3831 1150 3886 si
1188 3833 1254 3885 ab
1276 3831 1491 3885 Arianis
1517 3830 1747 3901 fuissent
1783 3831 2131 3901 promulgati.
2163 3829 2446 3895 Quomodo

881 3899 1050 3972 igitur
1093 3903 1484 3973 intelligendus
1531 3908 1616 3957 est
1663 3899 1909 3973 Palladii
1941 3899 2130 3973 locus?
2177 3901 2442 3956 Nimirum

879 3971 1165 4042 episcopos
1195 3971 1338 4035 illo's,
1367 3973 1473 4028 etsi
1499 3974 1674 4042 palam
1713 3971 1966 4026 catholici
1995 3983 2199 4034 essent,
2229 3974 2443 4028 occulte

877 4054 1062 4098 tatnen
1097 4044 1316 4098 Arianis
1353 4043 1571 4098 favisse.
1607 4043 1782 4112 Atque
1805 4043 1879 4095 ita
1907 4043 2293 4107 Athanasium,
2321 4044 2444 4100 llic-

879 4129 1186 4185 ronyiuum,
1220 4112 1614 4170 Theodoritum
1651 4123 1705 4167 et
1732 4112 1871 4168 alios
1900 4113 2249 4182 interpretari
2281 4114 2444 4170 debe-

950 4295 966 4314 ‘
1009 4291 1164 4346 Unde
1212 4293 1443 4348 alterum
1480 4292 1677 4347 horum
1723 4291 2040 4348 necessario
2075 4291 2450 4357 statuendum,

880 4374 974 4418 aut
1003 4363 1294 4418 Eusebium
1327 4377 1512 4418 revera
1560 4364 1821 4418 Arianum
1857 4379 1964 4418 non
2001 4362 2208 4430 fuisse,
2253 4362 2349 4417 sed
2385 4379 2452 4418 ex

879 4435 1046 4488 nimia
1090 4442 1298 4505 tantum
1334 4434 1682 4505 credulitate,
1729 4448 1836 4505 qua
1876 4433 2201 4487 Arianorum
2237 4433 2448 4503 profes-

880 4506 1128 4559 sionibus
1162 4503 1320 4558 fidem
1371 4503 1654 4568 habuerat,
1694 4503 1760 4560 se
1803 4505 2048 4574 partibus
2090 4505 2212 4558 istis
2252 4505 2457 4574 adjun-

881 4591 1026 4629 xissr-
1067 4592 1078 4626 :
1131 4585 1223 4628 aut
1253 4574 1494 4630 Arianus
1529 4590 1651 4629 cum
1687 4573 1872 4639 fuerit,
1915 4573 2211 4629 Ecclesiam
2251 4573 2456 4628 Roma-

873 4660 1006 4699 nam
1038 4645 1303 4700 felellisse
1335 4644 1528 4700 iisdem
1583 4646 1796 4701 artibus
1837 4644 2037 4716 quibus
2071 4644 2156 4699 usi
2188 4653 2317 4699 sunt
2352 4659 2460 4699 ca:-

886 4839 1736 4864 ,Μ--η-η-σ-ομ-

1833 5013 2244 5127 LIBER

1377 5389 1604 5448 CAPUT
1659 5390 1952 5446 PRIMUM.

983 5511 1209 5575 Quando
1239 5509 1466 5577 primum
1500 5509 1771 5577 episcopus
1801 5507 1976 5577 factus
2011 5507 2078 5560 sit
2112 5505 2336 5561 Paulus.

951 5603 1241 5670 Superiora
1269 5601 1408 5654 libro
1429 5616 1516 5655 res
1553 5599 1610 5652 Β.
1646 5599 1950 5661 Athanasii,
1979 5615 2101 5664 quae
2132 5607 2290 5652 antea
2310 5613 2449 5670 con-

877 5674 1010 5726 fusae
1034 5669 1098 5724 ac
1125 5673 1450 5740 perturbata:
1496 5673 1546 5724 in
1578 5672 1872 5724 Annalibus
1904 5671 2275 5723 ecclesiasticis
2308 5669 2450 5737 lege-

876 5747 1098 5806 bantur,
1133 5755 1334 5810 qttanta
1367 5743 1479 5798 ﬁeri
1506 5743 1681 5811 potuit
1715 5757 1848 5794 cura
1883 5757 1945 5793 ac
1977 5741 2255 5808 diligentia
2277 5741 2452 5807 diges-

876 5817 1067 5868 simus.
1114 5815 1255 5866 ldem
1309 5830 1452 5868 nunc.
1512 5823 1768 5879 praestare
1807 5813 2129 5866 conabimur
2175 5813 2226 5863 iu
2285 5814 2448 5865 rebus

874 5889 1024 5938 Pauli
1077 5886 1688 5954 Constantiiiopolitani,
1754 5885 1804 5937 in
1852 5898 2084 5953 quarunt
2133 5891 2446 5937 narratione

1941 406 2006 461 IN
2050 406 2425 464 SOCRATEM
2470 407 2558 463 ET
2596 409 3027 469 SOZOMENUM

3999 405 4134 469 ςδιι

2560 536 2706 585 mus,
2742 526 2835 594 qui
2867 523 3165 580 Eusebium
3204 521 3676 594 Nicomediensem
3704 527 3760 575 et
3793 516 4134 594 Eusebianos

2558 588 2897 716 Bassim'bpro
2934 595 3152 650 Arianis
3183 593 3485 649 nominant.
3529 590 3759 645 Constat
3787 590 3932 643 enim
3963 588 4136 644 Euse-

2600 663 2709 716 ium
2813 665 3272 716 icomediensem.
3335 663 3463 716 licet
3521 675 3735 716 semper
3800 660 4131 712 Arianorum

2600 663 2709 718 ium
2766 660 3272 726 Nicomediensem,
3335 663 3463 716 licet
3521 675 3735 729 semper
3800 660 4131 729 Arianorum

2559 742 2744 802 partes
2777 735 2992 800 foverit,
3031 735 3392 789 nihilominus
3428 746 3615 802 pacem
3643 727 3794 802 icum
3837 727 3983 783 Julio
4028 727 4138 802 [to-

2556 799 2732 876 manaa
2782 806 2934 861 urbis
2972 799 3251 876 episc0po
3281 811 3336 858 et
3387 799 3828 876 communionem
3863 799 4136 876 cum__Ec-

2558 874 2725 930 clesia
2756 867 3028 931 catholica
3063 879 3130 928 ad
3164 867 3381 930 'obitum
3415 886 3584 941 usque
3625 873 3941 925 retinuisse.
3996 867 4132 923 Nam

2557 953 2611 997 et
2656 945 2722 999 ad
2766 945 2968 1001 Julium
3018 961 3214 1017 papam
3247 945 3430 1017 paulo
3462 953 3588 997 ante
3627 953 3864 1017 mortem
3922 941 4134 1017 litteras

2556 1017 2813 1083 paciﬁcas
2870 1011 3050 1078 misit',
3092 1011 3161 1070 'et
3217 1011 3285 1070 ab
3335 1014 3523 1069 eodem
3590 1011 3849 1083 vicissim
3899 1012 4132 1080 accepit,

2559 1080 2618 1137 iit
2707 1097 2937 1141 testatur
2991 1087 3169 1142 Julius
3243 1088 3297 1139 in
3366 1084 3608 1152 Epistola
3680 1082 3748 1134 ad
3815 1080 4130 1136 Orientales.

2555 1154 2731 1210 Julius
2761 1167 2912 1212 certe
2937 1159 2989 1212 in
3019 1157 3332 1226 sopiadicta
3360 1156 3448 1209 illa
3485 1153 3715 1222 epistola
3747 1168 3869 1220 qua:
3889 1153 4022 1226 data
4049 1160 4135 1206 est

2557 1229 2622 1298 ad
2655 1243 2944 1298 episcopos
2977 1224 3168 1282 omnes
3205 1229 3296 1296 qui
3337 1226 3689 1298 Antiocbeme
3728 1224 3937 1298 synodo
3965 1224 4136 1275 inter-

2555 1296 2793 1361 fuerant,
2827 1296 2940 1352 tum
2988 1298 3284 1354 Eusebium
3333 1297 3537 1365 ipsum.
3577 1296 3980 1365 tumrreliquos
4037 1308 4134 1362 ap—

2554 1369 2716 1438 pellat
2773 1369 2968 1424 fratres
3021 1363 3432 1438 dilectissimus.
3475 1363 3580 1438 Sic
3637 1364 3784 1438 enim
3831 1372 4132 1438 conceptus

2555 1433 2641 1493 est
2700 1441 2892 1494 titulus
2953 1440 3201 1508 epistolae
3263 1437 3407 1506 apud
3459 1436 3864 1508 Athanasium}
3915 1433 4131 1508 ‘lodltoq

2554 1509 2751 1579 Διανίῳ
2778 1510 2870 1562 καὶ
2899 1501 3193 1578 Φλὰκίλλῳ,
3242 1501 3509 1579 Εὗᾳεῦίῳ,
3555 1507 3754 1579 Μάρεξ,
3793 1501 4130 1579 Μικεδονζῳ,

2554 1573 2832 1648 Θεοδώρῳ,
2868 1580 2964 1633 καὶ
3006 1582 3116 1642 τοῖς
3146 1573 3246 1631 δὺν
3279 1573 3468 1639 αὺτοῖςή
3497 1578 3606 1635 τοῖς
3642 1573 3748 1648 ἀεὶ)
3793 1573 4132 1648 ’-Αντιοχείας

2552 1644 2823 1729 ﬂatile-oti!
2851 1651 2984 1720 ἡμῖν
3015 1651 3316 1729 ἀγαπητοζς
3338 1648 3582 1729 ἀδελφεῆς
3597 1648 3658 1729 ἐν
3679 1644 3868 1729 Κυρίιη
3899 1644 4127 1729 χαίρειίν.

2555 1713 2683 1772 Sed
2715 1729 2770 1774 et
2810 1713 3658 1788 incorporeripsiusiepistolaa
3739 1713 3957 1788 eosdem
3998 1713 4126 1788 non

2553 1789 2720 1843 semel
2763 1789 2994 1844 dilectos
3011 1783 3295 1842 'nomin'at.
3355 1783 3473 1842 Non
3511 1788 3679 1857 igitur
3715 1798 3816 1857 pro
3859 1783 4129 1857 haareticis

2552 1873 2647 1912 eos
2684 1859 2872 1912 habuit
2905 1857 3104 1923 Julius,
3137 1875 3276 1928 quos
3303 1853 3659 1928 charissiiuos
3708 1854 3907 1928 fratres
3938 1853 4132 1928 appel-

2554 1929 2649 1993 lat,
2685 1938 2739 1983 et
2776 1945 2916 2000 quos
2969 1923 3180 2000 salvere
3214 1936 3366 1997 Optat
3410 1930 3463 1982 in
3510 1927 3764 2000 Domino.
3797 1923 3977 2000 _P_o_rro
4019 1925 4134 1978 haec

2552 1993 3032 2071 epistola'athilio
3061 1993 3267 2071 scripta
3299 2007 3556 2071 est__anno
3605 1995 3810 2050 Christi
3840 1993 3966 2058 542,
4019 2008 4132 2062 quo

2553 2067 2698 2123 anno
2765 2067 3058 2126 Eusebium
3129 2067 3598 2123 Nicomediensem
3671 2073 3950 2119 mortuum
4008 2079 4135 2119 esse

2552 2149 2791 2204 constat,
2823 2141 2984 2210 paulo
3014 2147 3306 2208 antequam
3343 2139 3424 2193 ha:
3455 2138 3586 2193 Julii
3641 2137 3834 2190 littera:
3861 2137 3914 2210 in
3940 2132 4134 2210 Orien-

2554 2217 2663 2264 tem
2717 2205 2937 2280 perlabe
2984 2205 3189 2266 essent.
3249 2211 3472 2280 Exquo
3503 2219 3750 2280 apparet,
3784 2205 4132 2280 verissimum

2553 2296 2676 2335 esse
2701 2276 2750 2334 id
2785 2281 2930 2350 quod
2961 2293 3119 2335 antea
3161 2280 3294 2343 dixi,
3339 2276 3631 2334 Eusebium
3662 2276 4133 2350 Nicomediensem

2555 2351 2610 2404 in
2641 2347 3030 2406 communione
3063 2352 3322 2406 Ecclesia:
3372 2350 3631 2404 Romana:
3661 2347 3731 2402 ad
3781 2347 3992 2402 obitum
4038 2360 4135 2400 us-

2554 2436 2661 2490 que
2694 2437 3080 2491 perseverasse
3107 2427 3144 2476 ‘.
3167 2421 3436 2477 Caeterum
3473 2422 3663 2482 miror,
3701 2434 3864 2488 quam
3905 2416 3976 2471 ob
3997 2430 4139 2491 cauo.

2555 2485 2672 2546 sam
2696 2485 2888 2548 'Julius
2917 2495 2970 2546 in
3011 2494 3173 2546 titulo
3199 2494 3445 2562 epistolae
3487 2505 3652 2562 supra
3682 2485 4135 2562 niremorataaEu?

2555 2563 2768 2633 sebiunt
2804 2563 2996 2618 Diauio
3021 2556 3390 2633 postposuerit
3428 2571 3476 2616 et
3525 2556 3812 2625 F‘Iaccillo;
3854 2558 3966 2633 nisi
3994 2556 4136 2633 forte

2557 2632 2782 2704 Dianius
2814 2629 3077 2690 Caesarea:
3114 2629 3474 2704 Cappadociae
3504 2633 3821 2701 episcopus,
3855 2629 4136 2704 antiquior

2558 2703 2724 2758 fuerit
2763 2704 2998 2760 Eusebio
3033 2699 3458 2766 Nicomediensi,
3491 2699 3582 2772 qui
3616 2699 3806 2772 recens
3839 2699 4134 2754 admodum

2557 2774 3185 2846 Constantinopolitanae
3235 2771 3519 2846 Ecclesia!
3552 2771 3918 2846 sacerdotium
3959 2785 4136 2846 _rege-

2556 2843 2667 2899 bat.
2712 2846 2794 2899 0b
2841 2840 3086 2900 eamdem
3134 2861 3355 2899 causam
3409 2844 3701 2898 Flaccillus
3758 2840 4136 2897 Antiochenus

2556 2917 2854 2986 episcopus
2881 2919 3056 2971 eidem
3108 2916 3344 2970 Eusebio
3375 2916 3732 2986 praaponitur,
3779 2928 3886 2986 non
3921 2913 4136 2965 ratione

2558 2984 2765 3040 habita‘
2794 2986 3230 3042 Nicomediensis
3271 2984 3740 3055 aut‘Berytiensis
3784 2984 4135 3055 episcopatus

2557 3072 2717 3126 quem
2767 3060 2916 3126 prius
2951 3067 3199 3124 gesserat
3247 3058 3386 3111 idem
3443 3054 3735 3120 Eusebius,
3780 3054 3877 3109 sed
3914 3054 4137 3126 ratione

2557 3125 2908 3196 episcopatus
2962 3127 3557 3195 Constantinopolitaui
3595 3141 3754 3194 quem
3802 3125 3962 3194 paulo
4009 3132 4137 3196 ante

2558 3194 2827 3252 Eusebius
2860 3207 3182 3266 occuparat.
3217 3194 3501 3252 Postremo
3551 3197 3682 3249 illttd
3725 3194 4135 3266 observandum

2557 3279 2660 3334 eSt,
2691 3269 2894 3336 legatos
2922 3265 3052 3322 Julii
3085 3284 3234 3338 papae
3267 3268 3538 3337 Elpidium
3564 3275 3726 3338 atque
3746 3265 4132 3338 Philoxenum,

2561 3339 2688 3393 licet
2721 3341 3027 3394 Antiochia:
3074 3337 3276 3393 fuerint
3315 3354 3437 3392 cum
3467 3337 3710 3408 synodus
3744 3337 4056 3398 haberetur,
4081 3343 4134 3408 et

2557 3410 2836 3478 episcopis
2873 3411 2964 3480 qui
3008 3410 3117 3464 illic
3165 3411 3394 3463 aderant
3425 3405 3638 3463 litteras
3663 3405 3788 3480 Julii
3827 3421 3977 3480 papae
4011 3406 4136 3480 red.

2558 3480 2819 3544 diderint,
2887 3478 2954 3535 ab
3006 3481 3182 3550 iisque
3243 3479 3877 3550 fraudulenterrdetcnti
3935 3478 4135 3531 fuerint

2558 3567 2734 3620 usque
2773 3552 2836 3604 ad
2871 3549 3111 3605 mensem
3148 3549 3492 3613 Januariurn,
3532 3549 3860 3617 tandemque
3883 3563 4010 3603 cum
4041 3561 4136 3620 va-

2556 3618 3120 3677 nis—excusationibus
3147 3622 3214 3675 ab
3259 3622 3451 3676 iisdem
3493 3620 3730 3681 dimissi,
3769 3622 3979 3673 litteras
4017 3618 4135 3686 epi-

2557 3707 2850 3762 sc0porum
2880 3693 2946 3746 ad
2975 3692 3180 3746 Julium
3219 3691 3534 3754 detulerint,
3570 3690 3781 3760 synodo
3809 3699 3991 3762 tamen
4024 3689 4138 3742 An-

2560 3761 2827 3818 tioCbena:
2863 3777 3208 3833 nequaquam
3250 3763 3525 3833 adfuisse,
3562 3764 3761 3830 quippe
3793 3762 3886 3829 qui
3932 3761 4032 3814 hoc
4079 3763 4132 3813 in

2561 3833 2836 3889 mandatis
2875 3850 2981 3888 non
3031 3832 3316 3894 haberent,
3363 3832 3457 3888 sed
3503 3842 3717 3887 tantum
3763 3833 3904 3900 jussi
3953 3839 4136 3886 essent

2562 3905 2774 3961 litteras
2812 3904 3041 3958 Romani
3073 3907 3348 3974 pontificis
3389 3904 3635 3958 Eusebio
3665 3911 3719 3974 et
3751 3903 4136 3974 aliisquilnts-

2562 3976 2685 4030 dam
2716 3976 2987 4046 episcopis
3018 3971 3170 4038 dare,
3202 3977 3402 4044 quibus
3425 3974 3602 4030 Julius
3630 3973 3698 4029 ad
3722 3973 4003 4042 synodum
4023 3971 4133 4029 Ro-

2563 4062 2778 4102 manam
2812 4062 2906 4102 eos
2941 4048 3224 4102 invitabat.

2555 4293 2657 4349 teri
2688 4292 2896 4349 Ariani.
2935 4293 3088 4359 Quod
3119 4291 3396 4363 posterius
3425 4291 3592 4362 longe
3624 4290 3961 4363 probabilius
3984 4290 4128 4360 judi-

2559 4366 2726 4427 cabit,
2759 4366 3009 4434 quisquis
3057 4364 3172 4418 Arii
3221 4364 3286 4434 a_d
3342 4363 3632 4418 Eusebium
3667 4363 3841 4425 illum,
3877 4370 3929 4434 et
3962 4364 4133 4434 ipsius

2559 4432 2791 4490 Eusebii
2818 4435 2882 4488 ad
2904 4432 3198 4490 Paulinum
3232 4432 3362 4504 Tyri
3412 4435 3674 4503 epistolas
3701 4435 3856 4504 apud
3888 4432 4135 4504 Theodo-

2556 4506 2727 4561 ritum
2759 4513 2970 4576 attente
2995 4507 3204 4576 legerit.
3245 4502 3574 4576 C._Buu.us,
3607 4505 3661 4558 in
3689 4502 3911 4575 Epilogo
3941 4503 4136 4573 Defen-

2562 4578 2726 4631 sionis
2760 4575 2884 4646 ﬁdei
2922 4573 3069 4642 Nic,
3099 4592 3220 4646 pag.
3266 4574 3392 4630 294.

2491 4835 4080 4860 M

2378 5007 3167 5127 SECUNDUS.

2561 5383 2844 5441 Socratem
2903 5397 2967 5437 ac
3009 5380 3373 5436 Sozomenum
3425 5377 3593 5431 multa
3639 5389 3900 5446 peccasse
3946 5375 4136 5444 depre-

2557 5458 2870 5511 hendimus.
2905 5457 3188 5508 Socratem
3233 5449 3432 5505 deinde
3487 5457 3709 5503 secutus
3763 5457 3846 5502 est
3889 5447 4133 5502 incertus

2557 5539 2751 5582 auctor
2805 5528 2930 5578 vita:
2953 5534 3007 5577 et
3033 5520 3469 5577 conversationis
3500 5520 3640 5572 beati
3673 5517 3824 5572 Pauli
3857 5516 4135 5571 Constan-

2556 5598 2902 5667 tinopolitani
2943 5592 3222 5667 episcopi,
3261 5594 3420 5667 cujus
3468 5599 3724 5667 excerpta
3782 5590 4132 5667 legunturhiu

2562 5656 2883 5722 Bibliotheca
2939 5656 3149 5719 Pbotiif
3183 5663 3280 5718 llic
3316 5656 3564 5732 quisquis
3598 5656 3814 5713 tandem
3843 5656 3989 5732 fuit,
4036 5656 4136 5732 So-

2556 5741 2729 5794 cratis
2757 5754 2975 5791 errores
3026 5737 3181 5789 novis
3232 5730 3455 5800 insuper
3494 5732 3777 5785 erroribus
3808 5730 4130 5800 cumulavit.

2556 5811 2718 5863 Certe
2755 5809 2837 5864 bis
2874 5809 3011 5862 actis
3060 5806 3237 5869 Pauli,
3286 5815 3338 5858 et
3369 5799 3516 5856 actis
3549 5800 3833 5855 Athanasii
3867 5815 3984 5867 qua:
4027 5799 4130 5853 illis

2556 5882 2814 5952 adjuncta
2852 5881 3106 5950 leguntur
3161 5880 3214 5930 in
3266 5876 3592 5930 Bibliotheca
3635 5871 3838 5936 Pliotii,
3881 5869 4016 5924 nibil
4046 5879 4132 5928 cst
