4504 6576
413 413 550 470 luis

413 534 726 602 corruptius
781 542 946 604 atque
1005 530 1346 604 mendosius.
1417 530 1520 604 Sed
1579 531 1976 604 in_Athanasii

413 601 636 672 quidem
695 601 872 659 rebus
924 603 1281 657 emendandis
1331 609 1385 655 et
1435 601 1500 672 ad
1561 602 1808 658 veritatis
1856 619 1982 658 nor-

414 671 556 726 main
616 674 959 743 redigendis,
1023 674 1321 743 maximum
1372 671 1533 743 nobis
1603 672 1980 743 adjumentum

414 743 626 797 confert
654 741 880 812 ipsemet
913 743 1244 796 Athanasius
1286 742 1339 794 in
1370 741 1525 796 libris
1560 742 1694 805 suis,
1737 743 1830 812 qui
1863 745 1984 812 plu-

416 814 539 866 rimi
578 825 631 866 et
669 815 1015 868 disertissimi
1059 812 1124 864 ad
1168 827 1267 865 nos
1299 824 1680 879 pervenerunt.
1723 812 1776 864 lu
1823 815 1984 867 rebus

416 892 594 936 autem
633 882 786 936 Pauli
830 883 1424 949 Constantinopolitani
1471 882 1574 935 hoc
1607 883 1854 936 subsidio
1899 886 1986 937 de-

416 954 717 1018 stituimur,
771 965 1054 1022 propterea
1108 953 1288 1020 quod.
1337 961 1529 1020 pneter
1564 955 1867 1022 scriptores
1897 955 1982 1006 lii-

415 1025 598 1077 storire
641 1025 1046 1086 ecclesiasticas,
1097 1023 1256 1091 pauci
1312 1023 1603 1091 admodum
1654 1025 1983 1076 mentionem

414 1095 537 1162 ejus
584 1093 780 1148 fecere.
819 1093 1020 1147 Verum
1067 1090 1212 1146 hunc
1253 1090 1525 1145 defectum
1565 1102 1805 1146 veterum
1849 1095 1986 1148 scri-

417 1174 632 1233 ptorum
683 1181 814 1217 cura
845 1179 906 1217 ac
936 1165 1213 1232 diligentia
1249 1171 1431 1215 nostra
1468 1165 1722 1234 supplere
1763 1164 1986 1218 conabi—

416 1251 559 1289 mur.
595 1238 671 1288 Ac
712 1236 890 1302 ptimo
933 1237 1150 1303 quidem
1201 1248 1403 1286 annum
1449 1250 1556 1302 quo
1595 1233 1988 1288 (lonstantiuo-

417 1306 604 1375 poleos
634 1308 916 1359 ordinatus
936 1313 1018 1358 est
1043 1305 1328 1371 episcopus
1350 1304 1707 1372 inquirenius.
1733 1305 1987 1360 Socrates

417 1392 481 1428 ac
518 1375 854 1430 Sozomenus
891 1376 1197 1444 principatu
1236 1375 1540 1428 Constantii
1580 1377 1810 1444 Augusti
1846 1375 1986 1429 Pau-

417 1447 530 1500 lum
595 1449 662 1500 ad
719 1446 1337 1513 Constantinopolitanze
1398 1447 1544 1500 sedis
1620 1447 1988 1499 sacerdotium

416 1526 663 1572 erectum
701 1533 822 1572 esse
854 1517 1122 1569 allirmant
1155 1533 1169 1569 :
1200 1531 1404 1586 eosque
1434 1523 1654 1586 secutus
1694 1515 1986 1580 Baronius,

419 1587 732 1641 Ulondellns
783 1602 847 1640 ac
892 1586 1098 1647 caeteri,
1144 1585 1436 1640 Alexandri
1483 1585 1989 1655 Constantinopoli-

418 1659 530 1710 tani
560 1658 766 1712 obitum
824 1669 878 1711 et
910 1657 1313 1710 ordinationem
1349 1655 1502 1708 Pauli
1547 1656 1795 1709 referunt
1843 1673 1987 1712 anno

415 1727 614 1781 Christi
647 1727 771 1788 3-50,
816 1727 1101 1796 Acindyno
1143 1734 1194 1780 et
1225 1726 1457 1796 Proculo
1493 1727 1833 1780 consulibus.
1880 1727 1990 1795 Ego

418 1813 550 1852 vero
602 1797 830 1851 Paulum
883 1795 1247 1853 Constantino
1295 1795 1531 1850 Maximo
1565 1807 1828 1865 regnante
1876 1799 1990 1866 epi-

416 1883 642 1933 scopum
669 1869 782 1937 jam
822 1877 935 1920 tmn
971 1866 1160 1937 luisse,
1197 1867 1414 1921 duobus
1464 1869 1793 1937 certissimis
1831 1883 1991 1936 argu-

417 1939 616 1993 mentis
641 1935 912 1992 evincam.
933 1935 1115 1991 Primo
1146 1939 1291 1991 enim
1316 1938 1650 1992 Athanasius
1674 1939 1726 1989 iu
1751 1935 1989 2003 Epistula

421 2008 490 2061 ad
519 2009 790 2063 solitarios
831 2024 938 2062 non
962 2009 1147 2077 procul
1182 2011 1249 2061 ah
1284 2008 1461 2070 initio,
1495 2009 1583 2060 ubi
1619 2007 1767 2060 Pauli
1797 2009 1988 2062 exsilia

416 2090 687 2144 recenset,
719 2081 794 2132 ait
835 2081 987 2132 illum
1023 2094 1056 2145 ει
1093 2078 1454 2132 Constantino
1496 2079 1729 2147 primum
1777 2080 1990 2147 relega-

415 2159 532 2204 tum
562 2150 736 2206 fuisse
769 2151 823 2204 in
857 2149 1110 2212 Pontum.
1149 2148 1349 2203 Deinde
1376 2150 1427 2202 in
1464 2149 1697 2217 epistola
1725 2151 1989 2218 synodica

415 2223 780 2277 Orientalium
813 2221 953 2290 apud
998 2218 1278 2273 Serdicam
1307 2222 1684 2290 episcoporum
1716 2234 1877 2288 quam
1909 2237 1992 2275 re-

417 2293 524 2349 fert
551 2293 793 2348 llilarius
825 2289 878 2345 in
911 2289 1233 2357 fragmentis
1264 2292 1384 2343 libri
1417 2290 1487 2341 De
1516 2289 1752 2358 synodis,
1787 2292 1991 2345 diserte

421 2365 708 2428 scribitur,
744 2362 972 2416 Paulum
1003 2363 1058 2414 in
1093 2362 1305 2431 synodo
1333 2361 1734 2432 Tyriunacum
1767 2361 1992 2432 reliquis

415 2437 692 2504 episcopis
721 2429 1482 2501 subscripsissedepositioni
1526 2431 1826 2504 Athaniisii.
1871 2429 1991 2485 Jam

417 2499 532 2560 tum
559 2499 688 2576 ergo
721 2513 838 2559 erat
869 2499 1180 2572 episcOpas,
1228 2499 1353 2576 eum
1400 2501 1644 2576 S_)'l_l(_)titls
1675 2499 1818 2576 _'l_'yri
1863 2519 1994 2556 con-

417 2572 647 2648 gregata
685 2585 814 2648 est:
856 2589 1019 2648 quam
1055 2573 1431 2648 alanACltl'iSEl
1467 2573 1571 2626 355
1601 2572 1851 2648 habitam
1871 2589 1994 2648 esse

417 2640 657 2714 constat,
697 2640 920 2701 biennio
957 2655 1081 2697 ante
1131 2646 1340 2698 obitum
1390 2643 1754 2714 Constantini.
1813 2640 1989 2698 Verba

421 2712 680 2787 Epistolie
721 2716 997 2786 synodica:
1027 2715 1108 2787 sic
1141 2714 1341 2768 habent
1368 2730 1380 2764 :
1408 2712 1620 2787 Paulus
1643 2731 1760 2767 vero
1788 2716 1997 2780 deposi-

420 2785 553 2843 tioni
577 2785 854 2841 Athanasii
880 2785 1138 2850 interfuit,
1169 2801 1426 2853 manuque
1444 2785 1656 2852 propria
1684 2790 1994 2840 sententiam

420 2859 690 2921 scribens,
757 2874 876 2911 cum
917 2859 1118 2909 cit-teris
1152 2873 1270 2909 eum
1317 2858 1475 2909 etiam
1531 2857 1642 2923 ipse
1696 2857 1991 2922 damnavit.

423 2930 552 2983 Scio
575 2930 704 2998 quid
739 2929 1062 2996 respondeat
1083 2926 1395 2980 Blondellus
1428 2928 1479 2979 in
1509 2927 1648 2980 libro
1677 2926 1740 2979 de
1762 2940 1993 2992 primatu

427 3016 580 3068 papa:
611 3004 666 3052 in
700 2998 962 3052 Ecclesia.
993 3000 1083 3050 Ait
1108 2999 1252 3068 enim
1279 3004 1570 3068 utrumque
1592 3001 1990 3062 testimonium,

423 3066 532 3124 tam
570 3071 874 3127 Athanasii.
918 3084 1080 3137 quam
1121 3066 1482 3121 Orientalium
1525 3068 1666 3135 apud
1713 3071 1993 3123 Serdicam

418 3143 804 3210 episc0poruin
852 3137 919 3193 de
965 3138 1131 3190 l’aulo
1176 3139 1355 3210 adhuc
1400 3139 1716 3208 presbytero
1768 3139 1992 3205 intelligi

418 3209 640 3267 debere.
666 3210 864 3264 Verum
893 3211 1007 3262 haec
1035 3209 1339 3278 responsio,
1371 3224 1490 3261 meo
1513 3210 1732 3278 quidem
1761 3211 1993 3278 judicio,

421 3283 608 3350 inepta
647 3292 733 3336 est
769 3287 823 3334 et
850 3280 1040 3334 futilis.
1075 3280 1206 3350 Ndm
1242 3279 1284 3332 si
1328 3279 1529 3332 l’aulus
1565 3281 1742 3332 adhuc
1775 3282 1996 3350 presby-

420 3349 806 3406 ter’interl'uit
853 3351 1061 3418 synodo
1115 3349 1369 3418 Tyrensi,
1420 3352 1579 3417 eique
1640 3349 1993 3419 subscripsit,

423 3424 542 3478 vice
565 3423 806 3492 episc0pi
841 3422 926 3475 sui
952 3421 1247 3492 Alexandri
1277 3421 1327 3473 id
1364 3421 1513 3492 illum
1530 3420 1738 3492 fecisse
1759 3431 1992 3489 Oportet.

423 3491 659 3560 Quodsi
695 3491 770 3547 ita
800 3502 902 3552 est.
939 3507 1046 3544 non
1080 3493 1195 3560 ipse
1230 3491 1429 3544 Paulus
1458 3491 1815 3544 Athanasium
1845 3492 1997 3545 datu-

423 3580 588 3620 nasse
610 3563 874 3618 dicendus
897 3569 980 3628 est
999 3603 1011 3624 ,
1042 3563 1138 3616 sed
1173 3564 1352 3626 potius
1377 3562 1701 3617 Alexander.
1730 3563 1888 3630 cujus
1916 3563 1997 3615 vi-

425 3651 520 3692 ces
548 3637 742 3704 agebat
771 3632 994 3686 Paulus.
1032 3632 1166 3698 Quis
1208 3648 1337 3686 vero
1369 3632 1420 3685 id
1456 3632 1642 3684 credat
1673 3631 1740 3684 de
1763 3634 1998 3704 Alexan-

425 3708 529 3761 dro
560 3703 1170 3772 Constantinopolitano
1197 3706 1473 3770 episeopo,
1495 3718 1638 3756 .eum
1665 3703 1997 3756 condemna-

425 3779 560 3832 tioni
597 3777 881 3828 Athanasii
945 3774 1372 3842 subscripsisse?
1417 3773 1553 3826 Cum
1599 3774 1761 3841 igitur
1798 3773 1997 3826 Paulus

427 3849 545 3918 ipse
577 3861 685 3901 una
713 3861 836 3901 cum
871 3845 1099 3918 reliquis
1120 3845 1399 3918 episcopis
1428 3844 1519 3913 qui
1551 3843 1604 3896 in
1632 3845 1841 3918 synodo
1871 3843 1998 3914 Tyri

425 3913 819 3975 convenerant.
867 3913 1228 3969 Athanasium
1276 3915 1568 3968 damnasse
1618 3913 1854 3977 dicatur,
1905 3913 2002 3969 ne-

425 3991 668 4046 cessario
699 3989 970 4057 colligitur
1003 3987 1153 4040 illum
1183 3987 1295 4054 jam
1321 3994 1434 4039 tum
1459 3985 1770 4054 episcOpinn
1809 3985 1996 4041 fuisse.

427 4061 582 4126 Quod
627 4070 807 4113 autem
859 4065 1074 4128 spectat
1133 4057 1201 4110 ad
1249 4059 1428 4129 locum
1482 4057 1794 4119 Athanasii,
1841 4058 1885 4111 is
1933 4058 2000 4129 de

430 4131 598 4184 Paulo
626 4131 802 4184 adhuc
829 4127 1144 4198 presbytero
1169 4127 1405 4198 intelligi
1430 4129 1581 4180 nullo
1613 4129 1773 4181 modo
1802 4127 1996 4195 potest}

430 4201 642 4257 Etenim
678 4202 731 4254 in
782 4199 928 4252 dicta
961 4196 1024 4252 ad
1068 4199 1341 4253 solitarios
1369 4196 1631 4266 Epistola,
1667 4198 2002 4254 Athanasius

427 4288 621 4327 omnes
652 4273 720 4326 ab
765 4271 924 4324 initio
980 4277 1229 4324 recenset
1283 4269 1567 4338 episcopos
1628 4269 1999 4331 orthodoxos,

429 4359 569 4413 quos
603 4343 788 4396 Ariani
822 4357 885 4395 ex
919 4341 1035 4413 suis
1075 4341 1296 4413 sedibus
1333 4343 1689 4413 expulerant.
1719 4342 1794 4413 Ac
1829 4340 2002 4408 primo

429 4411 647 4480 quidem
700 4415 817 4466 loco
875 4412 1121 4464 nominat
1176 4411 1516 4465 Enstathiuni
1571 4411 2001 4473 Antiocheuuin,

425 4483 627 4539 deinde
700 4484 1052 4551 Eutropium,
1112 4481 1567 4551 Euphrationem,
1629 4480 2002 4551 Cymathium,

429 4556 740 4621 Asclepam,
767 4550 989 4622 Cyrum,
1023 4550 1332 4613 Diodorum,
1363 4551 1740 4622 Doinuionem,
1770 4550 2007 4622 llellaui-

429 4640 577 4686 cum,
611 4621 944 4677 Marcellum.
987 4623 1270 4677 Postremo
1319 4623 1383 4674 de
1435 4621 1604 4674 Paulo
1651 4622 1720 4673 ita
1767 4621 2002 4674 scribit:

432 4697 512 4749 De
558 4695 729 4748 Paulo
764 4710 882 4747 vero
916 4692 1507 4760 Constantinopolitano
1543 4693 1779 4759 episcopo
1813 4692 2005 4745 nemini

430 4767 663 4819 arbitror
699 4767 932 4836 ignotum
973 4781 1104 4817 esse.
1151 4764 1361 4828 Quanto
1400 4766 1537 4836 enim
1569 4763 1766 4836 clarior
1798 4763 2004 4826 civitas,

433 4846 580 4889 tanta
607 4832 777 4890 minus
804 4836 1006 4905 factum
1035 4837 1198 4889 celari
1222 4836 1432 4898 poterit.
1465 4832 1641 4905 Etiam
1666 4833 1785 4884 huic
1807 4849 2008 4900 quoque

432 4911 631 4962 crimen
675 4903 929 4975 objectum
966 4916 1063 4959 est.
1107 4905 1269 4974 quue
1314 4903 1726 4975 falsumrfuisse
1773 4905 1850 4956 vel
1891 4905 2009 4958 inde

434 4979 676 5044 colligas,
707 4974 840 5046 quod
881 4977 968 5046 qui
1005 4979 1153 5028 illum
1186 4993 1328 5029 reum
1368 4977 1487 5044 fecit
1526 4974 1890 5034 Macedonius,
1921 4977 2010 5044 qui

433 5065 571 5103 nunc
603 5049 747 5101 illius
785 5049 901 5102 loco
926 5048 1200 5116 episcopus
1231 5057 1305 5101 esl
1335 5047 1633 5111 ordinatus,
1679 5048 1827 5099 nobis
1861 5047 1912 5097 in
1949 5063 2010 5099 ea

435 5123 771 5173 accusatione
802 5120 1166 5188 prrrsentibus,
1212 5134 1329 5169 cum
1373 5134 1459 5170 reo
1491 5134 1585 5169 suo
1613 5118 1762 5188 cujus
1792 5117 2011 5185 presby-

436 5202 511 5245 ter
543 5201 679 5251 erat,
710 5187 1132 5244 communicavit.
1175 5190 1276 5242 Sed
1319 5191 1568 5256 quoniam
1608 5187 1860 5240 Eusebius
1887 5189 2012 5243 illuc

431 5263 612 5314 oculos
635 5262 942 5327 cupiditatis
975 5262 1261 5328 adjecerat,
1290 5262 1645 5326 episcopatum
1682 5259 1828 5311 illius
1866 5259 2011 5312 urbis

432 5349 615 5399 rapere
646 5332 903 5399 festinans
938 5347 953 5383 :
979 5333 1154 5384 eodem
1183 5334 1320 5383 enim
1361 5331 1512 5383 ntodo
1547 5347 1579 5383 a
1611 5331 1800 5399 Hergto
1826 5340 2009 5382 trans-

431 5404 563 5455 siliit
641 5401 1006 5455 Nicomediam
1040 5418 1056 5453 :
1084 5407 1276 5454 mansit
1329 5402 1667 5453 nihilominus
1709 5402 2010 5454 criminatio

431 5476 681 5527 adversus
719 5474 969 5531 Paulum.
1013 5472 1126 5525 Nec
1180 5472 1242 5523 ab
1284 5473 1492 5525 insidiis
1534 5472 1867 5532 destiterunt,
1917 5474 2008 5525 sed

433 5555 829 5610 perseverarunt
869 5546 924 5596 in
953 5543 1347 5598 calumniando.
1381 5543 1443 5595 Et
1481 5545 1708 5610 primum
1739 5543 1944 5614 quidem
1977 5562 2010 5597 a

432 5615 784 5668 Constantino
839 5616 894 5666 in
949 5616 1177 5668 l'outunt
1233 5616 1490 5682 relegatus
1530 5623 1624 5676 est,
1664 5625 1768 5668 etc.
1812 5613 2008 5668 Totum

437 5690 617 5740 loeum
649 5687 935 5756 diligenter
975 5701 1001 5738 a
1035 5704 1116 5741 me
1153 5701 1479 5740 conversum
1507 5687 1756 5739 consulto
1793 5686 1879 5739 hic
1909 5700 2006 5754 ap-

432 5759 609 5826 posui,
637 5769 920 5825 propterea
959 5759 1102 5825 qnod
1133 5758 1253 5824 ejus
1286 5757 1598 5810 testimonio
1635 5759 1834 5826 sarpins
1868 5758 2007 5809 inl'ra

432 5845 552 5897 sum
585 5845 806 5884 usurus.
837 5826 1007 5880 Porro
1035 5845 1100 5880 ex
1136 5830 1235 5881 hoc
1267 5830 1382 5882 loco
1407 5829 1691 5882 manifeste
1713 5829 2005 5897 colligitur,

429 5895 658 5954 Paulum
683 5899 796 5970 jam
827 5909 938 5954 tum
970 5900 1282 5970 episcopum
1315 5899 1503 5966 fuisse,
1537 5914 1658 5954 cum
1696 5914 1725 5953 a
1758 5895 2008 5955 Maccdo-

1744 416 2336 480 OBSERVATIONES.

2087 539 2522 617 nionaccusatus
2587 542 2976 617 est‘impulsu
3050 543 3482 602 Nicometliensis
3554 547 3664 600 Eu-

2085 609 2245 686 sebii.
2321 610 2373 686 Id
2437 621 2626 686 alitem
2695 609 2896 686 factum
2965 629 3089 670 esse
3153 626 3415 686 regnante
3482 617 3665 673 adhuc

2084 677 2454 754 Constantino
2489 680 2745 747 Maximo,
2778 685 2941 754 docet
2989 687 3106 754 ipse
3141 677 3493 751 Athanasius,
3537 705 3662 743 cum

2086 751 2254 823 ait_se_
2294 760 2407 823 tum
2451 761 2778 820 praesentem
2814 753 2985 808 fuisse
3011 751 3517 823 Constantinopoli.
3569 761 3665 812 At-

2087 819 2179 897 qui
2229 818 2562 897 Athanasius
2607 823 2826 878 nonnisi
2867 833 2986 897 post
3029 828 3295 895 synodum
3343 818 3470 897 Tyri
3515 831 3667 882 venit

2086 889 2646 960 Constantinopolim,
2675 908 2797 945 cum
2843 889 2902 947 se
2949 889 3184 951 factione
3228 889 3575 950 inimicorum
3610 899 3663 950 in

2087 960 2325 1036 concilio
2357 961 2449 1036 illo
2478 963 2709 1030 Oppriuii
2745 964 2968 1036 videret.
3007 964 3117 1019 Nec
3149 976 3271 1035 post
3308 969 3360 1020 id
3403 970 3666 1036 temporis

2087 1028 2622 1100 ConslaiitinOpolini
2651 1033 2795 1086 venit
2817 1073 2831 1093 ,
2865 1035 3099 1090 Eusebio
3137 1028 3540 1092 Nicomediensi
3581 1054 3669 1102 sn-

2087 1103 2336 1174 perstite.
2390 1103 2544 1156 Adde
2597 1105 2739 1174 quod
2791 1104 3126 1162 Athanasius
3172 1108 3379 1162 diserte
3435 1109 3664 1174 scribit,

2090 1170 2471 1245 Macedoniam
2523 1174 2617 1241 qui
2656 1172 2884 1226 Paulum
2919 1178 3238 1240 accusabat,
3281 1194 3347 1232 eo
3385 1178 3504 1245 ipso
3532 1170 3669 1233 tem;

2089 1256 2222 1309 pore
2257 1258 2380 1295 cum
2417 1244 2585 1298 Paulo
2617 1246 3076 1309 communicasse,
3109 1257 3160 1301 et
3206 1249 3309 1303 sub
3353 1244 3446 1301 illo
3497 1249 3670 1303 fuisse

2090 1313 2489 1389 presbyteriun.
2517 1315 2597 1389 _Si
2644 1314 2996 1389 Macedonius
3043 1320 3330 1389 presbyter
3364 1319 3465 1372 sub
3499 1317 3670 1374 Paulo

2090 1391 2203 1458 tum
2226 1394 2363 1458 erat,
2385 1384 2602 1458 Paulus
2637 1395 2767 1458 tunc
2793 1384 3086 1457 episcopus
3117 1384 3279 1443 fuerit
3305 1404 3534 1443 necesse
3561 1400 3666 1444 est.

2089 1453 2168 1530 Ac
2205 1456 2438 1530 proinde
2489 1453 2839 1530 verissimum
2901 1453 3000 1530 esti
3037 1459 3183 1530 quod
3239 1461 3374 1519 dixi,
3437 1459 3670 1530 Paulum

2090 1522 2442 1599 constantini
2502 1525 2677 1599 Magni
2707 1597 2715 1599 _
2749 1522 3088 1599 temporibus
3129 1530 3449 1599 episc0pum
3503 1528 3672 1584 fuisse

2092 1593 2243 1646 urbis
2264 1593 2906 1669 Constantinopolitame.
2939 1593 3206 1652 Prmterea
3247 1593 3481 1654 duorum
3517 1601 3666 1669 opti-

2090 1676 2314 1735 morum
2345 1668 2678 1735 scriptorum
2726 1670 3056 1722 auctoritate
3103 1669 3391 1734 discimus,
3435 1668 3674 1724 Alexan-

2092 1730 2254 1785 drum
2287 1730 2955 1806 Constantinopolimunm
3005 1740 3326 1806 episcopum
3379 1730 3662 1793 mortuum

2092 1815 2216 1876 esse
2255 1805 2434 1859 adlmc
2471 1820 2732 1876 regnante
2765 1805 3150 1862 Constantino.
3195 1811 3266 1862 Ita
3302 1811 3446 1863 enim
3482 1812 3675 1864 scribit

2094 1870 2491 1946 Philostorgius
2534 1870 2605 1930 in
2661 1878 2801 1931 libro
2834 1880 3078 1933 secundo
3121 1879 3376 1934 Historiw
3426 1882 3676 1934 ecclesia-

2093 1944 2260 2023 sticae,
2295 1944 2547 2023 pag.__15,
2579 1948 2667 2001 ubi
2706 1948 2868 2023 paulo
2905 1959 3027 2023 post
3059 1952 3302 2023 encaenia
3337 1951 3488 2006 urbis
3523 1951 3670 2006 Con-

2093 2018 2598 2090 stantinopolitanae
2645 2031 2676 2070 a
2725 2019 3088 2074 Constantino
3138 2019 3334 2090 Magno
3374 2023 3672 2086 celebrata,

2092 2083 2466 2159 Alexandrum
2500 2089 2672 2159 illius
2728 2090 2879 2143 urbis
2940 2083 3258 2159 episcopum
3313 2107 3344 2146 e
3405 2094 3516 2146 vita
3571 2083 3673 2145 mi?

2093 2169 2282 2232 {gr-asse
2343 2158 2582 2232 scribit;
2624 2158 3051 2232 Τελερτῄᾳανῒος
3080 2162 3137 2214 δὲ
3187 2161 3286 2232 fro?)
3329 2161 3535 2232 ταύτης
3576 2161 3676 2230 τῆς

2094 2225 2302 2302 πόλεως
2321 2228 2663 2302 -ᾁρχεερέως
2707 2225 3089 2302 Ἀλεξάνδρου,
3148 2230 3240 2284 τὸν
3273 2301 3278 2302 γ
3307 2225 3674 2302 Νικομήδείαξς

2095 2299 2259 2366 φησὶν
2321 2299 2577 2352 Εὑσέϐιον
2638 2301 2717 2363 εἰς
2777 2300 2869 2352 τὸν
2945 2299 3046 2368 τῆς
3100 2301 3412 2356 νεοκτίστου
3452 2299 3676 2364 nollem;

2093 2369 2476 2438 ἁρχιερατικὸν
2523 2373 2856 2440 μεταστῆσαι
2891 2371 3100 2440 Ορόνον,
3151 2373 3202 2425 id
3238 2381 3341 2436 est,
3369 2374 3457 2426 Ait
3490 2372 3677 2426 Philo-

2095 2444 2359 2506 storgi'is,
2391 2452 2506 2504 post
2541 2441 2738 2493 obitum
2771 2442 3062 2494 Alexandri
3095 2441 3677 2509 Constantinopolitani

2095 2510 2332 2575 episcopi
2354 2552 2368 2573 ,
2405 2510 2691 2564 Eusebium
2721 2509 3175 2566 Nicomedieusem
3208 2516 3527 2567 translatum
3563 2530 3676 2567 esse

2095 2579 2164 2630 ad
2196 2583 2560 2654 episcopatum
2589 2581 2736 2654 urbis
2777 2599 2954 2636 recens
2991 2586 3236 2637 conditur.
3276 2583 3422 2638 ldem
3455 2600 3677 2654 quoque

2096 2653 2292 2703 scribit
2325 2650 2691 2706 Thcodoritus
2725 2654 2777 2705 in
2826 2654 2967 2707 libro
2995 2656 3171 2722 primo
3227 2650 3486 2710 Historias
3514 2650 3678 2708 eccle-

2095 2722 2364 2786 siastica',
2399 2738 2521 2790 cap.
2562 2723 2650 2776 19.
2695 2723 2773 2777 Ac
2807 2724 2874 2776 de
2906 2723 3139 2776 Eusebio
3185 2725 3403 2792 quidem
3457 2727 3680 2794 impne-

2097 2796 2399 2862 seutiarum
2438 2809 2542 2846 non
2575 2795 2816 2861 disputo,
2846 2810 3006 2862 quem
3041 2795 3415 2850 'l‘heodoritus
3456 2811 3520 2850 ac
3546 2797 3678 2851 Phi—

2098 2861 2390 2931 lostorgius
2428 2865 2501 2936 in
2563 2863 2740 2916 locum
2799 2861 3093 2936 Alexandri
3153 2868 3252 2918 sub
3287 2875 3507 2936 ogatum
3555 2882 3679 2922 esse

2099 2936 2391 2986 alill'llllllll.
2427 2932 2478 2984 ld
2537 2950 2707 2986 unum
2756 2933 3060 2999 contendo,
3113 2932 3484 2990 Alexandrum
3533 2937 3679 2991 Con-

2097 3006 2640 3071 stantinopolitauum
2689 3006 3010 3073 episcopum
3045 3007 3350 3074 principatu
3404 3007 3679 3063 Constan-

2097 3075 2195 3126 tini
2229 3076 2453 3143 Augusti
2492 3083 2724 3127 mortem
2775 3077 3000 3136 obiisse,
3053 3092 3116 3129 ac
3169 3078 3396 3144 proinde
3445 3076 3677 3132 Paulum

2097 3155 2360 3211 regnante
2395 3145 2572 3211 adhuc
2603 3146 2966 3199 Constantino
3012 3145 3266 3202 Ecclesia:
3310 3148 3456 3201 illius
3500 3164 3680 3203 sacer-

2097 3203 2305 3286 doiium
2347 3203 2675 3268 ohtiiiuisse.
2730 3215 2873 3269 Idem
2919 3232 3138 3286 quoque
3172 3219 3468 3286 scripserat
3505 3219 3679 3273 Euse-

2099 3284 2220 3339 bius
2254 3284 2550 3356 Pamphili,
2603 3295 2662 3337 ut
2703 3293 2937 3348 testatur
2966 3284 3327 3356 TheOphanes
3359 3289 3412 3341 in
3451 3288 3683 3344 Chroni-

2097 3371 2179 3408 co.
2241 3354 2350 3408 Nec
2399 3354 2457 3406 ut
2511 3355 2767 3409 Eusebius
2820 3373 2882 3410 ea:
2920 3354 3161 3411 omnibus
3206 3360 3479 3412 historicis
3535 3361 3680 3413 solus

2099 3436 2306 3485 narrat,
2357 3426 2780 3480 Nicomediensis
2847 3426 3100 3481 Eusebius
3165 3445 3282 3481 cum
3331 3430 3386 3482 in
3434 3431 3682 3485 encamiis

2099 3496 2322 3550 insidias
2378 3499 2674 3550 Athanasio
2715 3509 2974 3563 strueret,
3031 3497 3682 3566 Constantinopolilauant

2097 3568 2271 3620 sedem
2305 3567 2587 3620 obtinebat.
2632 3567 2743 3620 Iloc
2789 3570 2929 3621 enim
2983 3571 3060 3622 rel
3101 3585 3165 3623 ex
3196 3580 3488 3638 temporum
3520 3573 3682 3626 colle—

2098 3644 2270 3690 ctione
2304 3638 2432 3706 falsi
2476 3639 2739 3707 arguitur,
2772 3650 2878 3694 etc.
2930 3638 3155 3693 Videtur
3195 3648 3376 3694 tamen
3415 3642 3683 3697 memoria

2102 3709 2286 3780 lapsus
2312 3725 2436 3762 esse
2467 3709 2848 3779 Theophanes,
2883 3719 2936 3763 et
2976 3726 3073 3780 pro
3122 3709 3458 3765 Theodorito
3507 3711 3682 3768 Euse-

2101 3779 2248 3832 bium
2278 3779 2549 3849 posuisse.

2764 3873 2918 3928 CAP.
2961 3873 3025 3928 ll.

2107 3965 2296 4020 Utrum
2326 3967 2486 4019 Arius
2507 3965 2883 4045 ha’resiarches
2909 3983 2939 4018 a
2964 3966 3165 4035 synodo
3182 3967 3683 4045 _Hierosolymitana

2420 4049 2690 4104 susceptus
2731 4040 2799 4089 sit
2837 4040 2890 4088 in
2929 4040 3365 4093 communionem.

2175 4128 2379 4184 Verum
2420 4129 2529 4180 hoc
2573 4130 2694 4180 loco
2735 4128 3142 4200 validissimum
3184 4130 3348 4184 nobis
3390 4145 3686 4200 argumen-

2105 4207 2220 4253 tum
2259 4200 2579 4268 opponitur.
2616 4200 2752 4251 Cum
2785 4199 2930 4251 cnim
2969 4209 3186 4253 constet
3217 4202 3408 4254 Arium
3447 4199 3500 4255 in
3532 4217 3683 4257 com-

2106 4272 2420 4324 munionem
2455 4278 2736 4344 receptum
2783 4272 3005 4344 esse_in
3044 4271 3254 4344 synodo
3297 4269 3687 4344 Hierosolymi-

2105 4348 2392 4410 tana,qu:r
2417 4343 2580 4412 paulo
2607 4339 3032 4412 post_synodum
3059 4341 3186 4411 Tyri
3211 4339 3684 4412 congregata'est,

2107 4413 2190 4466 vel
2223 4408 2502 4484 potiusab
2534 4408 2671 4484 urbe
2706 4408 2852 4484 Tyro
2885 4408 3152 4484 translata
3186 4421 3271 4466 est
3302 4408 3686 4484 Hierosolyma

2109 4497 2257 4534 anno
2287 4483 2495 4535 Chri5ti
2533 4482 2656 4545 555,
2689 4479 3003 4534 Alexander
3041 4479 3686 4552 Constantinopolitanus

2108 4553 2406 4622 episcopus
2440 4561 2721 4620 superstes
2755 4553 2920 4604 etiam
2959 4560 3072 4604 tuin
3114 4552 3277 4606 fuerit
3313 4570 3541 4609 necesse
3576 4563 3681 4609 est.

2109 4625 2319 4694 Quippe
2380 4624 2690 4676 Alexander
2723 4623 3007 4688 aliquanto
3049 4632 3170 4692 post
3203 4625 3393 4678 Arium
3459 4641 3524 4679 ex
3584 4626 3687 4679 hac

2110 4695 2232 4748 ltiCe
2273 4694 2544 4765 migravit.
2589 4694 2873 4765 llicrenim
2915 4703 2999 4746 est
3041 4695 3378 4759 Alexander,
3419 4695 3512 4765 qui
3565 4696 3684 4751 suis

2111 4766 2370 4833 precibus
2405 4779 2433 4816 a
2472 4763 2580 4814 Deo
2619 4763 2668 4816 id
2705 4764 3052 4832 impetravit,
3087 4774 3146 4816 ut
3184 4767 3346 4818 Arius
3376 4763 3537 4835 quem
3574 4766 3686 4819 Eu-

2111 4837 2322 4889 scbiani
2376 4836 2645 4903 postridie
2698 4835 2750 4886 in
2800 4835 3088 4887 ecclesiam
3158 4835 3575 4890 introducturos
3625 4853 3684 4890 se

2109 4921 2231 4960 esse
2282 4906 2656 4968 minabantur,
2716 4919 2810 4972 spe
2842 4920 2940 4957 sua
3000 4906 3318 4965 frustratus.
3376 4908 3683 4961 findissimo

2112 4977 2304 5030 mortis
2345 4992 2544 5044 genere
2575 4975 3041 5043 evstingncretur,
3071 4985 3130 5027 ut
3169 4985 3406 5032 testatur
3435 4980 3682 5030 Athana-

2111 5049 2228 5102 sius
2259 5057 2373 5100 tum
2407 5049 2459 5100 iu
2492 5045 2730 5112 Epistula
2766 5045 2833 5097 ad
2866 5047 3204 5112 Serapionem
3233 5049 3298 5101 de
3328 5058 3503 5102 morte
3527 5049 3681 5109 Arii,

2114 5130 2224 5170 tum
2261 5120 2313 5170 in
2355 5118 2612 5171 circulari
2657 5116 2899 5183 Epistula
2941 5120 3008 5169 ad
3068 5121 3335 5185 episcopos
3375 5119 3598 5189 lEgypli
3634 5129 3683 5172 et

2113 5189 2325 5257 Libyan
2359 5204 2481 5257 quze
2512 5189 2670 5258 vulgo
2704 5189 3028 5241 insi-rihitur
3066 5190 3252 5242 Oratio
3290 5191 3465 5257 prima
3500 5191 3680 5242 adver-

2112 5277 2198 5312 sus
2238 5261 2484 5311 Arianos.
2521 5258 2597 5310 Ex
2631 5274 2740 5327 quo
2769 5260 3080 5320 coniicitur,
3118 5261 3491 5314 Alexandrum
3538 5276 3684 5314 anno

2111 5331 2313 5382 Christi
2349 5331 2452 5383 336
2487 5331 2667 5382 adhuc
2699 5330 3079 5398 episcopatum
3117 5329 3678 5401 Constantinopolita-

2114 5417 2241 5454 nuin
2279 5401 2702 5472 administrasse
2727 5440 2742 5462 ,
2772 5416 2835 5453 ac
2868 5402 3096 5466 proinde
3133 5402 3329 5455 falsum
3373 5419 3497 5457 esse
3536 5403 3682 5472 quod

2113 5487 2277 5539 supra
2309 5473 2541 5540 scripsi,
2575 5471 2803 5543 Paulum
2835 5473 3512 5539 Consiantinopolitanum
3559 5471 3684 5543 epi-

2113 5558 2338 5612 sc0pum
2376 5544 2428 5596 iu
2463 5543 2702 5595 concilio
2737 5542 2864 5609 Tyri
2909 5543 3093 5596 habito
3133 5545 3396 5598 adversus
3435 5542 3680 5597 Athana-

2113 5617 2252 5668 sium
2286 5614 2705 5683 subscripsisse.
2749 5615 3084 5668 Gravissima
3123 5614 3368 5682 proferto
3400 5615 3513 5668 haec
3545 5617 3685 5668 ratio

2111 5693 2227 5743 est.
2261 5695 2314 5739 et
2344 5701 2466 5754 qua:
2503 5695 2744 5738 nostram
2796 5686 3120 5738 sententiam
3170 5685 3419 5740 funditus
3466 5686 3683 5740 evertit.

2115 5757 2218 5809 Sed
2246 5756 2634 5826 inquirendum
2670 5763 2754 5809 est
2809 5757 3126 5824 diligentius
3171 5772 3235 5809 ac
3285 5756 3686 5825 dispiciendum

2114 5828 2162 5880 id
2199 5844 2306 5896 quo
2363 5843 2472 5880 uno
2501 5828 2748 5880 nituntur
2775 5827 3110 5880 adversarii:
3145 5845 3212 5880 an
3245 5829 3491 5882 videlicet
3524 5827 3686 5879 Arius

2117 5901 2231 5967 ipse
2267 5900 2323 5955 in
2357 5898 2798 5954 communionem
2832 5909 3086 5957 reccntus
3124 5899 3195 5955 sit
3227 5916 3254 5952 a
3287 5898 3520 5953 concilio
3558 5897 3683 5954 llic-

3532 435 3663 490 tusc
3750 456 3754 458 ~
