4504 6576
831 455 967 513 1351

835 580 1091 638 desertor,
1124 583 1172 629 et
1205 574 1364 628 alieni
1395 573 1546 628 nulla
1574 568 1882 626 rationabili
1906 585 2070 622 causa
2101 577 2404 635 occttpator,

839 648 1032 720 prioris
1061 647 1390 720 episcopatus
1413 645 1724 720 charitatent
1748 641 1910 693 alieni
1930 639 2218 720 cupiditate
2240 655 2411 705 asper-

839 711 996 774 natus
1029 711 1128 770 est.
1166 711 1276 770 Nec
1305 725 1476 768 tamen
1507 715 1644 766 hunc
1673 713 1843 778 ipsum
1875 711 2237 778 episcopatum
2260 724 2411 778 quem

842 797 993 841 tanta
1023 786 1278 840 aviditate
1310 777 1699 850 occupaverat,
1737 777 2059 835 reservavit.
2103 777 2234 832 Ecce
2271 777 2413 850 enim

832 860 949 928 jam
978 873 1177 927 quoque
1210 855 1329 928 iude
1355 848 1640 928 desiliens,
1672 852 1902 928 alienum
1936 853 2292 928 episcopatum
2323 848 2414 928 tl‘e-

842 916 947 981 imo
978 916 1195 980 obtinet.
1228 923 1332 979 Ubi
1361 925 1600 978 notanda
1633 932 1764 976 sunt
1791 922 1906 973 haec
1936 916 2098 974 verba
2121 959 2134 979 .
2168 919 2277 972 ἰδοὺ
2305 916 2414 989 γὰρ

844 999 895 1050 κ’
929 997 1136 1049 ἐκεῖθεν
1167 995 1444 1058 ἀποστὰς,
1481 992 1765 1061 ἀλλοτρίαν
1799 989 1961 1044 πάλιν
1999 989 2217 1058 κατέχει
2238 1032 2255 1055 ,
2286 1003 2413 1061 naut

845 1066 1176 1121 vocabulum
1213 1066 1344 1118 illud
1377 1057 1518 1124 ἰδὸύ,
1554 1057 1969 1116 translationem
2015 1057 2158 1114 hanc
2195 1057 2415 1114 Eusebii

847 1154 876 1189 a
906 1135 1225 1190 Nicomedia
1269 1131 1846 1202 Constantinopolim,
1885 1146 2078 1202 recens
2121 1128 2413 1183 admodum

843 1216 900 1261 et
929 1207 1095 1275 paulo
1137 1214 1429 1274 antequam
1482 1201 2264 1275 ha:c_scriberent,_factanr
2291 1213 2417 1275 esse

843 1269 1112 1332 declarat.
1162 1269 1533 1341 Quamobrem
1581 1273 1628 1326 si
1680 1274 1796 1326 lucc
1840 1271 2133 1325 circularis
2183 1269 2416 1341 epistola

845 1348 1054 1414 scripta
1103 1339 1202 1416 est'
1241 1346 1312 1400 ab
1349 1343 1571 1416 {Egypti
1605 1342 2183 1416 sacerdotibusanno
2207 1339 2417 1393 Natalis

847 1409 1063 1470 Domini
1093 1415 1198 1470 559
1219 1454 1234 1477 ,
1268 1426 1324 1471 ut
1354 1409 1622 1468 Baritnins
1663 1412 1920 1473 censuit,
1967 1409 2187 1466 Eusebii
2231 1419 2417 1464 trans-

846 1487 980 1540 latio
1027 1486 1094 1539 ad
1139 1486 1323 1540 sedem
1348 1483 2019 1550 Constantinopolitanam
2043 1521 2059 1543 ,
2086 1481 2171 1536 vel
2227 1480 2420 1536 eodem

845 1558 931 1611 vel
966 1555 1241 1626 superiori
1272 1571 1420 1610 anno
1449 1554 1741 1622 contigerit
1777 1567 2003 1606 necesse
2031 1561 2135 1607 est.

845 1704 924 1760 De
951 1703 1180 1759 secunda
1202 1703 1532 1759 restitutione
1558 1701 1738 1763 Pauli,
1761 1711 1811 1754 et
1839 1699 1902 1754 de
1926 1699 2152 1755 secundo
2175 1715 2238 1752 ac
2264 1699 2421 1752 tertio

1391 1773 1626 1841 ejusdem
1655 1772 1867 1824 exsilio.

914 1845 1076 1898 Anno
1101 1842 1312 1899 Christi
1341 1838 1446 1898 542
1487 1843 1622 1896 obiit
1654 1841 1924 1895 Eusebius
1958 1838 2423 1907 Constantinopo-

846 1916 1052 1969 litanus
1079 1918 1370 1983 episcopus
1394 1955 1408 1976 ,
1453 1927 1614 1980 quem
1649 1910 1902 1980 Magnum
1939 1909 2228 1983 Eusebium
2246 1917 2424 1983 _vocat

849 2001 959 2040 non
983 1979 1156 2041 solum
1187 1979 1924 2051 Pliilostorgius.sed’etiam
1950 1979 2218 2034 Eusebius
2236 1979 2423 2051 Cresa-

848 2056 1052 2110 riensis
1083 2056 1137 2107 in
1166 2055 1309 2108 libro
1344 2050 1545 2108 Contra
1576 2050 1911 2105 Marcellum.
1949 2052 2008 2104 In
2041 2066 2203 2120 quem
2235 2050 2424 2104 nescio

849 2141 948 2180 cur
976 2133 1257 2192 tantopere
1287 2125 1532 2178 invectus
1573 2123 1646 2176 sit
1677 2122 1968 2184 Baronius,
2005 2137 2133 2182 cum
2168 2121 2422 2192 superius

820 2189 878 2249 ἐι
905 2195 1067 2251 nobis
1096 2189 1379 2258 ostensum
1415 2193 1598 2256 fuerit,
1628 2207 1751 2245 eum
1774 2207 1960 2261 pacem
1983 2202 2044 2261 _et
2081 2190 2425 2261 communio-

849 2281 975 2321 nem
1019 2280 1143 2319 cum
1174 2264 1419 2318 Ecclesia
1447 2263 1693 2316 Ilotnana
1737 2258 1804 2316 ad
1835 2258 2044 2316 obitum
2077 2275 2252 2330 usque
2292 2260 2425 2314 reti-

851 2335 1063 2390 nuisse.
1087 2335 1220 2389 Post
1249 2335 1371 2403 ejus
1397 2334 1604 2388 obitum
1653 2335 1803 2387 cives
1828 2331 2422 2403 Constantinopolitani

849 2405 1081 2460 Paulum
1133 2405 1199 2458 ad
1255 2399 1438 2458 sedem
1489 2417 1645 2458 suam
1701 2409 2074 2465 revocarunt;
2129 2399 2426 2454 Eusebianl

849 2490 982 2530 vero
1011 2474 1396 2528 Macedonium
1427 2473 1480 2526 in
1525 2472 1748 2526 Eusebii
1787 2474 1962 2526 locum
1989 2472 2424 2526 substituerent.

850 2547 983 2612 Quae
1019 2561 1107 2600 res
1139 2545 1418 2614 ingentem
1447 2544 1739 2614 tumultum
1774 2544 1829 2596 in
1861 2541 2009 2614 urbe
2032 2543 2179 2614 regia
2218 2542 2428 2614 excita-

849 2611 950 2680 vit,
983 2623 1042 2670 ut
1066 2611 1238 2670 rel'er't
1269 2613 1525 2668 Socrates
1555 2613 1608 2666 in
1633 2613 1779 2669 libro
1810 2612 2067 2667 secundo.
2097 2611 2191 2666 llis
2218 2611 2426 2665 auditis

849 2688 1146 2758 imperator
1164 2683 1646 2758 Constantius_qui
1688 2683 1742 2736 in
1776 2683 2000 2758 Oriente
2025 2683 2172 2758 bello
2207 2680 2428 2758 Persico

850 2752 1164 2829 implicatus
1193 2755 1500 2829 tenebatur,
1538 2752 1863 2829 Hermogeni
1895 2752 2162 2821 magistro
2193 2753 2426 2829 militum

851 2821 1159 2890 mandavit,
1191 2835 1252 2880 ut
1279 2824 1818 2894 Constantinopolim
1853 2823 2160 2894 ingressus,
2189 2821 2427 2894 Paulum

851 2899 986 2953 sede
1034 2911 1134 2952 sua
1183 2911 1248 2950 ac
1290 2891 1515 2949 civitate
1551 2891 1892 2948 exturbaret.
1922 2891 2110 2962 'Aigre
2157 2891 2426 2962 siquidem

850 2967 1063 3024 ferebat
1089 2968 1414 3036 imperator,
1449 2963 1594 3033 quod
1623 2964 1833 3036 absque
1861 2979 1960 3018 suo
1981 2961 2256 3036 censeusu
2273 2961 2428 3036 Pan:

851 3039 938 3094 lus
960 3031 1263 3092 Ecclesiam
1286 3051 1441 3091 suam
1468 3031 1789 3103 recepisset.
1809 3035 1877 3087 At
1897 3035 2248 3104 populus,qui
2273 3031 2428 3086 Pauli

852 3124 1040 3164 amore
1065 3106 1351 3178 llagrabat,
1381 3104 1648 3178 adversus
1670 3106 1994 3178 magistrum
2012 3106 2253 3178 militum
2280 3118 2432 3178 coui-

851 3189 1058 3241 rnotus,
1089 3173 1252 3233 domo
1281 3178 1399 3247 ejus
1423 3177 1646 3231 incensa
1674 3173 1854 3244 ipsum
1881 3175 2170 3247 corripuit,
2198 3181 2252 3229 et
2279 3173 2432 3243 pedi-

852 3249 957 3306 ltus
995 3257 1230 3303 tractum
1271 3246 1335 3302 ae
1375 3248 1576 3302 misere
1615 3252 1968 3308 truncatum,
2005 3246 2056 3298 in
2110 3259 2259 3298 mare
2292 3259 2430 3312 prae-

851 3321 1123 3390 cipitavit.
1151 3317 1207 3372 Id
1237 3325 1452 3388 gestum
1480 3327 1564 3390 est
1589 3315 1913 3390 Constantio
1943 3316 2164 3390 tertium
2193 3323 2247 3370 et
2285 3313 2433 3369 Con-

853 3386 1036 3445 stante
1072 3386 1265 3444 iteruni
1298 3387 1632 3442 consulibus.
1672 3386 1805 3452 Quae
1826 3401 1950 3452 cum
1980 3389 2228 3438 mmtiata
2248 3393 2435 3439 essent

853 3461 1210 3523 Constantio,
1242 3458 1365 3522 ille,
1397 3461 1637 3527 graviter
1669 3465 2012 3517 commotus,
2044 3464 2265 3522 repente
2290 3470 2432 3526 equo
2460 3482 2463 3486 -

853 3546 1169 3597 conscenso,
1190 3531 1336 3584 venit
1361 3527 2186 3597 Constantinopolim.liturbem
2213 3527 2430 3595 quidem
2473 3533 2479 3543 ‘

853 3603 1029 3670 ipsam
1051 3596 1266 3655 ann'ona
1291 3598 1574 3670 multavit;
1598 3595 1827 3670 Paulum
1842 3611 1976 3670 vero
1999 3605 2257 3670 tanquam
2286 3597 2433 3670 sedi-

855 3667 1024 3726 tionis
1055 3681 1358 3730 auctorem,
1383 3669 1591 3722 catenis
1618 3667 1812 3723 ferreis
1843 3667 2089 3721 vinctum
2121 3668 2186 3720 ad
2228 3668 2432 3721 castel-

753 3787 767 3795 .
856 3744 969 3798 lum
1015 3741 1422 3810 Mesopotamiae
1457 3738 1689 3810 Singara
1726 3737 2177 3810 deportavitslle
2215 3738 2315 3791 bac
2345 3738 2432 3810 in-

856 3815 1002 3878 genti
1025 3807 1294 3868 seditione
1320 3807 1920 3880 quuiturLibantusin
1945 3807 2201 3871 Basilica,
2231 3809 2432 3880 pagina

856 3885 995 3950 126,
1029 3884 1119 3940 ubi
1150 3879 1802 3950 testaturimperatorem
1831 3879 2212 3950 Constantium
2255 3879 2432 3933 admi-

858 3949 1017 4009 rabili
1041 3952 1319 4010 celeritate
1346 3949 1509 4006 usum
1530 3966 1654 4006 esse
1685 3951 1740 4004 in
1773 3949 2027 4004 faciendo
2054 3951 2279 4012 itinere,
2330 3965 2433 4005 nec
2499 3963 2508 3969 '

858 4026 1012 4081 nives
1042 4033 1207 4090 atque
1241 4025 1446 4078 imbres
1478 4036 1601 4076 eum
1637 4021 1706 4076 ab
1747 4021 1968 4089 incepto
2014 4021 2210 4074 itinere
2253 4021 2434 4074 deter-

858 4098 1058 4150 ruisse.
1104 4094 1171 4148 Et
1207 4101 1396 4149 sontes
1435 4091 1656 4161 quidem
1705 4091 1774 4145 ab
1818 4091 1914 4161 illo
1957 4092 2255 4160 castigatos
2308 4107 2433 4146 esse

857 4166 1012 4233 dicit,
1046 4167 1316 4221 neminem
1347 4160 1528 4216 tamen
1561 4169 1735 4233 morte
1775 4160 2025 4215 affectum
2048 4201 2062 4224 ,
2101 4177 2226 4216 cmn
2271 4177 2434 4216 sena-

857 4249 947 4293 tus
979 4232 1132 4291 urbis
1157 4232 1779 4304 Constantinopolitana‘
1813 4247 1912 4301 pro
1946 4233 2052 4286 reis
2080 4233 2218 4301 apud
2252 4233 2429 4301 ipsum

857 4308 1288 4362 intercessisset.
1327 4304 1584 4360 Socrates
1627 4303 1849 4371 quidem
1875 4342 1890 4365 ,
1934 4319 2170 4372 eumque
2208 4315 2430 4358 secutus

856 4377 1130 4432 llaronius
1155 4417 1170 4440 ,
1213 4375 1438 4428 Paulum
1479 4383 1610 4427 tunc
1649 4374 1912 4442 temporis
1945 4371 2174 4428 Romam
2216 4375 2440 4429 venisse.

857 4450 1068 4502 dicunt.
1103 4449 1217 4517 Ego
1247 4460 1379 4517 vero
1403 4445 1768 4517 Athanasium
1795 4444 1953 4517 sequi
1994 4445 2175 4517 malim
2203 4483 2218 4506 ,
2247 4447 2340 4517 qui
2373 4447 2429 4499 in

865 4519 1104 4587 Epistola
1135 4513 1204 4570 ad
1247 4516 1545 4587 solitarios,
1574 4516 1648 4567 ait
1680 4513 1904 4587 Paulum
1933 4530 1964 4567 a
1993 4513 2316 4587 Constantio
2345 4531 2431 4570 re-

858 4584 1096 4659 legatum
1127 4603 1251 4642 esse
1280 4585 1505 4659 Singara
1533 4625 1548 4649 ,
1580 4599 1633 4639 et
1659 4586 1936 4659 aliquant‘o
1963 4593 2083 4659 post
2108 4585 2251 4659 inde
2274 4584 2433 4648 Eme-

858 4655 974 4714 sain
1007 4675 1130 4713 esse
1161 4658 1512 4716 translatum,
1549 4666 1694 4709 metu
1728 4657 1941 4709 scilicet
1969 4655 2204 4710 Persicae
2241 4657 2430 4722 incur-

857 4731 1050 4784 sionis.
1088 4727 1268 4782 Verba
1302 4725 1587 4798 Albanasii
1623 4726 1937 4798 sunthaec:
1971 4726 2043 4778 Τὸ
2084 4726 2141 4798 iis
2183 4724 2432 4798 δεύτερον

859 4801 1010 4870 παρὰ
1069 4796 1448 4851 Κωνσταντξου
1513 4795 1685 4870 5305).;
1748 4796 1977 4870 uitasset
2022 4796 2288 4864 σιδηραῖς,
2341 4795 2432 4860 ἐἰς

859 4866 1108 4939 Σίγγαρα
1138 4871 1235 4936 τῆς
1282 4867 1706 4939 Masone-captio;
1750 4866 2048 4939 ἐξωρίσθη,
2079 4869 2172 4918 καὶ
2222 4868 2431 4920 ὲκεῖοεν

858 4936 1326 5008 eight-’19an
1367 4936 1692 5007 μετηνέχθη,
1750 4936 1804 4988 Id
1857 4946 1962 5001 est,
2013 4939 2211 5008 iterum
2230 4955 2361 5008 pero
2399 4955 2432 4990 α

859 5007 1174 5062 Constantio
1223 5010 1422 5062 catenis
1468 5008 1650 5074 ferreis
1691 5010 1894 5059 vinctus
1937 5009 2162 5075 Singara
2189 5007 2430 5076 Mesopo-

861 5084 1038 5134 tamia:
1069 5083 1374 5147 deportatus
1407 5087 1501 5138 est,
1533 5079 1820 5144 atqueiude
1846 5078 2136 5131 translatus
2164 5078 2429 5135 linwsam.

859 5152 1018 5216 Quod
1058 5165 1184 5204 cum
1231 5159 1338 5202 tam
1389 5149 1595 5202 diserte
1638 5148 1868 5204 aﬁirmct
1911 5149 2240 5202 Athanasius
2267 5191 2280 5214 ,
2323 5165 2430 5203 non

863 5223 972 5274 alio
1000 5227 1245 5290 tempore
1281 5221 1331 5272 id
1367 5221 1570 5272 factum
1603 5219 1874 5290 assignari
1909 5227 2102 5287 potest,
2136 5235 2296 5286 quam
2326 5222 2430 5275 isto

862 5309 973 5360 quo
1006 5289 1138 5344 dixi.
1172 5291 1385 5344 Etenim
1437 5291 1630 5360 ingens
1663 5292 1750 5342 illa
1783 5289 1982 5360 seditio
2017 5291 2069 5341 in
2095 5293 2226 5343 urbe
2259 5292 2428 5360 regia,

859 5357 913 5415 et
942 5363 1122 5415 caedes
1152 5362 1399 5429 magistri
1434 5358 1665 5412 militum
1688 5399 1702 5421 ,
1732 5368 1785 5414 et
1823 5357 1974 5412 Pauli
2005 5363 2282 5414 restitutio
2315 5357 2432 5416 sine

860 5433 1213 5502 imperatoris
1246 5446 1520 5485 consensu
1557 5430 1698 5502 facta
1723 5470 1738 5492 ,
1774 5430 2156 5484 Constantium
2193 5447 2298 5483 non
2331 5433 2430 5484 im-

861 5504 1059 5556 merito
1088 5509 1499 5556 commoverant
1523 5539 1538 5563 ,
1579 5511 1637 5553 ut
1668 5501 1889 5555 Paulum
1923 5502 2067 5554 ferro
2096 5502 2338 5554 vinctum
2376 5503 2428 5554 in

861 5583 972 5624 tam
998 5575 1352 5642 longinquum
1382 5573 1633 5626 exsilium
1659 5572 1996 5626 amandaret.
2021 5571 2094 5625 Ex
2119 5588 2227 5641 quo
2251 5582 2430 5626 tamen

863 5645 1058 5697 exsilio
1086 5660 1191 5697 non
1227 5646 1299 5697 ita
1336 5644 1509 5694 tnnllo
1542 5652 1661 5711 post
1699 5642 1945 5697 Emesam
1975 5660 2098 5696 eum
2128 5645 2429 5706 transtulit,

863 5719 979 5767 sive
1029 5723 1088 5767 ut
1137 5714 1760 5781 Constantinopolitanis
1817 5714 1910 5782 qui
1965 5713 2132 5766 Paulo
2163 5715 2432 5782 imprimis

862 5783 1192 5855 studebant,
1222 5785 1621 5855 gratificaretur
1645 5822 1659 5844 ,
1692 5786 1806 5837 sive
1826 5823 1840 5846 ,
1875 5794 1931 5836 ut
1961 5784 2106 5848 dixi,
2148 5785 2430 5855 Persarum

864 5853 1036 5917 metu,
1063 5858 1153 5923 qui
1185 5856 1435 5923 Singaris
1461 5854 1681 5908 assidue
1706 5855 2083 5908 itnminebanl.
2108 5855 2265 5908 Certe
2290 5853 2432 5908 haud

865 5927 1036 5982 multo
1064 5937 1188 5999 post
1216 5927 1362 5980 circa
1402 5927 1452 5980 id
1493 5941 1554 5979 ea
1593 5937 1736 5981 trum
1784 5928 1989 5998 ingenti
2025 5928 2215 5996 putelio
2251 5925 2429 5983 Persa:

1899 447 1965 502 IN
2000 445 2374 502 SOCRATEM
2413 445 2500 501 ΕΤ
2544 444 2970 502 SOZOMENUM

3957 435 4108 497 1652'

2514 583 2638 624 cum
2662 564 2926 619 Romanis
2943 561 3534 617 conﬂixere.C:etcrum
3558 558 3748 614 Ariani
3768 558 4096 613 seditionem

2514 639 2660 692 illam
2689 635 2757 690 de
2788 650 2895 704 qua
2924 633 3060 693 dixi,
3091 633 3377 702 credesque
3409 632 3692 704 hominum
3723 629 3775 704 in
3805 644 3868 704 ea
3899 630 4096 693 factas,

2518 708 2612 762 uni
2647 697 2821 759 Paulo
2853 704 3210 758 ascribebant
3236 742 3251 766 ,
3289 697 3353 755 ut
3383 710 3618 756 testatur
3653 697 3894 769 Epistula
3927 713 4097 769 syno-

2518 777 2641 831 dica
2688 773 3100 846 pseudosynodi
3137 771 3485 846 Scrdicensis
3519 790 3532 826 :
3583 767 3797 846 Sed—et
3821 769 3884 822 tte
3924 767 4097 822 Paulo

2520 841 3137 906 Constantiuonolitanw
3168 843 3398 896 ciuitatis
3419 841 3685 909 quondam
3717 841 3954 906 episcopo
3979 849 4097 904 post

2516 918 2744 972 reditum
2782 915 2959 969 exsilii
2989 915 3072 970 sui
3106 915 3155 966 si
3184 915 3300 982 quis
3331 913 3582 982 audierit.
3617 911 4010 982 perhorrescet;
4042 917 4099 982 et

2521 989 2696 1043 multo
2748 995 2907 1055 post:
2939 979 3336 1055 Asclepas’rero
3362 999 3479 1055 cunt
3514 981 3581 1033 ad
3611 979 4101 1055 Constantinopoli-

2521 1069 2703 1112 tauam
2731 1051 2995 1110 civitatem
3022 1064 3234 1124 propter
3253 1053 3482 1106 Paulum
3507 1053 3750 1124 venisset,
3773 1061 3888 1121 post
3907 1051 4102 1124 intuta-

2520 1131 2739 1183 nitatem
2767 1143 2941 1180 rerum
2977 1119 3412 1190 atrocitatemque
3439 1123 3728 1184 commisit,
3772 1119 3888 1190 quae
3927 1119 4100 1190 media

2518 1201 2572 1253 in
2597 1197 2840 1251 Ecclesia
2865 1189 3460 1262 Constantinopolitano
3491 1204 3636 1262 gesta
3661 1202 3784 1246 sunt
3816 1203 3934 1259 post
3956 1189 4102 1243 mille

2519 1269 2808 1322 homicidia
2840 1284 2957 1335 quin
3002 1266 3200 1320 altaria
3239 1267 3354 1331 ipsa
3387 1261 3618 1316 humano
3661 1264 3916 1335 sanguine
3949 1261 4100 1335 coin-

2519 1332 2864 1410 quinaverunt
2886 1347 3059 1410 ,Hpost
3096 1336 3492 1410 interfectiones
3523 1335 3752 1410 fratrum
3775 1332 4094 1410 e.c_stinctio-

2521 1403 2711 1479 nesque
2739 1409 3027 1461 Gentilium
3045 1446 3060 1469 ,
3089 1406 3341 1479 hodieque
3369 1422 3487 1458 cum
3520 1403 3696 1457 Paulo
3718 1443 3733 1464 ,
3763 1403 3913 1471 cujus
3935 1417 4103 1455 causa

2523 1477 2634 1536 haec
2661 1489 2809 1550 gesta
2839 1487 3000 1545 sunt,
3036 1477 3423 1530 communicare
3455 1491 3557 1528 non
3592 1483 3784 1528 cessat.
3810 1514 3816 1523 .

3154 1567 3309 1622 CAP.
3350 1566 3460 1620 VII.

2523 1683 2606 1739 De
2678 1684 2842 1738 tertia
2903 1683 3234 1760 restitutione
3277 1679 3436 1732 Pauli
3501 1677 4101 1744 Constantinopolitani.

2520 1835 2527 1843 ,
2596 1775 2800 1831 Scribit
2833 1775 3099 1828 Baronius
3140 1769 3369 1827 Paulum
3412 1771 3641 1843 civitate
3676 1785 3775 1825 sua
3809 1779 3971 1843 atque
4001 1769 4106 1824 Ec-

2523 1841 2689 1903 CIesia
2731 1848 2977 1916 pulsum,
3024 1845 3251 1897 Romam
3292 1844 3357 1896 ad
3400 1841 3608 1916 .lulium
3649 1856 3716 1916 se
3755 1841 4100 1916 contulisse:

2525 1911 2759 1986 cumque
2787 1917 2853 1968 ab
2889 1932 2954 1969 eo
2983 1916 3195 1968 litteras
3224 1915 3530 1986 accepisset
3568 1912 3771 1986 quibus
3823 1913 3875 1965 in
3919 1911 4105 1986 sedem

2525 1981 2682 2043 suani
2724 1987 3116 2041 restitnebatur
3143 2024 3158 2046 ,
3204 1999 3298 2038 eas
3343 1985 3552 2036 litteras
3585 1983 3778 2036 ell‘ectu
3811 1981 4061 2036 caruisse
4085 2021 4103 2046 ,

2527 2061 2728 2128 quippe
2759 2074 2880 2112 ctnn
2920 2054 3124 2110 Paulus
3153 2054 3370 2108 nonnisi
3404 2061 3528 2122 post
3559 2053 3898 2128 Scrdiceuse
3919 2052 4108 2128 conci-

2528 2121 2996 2184 lium-Ecclesium
3036 2143 3193 2179 suam
3230 2121 3660 2192 recuperaverit.
3711 2124 3820 2177 Sed
3867 2121 4108 2192 Baronio

2529 2199 2783 2255 assentiri
2820 2213 2926 2250 non
2967 2212 3212 2264 possunt.
3243 2191 3424 2248 Primo
3446 2195 3590 2248 enim
3629 2193 3826 2249 lalsum
3857 2203 3940 2247 est
3973 2191 4106 2264 Pan:

2530 2271 2639 2324 lum
2677 2277 2810 2322 tunc.
2843 2260 3107 2336 temporis
3133 2265 3360 2336 Romam
3390 2269 3627 2326 venisse,
3663 2273 3720 2318 ut
3751 2265 3802 2317 in
3832 2260 4108 2336 superiori

2529 2341 2708 2409 capite
2749 2333 3146 2409 (1ιιὶηιοιιὸιιηιγὶἐ
3200 2334 3534 2409 Necverius
3579 2335 3853 2409 estquod
3906 2333 4108 2409 asserit

2527 2405 2820 2474 Baronius,
2858 2408 3083 2462 Paulum
3116 2406 3458 2461 Scrdicensis
3489 2405 3682 2476 synodi
3711 2405 3984 2476 sententia
4020 2417 4109 2456 re-

2527 2481 2782 2536 stitutum
2816 2495 2957 2533 esse.
2986 2477 3148 2533 Certe
3180 2478 3233 2530 in
3261 2477 3493 2546 epistola
3518 2473 3784 2547 synodica
3819 2473 4110 2547 Scrdicen-

2529 2552 2607 2604 sis
2669 2549 2894 2604 conoilii
2951 2549 3100 2601 nulla
3156 2545 3412 2616 ejus’rei.
3451 2549 3508 2599 ﬁt
3552 2545 3778 2600 mentio.
3823 2545 3939 2599 lmo
3977 2559 4108 2616 vero

2527 2619 2902 2681 Tlteodoritus
2934 2619 2988 2672 in
3022 2619 3162 2670 libro
3183 2614 3428 2672 secundo
3461 2617 3713 2670 Historia:
3736 2614 4110 2670 ecclesiastica:

2527 2691 2732 2746 diserte
2776 2690 3006 2742 aﬁirmat
3049 2687 3280 2741 Paulum
3334 2688 3646 2742 Serdicensi
3681 2687 3916 2741 concilio
3947 2685 4110 2739 mini-

2529 2777 2616 2815 me
2666 2760 3004 2814 interfuisse.
3059 2758 3352 2813 Obstitisse
3397 2759 3541 2811 enim
3586 2760 3734 2812 cives
3772 2757 3926 2811 urbis
3964 2755 4112 2808 Con-

2528 2832 3005 2899 tantinopolitaum
3035 2830 3334 2899 quominus
3356 2844 3422 2884 eo
3452 2829 3897 2898 proﬁcisceretur
3917 2866 3931 2890 ,
3970 2826 4112 2899 _v_e_ri-

2530 2912 2618 2956 tos
2669 2895 2876 2955 scilicet
2917 2915 2986 2955 ne
3028 2895 3096 2952 ab
3137 2900 3357 2952 Arianis
3411 2895 3472 2958 iri
3502 2900 3696 2952 itinere
3736 2914 3834 2966 per
3879 2895 4110 2952 insidias

2532 2971 2958 3027 interﬁceretur.
3003 2969 3109 3024 Sed
3160 2983 3214 3024 et
3263 2969 3573 3025 Orientales
3625 2967 4110 3038 apud,Serdi_cam

2529 3044 2776 3165 episcopi
2829 3043 2883 3095 in
2940 3039 3201 3112 synodica
3243 3056 3341 3094 sua
3376 3050 3563 3110 aperte
3603 3035 3936 3110 signiﬁcant,
3969 3035 4112 3090 Pau-

2531 3112 2644 3165 lum
2688 3127 2756 3164 at
2800 3127 2862 3165 ea
2904 3111 3116 3165 svnodo
3166 3110 3410 3165 abfuisse
3438 3151 3452 3165 .
3505 3119 3564 3163 ut
3609 3123 3754 3165 recte
3797 3106 4112 3164 observavit

2531 3106 2644 3184 l_t'nt_i
2688 3106 2756 3184 ab
2800 3106 3147 3184 easyitodo_
3166 3106 3452 3184 abfuisse,
3479 3106 3759 3184 _ut__re'_cte
3797 3106 4113 3184 observavit

2530 3178 3086 3259 Blondcllusinlibro
3113 3180 3184 3259 ρο
3215 3183 3445 3259 primatu
3473 3181 3540 3259 in.
3559 3179 3816 3259 Ecclesia.
3836 3178 3955 3234 Jam
3981 3192 4112 3259 ergo

2473 3313 2476 3316 ,
2533 3263 2657 3308 ante
2691 3253 2960 3324 synodum
2996 3251 3378 3324 Scrdicensem
3410 3251 3612 3324 Paulus
3637 3254 3988 3324 episcopatus
4023 3251 4108 3304 sui

2532 3325 2710 3378 locum
2724 3320 3036 3393 receperat.
3057 3321 3212 3388 Quod
3242 3321 3460 3392 quidem
3492 3327 3520 3375 'a
3544 3321 3872 3393 Constantio
3905 3320 4108 3393 factum

2533 3396 2708 3448 fuisse
2742 3391 3014 3456 arbitror,
3053 3394 3137 3447 vel
3183 3394 3236 3446 in
3262 3391 3502 3462 gratiam
3543 3391 4112 3458 ConstantinOpolita-

2533 3479 2728 3520 norum
2759 3505 2773 3530 ,
2811 3465 2903 3534 qui
2951 3463 3181 3516 Paulum
3224 3464 3503 3533 praecipuo
3540 3463 3778 3532 quodam
3798 3476 4008 3534 _amore
4047 3474 4113 3534 ac

2534 3536 2716 3591 Studio
2765 3531 3276 3604 prosequebantur;
3325 3535 3408 3587 vel
3440 3534 3511 3587 ob
3544 3531 3757 3604 metum
3785 3531 4110 3604 Constantis

2537 3603 2803 3676 Augusti,
2832 3603 3346 3676 .qui’frcquetttibus
3378 3605 3575 3658 litteris
3618 3603 4112 3676 ad_iionstatitiutn

2536 3671 2758 3740 missis,
2784 3687 2841 3730 ut
2862 3671 3110 3738 Paulus,
3146 3674 3483 3729 Athanasius
3506 3717 3520 3737 ,
3556 3682 3609 3728 et
3639 3674 3834 3742 reliqui
3867 3671 4112 3728 Orientis

2533 3748 2776 3816 episcopi
2808 3763 2938 3802 suas
2967 3747 3022 3800 in
3053 3746 3209 3800 sedes
3242 3747 3684 3808 restituerentur,
3718 3746 4108 3816 postulaverat.

2536 3815 2680 3872 Sane
2717 3815 2915 3872 rationi
2947 3823 3376 3871 consentaneum
3405 3817 3505 3869 fuit
3535 3856 3548 3879 ,
3584 3825 3639 3868 ut
3669 3815 3927 3885 quoniam
3971 3815 4113 3885 inter

2532 3889 2674 3943 duos
2712 3889 2911 3943 fratres
2944 3893 3220 3957 Augustos
3270 3887 3487 3940 tandem
3532 3882 3898 3948 convenerat,
3949 3893 4006 3937 ut
4043 3882 4112 3936 ad

2533 3974 2760 4014 causam
2787 3961 3168 4029 episcoporum
3201 3958 3610 4024 dijudicandam
3641 3959 3915 4029 generalis
3942 3970 4112 4026 syno-

2532 4030 2638 4083 dus
2681 4027 2834 4100 apud
2853 4030 3137 4100 Serdicam
3160 4040 3606 4098 congregaretur,
3639 4027 3885 4100 episcopi
3918 4039 4112 4100 omnes

2533 4097 2764 4156 vinculis
2795 4111 2957 4170 atque
2985 4098 3180 4170 exsilio
3212 4097 3592 4162 solverentur,
3629 4114 3738 4166 quo
3769 4098 3936 4151 libera
3960 4097 4112 4170 ipsis

2534 4172 2766 4226 facultas
2809 4166 3065 4226 veniendi
3109 4168 3173 4222 ad
3224 4170 3539 4223 concilium
3572 4177 3913 4238 suppeteret.
3959 4166 4111 4220 llanc

2535 4244 2702 4308 igitur
2725 4244 2795 4296 ob
2825 4256 3070 4304 causam,
3110 4241 3163 4293 ni
3196 4240 3376 4301 fallor,
3404 4239 3604 4294 Paulus
3639 4255 3667 4291 a
3702 4238 4020 4308 Singarensi
4056 4243 4111 4291 et

2533 4313 2791 4367 Emiscno
2847 4313 3045 4366 exsilio
3107 4327 3363 4365 reversus
3414 4323 3499 4365 est
3551 4309 4107 4377 Constantinopolim.

2535 4383 2688 4438 Unde
2713 4400 2835 4437 cum
2862 4382 2927 4435 ad
2961 4380 3287 4436 Serdiccnse
3310 4381 3603 4434 concilium
3629 4379 3900 4450 proﬁcisci
3931 4380 4107 4442 vellet,

2531 4471 2562 4509 a
2606 4452 3239 4520 Constanttiuopolitanis
3287 4451 3504 4507 civibus
3558 4452 3812 4506 detentus
3865 4458 3989 4516 est,
4049 4457 4110 4502 ut

2531 4527 2691 4581 docet
2724 4523 3112 4579 Tlteodoritus.

3180 4611 3329 4666 CAP.
3362 4611 3495 4666 VIII.

2748 4704 2826 4758 De
2861 4705 3049 4758 ultimo
3085 4702 3243 4756 Pauli.
3269 4703 3454 4756 exsilio
3481 4702 3697 4773 ejusque
3727 4703 3892 4757 obitu.

2599 4795 2730 4852 Post
2775 4808 3007 4851 mortem
3050 4797 3367 4851 Constantis
3400 4796 3625 4864 Augusti
3654 4835 3668 4857 ,
3716 4811 3836 4866 qu:e
3877 4797 4108 4867 contigit

2532 4883 2676 4921 anno
2725 4869 2927 4922 Christi
2975 4867 3110 4928 550,
3148 4868 3331 4919 Ariani
3377 4867 3522 4919 ’Jllllli
3559 4875 3704 4921 metu
3747 4868 3860 4935 jam
3909 4870 4103 4932 vacui,

2533 4939 2796 4993 adversus
2827 4938 3140 4993 Catholicos
3173 4937 3449 4990 antistites
3483 4938 3656 4989 multo
3695 4937 3916 5005 gravius
3939 4954 4102 5004 quam

2531 5011 2762 5064 antehac
2785 5011 3222 5063 insurrexerunt.
3247 5010 3319 5060 Ac
3342 5011 3576 5076 primum
3602 5009 3844 5060 omnium
3875 5007 4102 5061 Paulum

2532 5081 2798 5150 aggressi,
2837 5079 3167 5150 persuadent
3198 5078 3543 5141 Constantio,
3587 5089 3645 5150 ut
3685 5079 3836 5130 ἱΙΙιιιιι
3869 5082 3923 5132 in
3954 5081 4105 5150 exsi-

2535 5148 2662 5202 lium
2704 5148 2923 5218 ejiciat,
2967 5149 3342 5204 Macedonium
3383 5163 3510 5201 vero
3552 5149 3672 5216 ejus
3722 5150 3843 5202 loco
3878 5150 3930 5202 in
3965 5148 4106 5202 Con-

2533 5222 3077 5290 stantinopolitanum
3141 5219 3440 5272 Ecclesium
3499 5219 3743 5273 inducat.
3804 5219 4106 5288 Imperator

2534 5291 2698 5360 igitur
2735 5293 2824 5360 qui
2865 5292 3080 5345 Ariana:
3121 5290 3356 5356 perfidia!
3392 5291 3750 5357 patrocinium
3777 5292 3952 5358 palam
3978 5308 4104 5346 sus-

2535 5371 2794 5430 Ccpcrat,
2858 5363 3080 5414 mandat
3121 5361 3371 5428 Philippo
3417 5365 3671 5426 prtel'ecto
3714 5362 3968 5428 [ll‘tlllOl'iO
4010 5377 4106 5430 per

2533 5432 2832 5496 Orientem,
2867 5431 3173 5484 utPanlum
3203 5447 3231 5484 e
3258 5431 3383 5483 sede
3415 5446 3510 5482 sua
3545 5433 3795 5500 protinus
3826 5434 4101 5485 exturbet.

2534 5503 2635 5565 Qui
2669 5511 2896 5572 accepto
2929 5503 3196 5571 principis
3229 5499 3503 5562 mandato,
3549 5499 3905 5569 Hermogenis
3937 5503 4106 5571 magi-

2535 5576 2634 5627 stri
2677 5576 2912 5626 militum
2943 5590 3076 5628 casu
3112 5572 3455 5632 admonitus,
3505 5587 3615 5625 rem
3655 5572 3974 5642 prudentius
4008 5588 4105 5642 ag-

2533 5646 2682 5711 gredi
2715 5645 2928 5698 statuit.
2962 5647 3247 5714 lngrcssus
3285 5642 3776 5714 itaquelavacrum
3803 5641 4062 5710 Ζικιιιιίρμξ
4086 5685 4101 5708 ,

2533 5715 2762 5769 Paulum
2791 5715 2858 5768 ad
2885 5731 2943 5768 se
2971 5711 3258 5768 accersivit
3278 5753 3291 5773 ,
3329 5711 3486 5782 quasi
3526 5712 3591 5766 de
3621 5715 3841 5782 publico
3869 5715 4103 5782 quodam

2536 5789 2752 5855 negotio
2776 5801 2899 5839 cum
2925 5801 2988 5840 eo
3013 5785 3390 5838 consulturus.
3415 5781 3520 5848 Qui
3545 5781 3669 5837 cuin
3695 5781 3952 5845 venisset,
3978 5799 4104 5852 prte-

2535 5859 2710 5911 fectns
2743 5857 2878 5909 clam
2909 5872 3002 5925 per
3040 5856 3335 5909 fenestram
3365 5857 3655 5923 quamdam
3688 5871 3812 5907 eum
3849 5855 4068 5908 demisit
4089 5896 4102 5914 .

2540 5939 2590 5984 ct
2631 5928 2687 5986 in
2731 5929 2994 5999 palatium
3035 5925 3206 5997 abripi
3246 5925 3436 5994 jusszt.
3490 5927 3667 5997 Atque
3720 5925 3843 5982 inde
3892 5927 4104 5995 navigio
