4504 6576
410 377 545 435 1865

407 490 519 567 fere
544 498 669 567 post
699 492 851 548 illum
883 495 1126 567 epiScopi
1146 491 1737 567 Constantmopolitani
1767 495 1820 548 in
1852 510 1983 565 syn-

405 562 943 637 odo_episeoporuui
982 562 1217 622 ordinati
1255 562 1530 637 leguntur,
1592 576 1650 619 ut
1686 562 1986 619 videre'est

407 635 460 703 iu
496 634 796 703 Annalibus
840 636 1232 693 ecclesiasticis.
1266 634 1438 692 Porro
1480 639 1643 692 simul
1685 647 1848 703 atque
1898 651 1988 688 or-

407 702 579 777 dinati
622 702 861 777 fuerant,
890 708 1185 777 synodicas
1220 708 1439 763 litteras
1484 702 1775 761 mittebant
1804 705 1871 758 ad
1899 720 1987 759 re-

407 773 585 851 liquos
623 773 1234 851 patriarchas,_quibus
1279 788 1333 833 et
1377 778 1787 851 ordinationem
1826 789 1985 851 suam

407 844 517 896 illis
551 844 884 899 nuntiabant
908 856 963 899 et
990 844 1114 902 fidei
1147 864 1257 902 sua:
1288 849 1575 903 formulam
1611 846 1984 916 exponebant,

406 921 697 982 poscentes
731 925 791 967 ut
822 917 889 969 ab
924 916 1031 971 illis
1076 919 1323 973 vicissim
1357 920 1567 972 litteras
1603 916 1862 987 paciﬁcus
1889 931 1987 969 seu

403 987 935 1057 communicatorias
998 989 1332 1057 acciperent.
1390 988 1534 1053 Quin
1590 997 1643 1041 et
1692 987 1988 1055 episcopus

406 1052 713 1129 Romanus,
741 1065 1031 1129 postquam
1059 1052 1136 1112 ad
1153 1052 1497 1129 pontiﬁcatus
1523 1052 1741 1127 apiceni
1764 1052 1988 1129 evectus

402 1124 605 1198 fuerat,
651 1126 927 1192 ejusmodi
976 1124 1186 1183 littera's
1221 1129 1287 1182 ad
1341 1124 1583 1198 reliquos
1635 1127 1987 1198 patriarchas

401 1196 649 1263 collegas
683 1212 817 1251 suos
856 1199 1076 1253 mittere
1106 1196 1493 1259 consueverat,
1522 1196 1680 1252 fidem
1720 1212 1875 1251 suam
1907 1198 1988 1251 eis

401 1280 715 1338 exponens,
746 1276 1048 1338 petensque
1075 1279 1135 1323 ut
1164 1286 1352 1325 eorum
1384 1270 1640 1338 precibus
1671 1279 1724 1321 et
1754 1267 1989 1338 consilio

403 1336 786 1410 adiuvaretur.
838 1336 1164 1410 Hujtismodi
1216 1336 1401 1395 exstat
1444 1340 1681 1410 epistola
1736 1337 1988 1410 Gregorii

401 1422 596 1480 pape,_
618 1408 826 1477 scripta
871 1409 1065 1463 eodem
1108 1412 1357 1480 exemplo
1392 1408 1459 1464 ad
1488 1408 1700 1463 'omnes
1752 1409 1989 1476 patriar-

400 1479 565 1551 chas,
586 1478 642 1531 in
669 1480 814 1551 libro
863 1481 1040 1548 primo
1074 1482 1205 1551 ejus
1234 1478 1615 1551 epistolarum.
1653 1480 1780 1533 Duas
1826 1492 1991 1551 porro

401 1547 570 1620 simul
607 1547 971 1603 mittebantur
999 1550 1244 1617 epistola:
1270 1547 1575 1620 'synodicm.
1613 1551 1746 1603 Nam
1786 1556 1841 1602 et
1870 1549 1989 1617 epi-

401 1619 556 1687 scopi
592 1620 687 1687 qui
714 1620 781 1672 ad
814 1620 1219 1676 ordinationem
1264 1619 1392 1675 novi
1431 1622 1759 1689 patriarcha:
1789 1634 1992 1672 conve-

403 1698 625 1753 nerant,
654 1691 977 1759 synodicam
1023 1707 1126 1744 suo
1154 1693 1373 1745 nomine
1422 1689 1487 1743 a‘d
1518 1706 1712 1745 omnes
1750 1689 1992 1758 patriar-

399 1759 539 1813 chas
579 1760 871 1828 epistolam
909 1761 1249 1824 scribebant,
1278 1776 1399 1830 qua:
1433 1762 1763 1829 patriarcha:
1790 1774 1987 1814 recens

401 1831 473 1883 ab
504 1830 641 1898 ipsis
681 1832 923 1901 ordinati
955 1833 1287 1899 praeconium
1335 1832 1695 1895 continebat;
1728 1840 1783 1884 et
1812 1831 1858 1885 is
1887 1830 1981 1897 qui

401 1909 628 1953 creatus
680 1900 863 1970 fuerat
904 1903 1241 1969 patriarcha,
1276 1903 1597 1971 synodicatn
1644 1917 1799 1971 suam
1838 1916 1991 1971 seorf

402 1985 526 2024 sum
560 1969 912 2026 mittebat'ad
960 1974 1200 2041 reliquos
1230 1969 1470 2039 collegas
1518 1987 1669 2025 suos.
1701 1970 1883 2041 Cujus
1912 1969 1989 2023 rei

400 2041 623 2111 illustre
653 2042 962 2109 exemplum
1011 2040 1276 2095 habemus
1313 2043 1365 2095 in
1401 2042 1708 2111 Epiphanio
1750 2040 1989 2109 patriar-

399 2113 506 2163 cha
530 2110 1171 2180 Constantinopolitano.
1203 2111 1336 2165 Nam
1365 2128 1488 2166 cum
1510 2110 1765 2180 episcopi
1801 2127 1829 2164 a
1862 2112 1989 2179 qui-

400 2181 508 2235 bus
551 2183 844 2236 ordinatus
892 2181 1073 2236 fuerat
1123 2184 1435 2251 patriarcha
1480 2183 1988 2249 Οοηειίιηιίηονοιὶ-

401 2260 593 2317 tanus,
620 2252 941 2324 synodicam
974 2268 1130 2305 suam
1160 2254 1514 2322 scripsissent
1541 2256 1605 2307 ad
1638 2252 1987 2324 llormisdam

440 2323 803 2397 apamp’ipse
852 2324 1184 2397 peculiarem
1236 2326 1557 2397 synodicam
1588 2324 1677 2397 ad
1731 2323 1987 2397 eumdem

451 2393 758 2447 Ormisdam
790 2409 888 2463 per
921 2394 1129 2463 legatos
1162 2410 1290 2447 suos
1320 2396 1538 2449 direxit.
1571 2396 1649 2448 Ac
1684 2393 1840 2461 prior
1868 2394 1990 2456 qni-

398 2463 526 2535 dem
566 2465 658 2517 illa
699 2466 921 2535 proprie
951 2464 1213 2533 synodica
1258 2465 1377 2527 fuit,
1412 2466 1616 2534 quippe
1643 2479 1766 2533 qua:
1797 2477 1827 2515 a
1860 2478 1993 2532 syn-

398 2534 510 2587 odo
560 2538 773 2603 scripta
806 2534 957 2589 esset
1006 2543 1060 2588 et
1092 2538 1306 2603 prazlisa
1358 2538 1581 2590 haberet
1619 2535 1841 2588 nomina
1870 2549 1991 2587 om-

400 2605 558 2660 nium
579 2607 970 2673 episcoporum
1000 2608 1089 2673 qui
1115 2606 1327 2675 synodo
1354 2607 1742 2665 interfuerant.
1771 2613 1991 2673 praeter-

400 2690 572 2744 quam
628 2676 807 2745 ipsius
866 2676 1178 2744 Epiphanii.
1240 2677 1515 2730 Posterior
1576 2684 1711 2729 rero’
1765 2675 1989 2729 nonnisi

399 2746 708 2814 improprie
768 2748 1032 2817 synodica
1091 2746 1197 2799 dici
1250 2755 1449 2815 potest.
1490 2746 1731 2815 Utraque
1793 2746 1988 2817 harum

395 2818 769 2887 epistolarqu
804 2816 1052 2870 habetur
1088 2816 1230 2884 apud
1275 2816 1567 2870 Baronium
1603 2819 1655 2870 in
1692 2816 1991 2869 Annalibus

395 2888 818 2953 ecclesiasticis,
876 2902 1043 2951 anno,
1079 2888 1284 2939 Christi
1342 2888 1467 2940 5:20.
1527 2888 1660 2940 Illud
1724 2895 1992 2955 prieterea

397 2958 816 3012 observandum
851 2968 955 3017 est,
989 2958 1191 3027 legatos
1233 2958 1666 3025 patriarcharum
1701 2957 1795 3027 qui
1832 2971 1993 3027 syno-

396 3027 558 3083 dicas
604 3029 824 3082 litteras
882 3026 1219 3097 deferebant,
1255 3043 1362 3081 una
1398 3043 1519 3080 cum
1567 3026 1882 3097 patriarcha
1922 3026 1990 3080 ad

395 3114 566 3168 quem
602 3099 757 3153 missi
805 3097 1045 3157 fuerant,
1078 3098 1142 3148 ad
1177 3093 1345 3151 altare
1393 3093 1685 3166 procedere
1715 3106 1768 3149 et
1804 3096 1991 3149 Missa-

396 3186 524 3223 rum
582 3170 850 3223 solemnia
904 3168 1183 3220 celebrare
1227 3170 1415 3221 solitos
1462 3184 1601 3222 esse.
1648 3168 1816 3236 quue
1853 3168 1991 3221 indi-

392 3240 549 3293 cium
582 3248 707 3293 erat
740 3247 946 3290 mutua:
984 3238 1124 3289 inter
1170 3238 1517 3305 patriarchas
1547 3238 1983 3293 communionis.

392 3310 577 3376 Cujus
624 3310 703 3363 rei
749 3308 861 3361 duo
911 3307 1177 3361 habemus
1229 3310 1567 3361 testimonia.
1607 3307 1853 3359 Primum
1901 3318 1989 3363 est

392 3377 650 3433 Liberati
678 3377 1053 3500 diacgnkqni
1080 3376 1131 3429 in
1157 3379 1343 3457 capite
1370 3378 1435 3455 18
1469 3377 1756 3439 llreviarii,
1788 3379 1856 3431 de
1888 3378 1990 3431 Mi-

392 3464 537 3500 seno
570 3460 622 3500 et
659 3448 853 3500 Vitale'
946 3456 1089 3500 eatis
1139 3447 1396 3500 Ecclesne
1444 3446 1706 3500 Romamn
1745 3448 1811 3500 ad
1846 3449 1989 3500 Aca-

392 3464 537 3504 seno
570 3460 622 3504 et
659 3444 853 3502 Vitalé’
884 3444 1089 3515 legatis
1139 3444 1396 3501 Ecclesia:
1420 3444 1706 3501 ‘Rontante
1745 3448 1811 3501 ad
1846 3449 1989 3501 Aca-

392 3521 547 3573 cium
579 3518 1255 3585 Constantinopolitanum
1285 3518 1607 3585 episcopum
1654 3520 1726 3570 ita
1747 3520 1943 3572 scribit
1969 3538 1984 3573 :

395 3589 548 3642 Itum
572 3602 660 3643 est
702 3589 1244 3654 Constantinopolim.
1291 3589 1358 3639 Et
1412 3590 1705 3657 supradicti
1756 3590 1990 3657 episcopi

392 3662 452 3713 in
495 3662 801 3714 custodiam
832 3666 955 3713 sunt
994 3658 1217 3721 redacti,
1261 3659 1457 3711 chartis
1497 3660 1744 3718 sublatis,
1777 3675 1839 3711 ne
1877 3660 1987 3712 Cn-

392 3731 637 3795 tholicis,
670 3733 860 3800 quibus
910 3729 1165 3793 scriptum
1203 3730 1399 3800 fuerat,
1436 3730 1795 3783 redderentur.
1840 3730 1987 3794 Quos

391 3803 595 3855 iterum
632 3799 859 3854 Aeacius
897 3808 1012 3864 post
1042 3800 1151 3849 [nec
1175 3799 1238 3851 de
1267 3802 1507 3851 custodia
1540 3802 1774 3865 ejiciens,
1810 3817 1987 3853 secum

392 3872 524 3940 fecit
556 3873 859 3940 procedere,
889 3879 942 3919 ut
973 3868 1125 3935 quasi
1164 3872 1477 3936 confirmato
1515 3871 1657 3921 Petri
1690 3873 1987 3925 sacerdotio

387 3943 819 3995 dimitterentur.
872 3942 1117 3991 Alterum
1165 3942 1541 3992 testiinonium
1602 3948 1685 3993 est
1733 3941 1986 4010 Gregorii

394 4014 608 4081 Magni,
656 4014 753 4081 qui
808 4012 862 4063 in
906 4010 1134 4081 epistola
1184 4011 1271 4073 51,
1310 4012 1405 4063 lib.
1457 4026 1533 4069 γι,
1580 4013 1644 4062 ad
1695 4010 1984 4079 Eulogium

387 4080 835 4137 Alexandrinum
866 4087 920 4131 et
952 4080 1300 4131 Anastasium
1332 4081 1737 4133 Allllﬂt'ilelllllll
1767 4098 1986 4147 episco-

389 4170 495 4223 pos
554 4156 630 4223 ita
681 4148 1304 4223 scribitztﬂesponsales
1346 4151 1542 4223 fratris
1594 4155 1984 4223 cthcoepiscopi

386 4220 565 4277 nostri
595 4222 816 4291 Cyriaci
838 4220 1114 4291 venientes,
1145 4220 1259 4291 ejus
1288 4221 1354 4271 ad
1386 4236 1465 4273 me
1496 4221 1805 4288 synodicam
1833 4220 1987 4276 detu-

385 4297 568 4347 lerunt
610 4288 914 4360 epistolam.
940 4288 1006 4341 Et
1046 4290 1251 4356 quidem
1286 4291 1419 4341 inter
1450 4308 1541 4343 nos
1570 4302 1616 4343 et
1651 4307 1844 4355 ipsum,
1880 4298 1986 4348 sic-

382 4376 443 4415 ut
490 4374 669 4417 vestra
729 4360 998 4415 beatitudo
1060 4361 1197 4410 novit
1238 4402 1251 4421 ,
1314 4375 1523 4425 propter
1574 4364 1984 4427 appellationem

382 4434 613 4502 profani
645 4433 874 4485 nominis
910 4441 981 4483 est
1025 4431 1200 4497 gravis
1245 4430 1542 4502 discordia.
1582 4432 1685 4484 Sed
1734 4434 1786 4485 in
1818 4452 1985 4491 causa

381 4501 517 4572 fidei
566 4505 913 4556 transmissos
971 4501 1306 4572 responsa/es
1363 4502 1475 4567 ejus
1522 4505 1823 4555 existimari
1872 4524 1985 4561 esse

383 4571 782 4641 suscipiendos,
807 4588 870 4625 ne
892 4571 1045 4638 culpa
1072 4571 1340 4639 elationis,
1372 4588 1487 4639 qua:
1516 4574 1571 4625 in
1600 4572 1983 4631 Constantino-

1721 380 2328 439 OBSEIWATIONES.

2067 3160 2075 3172 ’
2097 3154 2320 3242 σάνόδῳ.
2360 3154 2399 3224 ί)

3543 372 3682 429 1666

2092 496 2335 565 politana
2380 493 2616 549 Ecclesia
2654 512 2779 563 pene
2801 502 2988 550 contra
3035 510 3214 549 omnes
3248 496 3543 565 sacerdotes
3587 502 3685 565 ex-

2092 561 2210 618 orta
2244 577 2343 627 est,
2391 561 2773 620 dissensionem
2824 567 2950 636 ﬁdei
2994 575 3043 620 et
3096 567 3269 617 rixam
3313 561 3684 636 ecclesiastica:

2094 638 2289 704 faceret
2333 638 2550 690 unitati.
2605 630 2832 690 Eosdem
2872 652 2991 690 vero
3040 635 3390 702 responsales,
3425 632 3549 704 quia
3586 630 3684 704 hoc

2094 701 2308 761 omnino
2367 707 2619 760 similiter
2667 706 3040 774 precabantur,
3093 701 3380 759 missarum
3427 701 3684 774 solemnia

2098 794 2303 830 mecum
2339 779 2605 831 celebrare
2639 769 2779 845 feci:
2809 778 2936 847 quia
2967 769 3104 830 sicut
3151 786 3198 829 et
3224 772 3556 847 serenissima
3585 769 3685 847 do-

2096 848 2237 900 mino
2272 848 2583 914 imperatori
2604 858 2789 901 nostro
2813 845 3116 916 signiﬁcare
3135 845 3337 904 studui,
3360 845 3682 916 responsales

2096 919 2282 986 fratris
2313 929 2361 970 et
2390 918 2784 972 consacerdotis
2817 914 2985 971 nostri
3028 917 3241 985 Cyriaci
3282 914 3407 966 mihi
3446 927 3683 986 commu-

2094 984 2275 1041 nicare
2302 988 2613 1052 debuerunt,
2650 990 2739 1052 qui
2763 1000 2979 1042 auctore
3010 984 3117 1040 Deo
3152 990 3207 1039 in
3245 984 3489 1039 elationis
3537 997 3678 1034 erro-

2096 1005 2275 1041 ntcare
2302 1005 2613 1052 aeouerunt,
2685 1006 2739 1041 ut
2763 1005 2979 1042 auczore
3010 1005 3117 1040 ueo
3152 1005 3207 1039 in
3245 1005 3489 1039 etauoms
3537 1005 3678 1034 crru-

2096 1075 2208 1112 rem
2243 1076 2344 1112 non
2400 1058 2587 1130 cecidi.
2639 1005 2741 1113 {ibi
2792 1059 2966 1130 vides,
3002 1072 3101 1130 pro
3128 1072 3194 1111 eo
3228 1054 3370 1130 quod
3401 1053 3686 1130 Liberatus

2094 1130 2367 1183 diaconus
2399 1129 2635 1194 dixerat,
2672 1129 2971 1197 procedere,
3004 1122 3337 1197 Gregorium
3366 1137 3563 1197 papam
3602 1122 3687 1175 di.

2094 1201 2264 1262 xisse,
2308 1192 2907 1253 missarum—solemnia
2955 1192 3240 1253 celebrare.
3288 1192 3474 1249 Utitur
3504 1201 3686 1245 tamen

2096 1269 2299 1339 ibidem
2338 1268 2640 1339 Gregorius
2663 1271 2831 1339 verbo
2860 1270 3161 1337 procedere,
3189 1272 3241 1321 in
3275 1264 3464 1320 eodem
3496 1277 3683 1317 sensu.

2098 1338 2190 1393 Sic
2224 1341 2373 1395 enim
2402 1341 2726 1409 subjungit:
2770 1338 2916 1393 Meus
2957 1357 3073 1393 vero
3104 1341 3361 1409 diaconus
3411 1350 3526 1386 cum
3552 1348 3689 1409 prte-

2095 1411 2237 1462 dicto
2271 1403 2822 1479 Cymaeo-missarum
2880 1411 3139 1464 solemnia
3172 1408 3433 1463 celebrare
3462 1420 3565 1457 non
3599 1403 3689 1479 dc-

2098 1475 2335 1548 bet,'qui
2358 1498 2448 1549 per
2489 1483 2773 1549 profanum
2822 1481 3135 1535 vocabulum
3181 1480 3389 1549 culpam
3431 1475 3690 1549 superbia:

2098 1562 2208 1624 aut
2242 1546 2537 1624 corn-misit,
2564 1546 2657 1624 aut
2688 1554 2946 1621 sequitur.
2986 1550 3070 1605 Ne
3104 1546 3337 1624 si,»quod
3388 1546 3692 1624 absit-pro-

2097 1622 2233 1675 cedit
2262 1622 2309 1674 ei
2337 1622 2392 1675 in
2424 1623 2521 1674 tali
2553 1616 2785 1694 elatione
2830 1626 3031 1694 posito,
3065 1616 3377 1694 vanitatenu
3400 1616 3554 1694 stulti
3593 1630 3689 1694 no-

2097 1694 2612 1765 ntinisicon/irmare
2641 1685 2936 1765 uideamur.
2980 1693 3126 1765 Idem
3156 1688 3453 1765 Gregorius
3488 1685 3542 1765 in
3575 1685 3691 1765 epi-

2098 1764 2239 1818 Stola
2271 1764 2341 1817 50
2370 1757 2620 1831 ejusdem
2646 1764 2769 1815 libri
2802 1778 2973 1832 quam
3004 1761 3229 1830 scripsit
3263 1757 3341 1832 ad
3366 1757 3689 1832 blauricium

2097 1822 2515 1901 imperatorem,
2549 1833 2617 1886 de
2656 1822 2846 1887 eadem
2876 1849 2934 1885 re
2968 1834 3043 1885 ita
3078 1822 3211 1884 dicit
3237 1847 3266 1883 ε.
3288 1822 3579 1895 Meliusque
3602 1842 3689 1878 eos

2091 1919 2253 1977 quam
2286 1904 2611 1977 consuetudo
2649 1904 2828 1971 prisca
2865 1904 3052 1977 fuerat
3085 1901 3362 1977 honoravi,
3390 1908 3439 1951 et
3486 1912 3691 1977 mecum

2093 1968 2195 2040 feci
2214 1990 2301 2026 eos
2331 1991 2488 2046 sacra
2517 1968 2807 2046 missarum
2833 1968 3089 2046 solemnia
3116 1974 3411 2025 celebrare:
3433 1968 3557 2046 quia
3588 1968 3694 2046 sic:

2092 2037 2149 2095 ut
2182 2050 2345 2097 'meus
2379 2044 2637 2097 diaconus
2689 2044 2757 2097 ad
2804 2044 3100 2098 exhibenda
3142 2059 3298 2096 sacra
3325 2039 3579 2107 mysteria
3612 2037 3693 2089 illi

2092 2130 2196 2167 non
2227 2115 2377 2179 debet
2400 2116 2729 2179 ministrare,
2763 2118 2852 2179 qui
2894 2114 3142 2169 elationis
3175 2113 3385 2178 culpam
3417 2118 3508 2162 aut
3550 2124 3694 2160 com-

2092 2173 2269 2248 misit;r
2292 2195 2384 2237 aut
2415 2186 2479 2239 ab
2507 2186 2631 2238 aliis
2657 2173 2995 2239 commissam
3025 2186 3135 2252 ipse
3164 2173 3272 2236 non
3301 2181 3515 2247 corrigit
3546 2194 3563 2230 :
3616 2179 3692 2229 ita

2093 2257 2329 2308 ministri
2361 2258 2507 2309 illius
2535 2256 2588 2308 in
2620 2257 2976 2310 celebratione
3010 2255 3141 2307 mihi
3174 2254 3359 2307 adesse
3381 2252 3693 2319 debuerunt,

2093 2328 2205 2393 qui,
2242 2329 2571 2380 custodiente
2618 2327 2750 2389 Deo,
2782 2329 2836 2379 in
2892 2327 3152 2394 superbia:
3196 2339 3427 2394 errorem
3460 2337 3563 2375 non
3608 2336 3695 2372 ce-

2094 2392 2221 2448 cidi.
2266 2396 2514 2466 Denique
2554 2398 2661 2467 ipsi
2715 2392 3071 2467 patriarcha),
3127 2396 3173 2450 Si
3226 2394 3365 2449 Ῐοτῑθ
3401 2392 3467 2467 ,ίη
3512 2405 3694 2467 .¹¹ἷ¹¹¹¹¹¹

2094 2461 2526 2532 ςοηνεηῐδεθίιι,
2579 2461 2878 2521 missarum
2933 2467 3203 2521 solemnia
3253 2464 3415 2520 simul
3446 2461 3697 2516 celebra-

2094 2536 2249 2611 bant.
2283 2536 2955 2611 Sicimperante_B:tsilio
2986 2537 3530 2611 Porphyrogenncto,
3556 2532 3699 2611 499-

2093 2609 2213 2675 pius
2249 2600 2676 2676 archiepiscopus
2712 2608 2969 2663 Seleucia:
3009 2611 3063 2662 in
3099 2600 3303 2676 Syria:
3335 2606 3510 2676 factus
3572 2600 3699 2653 Ilic-

2094 2674 2489 2748 rosolymorum
2522 2680 2856 2746 patriarcha,
2886 2696 3005 2733 cum
3062 2674 3581 2743 Constantinopolim
3615 2688 3699 2724 oe-

2097 2750 2284 2809 nisset,
2316 2751 2604 2802 missarum
2646 2750 2912 2805 solemnia
2959 2749 3241 2804 celebravit
3273 2764 3383 2800 una
3430 2760 3549 2798 cum
3597 2759 3698 2811 pa-

2099 2820 2337 2874 triarcha
2374 2820 2979 2889 Constantinopolitano
3018 2820 3272 2889 Nicolao,
3303 2828 3353 2871 et
3392 2832 3510 2889 cum
3542 2829 3701 2889 sacra

2098 2892 2324 2961 synodo;
2355 2900 2414 2943 ιιι
2448 2892 2651 2960 legitur
2683 2883 2746 2944 in'
2775 2892 2916 2947 libro
2946 2900 3145 2960 quarto
3182 2888 3334 2942 luris
3366 2883 3701 2961 Caeco-[lo-

2099 2954 2272 3021 mani.
2303 2954 2661 3031 paginavﬁill.
2695 2962 2885 3016 Graeca
2926 2954 3006 3017 sic
3048 2961 3286 3015 habent:
3326 2954 3700 3031 'Oqelsemiby

2104 3025 2342 3103 ξιταῦθᾶ
2368 3025 2406 3094 ,⁷
2443 3033 2933 3103 συνελειτοὺργηπε
2987 3033 3065 3100 τῷ
3133 3028 3538 3103 μακαριωτάτιρ
3579 3025 3701 3103 ,καὶ

2101 3101 2397 3176 ἁγιῳτάτῳ
2441 3096 2771 3176 πατρῄρχῄ
2794 3096 2971 3174 impios
3003 3096 3300 3176 Statilio),
3337 3101 3432 3152 καὶ
3578 3096 3700 3176 ξερᾷ

2404 3169 2565 3227 οδιθέ
2600 3169 2901 3243 itiiperante
2943 3169 3144 3227 'Alexio
3192 3169 3471 3243 Collineno
3500 3169 3697 3243 Sabas,

2094 3238 2399 3313 episcopus
2430 3238 2701 3315 Caesarei
2733 3243 2994 3315 Philippi.
3028 3243 3209 3315 factus
3262 3251 3345 3295 est
3382 3238 3699 3315 Hierosoly-

2095 3308 2311 3388 moruui
2355 3314 2700 3388 patriarcha,
2757 3318 2859 3388 qui
2883 3308 3116 3388 seuiens
3158 3308 3697 3388 Constantinopolim

2095 3382 2397 3437 missarum
2421 3385 2694 3439 solemnia
2727 3382 3029 3439 celebravit
3060 3399 3169 3437 una
3196 3399 3317 3437 cum
3346 3382 3698 3437 sanctissimo

2096 3454 2414 3522 patriarcha
2463 3454 2692 3525 Nicolao
2738 3464 2793 3510 et
2856 3471 3013 3511 sacra
3049 3455 3282 3525 synodo,
3324 3461 3382 3525 ut
3415 3451 3613 3525 legitur
3641 3449 3698 3501 in

2093 3525 2289 3577 eodem
2324 3526 2463 3578 libro
2492 3524 2647 3580 Juris
2671 3522 3153 3580 Crine-Romani:
3211 3522 3697 3591 Συνελειτούργησε

2093 3593 2182 3667 ⁸·ξῴΔ
2226 3596 2523 3667 ἁγιωτάτῳ
2572 3599 2893 3667 πατριάρχῃ
2938 3596 3191 3664 Νικολάῳ
3231 3598 3327 3649 καὶ
3360 3595 3426 3661 τῇ
3470 3590 3695 3667 συέιρδῳ.

2097 3663 2225 3734 Scio
2261 3662 2656 3720 Leunclavium
2688 3662 3099 3723 doctissimum
3146 3662 3500 3734 interpretem
3545 3662 3696 3734 luris

2098 3733 2838 3802 Gra'co-Romani,rerbttm
2894 3732 3331 3807 συλλειτουργείἶι
3372 3735 3562 3807 Latine
3613 3732 3697 3785 itt-

2096 3814 2455 3872 terpretatum
2482 3824 2625 3870 esse,
2658 3825 2877 3861 sat-rum
2916 3803 3282 3863 ministerium
3313 3803 3694 3861 obire.\'erum

2096 3881 2726 3949 ttostra_.interpretatio
2767 3883 2965 3933 melior
3007 3890 3113 3941 est,
3151 3882 3353 3949 quippe
3397 3876 3695 3949 quseCre-

2093 3949 2236 4015 gorii
2264 3947 2449 4017 Magni
2485 3947 2816 4004 auctoritate
2843 3954 3114 4013 lirrnatur,
3151 3947 3207 4003 tit
3237 3947 3398 4017 supra
3436 3947 3693 4001 vidimus.

2094 4017 2357 4089 Ejusdem
2395 4021 2568 4075 moris
2598 4021 2811 4075 illustre
2838 4022 3101 4076 hebennus
3124 4022 3435 4089 exemplum
3474 4020 3525 4071 in
3568 4032 3701 4089 synj

2092 4090 2199 4162 9ύο
2339 4093 2707 4154 tecumenica,
2745 4094 2835 4145 cui
2869 4102 3111 4160 quatuor
3162 4087 3696 4162 patriarchzisimul

2094 4158 2488 4219 interfuerunt.
2523 4171 2577 4215 et
2622 4163 2673 4214 in
2710 4158 2906 4231 magna
2940 4158 3174 4217 ecclesia
3219 4162 3432 4215 Sancta:
3479 4159 3697 4231 Sophia:

2095 4231 2391 4283 missarum
2427 4232 2696 4285 solemnia
2731 4230 2893 4287 simul
2932 4236 3329 4293 celebrarunt;
3390 4243 3447 4284 ut
3499 4230 3695 4281 scribit

2094 4297 2423 4374 Eustathius
2472 4304 2526 4355 in
2560 4300 2679 4355 Vita
2714 4306 2854 4357 beati
2904 4304 3152 4374 Entychii
3189 4304 3515 4372 patriarcha:
3542 4298 3694 4352 (ῥΡο-

2096 4372 2292 4443 litani:
2343 4374 2786 4438 Quadruplicem,
2823 4372 3023 4443 inquit,
3071 4377 3359 4443 quamdam
3395 4383 3443 4426 et
3477 4385 3694 4443 auream

2095 4442 2490 4510 quodammodo
2519 4446 2810 4511 conﬁciunt
2850 4442 3125 4497 catenam:
3150 4448 3203 4497 in
3239 4460 3485 4512 magnam
3530 4442 3697 4492 eccle-

2095 4514 2232 4563 siam
2260 4514 2490 4581 ingressi
2514 4527 2660 4573 sunt,
2693 4528 2741 4567 et
2772 4516 3011 4569 dicinum
3036 4519 3478 4584 incruentumque
3518 4512 3696 4567 sacri-

2097 4584 2282 4651 ﬁcium
2310 4585 2635 4649 obtulerunt,
2660 4597 2765 4639 etc.
