4504 6576
814 443 840 497 I
849 441 952 499 665

813 570 1009 616 tutam.
1035 555 1252 626 Alioqui
1277 571 1386 626 quo
1412 553 1746 626 referrentur
1763 569 1930 610 voces
1947 554 2050 624 illa:
2063 552 2374 626 pradictam

815 629 1134 690 Ecclesium,
1167 623 1274 681 nisi
1295 623 1457 680 'lorte
1487 624 1783 680 Ecclesiam
1821 623 2378 692 communisgeneris

814 715 940 755 esse
967 698 1195 754 censes?
1222 694 1389 749 Recte
1414 710 1546 764 ergo
1579 693 1707 748 fecit
1733 693 1930 764 Petrus
1962 695 2028 764 de
2054 691 2257 756 Marha,
2286 695 2380 761 qui

816 769 964 824 hunc
997 771 1178 824 locum
1227 767 1298 818 ita
1326 763 1514 825 edidit,
1549 778 1673 817 cum
1708 764 1866 816 aliter
1920 763 2021 832 legi
2058 778 2159 817 nec
2209 765 2383 830 possit

816 855 918 893 nec
953 840 1162 893 debeat.
1189 835 1360 889 Porro
1389 849 1454 888 ex
1489 835 1575 888 his
1607 833 1908 888 Innocentii
1949 833 2132 887 verbis
2157 833 2384 886 omnino

816 909 1126 972 coniicitur,
1155 907 1529 960 Innocentium
1563 905 1617 957 in
1657 918 1721 958 ea
1765 903 1934 958 luisse
1968 903 2260 959 sententia.
2291 902 2384 957 Ni-

817 994 1023 1033 caenam
1055 971 1324 1047 synodum
1370 973 1712 1047 Antiocheno
1751 971 1996 1047 pontiﬁci
2022 972 2114 1042 jus
2151 973 2384 1047 patriar-

817 1050 1033 1102 chicum
1071 1043 1411 1100 attribuisse.
1444 1045 1535 1098 Ait
1564 1044 1710 1098 enim
1742 1043 2138 1097 Antiochenam
2174 1043 2385 1111 episco-

815 1133 944 1186 pum
999 1117 1220 1171 decreto
1270 1115 1463 1186 synodi
1510 1111 1897 1186 Niczeme__non
1929 1127 2112 1186 super
2146 1114 2381 1186 aliquam

817 1182 1182 1256 provinciam,
1216 1182 1315 1240 sed
1336 1199 1501 1256 super
1533 1199 1691 1256 suam
1717 1182 1998 1256 dimcesim
2025 1185 2384 1256 constitutum

817 1252 1007 1312 luisse.
1051 1256 1088 1310 Ii
1136 1271 1264 1311 vero
1304 1252 1598 1324 qui—supra
1643 1252 2114 1324 dioecesimsunt,
2153 1253 2387 1322 patriar-

817 1329 934 1381 chae
956 1334 1244 1392 vocantur;
1276 1322 1369 1394 qui
1400 1322 1579 1394 autem
1613 1339 1778 1392 super
1803 1322 2159 1394 provinciam,
2191 1331 2386 1377 metro~

817 1399 1064 1468 politani.
1083 1399 1264 1462 Quare
1285 1393 1410 1449 cum
1428 1393 1776 1468 Innocentius
1797 1393 1944 1448 dicat
1964 1393 2383 1468 Antiocltensem

819 1464 1141 1537 Episcopum
1194 1480 1313 1537 non
1350 1479 1488 1537 esse
1525 1465 1882 1517 constitutum
1934 1464 2382 1537 super_a|iquam

820 1532 1178 1606 piovinhiam,
1213 1535 1348 1588 satis
1370 1532 1742 1606 indicateum
1776 1548 1884 1587 non
1925 1547 2046 1606 esse
2079 1532 2382 1606 simplicem

821 1602 1319 1674 metropolitanum.
1368 1605 1522 1674 Dices
1578 1605 1813 1658 fortasse
1864 1604 2067 1658 multos
2117 1619 2241 1658 esse
2291 1602 2383 1670 qui

822 1673 1026 1730 habent
1055 1673 1360 1736 dimcesim,
1389 1673 1483 1742 qui
1511 1681 1691 1727 tamen
1720 1688 1829 1726 non
1857 1681 1985 1726 sunt
2015 1674 2337 1742 patriarchae
2367 1691 2381 1726 :

819 1745 1130 1816 cujusmodi
1158 1752 1290 1816 sunt
1314 1740 1537 1797 exa’rchi
1572 1759 1670 1816 seu
1705 1743 1992 1816 primates.
2019 1740 2137 1816 Sed
2159 1758 2384 1816 respon-

819 1812 923 1870 deo
949 1817 1047 1870 hos
1071 1829 1193 1869 esse
1224 1813 1465 1868 minores
1491 1814 1830 1882 patriarchas
1857 1813 1948 1881 qui
1984 1812 2264 1866 habebant
2283 1812 2384 1867 sub

821 1903 882 1939 se
921 1885 1391 1954 metropolitanos.
1431 1882 1586 1954 Unde
1626 1888 1785 1954 etiam
1832 1883 2157 1954 patriarchae
2187 1897 2383 1936 nomen

820 1952 1489 2024 interdum—usurparunt.
1518 1952 1719 2008 Deinde
1749 1953 1884 2024 nihil
1932 1953 2160 2008 interest
2203 1964 2383 2024 utrum

820 2026 1027 2095 primas
1053 2039 1120 2080 an
1145 2025 1458 2095 patriarcha
1483 2023 1588 2095 hoc
1617 2025 1738 2095 loco
1755 2023 1978 2095 dicatur
2009 2023 2386 2095 Antiochenus

821 2091 1391 2164 episcopus.'Abnnde
1423 2094 1567 2148 enim
1597 2093 1862 2147 refellitur
1893 2101 1983 2164 tua
2017 2094 2308 2153 sententia,
2340 2091 2384 2146 si

820 2163 1107 2220 oStendero
1139 2179 1245 2218 non
1278 2163 1877 2233 dic‘erelnnocentinm,
1906 2163 1996 2231 jus
2026 2170 2188 2233 atque
2220 2164 2389 2216 hono-

821 2251 934 2288 rem
993 2230 1393 2304 metrOpolitani
1451 2249 1480 2286 a
1533 2230 2010 2304 synodoNicaena
2047 2230 2385 2304 attributum

822 2304 990 2360 fuisse
1031 2302 1293 2374 episcopo
1333 2302 1698 2358 Antiocheno.
1735 2302 1888 2368 Quod
1930 2303 2148 2372 quidem
2190 2304 2386 2374 certis-

822 2376 961 2433 sime
1008 2372 1419 2430 deuitattstratur
1464 2391 1527 2428 ex
1565 2374 1634 2428 iis
1687 2390 1806 2442 quae
1846 2374 1958 2442 jam
2013 2374 2144 2428 dixi.
2181 2372 2287 2428 Sed
2334 2381 2389 2426 et

821 2460 944 2515 qua:
989 2455 1294 2514 sequuntur
1335 2444 1636 2515 Innocentii
1677 2445 1864 2515 verba,
1896 2443 1948 2496 id
1979 2459 2206 2513 prorsus
2237 2444 2386 2498 evin-

820 2513 972 2569 cunt.
1005 2513 1169 2569 Addit
1217 2515 1400 2569 enim:
1439 2513 1585 2568 Unde
1625 2513 1968 2576 advertimus,
2005 2531 2106 2566 non
2141 2524 2248 2566 tant
2293 2530 2386 2581 pro

819 2587 1050 2639 civitatis
1084 2585 1478 2655 magniﬁcentia
1515 2586 1610 2637 hoc
1652 2584 1818 2638 eidem
1862 2583 2196 2644 attributum,
2230 2600 2388 2653 quant

819 2655 956 2724 quod
988 2659 1162 2724 prima
1196 2657 1352 2722 primi
1381 2657 1605 2724 apostoli
1637 2655 1782 2708 sedes
1805 2671 1916 2708 esse
1941 2665 2280 2715 monstretur,
2299 2655 2388 2708 ubi

823 2723 871 2779 et
905 2723 1090 2780 nomen
1133 2729 1325 2794 accepit
1362 2727 1546 2792 religio
1579 2723 1907 2786 Christiana,
1939 2734 1987 2778 et
2016 2742 2131 2792 qua:
2169 2741 2390 2778 conven-

822 2806 934 2850 tunt
969 2798 1327 2862 apostolorum
1354 2795 1492 2862 apud
1524 2812 1577 2848 se
1605 2796 1720 2864 ﬁeri
1749 2795 2144 2848 celeberrimum
2175 2797 2388 2856 meruit,

821 2883 1036 2936 qua'que
1064 2867 1208 2920 urbis
1243 2866 1420 2920 Roma:
1448 2866 1559 2920 sedi
1589 2883 1692 2919 non
1733 2865 1952 2928 cederet,
1989 2867 2092 2936 nisi
2125 2865 2262 2933 quod
2297 2865 2392 2918 illa

822 2937 876 2990 in
908 2935 1136 2990 transitu
1169 2938 1384 3000 meruit,
1415 2938 1523 2989 ista
1563 2945 1857 3003 susceptum
1888 2935 2028 3004 apud
2059 2952 2114 2988 se
2147 2952 2392 2989 consum-

823 3017 1121 3078 matamque
1171 3006 1439 3078 gauderet.
1476 3009 1670 3060 Annon
1701 3005 1852 3061 vich
1891 3006 2268 3078 Innocentium
2305 3006 2391 3078 hic

822 3077 971 3146 loqui
1012 3078 1078 3132 de
1115 3076 1388 3147 praecipuo
1426 3077 1664 3147 quodam
1720 3078 1926 3130 honore
1970 3091 2033 3130 ac
2080 3076 2391 3146 privilegio,

823 3147 969 3216 quod
999 3146 1351 3201 Antiochense
1385 3146 1534 3202 urbis
1566 3147 1980 3215 magniﬁcentia:
2012 3147 2390 3214 responderet,

822 3228 879 3272 et
909 3219 1053 3287 quod
1069 3233 1203 3287 pene
1222 3220 1430 3286 aequale
1462 3225 1609 3272 esset
1644 3218 1837 3270 honori
1874 3232 1936 3270 ac
1956 3217 2227 3287 inajestati
2246 3216 2394 3271 sedis

825 3286 1084 3342 Romanae
1100 3289 1124 3340 Ἰ
1139 3288 1363 3357 Ineptus
1391 3289 1619 3342 omnino
1631 3296 1776 3341 esset
1791 3302 1854 3358 ac
1869 3287 2173 3358 lrigidus,si
2193 3286 2260 3341 de
2277 3302 2392 3358 me-

823 3359 1154 3428 tropolitano
1199 3363 1332 3421 jure
1385 3357 1504 3412 haec
1557 3358 1763 3412 diceret
1817 3357 2201 3428 Innocentius,
2245 3357 2390 3428 quod

823 3427 1114 3482 continuae
1170 3438 1254 3482 est
1311 3429 1655 3481 Antiocheno
1711 3442 1836 3480 cum
1900 3427 2391 3481 innumerabilibus

823 3499 948 3552 aliis
974 3499 1268 3572 episcopis.
1290 3496 1389 3572 Jus
1418 3513 1548 3572 ergo
1577 3497 1724 3550 aliud
1757 3498 2092 3566 praecipuum
2125 3497 2391 3572 intelligat

822 3567 1038 3637 oportet
1065 3587 1078 3621 :
1112 3568 1256 3636 quod
1293 3569 1440 3622 aliud
1464 3567 1586 3623 esse
1619 3582 1726 3620 non
1757 3577 1930 3634 potest
1960 3581 2120 3635 quam
2155 3567 2391 3637 patriar-

825 3636 1063 3692 chicum.
1088 3637 1379 3706 Repugnas
1417 3638 1619 3699 adhuc,
1649 3647 1703 3689 et
1734 3637 2132 3706 Antiochenam
2172 3636 2391 3703 episco-

826 3724 953 3778 pum
985 3709 1053 3762 ab
1082 3705 1400 3778 Innocentio
1433 3707 1910 3778 metropolitanum
1948 3705 2133 3778 vocari
2161 3713 2389 3778 conten.

826 3775 912 3833 ilis
947 3779 1030 3833 his
1059 3778 1239 3832 verbis
1264 3796 1276 3830 :
1300 3776 1489 3848 Itaque
1506 3777 1853 3836 arbitramur.
1876 3777 2044 3848 frater
2064 3775 2392 3848 charissime,

828 3859 884 3901 ut
902 3850 1036 3903 sicut
1057 3846 1495 3917 metropolitanus
1519 3850 1837 3902 auctoritate
1859 3846 2076 3900 ordinas
2099 3846 2391 3915 singulari,

826 3922 903 3973 sic
927 3930 976 3974 et
1004 3929 1222 3974 cwteros
1261 3936 1365 3972 non
1407 3920 1519 3971 sine
1554 3919 1815 3986 permissu
1858 3917 2276 3977 conscientiaque
2304 3926 2395 3969 tua

827 3992 974 4044 sinas
1015 3992 1281 4056 episcopos
1325 3990 1618 4056 procreari,
1646 3997 1752 4044 etc.
1788 3988 1886 4042 llic
1918 3997 1996 4051 tu,
2033 3995 2092 4040 ut
2118 3988 2283 4051 soles,
2315 3988 2396 4041 vi-

828 4061 963 4113 tium
1002 4062 1258 4114 editionis
1309 4059 1636 4129 Mognutina:
1684 4075 1782 4128 pro
1832 4074 1966 4113 vera
2011 4057 2243 4129 lectione
2280 4072 2396 4129 am:

829 4133 1022 4199 plexos
1051 4147 1131 4195 es,
1154 4138 1209 4185 et
1231 4147 1296 4184 ex
1319 4146 1381 4186 ea
1403 4125 1595 4185 l‘alsam
1620 4125 1976 4184 assertionem
2007 4136 2075 4199 et,
2091 4125 2392 4199 Innocentii

829 4197 1000 4254 inenti
1043 4201 1374 4254 contrariam
1409 4201 1755 4255 conclusisti.
1787 4200 1893 4254 Sed
1923 4199 1968 4254 si
2005 4198 2246 4267 reliquas
2278 4197 2395 4252 edi-

830 4271 1007 4325 tiones
1059 4271 1457 4336 consuluisses,
1514 4269 1870 4325 Colonienses
1927 4269 2139 4324 scilicet
2191 4268 2330 4323 duas
2376 4287 2390 4323 :

829 4341 1055 4396 alteram
1079 4341 1304 4404 Crabbi,
1326 4343 1550 4396 alteram
1584 4339 1720 4394 Binii
1747 4358 1761 4405 ;
1791 4340 2143 4410 Hispanicam
2171 4339 2392 4393 Antonii

829 4412 1117 4480 Augustini
1150 4413 1204 4465 in
1231 4412 1324 4465 lib.
1354 4428 1413 4466 ιιι
1449 4410 1713 4477 Epitomes
1733 4412 1875 4481 juris
1905 4410 2146 4464 canonici
2168 4419 2386 4481 ;et_no-

831 4479 1108 4536 rissimum
1152 4482 1393 4537 omnium
1437 4479 1742 4536 editionem
1775 4481 2141 4535 Parisiensem
2188 4479 2394 4533 Biblio-

830 4549 992 4604 theca:
1025 4551 1158 4609 iuris
1191 4553 1455 4615 canonici,
1481 4567 1643 4620 quam
1669 4553 1752 4604 vir
1781 4552 2134 4605 doctissimus
2164 4548 2392 4604 Guiliel-

830 4637 953 4676 mus
1010 4622 1230 4677 Voellus
1289 4637 1396 4676 una
1449 4637 1573 4675 cum
1630 4622 1936 4676 clarissimo
1988 4622 2104 4674 viro
2158 4620 2394 4675 Henrico

828 4691 1056 4746 Justello
1105 4708 1280 4761 nuper
1329 4693 1644 4760 publicavit,
1694 4693 1926 4746 vidisses
1972 4689 2238 4758 proiecto,
2282 4706 2392 4745 non

829 4761 1263 4832 ntetropolitanus
1285 4762 1637 4832 scribendum
1654 4779 1793 4822 csse,
1810 4762 1901 4832 sed
1925 4761 2348 4832 metropolitanos
2371 4777 2390 4832 ς

830 4829 1104 4900 quomodo
1128 4833 1290 4886 etiam
1317 4831 1573 4886 Nicolaus
1603 4830 1772 4886 Faber
1807 4831 1874 4885 ad
1906 4841 2056 4885 oram
2087 4829 2391 4900 Moguntiui

830 4903 1036 4956 codicis
1062 4902 1465 4957 emendaverat.
1493 4903 1626 4967 Quis
1655 4919 1781 4958 vero
1811 4916 2010 4957 sensus
2040 4911 2186 4955 esset
2212 4901 2266 4953 in
2297 4910 2390 4955 tua

832 4972 1066 5027 lectione
1096 4992 1109 5027 :
1141 4971 1292 5026 Sicut
1335 4973 1767 5039 ntetropolitanus
1813 4971 2130 5026 auctoritate
2172 4970 2388 5025 ordinas

831 5043 1114 5111 singulari,
1144 5043 1220 5096 sic
1248 5053 1297 5096 et
1339 5053 1556 5097 caeteros
1599 5060 1700 5096 non
1742 5043 1853 5096 sine
1889 5043 2170 5110 permissu,
2198 5051 2305 5095 etc.
2333 5041 2390 5095 Si

833 5113 1123 5168 lectionem
1175 5122 1323 5166 luant
1376 5114 1677 5182 sequimur,
1708 5114 1911 5166 nullum
1953 5111 2267 5182 episcopum
2301 5126 2393 5165 or-

831 5183 1100 5238 dinaverit
1120 5181 1491 5238 Antiochenus
1519 5185 1764 5237 antistes.
1787 5182 2047 5252 Praecepit
2063 5183 2206 5235 enim
2228 5181 2391 5235 Inuo-

833 5255 1068 5318 centius,
1097 5262 1190 5307 aut
1224 5255 1403 5323 potius
1437 5253 1628 5309 suadet
1659 5254 1984 5315 Alexandro,
2019 5252 2391 5323 utrepiscopos

834 5323 1049 5391 longius
1100 5322 1307 5394 positos
1343 5326 1487 5378 datis
1538 5323 1733 5379 litteris
1779 5339 1807 5376 a
1840 5322 2287 5394 metropolitanis
2309 5322 2390 5375 vel

833 5395 956 5448 aliis
990 5393 1178 5463 jubeat
1208 5395 1476 5458 ordinari,
1533 5397 1738 5448 vicinos
1785 5403 1966 5447 autem
2002 5397 2046 5447 si
2078 5393 2148 5452 ita
2191 5393 2294 5461 ipsi
2325 5394 2392 5446 Ii-

836 5463 1007 5518 hitum
1040 5464 1220 5524 fuerit.
1251 5465 1592 5519 Antiochiam
1621 5463 2009 5532 vcnirejubeat
2033 5463 2098 5516 ad
2127 5464 2395 5532 accipien-

833 5535 957 5605 dam
993 5551 1188 5589 manus
1219 5535 1642 5605 impositionem.
1680 5535 1884 5589 Deinde
1912 5533 2042 5605 quid
2072 5533 2175 5588 sibi
2208 5533 2396 5605 volunt

834 5603 918 5658 liae
950 5607 1247 5674 partitmlaa,
1279 5603 1412 5659 sicut
1440 5606 1876 5674 metropolitanus
1907 5603 2147 5668 ordinas,
2171 5603 2247 5656 sic
2271 5604 2393 5656 reli-

832 5691 982 5742 quos,
1025 5686 1130 5729 etc.
1162 5678 1355 5729 Annon
1404 5677 1554 5730 vides
1605 5675 1980 5730 Innocentium
2014 5675 2122 5728 duo
2156 5674 2244 5727 hic
2297 5689 2392 5743 ge-

837 5760 968 5816 nera
1027 5750 1409 5816 episcoporum
1487 5748 1826 5815 distinguere
1877 5763 1888 5798 :
1940 5744 2392 5816 metropolitanos

834 5814 1076 5886 scilicet;
1115 5824 1168 5870 ct
1209 5818 1443 5885 reliquos
1478 5814 1839 5886 provinciales
1881 5816 1974 5885 qui
1998 5816 2158 5886 vulgo
2200 5814 2394 5886 suifra-

834 5885 991 5954 εδιιεὶ
1023 5883 1408 5942 dicuntur-Tm
1439 5883 2146 5959 metropolitanosquidem
2179 5883 2247 5939 ab
2272 5885 2388 5956 cpi-

1835 435 1902 490 IN
1939 431 2311 511 SUCBATEM
2347 430 2432 488 er
2460 405 2917 488 SOLOMENUM

3921 440 4059 498 1664

2490 565 2659 621 scopo
2681 541 3031 623 Antiocheno
3053 550 3394 623 ait_ordinari
3419 552 3744 608 auctoritate
3771 553 4058 623 singulari,

2485 623 2539 677 id
2568 619 2656 677 est
2685 619 3080 688 patriarchica.
3114 621 3230 677 Soli
3262 623 3414 678 enim
3447 623 3768 690 patriarcha:
3796 619 4061 678 ordinau-

2487 693 2682 748 dorum
2709 693 3257 761 metropolitanorum
3289 692 3380 760 jus
3413 691 3634 763 habent,
3656 701 3716 746 ut
3742 692 3904 746 docet
3932 709 4059 763 syn-

2487 763 2627 818 odns
2658 771 2851 816 octava
2895 765 3149 833 superius
3195 763 3378 833 allata.
3421 761 3703 833 Ordinant
3721 772 3902 817 autem
3936 761 4062 818 illos

2491 835 2708 888 duobus
2755 831 3060 895 modis,'ut
3107 833 3184 886 ait
3223 832 3486 902 praedicta
3534 831 3808 903 synodus,
3848 834 3929 887 vel
3965 849 4064 901 per

2491 920 2686 958 manus
2727 903 3296 972 impositionemhvel
3354 917 3449 970 per
3503 902 3825 957 missionem
3884 903 4055 972 pallii.

2490 972 2595 1039 Qui
2654 971 2924 1043 posterior
2969 988 3088 1028 mos
3138 975 3191 1028 in
3236 971 3548 1043 Occidente,
3577 972 3750 1042 magis
3807 971 4061 1037 invaluit.

2490 1042 2712 1114 propter
2757 1043 2981 1114 nimiam
3031 1043 3279 1114 locorum
3329 1042 3670 1114 distantiam,
3718 1043 4059 1114 uthvidftur,

2489 1111 2761 1169 invectus.
2790 1112 2927 1168 Hinc
2947 1113 3203 1184 estquod
3233 1114 3285 1166 in
3318 1127 3530 1184 canone
3556 1111 3625 1166 28
3647 1112 3864 1166 concilii
3893 1111 4058 1166 Chal-

2489 1184 2834 1245 cedonensis,
2871 1199 2980 1252 quo
3022 1183 3116 1252 jus
3155 1183 3578 1252 patriarchicum
3614 1197 3936 1237 concessum
3977 1191 4064 1237 est

2489 1254 2752 1325 episcopo
2784 1255 3415 1325 Coristantinopolitano,
3444 1252 3769 1325 nominatim
3816 1253 4065 1307 decerni-

2491 1322 2582 1378 tur
2612 1322 3163 1394 ut'metropolitanos
3187 1339 3284 1394 per
3311 1322 3594 1394 Ponticam
3624 1332 3678 1377 et
3720 1323 3980 1377 Asiauam
4009 1333 4064 1376 et

2491 1394 2852 1449 Thraciarum
2891 1391 3205 1450 dioecesim
3239 1391 3530 1447 ordinandi
3571 1391 3770 1448 habeat
3819 1401 4062 1462 potesta-

2491 1473 2598 1518 tem
2634 1483 2646 1519 :
2683 1467 2739 1520 in
2783 1481 2914 1534 agro
2967 1477 3146 1520 autem
3205 1462 3735 1534 Barbarico_etiami
3772 1463 4062 1534 episcopos

2489 1535 2729 1590 ordinet.
2760 1531 2942 1591 Causa
2983 1551 3114 1590 vero
3144 1549 3245 1590 cur
3270 1533 3325 1587 in
3352 1548 3486 1603 agro
3513 1531 3817 1603 Barbarico
3843 1531 3982 1586 hanc
4009 1531 4062 1586 ei

2489 1604 2744 1660 dederint
2773 1613 3122 1673 potestatem,
3153 1605 3270 1658 haec
3297 1601 3409 1667 est,
3439 1601 3585 1672 quod
3606 1602 3747 1673 apud
3789 1601 4061 1673 Barbaros

2490 1677 2676 1729 nullus
2716 1671 2835 1731 erat
2867 1676 3349 1744 metropolitanos.
3380 1671 3717 1744 ac’proin’de
3745 1671 4063 1744 constanti-

2490 1747 2846 1812 n0politanus
2877 1743 3192 1814 patriarcha
3218 1745 3275 1798 in
3308 1744 3414 1797 illis
3442 1743 3760 1814 regionibus
3799 1743 4064 1813 implebat

2490 1815 2726 1870 cilicium
2768 1816 3196 1886 metropolitani.

3111 1927 3262 1984 CAP.
3297 1926 3432 1982 XIII.

2559 2020 2618 2075 In
2636 2021 2871 2098 septimo
2907 2022 3203 2098 corollario
3223 2024 3304 2098 ais
3328 2024 4063 2098 Carthaginensemrepiscoo

2491 2107 2618 2168 pum
2674 2092 2818 2146 idem
2872 2093 3046 2168 videri
3099 2093 3364 2168 habuisse
3410 2092 3562 2164 juris
3601 2114 3696 2168 per
3748 2097 4062 2168 universam

2489 2162 2754 2237 A_l‘ricam.
2783 2162 2926 2237 quod
2954 2163 3360 2237 Alexandrinus
3383 2162 3672 2237 episcopus
3701 2165 3938 2237 habebat
3957 2176 4062 2237 per

2491 2231 2811 2305 Egyptuni,
2845 2232 3069 2305 Libyam
3097 2249 3160 2288 ac
3193 2231 3553 2305 Pentapolim,
3574 2231 3638 2294 'id
3671 2246 3775 2301 est,
3805 2235 4064 2305 habuisse

2487 2301 2921 2378 jus'ordinaudi
2950 2301 3312 2378 presbyteros
3361 2301 3416 2362 et
3461 2311 3757 2378 episcopos
3808 2320 3902 2375 per
3923 2301 4029 2378 uti

2491 2373 2706 2446 versam
2757 2373 3169 2446 Alricam.lloc
3217 2376 3363 2430 enim
3407 2373 3513 2446 jus'
3549 2373 3669 2433 init'
3696 2373 4066 2446 Aleiaudrino

2491 2444 2901 2518 episcopo__per
2950 2444 3263 2518 universam
3317 2444 3698 2518 Egyptiacam
3747 2444 4063 2518 dimcesim,

2493 2513 2553 2567 ut
2585 2525 2640 2567 In
2673 2514 2891 2582 quidem
2922 2513 3170 2581 pluribus
3215 2517 3270 2570 in
3322 2513 3480 2574 locis
3506 2516 3912 2574 dissertationis
3959 2521 4066 2567 tute

2493 2585 2843 2659 asseverasti.
2892 2584 3112 2659 Verum
3135 2601 3310 2642 canon
3348 2586 3804 2659 Carthaginensis
3847 2583 4066 2638 concilii

2491 2670 2558 2709 ex
2619 2669 2728 2722 quo
2778 2655 2830 2708 id
2880 2655 3188 2717 concludis,
3222 2674 3328 2712 non
3373 2661 3476 2713 hoc
3520 2655 3672 2720 dicit.
3703 2658 3798 2714 sed
3829 2665 4063 2716 tantum,

2492 2725 2660 2800 licere
2703 2726 2963 2800 episcopo
3005 2725 3456 2800 Carthaginensi,
3485 2745 3553 2786 ex
3589 2722 4068 2800 quacunque__l':‘.c-

2491 2796 2658 2850 clesia
2692 2797 2948 2858 voluerit,
2984 2795 3494 2864 clericos-sumere,
3525 2810 3585 2856 ut
3609 2795 3707 2856 eos
3739 2795 4007 2853 Ecclesiis
4034 2809 4067 2848 a

2491 2867 2697 2941 quibus
2727 2867 2991 2941 postulati
3025 2867 3246 2941 fuerint,
3279 2872 3630 2941 presbyteros
3655 2879 3748 2924 aut
3776 2870 4068 2941 episcopos

2491 2937 2730 3006 ordinet.
2767 2935 2925 2991 Unde
2969 2948 3022 2992 et
3072 2935 3542 2997 titulus'cauo'nis
3593 2943 3666 2994 ita
3705 2935 4015 3006 concipitur
4048 2951 4063 2986 :

2498 3005 2564 3078 Ut
2617 3006 3024 3078 Carthaginensi
3067 3009 3307 3078 episcopo
3347 3011 3484 3066 unde
3537 3012 3760 3066 voluerit
3815 3005 4067 3063 clericum

2494 3077 2649 3131 liceat
2695 3076 3115 3152 ordinaresNon
3149 3076 3284 3152 dicit
3318 3081 3624 3152 ubicunque
3674 3081 3917 3138 voluerit.
3966 3077 4062 3152 sed

2493 3156 2704 3224 tantum
2734 3147 2872 3224 unde
2900 3151 3142 3224 voluerit.
3175 3150 3353 3205 Licuit
3388 3168 3518 3222 ergo
3539 3147 3804 3224 episcopo
3833 3149 4033 3224 Cartha
4053 3179 4066 3188 -

2493 3219 2708 3288 giuensi
2745 3219 2955 3292 alienos
3002 3221 3233 3277 clericos
3267 3218 3507 3284 sumere.
3550 3218 3690 3292 quos
3720 3218 3803 3277 vel
3843 3218 4070 3291 presby-

2494 3297 2643 3344 teros
2676 3289 2758 3360 vel
2788 3290 3079 3360 episcopos
3103 3293 3406 3346 ordinaret.
3439 3291 3548 3347 Sed
3570 3289 3630 3348 in
3669 3309 3767 3348 sua
3801 3289 4072 3360 duntaxat

2494 3357 2882 3434 provincia,_id
2917 3357 3001 3416 est
3019 3361 3086 3434 in
3130 3363 3537 3434 proconsulari,
3565 3380 3686 3434 quae
3714 3364 3878 3419 etiam
3930 3357 4069 3434 Car-

2494 3433 2657 3498 thago
2685 3430 2990 3485 dicebatur.
3019 3430 3184 3485 Extra
3219 3432 3364 3486 hanc
3399 3430 3742 3501 provinciam
3784 3448 3893 3486 non
3940 3430 4072 3501 lice-

2495 3501 2588 3573 bat
2640 3501 2718 3573 illi
2761 3514 2859 3555 eos
2907 3501 3188 3557 ordinare.
3223 3499 3412 3557 Canou
3441 3505 3586 3559 enim
3617 3499 4071 3573 Carthaginensis

2495 3571 2637 3624 hanc
2671 3569 2722 3623 ei
2754 3578 3080 3638 potestatem
3109 3588 3220 3627 non
3256 3573 3467 3628 tribuit.
3499 3576 3568 3628 At
3600 3575 3754 3630 dices
3782 3569 4067 3626 Aurelium

2494 3638 2978 3712 Carthaginensem
3012 3643 3331 3712 episcopum
3379 3643 3432 3697 in
3466 3645 3570 3699 hoc
3611 3657 3821 3699 canone
3863 3641 4069 3694 diserte

2497 3708 2786 3774 allirmare,
2820 3725 2879 3766 se
2904 3708 3225 3766 cunctarum
3255 3712 3620 3770 Ecclesiarum
3643 3712 4067 3769 sollicitudinem

2496 3794 2812 3851 gerere,ac
2855 3782 3090 3851 pi'oinde
3135 3793 3369 3839 cunctas
3415 3786 3795 3840 ordinationes
3843 3783 3910 3836 ad
3940 3794 4066 3837 eum

2473 3850 3246 3921 ‘pertinuisseﬁespondeo,
3285 3870 3411 3908 cum
3461 3858 3716 3912 Aurelius
3749 3855 3883 3909 dicit
3915 3868 4067 3906 cun-

2497 3931 2720 3995 ctarum
2775 3920 3145 3995 Euclesiarnm
3204 3925 3629 3983 sollicitudinem
3689 3927 3790 3995 ipsi
3850 3925 4067 3978 incum-

2498 3991 2647 4064 bere,
2671 3991 2756 4064 _de
2802 3991 3064 4064 Ecclesiis
3094 3996 3391 4063 provincim
3431 4013 3542 4053 suae
3579 3991 3724 4050 etim
3753 3995 3923 4064 loqui,
3959 4012 4068 4049 non

2497 4062 2564 4116 de
2592 4062 3274 4136 universaAAl‘rica.’Certe
3303 4070 3462 4136 paulo
3493 4075 3618 4122 ante
3637 4067 3779 4121 idem
3808 4062 4068 4120 Aurelius

2498 4139 2710 4186 tantum
2751 4133 2914 4198 dixit,
2953 4151 3016 4190 se
3055 4133 3355 4190 multarum
3404 4137 3777 4194 Ecclesiaruin
3821 4145 3875 4191 et
3923 4137 4070 4191 ordi-

2499 4203 2808 4277 nandorum
2870 4204 3301 4277 sollicitudinem
3348 4224 3555 4277 gerere.
3595 4207 3776 4262 Multa:
3819 4205 3965 4262 enim
4014 4214 4069 4260 et

2498 4274 2753 4348 maximat
2777 4285 2938 4348 erant
2966 4275 3224 4348 Ecclesiae
3250 4277 3305 4330 in
3336 4274 3614 4347 provincia
3647 4277 4064 4348 proconsulari;

2497 4347 2637 4419 etin
2665 4345 2782 4419 ipsa
2817 4347 2953 4419 urbe
2979 4345 3489 4419 Cartliagiue,_quze
3513 4365 3621 4404 una
3647 4345 3772 4402 erat
3801 4363 3865 4400 ex
3896 4346 4069 4419 magi-

2499 4415 2607 4486 mis
2649 4415 2971 4470 civitatibus
3007 4415 3221 4486 imperi’i
3268 4415 3522 4485 Romani,
3558 4421 3741 4486 plures
3774 4427 3930 4472 erant
3963 4417 4067 4472 Ec-

2497 4485 2680 4560 clesia:
2721 4487 3016 4560 pluresque
3065 4485 3369 4560 presbyteri
3424 4505 3489 4544 ac
3539 4485 3785 4545 diaconi.
3827 4488 3983 4552 Quod
4018 4487 4065 4542 si

2497 4557 2596 4609 tibi
2646 4555 3019 4612 concedamus
3062 4555 3557 4628 Carthaginenscm
3600 4560 3946 4628 episcopum,
3977 4565 4068 4610 nt-

2497 4635 2623 4695 pote
2666 4628 2979 4695 primatem.
3030 4643 3220 4682 curam
3269 4630 3536 4685 habuisse
3578 4629 3944 4684 Ecclesiarum
3986 4636 4068 4680 to-

2498 4697 2614 4769 tius
2638 4695 2857 4769 Africae,
2880 4712 2986 4769 non
3009 4713 3075 4769 ex
3097 4715 3163 4752 eo
3196 4700 3446 4769 sequitur
3473 4702 3623 4754 illum
3651 4701 3704 4753 in
3738 4709 3848 4752 tota
3869 4698 4066 4769 Africa

2496 4766 2878 4821 ordinationes
2905 4768 3248 4839 celtmrasse.
3276 4766 3424 4823 'Nam
3456 4780 3510 4825 et
3538 4771 3828 4839 episcopus
3869 4766 4068 4822 Roma-

2495 4838 2988 4910 nus,nlicet_totius
3016 4837 3272 4894 Ecclesiaa
3299 4855 3487 4893 curam
3520 4837 3694 4910 gerat.
3715 4837 3823 4894 non
3859 4840 4066 4892 idcirco

2495 4907 2744 4962 omnium
2782 4907 3152 4963 Ecclesiarum
3192 4907 3578 4966 ordinationes
3611 4911 3716 4966 sibi
3752 4910 4016 4964 vindicat.

3119 5021 3272 5078 CAP.
3311 5021 3452 5078 XIV.

2568 5113 2829 5183 Exposita
2860 5129 3077 5170 canone
3127 5123 3286 5171 sexto
3334 5115 3558 5170 concilii
3592 5113 3824 5178 Nicatni,
3859 5114 3914 5168 in
3961 5127 4068 5182 quo

2495 5185 2564 5257 de
2587 5185 2712 5252 jure
2743 5185 3188 5255 patriarcharum
3223 5186 3330 5257 agi,
3358 5186 3598 5250 abunde,
3626 5194 3688 5239 ut
3712 5185 3929 5257 Opinor,
3951 5198 4068 5257 puro-

2497 5254 2769 5320 bavimus’,
2807 5257 2937 5310 libet
2973 5271 3122 5326 nunc
3161 5254 3441 5310 corollarii
3494 5257 3614 5312 loco
3648 5254 3906 5326 quaedam
3929 5254 4066 5322 adji-

2497 5341 2624 5396 cere
2650 5341 2772 5394 qute
2803 5327 2869 5379 ad
2899 5325 3123 5381 eosdem
3167 5327 3514 5396 patriarchas
3544 5323 3843 5395 pertinent.
3875 5323 4068 5380 Scien-

2499 5395 2626 5468 dum
2663 5406 2746 5468 est
2776 5398 2939 5463 igitur
2981 5395 3328 5468 patriarchas
3359 5400 3413 5451 in
3441 5397 3650 5468 synodo
3679 5397 4065 5468 episc0porum

2499 5467 2742 5520 ordinari
2772 5468 2964 5522 solitos
2987 5483 3127 5521 esse.
3155 5466 3285 5521 Nam
3318 5478 3443 5537 post
3461 5466 3691 5522 inertem
3719 5467 4064 5537 patriarchae,

2499 5538 2658 5590 multi
2702 5545 2812 5590 tam
2871 5537 3280 5607 metropolitani
3319 5536 3493 5606 quam
3542 5536 3923 5607 provinciales
3951 5536 4068 5606 epi-

2497 5608 2647 5675 scopi
2697 5608 2763 5662 ad
2818 5606 3240 5676 patriarchalem
3295 5606 3582 5663 ecclesiam
3641 5606 4064 5668 conveniebant,

2498 5688 2614 5749 tum
2649 5676 2858 5732 funeris
2881 5679 3230 5749 celebrandi,
3265 5689 3377 5733 tum
3420 5679 3747 5749 patriarchae
3775 5679 3829 5731 in
3865 5678 4064 5730 mortui

2498 5748 2676 5802 locum
2719 5748 3089 5803 substituendi
3130 5764 3322 5811 causa,
3358 5748 3468 5818 quo
3495 5757 3550 5803 et
3583 5749 3733 5804 illius
3781 5749 4063 5818 sepultura

2499 5826 2554 5871 et
2613 5819 2776 5885 hujus
2830 5820 3107 5875 ordinatio
3157 5829 3305 5874 esset
3357 5817 3646 5874 illustrior.
3701 5820 3776 5874 Ita
3825 5817 4065 5872 Joannes

2507 5887 2954 5960 Chrysostomus,
2980 5891 3061 5948 sic
3093 5899 3216 5948 ante
3251 5892 3402 5947 illum
3441 5889 3751 5960 Nectarius,
3781 5899 3834 5946 ct
3863 5886 4064 5959 reliqui
