  <div class='ocr_page' id='page_1' title='image "/cluster/home/n/w/nwhite01/storage/ocr_20150623/67/pst.000009865921/908.png"; bbox 0 0 4504 6576; ppageno 0'>
   <div class='ocr_carea' id='block_1_1' title="bbox 406 410 537 468">
    <p class='ocr_par' dir='ltr' id='par_1_1' title="bbox 406 410 537 468">
     <span class='ocr_line' id='line_1_1' title="bbox 406 410 537 468; baseline 0 -1"><span class='ocrx_word' id='word_1_1' title='bbox 406 410 537 468; x_wconf 72' lang='lat'><strong>{665</strong></span> 
     </span>
    </p>
   </div>
   <div class='ocr_carea' id='block_1_2' title="bbox 403 519 1973 596">
    <p class='ocr_par' dir='ltr' id='par_1_2' title="bbox 403 519 1973 596">
     <span class='ocr_line' id='line_1_2' title="bbox 403 519 1973 596; baseline 0 -20"><span class='ocrx_word' id='word_1_2' title='bbox 403 523 513 596; x_wconf 83' lang='lat' dir='ltr'><strong>fere</strong></span> <span class='ocrx_word' id='word_1_3' title='bbox 536 529 659 596; x_wconf 85' lang='lat' dir='ltr'><strong>post</strong></span> <span class='ocrx_word' id='word_1_4' title='bbox 690 522 842 578; x_wconf 91' lang='lat' dir='ltr'><strong>illum</strong></span> <span class='ocrx_word' id='word_1_5' title='bbox 874 519 1729 596; x_wconf 79' lang='lat' dir='ltr'><strong>episcopiConstantinopolitani</strong></span> <span class='ocrx_word' id='word_1_6' title='bbox 1760 524 1812 576; x_wconf 93' lang='lat' dir='ltr'><strong>in</strong></span> <span class='ocrx_word' id='word_1_7' title='bbox 1844 540 1973 594; x_wconf 83' lang='lat' dir='ltr'><strong>syn-</strong></span> 
     </span>
    </p>
   </div>
   <div class='ocr_carea' id='block_1_3' title="bbox 401 594 1977 665">
    <p class='ocr_par' dir='ltr' id='par_1_3' title="bbox 401 594 1977 665">
     <span class='ocr_line' id='line_1_3' title="bbox 401 594 1977 665; baseline 0 -18"><span class='ocrx_word' id='word_1_8' title='bbox 401 595 504 647; x_wconf 89' lang='lat' dir='ltr'><strong>odo</strong></span> <span class='ocrx_word' id='word_1_9' title='bbox 534 594 925 663; x_wconf 83' lang='lat' dir='ltr'><strong>episcoporum</strong></span> <span class='ocrx_word' id='word_1_10' title='bbox 974 596 1210 650; x_wconf 78' lang='lat' dir='ltr'><strong>ordinati</strong></span> <span class='ocrx_word' id='word_1_11' title='bbox 1248 598 1523 665; x_wconf 79' lang='lat' dir='ltr'><strong>leguntur,</strong></span> <span class='ocrx_word' id='word_1_12' title='bbox 1585 604 1643 648; x_wconf 92' lang='lat' dir='ltr'><strong>ut</strong></span> <span class='ocrx_word' id='word_1_13' title='bbox 1678 596 1865 648; x_wconf 84' lang='lat' dir='ltr'><strong>videre</strong></span> <span class='ocrx_word' id='word_1_14' title='bbox 1892 604 1977 649; x_wconf 89' lang='lat' dir='ltr'><strong>est</strong></span> 
     </span>
    </p>
   </div>
   <div class='ocr_carea' id='block_1_4' title="bbox 403 665 1978 732">
    <p class='ocr_par' dir='ltr' id='par_1_4' title="bbox 403 665 1978 732">
     <span class='ocr_line' id='line_1_4' title="bbox 403 665 1978 732; baseline 0 -15"><span class='ocrx_word' id='word_1_15' title='bbox 403 668 454 718; x_wconf 93' lang='lat' dir='ltr'><strong>in</strong></span> <span class='ocrx_word' id='word_1_16' title='bbox 490 665 787 717; x_wconf 77' lang='lat' dir='ltr'><strong>Annalibus</strong></span> <span class='ocrx_word' id='word_1_17' title='bbox 830 665 1225 720; x_wconf 71' lang='lat' dir='ltr'><strong>ecclesiasticis.</strong></span> <span class='ocrx_word' id='word_1_18' title='bbox 1260 665 1431 719; x_wconf 83' lang='lat' dir='ltr'><strong>Porro</strong></span> <span class='ocrx_word' id='word_1_19' title='bbox 1472 667 1635 720; x_wconf 88' lang='lat' dir='ltr'><strong><em>simul</em></strong></span> <span class='ocrx_word' id='word_1_20' title='bbox 1677 675 1840 732; x_wconf 83' lang='lat' dir='ltr'><strong>atque</strong></span> <span class='ocrx_word' id='word_1_21' title='bbox 1888 680 1978 718; x_wconf 85' lang='lat' dir='ltr'><strong>or-</strong></span> 
     </span>
    </p>
   </div>
   <div class='ocr_carea' id='block_1_5' title="bbox 402 734 1976 805">
    <p class='ocr_par' dir='ltr' id='par_1_5' title="bbox 402 734 1976 805">
     <span class='ocr_line' id='line_1_5' title="bbox 402 734 1976 805; baseline 0.001 -17"><span class='ocrx_word' id='word_1_22' title='bbox 402 735 572 788; x_wconf 87' lang='lat' dir='ltr'><strong>dinati</strong></span> <span class='ocrx_word' id='word_1_23' title='bbox 615 734 852 797; x_wconf 83' lang='lat' dir='ltr'><strong>fuerant,</strong></span> <span class='ocrx_word' id='word_1_24' title='bbox 881 735 1176 805; x_wconf 85' lang='lat' dir='ltr'><strong>synodicas</strong></span> <span class='ocrx_word' id='word_1_25' title='bbox 1213 736 1431 791; x_wconf 89' lang='lat' dir='ltr'><strong>litteras</strong></span> <span class='ocrx_word' id='word_1_26' title='bbox 1477 736 1766 789; x_wconf 92' lang='lat' dir='ltr'><strong>mittebant</strong></span> <span class='ocrx_word' id='word_1_27' title='bbox 1795 734 1860 787; x_wconf 92' lang='lat' dir='ltr'><strong>ad</strong></span> <span class='ocrx_word' id='word_1_28' title='bbox 1890 750 1976 789; x_wconf 88' lang='lat' dir='ltr'><strong>re-</strong></span> 
     </span>
    </p>
   </div>
   <div class='ocr_carea' id='block_1_6' title="bbox 403 805 1975 873">
    <p class='ocr_par' dir='ltr' id='par_1_6' title="bbox 403 805 1975 873">
     <span class='ocr_line' id='line_1_6' title="bbox 403 805 1975 873; baseline 0.001 -16"><span class='ocrx_word' id='word_1_29' title='bbox 403 807 580 873; x_wconf 90' lang='lat' dir='ltr'><strong>liquos</strong></span> <span class='ocrx_word' id='word_1_30' title='bbox 616 805 983 873; x_wconf 89' lang='lat' dir='ltr'><strong>patriarchas,</strong></span> <span class='ocrx_word' id='word_1_31' title='bbox 1024 807 1226 873; x_wconf 84' lang='lat' dir='ltr'><strong>quibus</strong></span> <span class='ocrx_word' id='word_1_32' title='bbox 1272 815 1326 860; x_wconf 89' lang='lat' dir='ltr'><strong>et</strong></span> <span class='ocrx_word' id='word_1_33' title='bbox 1370 806 1778 862; x_wconf 86' lang='lat' dir='ltr'><strong>ordinationem</strong></span> <span class='ocrx_word' id='word_1_34' title='bbox 1818 819 1975 859; x_wconf 92' lang='lat' dir='ltr'><strong>snam</strong></span> 
     </span>
    </p>
   </div>
   <div class='ocr_carea' id='block_1_7' title="bbox 402 875 1973 944">
    <p class='ocr_par' dir='ltr' id='par_1_7' title="bbox 402 875 1973 944">
     <span class='ocr_line' id='line_1_7' title="bbox 402 875 1973 944; baseline -0.001 -17"><span class='ocrx_word' id='word_1_35' title='bbox 402 877 513 930; x_wconf 90' lang='lat' dir='ltr'><strong><em>illis</em></strong></span> <span class='ocrx_word' id='word_1_36' title='bbox 546 876 875 928; x_wconf 84' lang='lat' dir='ltr'><strong>nuntiabant</strong></span> <span class='ocrx_word' id='word_1_37' title='bbox 899 884 955 928; x_wconf 90' lang='lat' dir='ltr'><strong>et</strong></span> <span class='ocrx_word' id='word_1_38' title='bbox 981 875 1105 931; x_wconf 83' lang='lat' dir='ltr'><strong>ﬁdei</strong></span> <span class='ocrx_word' id='word_1_39' title='bbox 1139 892 1249 930; x_wconf 70' lang='lat' dir='ltr'><strong>sua:</strong></span> <span class='ocrx_word' id='word_1_40' title='bbox 1280 876 1568 931; x_wconf 80' lang='lat' dir='ltr'><strong>formulam</strong></span> <span class='ocrx_word' id='word_1_41' title='bbox 1603 875 1973 944; x_wconf 78' lang='lat' dir='ltr'><strong>exponebant,</strong></span> 
     </span>
    </p>
   </div>
   <div class='ocr_carea' id='block_1_8' title="bbox 402 945 1977 1016">
    <p class='ocr_par' dir='ltr' id='par_1_8' title="bbox 402 945 1977 1016">
     <span class='ocr_line' id='line_1_8' title="bbox 402 945 1977 1016; baseline -0.002 -16"><span class='ocrx_word' id='word_1_42' title='bbox 402 953 690 1016; x_wconf 84' lang='lat' dir='ltr'><strong>poscentes</strong></span> <span class='ocrx_word' id='word_1_43' title='bbox 723 954 782 997; x_wconf 93' lang='lat' dir='ltr'><strong>ut</strong></span> <span class='ocrx_word' id='word_1_44' title='bbox 813 947 880 998; x_wconf 90' lang='lat' dir='ltr'><strong>ab</strong></span> <span class='ocrx_word' id='word_1_45' title='bbox 915 945 1023 1000; x_wconf 91' lang='lat' dir='ltr'><strong><em>illis</em></strong></span> <span class='ocrx_word' id='word_1_46' title='bbox 1069 947 1315 1001; x_wconf 79' lang='lat' dir='ltr'><strong><em>vicissim</em></strong></span> <span class='ocrx_word' id='word_1_47' title='bbox 1349 948 1559 1000; x_wconf 85' lang='lat' dir='ltr'><strong>litteras</strong></span> <span class='ocrx_word' id='word_1_48' title='bbox 1595 945 1852 1015; x_wconf 75' lang='lat' dir='ltr'><strong>pacificus</strong></span> <span class='ocrx_word' id='word_1_49' title='bbox 1879 961 1977 998; x_wconf 89' lang='lat' dir='ltr'><strong>seu</strong></span> 
     </span>
    </p>
   </div>
   <div class='ocr_carea' id='block_1_9' title="bbox 400 1016 1977 1085">
    <p class='ocr_par' dir='ltr' id='par_1_9' title="bbox 400 1016 1977 1085">
     <span class='ocr_line' id='line_1_9' title="bbox 400 1016 1977 1085; baseline 0.001 -15"><span class='ocrx_word' id='word_1_50' title='bbox 400 1016 926 1070; x_wconf 88' lang='lat' dir='ltr'><strong>connnunicatorias</strong></span> <span class='ocrx_word' id='word_1_51' title='bbox 989 1018 1324 1085; x_wconf 78' lang='lat' dir='ltr'><strong>acciperent.</strong></span> <span class='ocrx_word' id='word_1_52' title='bbox 1382 1017 1525 1081; x_wconf 80' lang='lat' dir='ltr'><strong>Quin</strong></span> <span class='ocrx_word' id='word_1_53' title='bbox 1581 1026 1634 1070; x_wconf 89' lang='lat' dir='ltr'><strong>et</strong></span> <span class='ocrx_word' id='word_1_54' title='bbox 1683 1016 1977 1085; x_wconf 85' lang='lat' dir='ltr'><strong>episcopus</strong></span> 
     </span>
    </p>
   </div>
   <div class='ocr_carea' id='block_1_10' title="bbox 403 1086 1976 1157">
    <p class='ocr_par' dir='ltr' id='par_1_10' title="bbox 403 1086 1976 1157">
     <span class='ocr_line' id='line_1_10' title="bbox 403 1086 1976 1157; baseline 0.001 -18"><span class='ocrx_word' id='word_1_55' title='bbox 403 1086 705 1147; x_wconf 81' lang='lat' dir='ltr'><strong>Romanus,</strong></span> <span class='ocrx_word' id='word_1_56' title='bbox 732 1095 1022 1157; x_wconf 83' lang='lat' dir='ltr'><strong>postquam</strong></span> <span class='ocrx_word' id='word_1_57' title='bbox 1049 1087 1115 1140; x_wconf 88' lang='lat' dir='ltr'><strong>ad</strong></span> <span class='ocrx_word' id='word_1_58' title='bbox 1144 1089 1489 1157; x_wconf 79' lang='lat' dir='ltr'><strong>pontificatus</strong></span> <span class='ocrx_word' id='word_1_59' title='bbox 1514 1087 1721 1155; x_wconf 85' lang='lat' dir='ltr'><strong>apicem</strong></span> <span class='ocrx_word' id='word_1_60' title='bbox 1754 1094 1976 1157; x_wconf 85' lang='lat' dir='ltr'><strong>evectus</strong></span> 
     </span>
    </p>
   </div>
   <div class='ocr_carea' id='block_1_11' title="bbox 399 1155 1975 1227">
    <p class='ocr_par' dir='ltr' id='par_1_11' title="bbox 399 1155 1975 1227">
     <span class='ocr_line' id='line_1_11' title="bbox 399 1155 1975 1227; baseline 0 -16"><span class='ocrx_word' id='word_1_61' title='bbox 399 1157 599 1220; x_wconf 82' lang='lat' dir='ltr'><strong>fuerat,</strong></span> <span class='ocrx_word' id='word_1_62' title='bbox 644 1155 918 1224; x_wconf 82' lang='lat' dir='ltr'><strong>ejusmodi</strong></span> <span class='ocrx_word' id='word_1_63' title='bbox 967 1155 1177 1212; x_wconf 74' lang='lat' dir='ltr'><strong>litteras</strong></span> <span class='ocrx_word' id='word_1_64' title='bbox 1212 1157 1278 1211; x_wconf 88' lang='lat' dir='ltr'><strong>ad</strong></span> <span class='ocrx_word' id='word_1_65' title='bbox 1333 1158 1573 1226; x_wconf 80' lang='lat' dir='ltr'><strong>reliquos</strong></span> <span class='ocrx_word' id='word_1_66' title='bbox 1626 1156 1975 1227; x_wconf 86' lang='lat' dir='ltr'><strong>patriarchas</strong></span> 
     </span>
    </p>
   </div>
   <div class='ocr_carea' id='block_1_12' title="bbox 398 1228 1976 1295">
    <p class='ocr_par' dir='ltr' id='par_1_12' title="bbox 398 1228 1976 1295">
     <span class='ocr_line' id='line_1_12' title="bbox 398 1228 1976 1295; baseline -0.001 -14"><span class='ocrx_word' id='word_1_67' title='bbox 398 1228 642 1295; x_wconf 80' lang='lat' dir='ltr'><strong>collegas</strong></span> <span class='ocrx_word' id='word_1_68' title='bbox 676 1242 809 1281; x_wconf 90' lang='lat' dir='ltr'><strong>suos</strong></span> <span class='ocrx_word' id='word_1_69' title='bbox 848 1228 1067 1281; x_wconf 75' lang='lat' dir='ltr'><strong>mittere</strong></span> <span class='ocrx_word' id='word_1_70' title='bbox 1097 1236 1483 1288; x_wconf 82' lang='lat' dir='ltr'><strong>consueverat,</strong></span> <span class='ocrx_word' id='word_1_71' title='bbox 1513 1228 1670 1281; x_wconf 82' lang='lat' dir='ltr'><strong>fidem</strong></span> <span class='ocrx_word' id='word_1_72' title='bbox 1710 1241 1864 1280; x_wconf 90' lang='lat' dir='ltr'><strong>suam</strong></span> <span class='ocrx_word' id='word_1_73' title='bbox 1895 1228 1976 1280; x_wconf 91' lang='lat' dir='ltr'><strong>eis</strong></span> 
     </span>
    </p>
   </div>
   <div class='ocr_carea' id='block_1_13' title="bbox 398 1298 1977 1367">
    <p class='ocr_par' dir='ltr' id='par_1_13' title="bbox 398 1298 1977 1367">
     <span class='ocr_line' id='line_1_13' title="bbox 398 1298 1977 1367; baseline -0.001 -14"><span class='ocrx_word' id='word_1_74' title='bbox 398 1313 707 1367; x_wconf 79' lang='lat' dir='ltr'><strong>exponens,</strong></span> <span class='ocrx_word' id='word_1_75' title='bbox 738 1306 1038 1367; x_wconf 86' lang='lat' dir='ltr'><strong>petensque</strong></span> <span class='ocrx_word' id='word_1_76' title='bbox 1066 1308 1125 1351; x_wconf 90' lang='lat' dir='ltr'><strong>ut</strong></span> <span class='ocrx_word' id='word_1_77' title='bbox 1155 1314 1343 1353; x_wconf 91' lang='lat' dir='ltr'><strong>eorum</strong></span> <span class='ocrx_word' id='word_1_78' title='bbox 1376 1298 1631 1367; x_wconf 86' lang='lat' dir='ltr'><strong>precibus</strong></span> <span class='ocrx_word' id='word_1_79' title='bbox 1660 1308 1714 1351; x_wconf 90' lang='lat' dir='ltr'><strong>et</strong></span> <span class='ocrx_word' id='word_1_80' title='bbox 1744 1298 1977 1351; x_wconf 87' lang='lat' dir='ltr'><strong>consilio</strong></span> 
     </span>
    </p>
   </div>
   <div class='ocr_carea' id='block_1_14' title="bbox 401 1367 1976 1439">
    <p class='ocr_par' dir='ltr' id='par_1_14' title="bbox 401 1367 1976 1439">
     <span class='ocr_line' id='line_1_14' title="bbox 401 1367 1976 1439; baseline -0.001 -17"><span class='ocrx_word' id='word_1_81' title='bbox 401 1370 777 1433; x_wconf 80' lang='lat' dir='ltr'><strong>adjuvaretur.</strong></span> <span class='ocrx_word' id='word_1_82' title='bbox 829 1367 1154 1439; x_wconf 87' lang='lat' dir='ltr'><strong>Hujusmodi</strong></span> <span class='ocrx_word' id='word_1_83' title='bbox 1206 1376 1388 1425; x_wconf 89' lang='lat' dir='ltr'><strong>exstat</strong></span> <span class='ocrx_word' id='word_1_84' title='bbox 1433 1369 1671 1439; x_wconf 81' lang='lat' dir='ltr'><strong>epistola</strong></span> <span class='ocrx_word' id='word_1_85' title='bbox 1725 1367 1976 1436; x_wconf 86' lang='lat' dir='ltr'><strong>Gregorii</strong></span> 
     </span>
    </p>
   </div>
   <div class='ocr_carea' id='block_1_15' title="bbox 399 1437 1976 1509">
    <p class='ocr_par' dir='ltr' id='par_1_15' title="bbox 399 1437 1976 1509">
     <span class='ocr_line' id='line_1_15' title="bbox 399 1437 1976 1509; baseline -0.001 -18"><span class='ocrx_word' id='word_1_86' title='bbox 399 1454 574 1509; x_wconf 62' lang='lat' dir='ltr'><strong>papae,</strong></span> <span class='ocrx_word' id='word_1_87' title='bbox 612 1439 817 1507; x_wconf 88' lang='lat' dir='ltr'><strong>scripta</strong></span> <span class='ocrx_word' id='word_1_88' title='bbox 862 1438 1055 1493; x_wconf 88' lang='lat' dir='ltr'><strong>eodem</strong></span> <span class='ocrx_word' id='word_1_89' title='bbox 1098 1441 1348 1509; x_wconf 86' lang='lat' dir='ltr'><strong>exemplo</strong></span> <span class='ocrx_word' id='word_1_90' title='bbox 1383 1437 1449 1493; x_wconf 83' lang='lat' dir='ltr'><strong>ad</strong></span> <span class='ocrx_word' id='word_1_91' title='bbox 1480 1437 1689 1493; x_wconf 75' lang='lat' dir='ltr'><strong>omnes</strong></span> <span class='ocrx_word' id='word_1_92' title='bbox 1742 1439 1976 1506; x_wconf 87' lang='lat' dir='ltr'><strong>patriar-</strong></span> 
     </span>
    </p>
   </div>
   <div class='ocr_carea' id='block_1_16' title="bbox 397 1510 1978 1579">
    <p class='ocr_par' dir='ltr' id='par_1_16' title="bbox 397 1510 1978 1579">
     <span class='ocr_line' id='line_1_16' title="bbox 397 1510 1978 1579; baseline -0.001 -16"><span class='ocrx_word' id='word_1_93' title='bbox 397 1512 553 1573; x_wconf 84' lang='lat' dir='ltr'><strong>chas,</strong></span> <span class='ocrx_word' id='word_1_94' title='bbox 581 1510 636 1563; x_wconf 92' lang='lat' dir='ltr'><strong>in</strong></span> <span class='ocrx_word' id='word_1_95' title='bbox 664 1510 805 1563; x_wconf 89' lang='lat' dir='ltr'><strong>libro</strong></span> <span class='ocrx_word' id='word_1_96' title='bbox 854 1510 1030 1579; x_wconf 92' lang='lat' dir='ltr'><strong>primo</strong></span> <span class='ocrx_word' id='word_1_97' title='bbox 1070 1510 1195 1576; x_wconf 84' lang='lat' dir='ltr'><strong>ejus</strong></span> <span class='ocrx_word' id='word_1_98' title='bbox 1224 1511 1605 1579; x_wconf 90' lang='lat' dir='ltr'><strong>epistolarum.</strong></span> <span class='ocrx_word' id='word_1_99' title='bbox 1644 1510 1769 1563; x_wconf 66' lang='lat' dir='ltr'><strong>Duae</strong></span> <span class='ocrx_word' id='word_1_100' title='bbox 1815 1523 1978 1577; x_wconf 90' lang='lat' dir='ltr'><strong>porro</strong></span> 
     </span>
    </p>
   </div>
   <div class='ocr_carea' id='block_1_17' title="bbox 399 1579 1975 1650">
    <p class='ocr_par' dir='ltr' id='par_1_17' title="bbox 399 1579 1975 1650">
     <span class='ocr_line' id='line_1_17' title="bbox 399 1579 1975 1650; baseline -0.003 -16"><span class='ocrx_word' id='word_1_101' title='bbox 399 1580 565 1635; x_wconf 89' lang='lat' dir='ltr'><strong>simul</strong></span> <span class='ocrx_word' id='word_1_102' title='bbox 602 1580 961 1633; x_wconf 85' lang='lat' dir='ltr'><strong>mittebantur</strong></span> <span class='ocrx_word' id='word_1_103' title='bbox 989 1579 1234 1646; x_wconf 65' lang='lat' dir='ltr'><strong>epistolae</strong></span> <span class='ocrx_word' id='word_1_104' title='bbox 1268 1579 1565 1650; x_wconf 71' lang='lat' dir='ltr'><strong>synodicre.</strong></span> <span class='ocrx_word' id='word_1_105' title='bbox 1602 1580 1735 1633; x_wconf 82' lang='lat' dir='ltr'><strong>Nam</strong></span> <span class='ocrx_word' id='word_1_106' title='bbox 1774 1587 1829 1632; x_wconf 89' lang='lat' dir='ltr'><strong>et</strong></span> <span class='ocrx_word' id='word_1_107' title='bbox 1858 1580 1975 1648; x_wconf 86' lang='lat' dir='ltr'><strong>epi-</strong></span> 
     </span>
    </p>
   </div>
   <div class='ocr_carea' id='block_1_18' title="bbox 399 1650 1978 1720">
    <p class='ocr_par' dir='ltr' id='par_1_18' title="bbox 399 1650 1978 1720">
     <span class='ocr_line' id='line_1_18' title="bbox 399 1650 1978 1720; baseline -0.001 -15"><span class='ocrx_word' id='word_1_108' title='bbox 399 1650 551 1720; x_wconf 90' lang='lat' dir='ltr'><strong>scopi</strong></span> <span class='ocrx_word' id='word_1_109' title='bbox 586 1651 679 1719; x_wconf 88' lang='lat' dir='ltr'><strong>qui</strong></span> <span class='ocrx_word' id='word_1_110' title='bbox 706 1650 773 1703; x_wconf 91' lang='lat' dir='ltr'><strong>ad</strong></span> <span class='ocrx_word' id='word_1_111' title='bbox 806 1650 1209 1705; x_wconf 87' lang='lat' dir='ltr'><strong>ordinationem</strong></span> <span class='ocrx_word' id='word_1_112' title='bbox 1254 1651 1381 1705; x_wconf 82' lang='lat' dir='ltr'><strong>novi</strong></span> <span class='ocrx_word' id='word_1_113' title='bbox 1421 1651 1748 1720; x_wconf 73' lang='lat' dir='ltr'><strong>patriarchae</strong></span> <span class='ocrx_word' id='word_1_114' title='bbox 1778 1664 1978 1720; x_wconf 82' lang='lat' dir='ltr'><strong>conve-</strong></span> 
     </span>
    </p>
   </div>
   <div class='ocr_carea' id='block_1_19' title="bbox 401 1719 1977 1790">
    <p class='ocr_par' dir='ltr' id='par_1_19' title="bbox 401 1719 1977 1790">
     <span class='ocr_line' id='line_1_19' title="bbox 401 1719 1977 1790; baseline -0.003 -15"><span class='ocrx_word' id='word_1_115' title='bbox 401 1719 618 1784; x_wconf 80' lang='lat' dir='ltr'><strong>nerant,</strong></span> <span class='ocrx_word' id='word_1_116' title='bbox 647 1721 967 1790; x_wconf 87' lang='lat' dir='ltr'><strong>synodicam</strong></span> <span class='ocrx_word' id='word_1_117' title='bbox 1012 1736 1115 1774; x_wconf 90' lang='lat' dir='ltr'><strong>suo</strong></span> <span class='ocrx_word' id='word_1_118' title='bbox 1144 1722 1363 1775; x_wconf 90' lang='lat' dir='ltr'><strong>nomine</strong></span> <span class='ocrx_word' id='word_1_119' title='bbox 1412 1719 1478 1773; x_wconf 87' lang='lat' dir='ltr'><strong>a&#39;d</strong></span> <span class='ocrx_word' id='word_1_120' title='bbox 1508 1736 1701 1775; x_wconf 88' lang='lat' dir='ltr'><strong>omnes</strong></span> <span class='ocrx_word' id='word_1_121' title='bbox 1738 1719 1977 1788; x_wconf 86' lang='lat' dir='ltr'><strong>patriar-</strong></span> 
     </span>
    </p>
   </div>
   <div class='ocr_carea' id='block_1_20' title="bbox 397 1791 1973 1861">
    <p class='ocr_par' dir='ltr' id='par_1_20' title="bbox 397 1791 1973 1861">
     <span class='ocr_line' id='line_1_20' title="bbox 397 1791 1973 1861; baseline -0.002 -15"><span class='ocrx_word' id='word_1_122' title='bbox 397 1793 534 1846; x_wconf 89' lang='lat' dir='ltr'><strong>chas</strong></span> <span class='ocrx_word' id='word_1_123' title='bbox 574 1792 861 1860; x_wconf 86' lang='lat' dir='ltr'><strong>epistolam</strong></span> <span class='ocrx_word' id='word_1_124' title='bbox 899 1791 1239 1855; x_wconf 80' lang='lat' dir='ltr'><strong>scribebant,</strong></span> <span class='ocrx_word' id='word_1_125' title='bbox 1267 1806 1389 1861; x_wconf 66' lang='lat' dir='ltr'><strong>qua:</strong></span> <span class='ocrx_word' id='word_1_126' title='bbox 1422 1792 1751 1859; x_wconf 71' lang='lat' dir='ltr'><strong>patriarcha:</strong></span> <span class='ocrx_word' id='word_1_127' title='bbox 1779 1805 1973 1861; x_wconf 86' lang='lat' dir='ltr'><strong>recens</strong></span> 
     </span>
    </p>
   </div>
   <div class='ocr_carea' id='block_1_21' title="bbox 399 1860 1967 1935">
    <p class='ocr_par' dir='ltr' id='par_1_21' title="bbox 399 1860 1967 1935">
     <span class='ocr_line' id='line_1_21' title="bbox 399 1860 1967 1935; baseline -0.003 -19"><span class='ocrx_word' id='word_1_128' title='bbox 399 1865 471 1917; x_wconf 90' lang='lat' dir='ltr'><strong>ab</strong></span> <span class='ocrx_word' id='word_1_129' title='bbox 501 1863 634 1931; x_wconf 90' lang='lat' dir='ltr'><strong>ipsis</strong></span> <span class='ocrx_word' id='word_1_130' title='bbox 674 1862 912 1935; x_wconf 77' lang='lat' dir='ltr'><strong>ordinati</strong></span> <span class='ocrx_word' id='word_1_131' title='bbox 945 1863 1275 1935; x_wconf 70' lang='lat' dir='ltr'><strong>praeconium</strong></span> <span class='ocrx_word' id='word_1_132' title='bbox 1324 1862 1684 1935; x_wconf 79' lang='lat' dir='ltr'><strong>continebat;</strong></span> <span class='ocrx_word' id='word_1_133' title='bbox 1716 1871 1771 1915; x_wconf 91' lang='lat' dir='ltr'><strong>et</strong></span> <span class='ocrx_word' id='word_1_134' title='bbox 1800 1861 1845 1917; x_wconf 90' lang='lat' dir='ltr'><strong>is</strong></span> <span class='ocrx_word' id='word_1_135' title='bbox 1874 1860 1967 1928; x_wconf 92' lang='lat' dir='ltr'><strong>qui</strong></span> 
     </span>
    </p>
   </div>
   <div class='ocr_carea' id='block_1_22' title="bbox 399 1932 1977 2002">
    <p class='ocr_par' dir='ltr' id='par_1_22' title="bbox 399 1932 1977 2002">
     <span class='ocr_line' id='line_1_22' title="bbox 399 1932 1977 2002; baseline -0.003 -14"><span class='ocrx_word' id='word_1_136' title='bbox 399 1942 622 1988; x_wconf 90' lang='lat' dir='ltr'><strong>creatus</strong></span> <span class='ocrx_word' id='word_1_137' title='bbox 674 1932 853 2001; x_wconf 80' lang='lat' dir='ltr'><strong>fuerat</strong></span> <span class='ocrx_word' id='word_1_138' title='bbox 894 1934 1230 2000; x_wconf 89' lang='lat' dir='ltr'><strong>patriarcha,</strong></span> <span class='ocrx_word' id='word_1_139' title='bbox 1265 1933 1587 2002; x_wconf 85' lang='lat' dir='ltr'><strong>synodicam</strong></span> <span class='ocrx_word' id='word_1_140' title='bbox 1633 1948 1787 2002; x_wconf 85' lang='lat' dir='ltr'><strong>suam</strong></span> <span class='ocrx_word' id='word_1_141' title='bbox 1825 1946 1977 2002; x_wconf 44' lang='lat' dir='ltr'><strong>seorf</strong></span> 
     </span>
    </p>
   </div>
   <div class='ocr_carea' id='block_1_23' title="bbox 399 2001 1974 2072">
    <p class='ocr_par' dir='ltr' id='par_1_23' title="bbox 399 2001 1974 2072">
     <span class='ocr_line' id='line_1_23' title="bbox 399 2001 1974 2072; baseline -0.003 -13"><span class='ocrx_word' id='word_1_142' title='bbox 399 2018 522 2059; x_wconf 87' lang='lat' dir='ltr'><strong>smn</strong></span> <span class='ocrx_word' id='word_1_143' title='bbox 556 2004 805 2057; x_wconf 89' lang='lat' dir='ltr'><strong>mittebat</strong></span> <span class='ocrx_word' id='word_1_144' title='bbox 836 2002 902 2055; x_wconf 90' lang='lat' dir='ltr'><strong>ad</strong></span> <span class='ocrx_word' id='word_1_145' title='bbox 949 2004 1189 2072; x_wconf 87' lang='lat' dir='ltr'><strong>reliquos</strong></span> <span class='ocrx_word' id='word_1_146' title='bbox 1220 2001 1459 2071; x_wconf 81' lang='lat' dir='ltr'><strong>collegas</strong></span> <span class='ocrx_word' id='word_1_147' title='bbox 1508 2018 1658 2055; x_wconf 90' lang='lat' dir='ltr'><strong>suos.</strong></span> <span class='ocrx_word' id='word_1_148' title='bbox 1690 2001 1863 2068; x_wconf 87' lang='lat' dir='ltr'><strong>Cujus</strong></span> <span class='ocrx_word' id='word_1_149' title='bbox 1898 2001 1974 2054; x_wconf 91' lang='lat' dir='ltr'><strong>rei</strong></span> 
     </span>
    </p>
   </div>
   <div class='ocr_carea' id='block_1_24' title="bbox 398 2072 1974 2142">
    <p class='ocr_par' dir='ltr' id='par_1_24' title="bbox 398 2072 1974 2142">
     <span class='ocr_line' id='line_1_24' title="bbox 398 2072 1974 2142; baseline -0.003 -15"><span class='ocrx_word' id='word_1_150' title='bbox 398 2075 617 2127; x_wconf 85' lang='lat' dir='ltr'><strong>illustre</strong></span> <span class='ocrx_word' id='word_1_151' title='bbox 647 2074 951 2141; x_wconf 86' lang='lat' dir='ltr'><strong>exemplum</strong></span> <span class='ocrx_word' id='word_1_152' title='bbox 1000 2073 1265 2126; x_wconf 79' lang='lat' dir='ltr'><strong>habemus</strong></span> <span class='ocrx_word' id='word_1_153' title='bbox 1302 2074 1354 2126; x_wconf 91' lang='lat' dir='ltr'><strong>in</strong></span> <span class='ocrx_word' id='word_1_154' title='bbox 1390 2073 1696 2142; x_wconf 78' lang='lat' dir='ltr'><strong>Epiphanio</strong></span> <span class='ocrx_word' id='word_1_155' title='bbox 1738 2072 1974 2141; x_wconf 88' lang='lat' dir='ltr'><strong>patriar-</strong></span> 
     </span>
    </p>
   </div>
   <div class='ocr_carea' id='block_1_25' title="bbox 397 2142 1974 2212">
    <p class='ocr_par' dir='ltr' id='par_1_25' title="bbox 397 2142 1974 2212">
     <span class='ocr_line' id='line_1_25' title="bbox 397 2142 1974 2212; baseline -0.002 -14"><span class='ocrx_word' id='word_1_156' title='bbox 397 2146 503 2198; x_wconf 88' lang='lat' dir='ltr'><strong>cha</strong></span> <span class='ocrx_word' id='word_1_157' title='bbox 526 2143 1160 2212; x_wconf 84' lang='lat' dir='ltr'><strong>Constantinopolitano.</strong></span> <span class='ocrx_word' id='word_1_158' title='bbox 1192 2142 1325 2196; x_wconf 87' lang='lat' dir='ltr'><strong>Nam</strong></span> <span class='ocrx_word' id='word_1_159' title='bbox 1355 2160 1477 2197; x_wconf 93' lang='lat' dir='ltr'><strong>cmn</strong></span> <span class='ocrx_word' id='word_1_160' title='bbox 1512 2145 1752 2212; x_wconf 89' lang='lat' dir='ltr'><strong>episcopi</strong></span> <span class='ocrx_word' id='word_1_161' title='bbox 1788 2158 1815 2195; x_wconf 90' lang='lat' dir='ltr'><strong>a</strong></span> <span class='ocrx_word' id='word_1_162' title='bbox 1848 2142 1974 2211; x_wconf 92' lang='lat' dir='ltr'><strong>qui—</strong></span> 
     </span>
    </p>
   </div>
   <div class='ocr_carea' id='block_1_26' title="bbox 398 2214 1972 2283">
    <p class='ocr_par' dir='ltr' id='par_1_26' title="bbox 398 2214 1972 2283">
     <span class='ocr_line' id='line_1_26' title="bbox 398 2214 1972 2283; baseline -0.002 -14"><span class='ocrx_word' id='word_1_163' title='bbox 398 2216 505 2269; x_wconf 84' lang='lat' dir='ltr'><strong>bus</strong></span> <span class='ocrx_word' id='word_1_164' title='bbox 547 2215 833 2269; x_wconf 90' lang='lat' dir='ltr'><strong>ordinatus</strong></span> <span class='ocrx_word' id='word_1_165' title='bbox 882 2214 1061 2268; x_wconf 88' lang='lat' dir='ltr'><strong>fuerat</strong></span> <span class='ocrx_word' id='word_1_166' title='bbox 1112 2216 1424 2283; x_wconf 87' lang='lat' dir='ltr'><strong>patriarcha</strong></span> <span class='ocrx_word' id='word_1_167' title='bbox 1469 2214 1972 2281; x_wconf 64' lang='lat' dir='ltr'><strong>Gonstantinolioli-</strong></span> 
     </span>
    </p>
   </div>
   <div class='ocr_carea' id='block_1_27' title="bbox 399 2284 1971 2357">
    <p class='ocr_par' dir='ltr' id='par_1_27' title="bbox 399 2284 1971 2357">
     <span class='ocr_line' id='line_1_27' title="bbox 399 2284 1971 2357; baseline -0.003 -18"><span class='ocrx_word' id='word_1_168' title='bbox 399 2295 587 2351; x_wconf 88' lang='lat' dir='ltr'><strong>tanus,</strong></span> <span class='ocrx_word' id='word_1_169' title='bbox 615 2284 929 2357; x_wconf 82' lang='lat' dir='ltr'><strong>synodicam</strong></span> <span class='ocrx_word' id='word_1_170' title='bbox 963 2299 1118 2357; x_wconf 88' lang='lat' dir='ltr'><strong>suam</strong></span> <span class='ocrx_word' id='word_1_171' title='bbox 1148 2286 1503 2354; x_wconf 77' lang='lat' dir='ltr'><strong>scripsissent</strong></span> <span class='ocrx_word' id='word_1_172' title='bbox 1530 2288 1594 2339; x_wconf 90' lang='lat' dir='ltr'><strong>ad</strong></span> <span class='ocrx_word' id='word_1_173' title='bbox 1626 2284 1971 2357; x_wconf 77' lang='lat' dir='ltr'><strong>llormisdam</strong></span> 
     </span>
    </p>
   </div>
   <div class='ocr_carea' id='block_1_28' title="bbox 439 2355 1972 2431">
    <p class='ocr_par' dir='ltr' id='par_1_28' title="bbox 439 2355 1972 2431">
     <span class='ocr_line' id='line_1_28' title="bbox 439 2355 1972 2431; baseline -0.002 -21"><span class='ocrx_word' id='word_1_174' title='bbox 439 2355 794 2431; x_wconf 40' lang='lat' dir='ltr'><strong>apam,:ipse</strong></span> <span class='ocrx_word' id='word_1_175' title='bbox 841 2356 1173 2431; x_wconf 76' lang='lat' dir='ltr'><strong>peculiarem</strong></span> <span class='ocrx_word' id='word_1_176' title='bbox 1225 2356 1665 2431; x_wconf 8' lang='lat' dir='ltr'><strong>synodicamqad</strong></span> <span class='ocrx_word' id='word_1_177' title='bbox 1718 2355 1972 2431; x_wconf 83' lang='lat' dir='ltr'><strong>eumdem</strong></span> 
     </span>
    </p>
   </div>
   <div class='ocr_carea' id='block_1_29' title="bbox 398 2373 1974 2496">
    <p class='ocr_par' dir='ltr' id='par_1_29' title="bbox 398 2373 1974 2496">
     <span class='ocr_line' id='line_1_29' title="bbox 398 2373 1972 2480; baseline -0.003 -70"><span class='ocrx_word' id='word_1_178' title='bbox 398 2373 620 2480; x_wconf 58' lang='lat' dir='ltr'><strong>papam,</strong></span> <span class='ocrx_word' id='word_1_179' title='bbox 676 2373 794 2427; x_wconf 86' lang='lat' dir='ltr'><strong>ipse</strong></span> <span class='ocrx_word' id='word_1_180' title='bbox 841 2373 1173 2424; x_wconf 88' lang='lat' dir='ltr'><strong>pecunarem</strong></span> <span class='ocrx_word' id='word_1_181' title='bbox 1225 2373 1545 2425; x_wconf 79' lang='lat' dir='ltr'><strong>synomcam</strong></span> <span class='ocrx_word' id='word_1_182' title='bbox 1599 2373 1665 2409; x_wconf 86' lang='lat' dir='ltr'><strong>au</strong></span> <span class='ocrx_word' id='word_1_183' title='bbox 1718 2373 1972 2408; x_wconf 89' lang='lat' dir='ltr'><strong>eumaem</strong></span> 
     </span>
     <span class='ocr_line' id='line_1_30' title="bbox 427 2426 1974 2496; baseline -0.001 -17"><span class='ocrx_word' id='word_1_184' title='bbox 427 2426 749 2482; x_wconf 83' lang='lat' dir='ltr'><strong>lormisdam</strong></span> <span class='ocrx_word' id='word_1_185' title='bbox 781 2441 877 2496; x_wconf 90' lang='lat' dir='ltr'><strong>per</strong></span> <span class='ocrx_word' id='word_1_186' title='bbox 910 2426 1117 2496; x_wconf 84' lang='lat' dir='ltr'><strong>legatos</strong></span> <span class='ocrx_word' id='word_1_187' title='bbox 1150 2441 1279 2481; x_wconf 91' lang='lat' dir='ltr'><strong>suos</strong></span> <span class='ocrx_word' id='word_1_188' title='bbox 1308 2428 1526 2481; x_wconf 80' lang='lat' dir='ltr'><strong>direxit.</strong></span> <span class='ocrx_word' id='word_1_189' title='bbox 1559 2429 1637 2481; x_wconf 85' lang='lat' dir='ltr'><strong>Ac</strong></span> <span class='ocrx_word' id='word_1_190' title='bbox 1673 2426 1825 2494; x_wconf 93' lang='lat' dir='ltr'><strong>prior</strong></span> <span class='ocrx_word' id='word_1_191' title='bbox 1854 2426 1974 2489; x_wconf 83' lang='lat' dir='ltr'><strong>qni-</strong></span> 
     </span>
    </p>
   </div>
   <div class='ocr_carea' id='block_1_30' title="bbox 396 2496 1976 2568">
    <p class='ocr_par' dir='ltr' id='par_1_30' title="bbox 396 2496 1976 2568">
     <span class='ocr_line' id='line_1_31' title="bbox 396 2496 1976 2568; baseline -0.003 -15"><span class='ocrx_word' id='word_1_192' title='bbox 396 2499 523 2553; x_wconf 90' lang='lat' dir='ltr'><strong>dem</strong></span> <span class='ocrx_word' id='word_1_193' title='bbox 561 2499 651 2551; x_wconf 91' lang='lat' dir='ltr'><strong><em>illa</em></strong></span> <span class='ocrx_word' id='word_1_194' title='bbox 691 2498 909 2568; x_wconf 89' lang='lat' dir='ltr'><strong>proprie</strong></span> <span class='ocrx_word' id='word_1_195' title='bbox 939 2496 1201 2566; x_wconf 85' lang='lat' dir='ltr'><strong>synodica</strong></span> <span class='ocrx_word' id='word_1_196' title='bbox 1246 2498 1365 2561; x_wconf 87' lang='lat' dir='ltr'><strong>fuit,</strong></span> <span class='ocrx_word' id='word_1_197' title='bbox 1401 2499 1604 2568; x_wconf 90' lang='lat' dir='ltr'><strong>quippe</strong></span> <span class='ocrx_word' id='word_1_198' title='bbox 1631 2512 1753 2566; x_wconf 78' lang='lat' dir='ltr'><strong>quae</strong></span> <span class='ocrx_word' id='word_1_199' title='bbox 1783 2510 1812 2547; x_wconf 91' lang='lat' dir='ltr'><strong>a</strong></span> <span class='ocrx_word' id='word_1_200' title='bbox 1845 2510 1976 2565; x_wconf 90' lang='lat' dir='ltr'><strong>syn-</strong></span> 
     </span>
    </p>
   </div>
   <div class='ocr_carea' id='block_1_31' title="bbox 396 2568 1974 2637">
    <p class='ocr_par' dir='ltr' id='par_1_31' title="bbox 396 2568 1974 2637">
     <span class='ocr_line' id='line_1_32' title="bbox 396 2568 1974 2637; baseline -0.003 -14"><span class='ocrx_word' id='word_1_201' title='bbox 396 2570 508 2623; x_wconf 88' lang='lat' dir='ltr'><strong>odo</strong></span> <span class='ocrx_word' id='word_1_202' title='bbox 556 2572 764 2637; x_wconf 90' lang='lat' dir='ltr'><strong>scripta</strong></span> <span class='ocrx_word' id='word_1_203' title='bbox 799 2579 945 2623; x_wconf 90' lang='lat' dir='ltr'><strong>esset</strong></span> <span class='ocrx_word' id='word_1_204' title='bbox 994 2576 1048 2621; x_wconf 91' lang='lat' dir='ltr'><strong>et</strong></span> <span class='ocrx_word' id='word_1_205' title='bbox 1080 2570 1295 2636; x_wconf 69' lang='lat' dir='ltr'><strong>prazlixa</strong></span> <span class='ocrx_word' id='word_1_206' title='bbox 1347 2570 1570 2623; x_wconf 90' lang='lat' dir='ltr'><strong>haberet</strong></span> <span class='ocrx_word' id='word_1_207' title='bbox 1607 2568 1826 2621; x_wconf 89' lang='lat' dir='ltr'><strong>nomina</strong></span> <span class='ocrx_word' id='word_1_208' title='bbox 1856 2581 1974 2620; x_wconf 88' lang='lat' dir='ltr'><strong>om-</strong></span> 
     </span>
    </p>
   </div>
   <div class='ocr_carea' id='block_1_32' title="bbox 399 2639 1975 2709">
    <p class='ocr_par' dir='ltr' id='par_1_32' title="bbox 399 2639 1975 2709">
     <span class='ocr_line' id='line_1_33' title="bbox 399 2639 1975 2709; baseline -0.004 -13"><span class='ocrx_word' id='word_1_209' title='bbox 399 2640 554 2696; x_wconf 85' lang='lat' dir='ltr'><strong>nium</strong></span> <span class='ocrx_word' id='word_1_210' title='bbox 574 2641 958 2709; x_wconf 87' lang='lat' dir='ltr'><strong>episcoporum</strong></span> <span class='ocrx_word' id='word_1_211' title='bbox 988 2640 1076 2707; x_wconf 86' lang='lat' dir='ltr'><strong>qui</strong></span> <span class='ocrx_word' id='word_1_212' title='bbox 1103 2639 1315 2709; x_wconf 87' lang='lat' dir='ltr'><strong>synodo</strong></span> <span class='ocrx_word' id='word_1_213' title='bbox 1342 2640 1729 2699; x_wconf 89' lang='lat' dir='ltr'><strong>interfuerant,</strong></span> <span class='ocrx_word' id='word_1_214' title='bbox 1757 2646 1975 2709; x_wconf 41' lang='lat' dir='ltr'><strong>praeter:</strong></span> 
     </span>
    </p>
   </div>
   <div class='ocr_carea' id='block_1_33' title="bbox 399 2707 1972 2780">
    <p class='ocr_par' dir='ltr' id='par_1_33' title="bbox 399 2707 1972 2780">
     <span class='ocr_line' id='line_1_34' title="bbox 399 2707 1972 2780; baseline -0.002 -16"><span class='ocrx_word' id='word_1_215' title='bbox 399 2726 567 2780; x_wconf 92' lang='lat' dir='ltr'><strong>quam</strong></span> <span class='ocrx_word' id='word_1_216' title='bbox 613 2707 797 2780; x_wconf 85' lang='lat' dir='ltr'><strong>ipsius</strong></span> <span class='ocrx_word' id='word_1_217' title='bbox 855 2707 1166 2778; x_wconf 86' lang='lat' dir='ltr'><strong>Epiphanii.</strong></span> <span class='ocrx_word' id='word_1_218' title='bbox 1228 2711 1515 2780; x_wconf 75' lang='lat' dir='ltr'><strong>Posterior</strong></span> <span class='ocrx_word' id='word_1_219' title='bbox 1562 2718 1697 2764; x_wconf 81' lang='lat' dir='ltr'><strong>vero</strong></span> <span class='ocrx_word' id='word_1_220' title='bbox 1751 2707 1972 2762; x_wconf 91' lang='lat' dir='ltr'><strong>nonnisi</strong></span> 
     </span>
    </p>
   </div>
   <div class='ocr_carea' id='block_1_34' title="bbox 398 2779 1971 2851">
    <p class='ocr_par' dir='ltr' id='par_1_34' title="bbox 398 2779 1971 2851">
     <span class='ocr_line' id='line_1_35' title="bbox 398 2779 1971 2851; baseline -0.004 -15"><span class='ocrx_word' id='word_1_221' title='bbox 398 2779 700 2849; x_wconf 85' lang='lat' dir='ltr'><strong>improprie</strong></span> <span class='ocrx_word' id='word_1_222' title='bbox 757 2781 1019 2851; x_wconf 82' lang='lat' dir='ltr'><strong>synodica</strong></span> <span class='ocrx_word' id='word_1_223' title='bbox 1078 2780 1184 2833; x_wconf 88' lang='lat' dir='ltr'><strong>dici</strong></span> <span class='ocrx_word' id='word_1_224' title='bbox 1238 2789 1437 2851; x_wconf 77' lang='lat' dir='ltr'><strong>potest.</strong></span> <span class='ocrx_word' id='word_1_225' title='bbox 1478 2779 1717 2849; x_wconf 89' lang='lat' dir='ltr'><strong>Utraque</strong></span> <span class='ocrx_word' id='word_1_226' title='bbox 1778 2779 1971 2851; x_wconf 86' lang='lat' dir='ltr'><strong>harum</strong></span> 
     </span>
    </p>
   </div>
   <div class='ocr_carea' id='block_1_35' title="bbox 395 2850 1973 2923">
    <p class='ocr_par' dir='ltr' id='par_1_35' title="bbox 395 2850 1973 2923">
     <span class='ocr_line' id='line_1_36' title="bbox 395 2850 1973 2923; baseline -0.004 -15"><span class='ocrx_word' id='word_1_227' title='bbox 395 2854 759 2923; x_wconf 84' lang='lat' dir='ltr'><strong>epistolarum</strong></span> <span class='ocrx_word' id='word_1_228' title='bbox 792 2850 1039 2905; x_wconf 86' lang='lat' dir='ltr'><strong>habetur</strong></span> <span class='ocrx_word' id='word_1_229' title='bbox 1076 2851 1217 2923; x_wconf 85' lang='lat' dir='ltr'><strong>apud</strong></span> <span class='ocrx_word' id='word_1_230' title='bbox 1263 2850 1554 2923; x_wconf 81' lang='lat' dir='ltr'><strong>Baronium</strong></span> <span class='ocrx_word' id='word_1_231' title='bbox 1591 2854 1642 2905; x_wconf 92' lang='lat' dir='ltr'><strong>in</strong></span> <span class='ocrx_word' id='word_1_232' title='bbox 1679 2850 1973 2902; x_wconf 80' lang='lat' dir='ltr'><strong>Annalibus</strong></span> 
     </span>
    </p>
   </div>
   <div class='ocr_carea' id='block_1_36' title="bbox 396 2922 1974 2990">
    <p class='ocr_par' dir='ltr' id='par_1_36' title="bbox 396 2922 1974 2990">
     <span class='ocr_line' id='line_1_37' title="bbox 396 2922 1974 2990; baseline -0.004 -12"><span class='ocrx_word' id='word_1_233' title='bbox 396 2922 807 2988; x_wconf 69' lang='lat' dir='ltr'><strong>ecclesiasticis,</strong></span> <span class='ocrx_word' id='word_1_234' title='bbox 864 2936 1031 2987; x_wconf 44' lang='lat' dir='ltr'><strong>anno,</strong></span> <span class='ocrx_word' id='word_1_235' title='bbox 1066 2922 1272 2975; x_wconf 79' lang='lat' dir='ltr'><strong>Christi</strong></span> <span class='ocrx_word' id='word_1_236' title='bbox 1330 2922 1455 2975; x_wconf 72' lang='lat'><strong>520.</strong></span> <span class='ocrx_word' id='word_1_237' title='bbox 1515 2924 1647 2975; x_wconf 89' lang='lat' dir='ltr'><strong>Illud</strong></span> <span class='ocrx_word' id='word_1_238' title='bbox 1709 2930 1974 2990; x_wconf 74' lang='lat' dir='ltr'><strong>pneterea</strong></span> 
     </span>
    </p>
   </div>
   <div class='ocr_carea' id='block_1_37' title="bbox 397 2992 1975 3063">
    <p class='ocr_par' dir='ltr' id='par_1_37' title="bbox 397 2992 1975 3063">
     <span class='ocr_line' id='line_1_38' title="bbox 397 2992 1975 3063; baseline -0.004 -14"><span class='ocrx_word' id='word_1_239' title='bbox 397 2993 804 3049; x_wconf 84' lang='lat' dir='ltr'><strong>observandum</strong></span> <span class='ocrx_word' id='word_1_240' title='bbox 839 3003 943 3063; x_wconf 89' lang='lat' dir='ltr'><strong>est,</strong></span> <span class='ocrx_word' id='word_1_241' title='bbox 976 2992 1179 3063; x_wconf 84' lang='lat' dir='ltr'><strong>legatos</strong></span> <span class='ocrx_word' id='word_1_242' title='bbox 1221 2994 1653 3061; x_wconf 89' lang='lat' dir='ltr'><strong>patriarcharum</strong></span> <span class='ocrx_word' id='word_1_243' title='bbox 1687 2992 1782 3061; x_wconf 92' lang='lat' dir='ltr'><strong>qui</strong></span> <span class='ocrx_word' id='word_1_244' title='bbox 1817 3006 1975 3063; x_wconf 80' lang='lat' dir='ltr'><strong>syno-</strong></span> 
     </span>
    </p>
   </div>
   <div class='ocr_carea' id='block_1_38' title="bbox 397 3060 1972 3133">
    <p class='ocr_par' dir='ltr' id='par_1_38' title="bbox 397 3060 1972 3133">
     <span class='ocr_line' id='line_1_39' title="bbox 397 3060 1972 3133; baseline -0.003 -14"><span class='ocrx_word' id='word_1_245' title='bbox 397 3064 554 3120; x_wconf 87' lang='lat' dir='ltr'><strong>dicas</strong></span> <span class='ocrx_word' id='word_1_246' title='bbox 599 3065 812 3119; x_wconf 88' lang='lat' dir='ltr'><strong>litteras</strong></span> <span class='ocrx_word' id='word_1_247' title='bbox 869 3060 1350 3133; x_wconf 44' lang='lat' dir='ltr'><strong>defer,éban_t,una</strong></span> <span class='ocrx_word' id='word_1_248' title='bbox 1386 3079 1507 3117; x_wconf 90' lang='lat' dir='ltr'><strong>cum</strong></span> <span class='ocrx_word' id='word_1_249' title='bbox 1554 3060 1866 3133; x_wconf 79' lang='lat' dir='ltr'><strong>patriarcha</strong></span> <span class='ocrx_word' id='word_1_250' title='bbox 1905 3060 1972 3115; x_wconf 90' lang='lat' dir='ltr'><strong>ad</strong></span> 
     </span>
    </p>
   </div>
   <div class='ocr_carea' id='block_1_39' title="bbox 397 3129 1973 3205">
    <p class='ocr_par' dir='ltr' id='par_1_39' title="bbox 397 3129 1973 3205">
     <span class='ocr_line' id='line_1_40' title="bbox 397 3129 1973 3205; baseline -0.003 -16"><span class='ocrx_word' id='word_1_251' title='bbox 397 3152 561 3205; x_wconf 89' lang='lat' dir='ltr'><strong>quem</strong></span> <span class='ocrx_word' id='word_1_252' title='bbox 595 3136 746 3190; x_wconf 88' lang='lat' dir='ltr'><strong>missi</strong></span> <span class='ocrx_word' id='word_1_253' title='bbox 793 3134 1032 3194; x_wconf 89' lang='lat' dir='ltr'><strong>fuerant,</strong></span> <span class='ocrx_word' id='word_1_254' title='bbox 1065 3134 1130 3185; x_wconf 88' lang='lat' dir='ltr'><strong>ad</strong></span> <span class='ocrx_word' id='word_1_255' title='bbox 1164 3129 1333 3188; x_wconf 81' lang='lat' dir='ltr'><strong>&#39;altare</strong></span> <span class='ocrx_word' id='word_1_256' title='bbox 1380 3129 1754 3205; x_wconf 79' lang='lat' dir='ltr'><strong>procederect</strong></span> <span class='ocrx_word' id='word_1_257' title='bbox 1789 3131 1973 3205; x_wconf 82' lang='lat' dir='ltr'><strong>Missa-</strong></span> 
     </span>
    </p>
   </div>
   <div class='ocr_carea' id='block_1_40' title="bbox 399 3203 1973 3272">
    <p class='ocr_par' dir='ltr' id='par_1_40' title="bbox 399 3203 1973 3272">
     <span class='ocr_line' id='line_1_41' title="bbox 399 3203 1973 3272; baseline -0.004 -11"><span class='ocrx_word' id='word_1_258' title='bbox 399 3203 521 3261; x_wconf 74' lang='lat' dir='ltr'><strong>rtim</strong></span> <span class='ocrx_word' id='word_1_259' title='bbox 576 3207 838 3261; x_wconf 88' lang='lat' dir='ltr'><strong>solemnia</strong></span> <span class='ocrx_word' id='word_1_260' title='bbox 892 3205 1171 3257; x_wconf 88' lang='lat' dir='ltr'><strong>celebrare</strong></span> <span class='ocrx_word' id='word_1_261' title='bbox 1214 3206 1403 3259; x_wconf 87' lang='lat' dir='ltr'><strong>solitos</strong></span> <span class='ocrx_word' id='word_1_262' title='bbox 1449 3220 1588 3259; x_wconf 90' lang='lat' dir='ltr'><strong>esse.</strong></span> <span class='ocrx_word' id='word_1_263' title='bbox 1634 3204 1801 3272; x_wconf 88' lang='lat' dir='ltr'><strong>quue</strong></span> <span class='ocrx_word' id='word_1_264' title='bbox 1837 3203 1973 3255; x_wconf 85' lang='lat' dir='ltr'><strong>indi-</strong></span> 
     </span>
    </p>
   </div>
   <div class='ocr_carea' id='block_1_41' title="bbox 395 3274 1964 3343">
    <p class='ocr_par' dir='ltr' id='par_1_41' title="bbox 395 3274 1964 3343">
     <span class='ocr_line' id='line_1_42' title="bbox 395 3274 1964 3343; baseline -0.003 -12"><span class='ocrx_word' id='word_1_265' title='bbox 395 3277 545 3331; x_wconf 89' lang='lat' dir='ltr'><strong>cium</strong></span> <span class='ocrx_word' id='word_1_266' title='bbox 576 3286 696 3331; x_wconf 90' lang='lat' dir='ltr'><strong>erat</strong></span> <span class='ocrx_word' id='word_1_267' title='bbox 728 3284 933 3328; x_wconf 73' lang='lat' dir='ltr'><strong>mutuae</strong></span> <span class='ocrx_word' id='word_1_268' title='bbox 970 3275 1111 3328; x_wconf 90' lang='lat' dir='ltr'><strong>inter</strong></span> <span class='ocrx_word' id='word_1_269' title='bbox 1159 3276 1504 3343; x_wconf 79' lang='lat' dir='ltr'><strong>patriarchas</strong></span> <span class='ocrx_word' id='word_1_270' title='bbox 1534 3274 1964 3329; x_wconf 89' lang='lat' dir='ltr'><strong>communionis.</strong></span> 
     </span>
    </p>
   </div>
   <div class='ocr_carea' id='block_1_42' title="bbox 395 3344 1971 3415">
    <p class='ocr_par' dir='ltr' id='par_1_42' title="bbox 395 3344 1971 3415">
     <span class='ocr_line' id='line_1_43' title="bbox 395 3344 1971 3415; baseline -0.001 -15"><span class='ocrx_word' id='word_1_271' title='bbox 395 3347 571 3415; x_wconf 80' lang='lat' dir='ltr'><strong>Gujus</strong></span> <span class='ocrx_word' id='word_1_272' title='bbox 615 3348 691 3401; x_wconf 90' lang='lat' dir='ltr'><strong>rei</strong></span> <span class='ocrx_word' id='word_1_273' title='bbox 737 3345 849 3399; x_wconf 91' lang='lat' dir='ltr'><strong>duo</strong></span> <span class='ocrx_word' id='word_1_274' title='bbox 898 3344 1164 3400; x_wconf 87' lang='lat' dir='ltr'><strong>habemus</strong></span> <span class='ocrx_word' id='word_1_275' title='bbox 1216 3347 1553 3399; x_wconf 87' lang='lat' dir='ltr'><strong>testimonia.</strong></span> <span class='ocrx_word' id='word_1_276' title='bbox 1594 3344 1837 3397; x_wconf 86' lang='lat' dir='ltr'><strong>Primum</strong></span> <span class='ocrx_word' id='word_1_277' title='bbox 1874 3352 1971 3415; x_wconf 70' lang='lat' dir='ltr'><strong>est</strong></span> 
     </span>
    </p>
   </div>
   <div class='ocr_carea' id='block_1_43' title="bbox 396 3413 1970 3539">
    <p class='ocr_par' dir='ltr' id='par_1_43' title="bbox 396 3413 1970 3539">
     <span class='ocr_line' id='line_1_44' title="bbox 396 3413 1970 3539; baseline -0.001 -70"><span class='ocrx_word' id='word_1_278' title='bbox 396 3413 639 3471; x_wconf 78' lang='lat' dir='ltr'><strong>Liberali</strong></span> <span class='ocrx_word' id='word_1_279' title='bbox 669 3415 1040 3539; x_wconf 51' lang='lat' dir='ltr'><strong>diacgnkqui</strong></span> <span class='ocrx_word' id='word_1_280' title='bbox 1066 3414 1117 3468; x_wconf 91' lang='lat' dir='ltr'><strong>in</strong></span> <span class='ocrx_word' id='word_1_281' title='bbox 1145 3418 1331 3497; x_wconf 36' lang='lat' dir='ltr'><strong>capite.</strong></span> <span class='ocrx_word' id='word_1_282' title='bbox 1358 3416 1422 3496; x_wconf 60' lang='lat' dir='ltr'><strong>li}</strong></span> <span class='ocrx_word' id='word_1_283' title='bbox 1456 3416 1741 3477; x_wconf 81' lang='lat' dir='ltr'><strong>Breviarii,</strong></span> <span class='ocrx_word' id='word_1_284' title='bbox 1773 3415 1839 3469; x_wconf 90' lang='lat' dir='ltr'><strong>de</strong></span> <span class='ocrx_word' id='word_1_285' title='bbox 1871 3413 1970 3467; x_wconf 84' lang='lat' dir='ltr'><strong>Mi-</strong></span> 
     </span>
     <span class='ocr_line' id='line_1_45' title="bbox 396 3485 1970 3539; baseline -0.001 0"><span class='ocrx_word' id='word_1_286' title='bbox 396 3503 533 3539; x_wconf 89' lang='lat' dir='ltr'><strong>seno</strong></span> <span class='ocrx_word' id='word_1_287' title='bbox 564 3500 614 3539; x_wconf 88' lang='lat' dir='ltr'><strong>et</strong></span> <span class='ocrx_word' id='word_1_288' title='bbox 650 3487 841 3539; x_wconf 83' lang='lat' dir='ltr'><strong>Vitale&#39;</strong></span> <span class='ocrx_word' id='word_1_289' title='bbox 932 3495 1075 3539; x_wconf 74' lang='lat' dir='ltr'><strong>statis</strong></span> <span class='ocrx_word' id='word_1_290' title='bbox 1125 3486 1383 3539; x_wconf 79' lang='lat' dir='ltr'><strong>Ecclesne</strong></span> <span class='ocrx_word' id='word_1_291' title='bbox 1431 3486 1691 3539; x_wconf 73' lang='lat' dir='ltr'><strong>Romanae</strong></span> <span class='ocrx_word' id='word_1_292' title='bbox 1730 3485 1797 3539; x_wconf 83' lang='lat' dir='ltr'><strong>ad</strong></span> <span class='ocrx_word' id='word_1_293' title='bbox 1830 3485 1970 3538; x_wconf 83' lang='lat' dir='ltr'><strong>Aca-</strong></span> 
     </span>
    </p>
   </div>
   <div class='ocr_carea' id='block_1_44' title="bbox 396 3482 1970 3555">
    <p class='ocr_par' dir='ltr' id='par_1_44' title="bbox 396 3482 1970 3555">
     <span class='ocr_line' id='line_1_46' title="bbox 396 3482 1970 3555; baseline -0.003 -14"><span class='ocrx_word' id='word_1_294' title='bbox 396 3503 533 3543; x_wconf 89' lang='lat' dir='ltr'><strong>seno</strong></span> <span class='ocrx_word' id='word_1_295' title='bbox 564 3500 614 3543; x_wconf 88' lang='lat' dir='ltr'><strong>et</strong></span> <span class='ocrx_word' id='word_1_296' title='bbox 650 3482 841 3541; x_wconf 81' lang='lat' dir='ltr'><strong>Vitalé’</strong></span> <span class='ocrx_word' id='word_1_297' title='bbox 871 3482 1075 3555; x_wconf 64' lang='lat' dir='ltr'><strong>legatis</strong></span> <span class='ocrx_word' id='word_1_298' title='bbox 1125 3482 1383 3541; x_wconf 76' lang='lat' dir='ltr'><strong>Ecclesiae</strong></span> <span class='ocrx_word' id='word_1_299' title='bbox 1406 3482 1691 3540; x_wconf 70' lang='lat' dir='ltr'><strong>‘Romanae</strong></span> <span class='ocrx_word' id='word_1_300' title='bbox 1730 3485 1797 3539; x_wconf 85' lang='lat' dir='ltr'><strong>ad</strong></span> <span class='ocrx_word' id='word_1_301' title='bbox 1830 3485 1970 3538; x_wconf 83' lang='lat' dir='ltr'><strong>Aca-</strong></span> 
     </span>
    </p>
   </div>
   <div class='ocr_carea' id='block_1_45' title="bbox 397 3556 1965 3626">
    <p class='ocr_par' dir='ltr' id='par_1_45' title="bbox 397 3556 1965 3626">
     <span class='ocr_line' id='line_1_47' title="bbox 397 3556 1965 3626; baseline -0.001 -15"><span class='ocrx_word' id='word_1_302' title='bbox 397 3560 542 3612; x_wconf 93' lang='lat' dir='ltr'><strong>cium</strong></span> <span class='ocrx_word' id='word_1_303' title='bbox 572 3557 1243 3625; x_wconf 87' lang='lat' dir='ltr'><strong>Constantinopolitanum</strong></span> <span class='ocrx_word' id='word_1_304' title='bbox 1272 3559 1593 3626; x_wconf 89' lang='lat' dir='ltr'><strong>episc0pum</strong></span> <span class='ocrx_word' id='word_1_305' title='bbox 1639 3559 1711 3609; x_wconf 89' lang='lat' dir='ltr'><strong>ita</strong></span> <span class='ocrx_word' id='word_1_306' title='bbox 1732 3556 1925 3611; x_wconf 89' lang='lat' dir='ltr'><strong>scribit</strong></span> <span class='ocrx_word' id='word_1_307' title='bbox 1950 3574 1965 3610; x_wconf 72' lang='grc' dir='ltr'>ε</span> 
     </span>
    </p>
   </div>
   <div class='ocr_carea' id='block_1_46' title="bbox 400 3627 1970 3699">
    <p class='ocr_par' dir='ltr' id='par_1_46' title="bbox 400 3627 1970 3699">
     <span class='ocr_line' id='line_1_48' title="bbox 400 3627 1970 3699; baseline 0 -18"><span class='ocrx_word' id='word_1_308' title='bbox 400 3628 543 3681; x_wconf 89' lang='lat' dir='ltr'><strong>Itum</strong></span> <span class='ocrx_word' id='word_1_309' title='bbox 565 3640 649 3683; x_wconf 79' lang='lat' dir='ltr'><strong>est</strong></span> <span class='ocrx_word' id='word_1_310' title='bbox 691 3628 1231 3695; x_wconf 82' lang='lat' dir='ltr'><strong>Constantinopolim.</strong></span> <span class='ocrx_word' id='word_1_311' title='bbox 1278 3627 1344 3680; x_wconf 83' lang='lat' dir='ltr'><strong>Et</strong></span> <span class='ocrx_word' id='word_1_312' title='bbox 1399 3629 1690 3699; x_wconf 74' lang='lat' dir='ltr'><strong>supradicti</strong></span> <span class='ocrx_word' id='word_1_313' title='bbox 1740 3627 1970 3699; x_wconf 75' lang='lat' dir='ltr'><strong>episcopi</strong></span> 
     </span>
    </p>
   </div>
   <div class='ocr_carea' id='block_1_47' title="bbox 397 3696 1968 3767">
    <p class='ocr_par' dir='ltr' id='par_1_47' title="bbox 397 3696 1968 3767">
     <span class='ocr_line' id='line_1_49' title="bbox 397 3696 1968 3767; baseline -0.001 -16"><span class='ocrx_word' id='word_1_314' title='bbox 397 3701 452 3753; x_wconf 86' lang='lat' dir='ltr'><strong>in</strong></span> <span class='ocrx_word' id='word_1_315' title='bbox 493 3702 788 3754; x_wconf 83' lang='lat' dir='ltr'><strong>custodiam</strong></span> <span class='ocrx_word' id='word_1_316' title='bbox 818 3707 942 3753; x_wconf 84' lang='lat' dir='ltr'><strong>sunt</strong></span> <span class='ocrx_word' id='word_1_317' title='bbox 981 3699 1203 3767; x_wconf 78' lang='lat' dir='ltr'><strong>redacti,</strong></span> <span class='ocrx_word' id='word_1_318' title='bbox 1247 3696 1729 3759; x_wconf 31' lang='lat' dir='ltr'><strong>cltartis&#39;sublatis,</strong></span> <span class='ocrx_word' id='word_1_319' title='bbox 1762 3714 1823 3751; x_wconf 88' lang='lat' dir='ltr'><strong>ne</strong></span> <span class='ocrx_word' id='word_1_320' title='bbox 1860 3696 1968 3751; x_wconf 86' lang='lat' dir='ltr'><strong>Ca-</strong></span> 
     </span>
    </p>
   </div>
   <div class='ocr_carea' id='block_1_48' title="bbox 397 3769 1967 3841">
    <p class='ocr_par' dir='ltr' id='par_1_48' title="bbox 397 3769 1967 3841">
     <span class='ocr_line' id='line_1_50' title="bbox 397 3769 1967 3841; baseline 0.001 -19"><span class='ocrx_word' id='word_1_321' title='bbox 397 3771 627 3836; x_wconf 86' lang='lat' dir='ltr'><strong>tholicis,</strong></span> <span class='ocrx_word' id='word_1_322' title='bbox 660 3774 846 3841; x_wconf 84' lang='lat' dir='ltr'><strong>quibus</strong></span> <span class='ocrx_word' id='word_1_323' title='bbox 896 3770 1152 3836; x_wconf 89' lang='lat' dir='ltr'><strong>scriptum</strong></span> <span class='ocrx_word' id='word_1_324' title='bbox 1192 3771 1386 3838; x_wconf 80' lang='lat' dir='ltr'><strong>fuerat,</strong></span> <span class='ocrx_word' id='word_1_325' title='bbox 1423 3772 1779 3824; x_wconf 81' lang='lat' dir='ltr'><strong>redderentur.</strong></span> <span class='ocrx_word' id='word_1_326' title='bbox 1823 3769 1967 3833; x_wconf 85' lang='lat' dir='ltr'><strong>Quos</strong></span> 
     </span>
    </p>
   </div>
   <div class='ocr_carea' id='block_1_49' title="bbox 396 3842 1966 3908">
    <p class='ocr_par' dir='ltr' id='par_1_49' title="bbox 396 3842 1966 3908">
     <span class='ocr_line' id='line_1_51' title="bbox 396 3842 1966 3908; baseline -0.001 -15"><span class='ocrx_word' id='word_1_327' title='bbox 396 3842 587 3895; x_wconf 86' lang='lat' dir='ltr'><strong>iterum</strong></span> <span class='ocrx_word' id='word_1_328' title='bbox 623 3843 846 3899; x_wconf 68' lang='lat' dir='ltr'><strong>Aeacius</strong></span> <span class='ocrx_word' id='word_1_329' title='bbox 884 3852 997 3907; x_wconf 86' lang='lat' dir='ltr'><strong>post</strong></span> <span class='ocrx_word' id='word_1_330' title='bbox 1028 3842 1137 3908; x_wconf 76' lang='lat' dir='ltr'><strong>[nec</strong></span> <span class='ocrx_word' id='word_1_331' title='bbox 1162 3843 1225 3894; x_wconf 87' lang='lat' dir='ltr'><strong>de</strong></span> <span class='ocrx_word' id='word_1_332' title='bbox 1254 3845 1494 3895; x_wconf 87' lang='lat' dir='ltr'><strong>custodia</strong></span> <span class='ocrx_word' id='word_1_333' title='bbox 1526 3842 1759 3908; x_wconf 75' lang='lat' dir='ltr'><strong>ejiciens,</strong></span> <span class='ocrx_word' id='word_1_334' title='bbox 1794 3856 1966 3892; x_wconf 89' lang='lat' dir='ltr'><strong>secum</strong></span> 
     </span>
    </p>
   </div>
   <div class='ocr_carea' id='block_1_50' title="bbox 397 3898 1966 3981">
    <p class='ocr_par' dir='ltr' id='par_1_50' title="bbox 397 3898 1966 3981">
     <span class='ocr_line' id='line_1_52' title="bbox 397 3898 1966 3981; baseline -0.001 -17"><span class='ocrx_word' id='word_1_335' title='bbox 397 3912 520 3980; x_wconf 81' lang='lat' dir='ltr'><strong>fecit</strong></span> <span class='ocrx_word' id='word_1_336' title='bbox 550 3914 845 3981; x_wconf 88' lang='lat' dir='ltr'><strong>procedere,</strong></span> <span class='ocrx_word' id='word_1_337' title='bbox 875 3898 928 3963; x_wconf 77' lang='lat' dir='ltr'><strong>ut</strong></span> <span class='ocrx_word' id='word_1_338' title='bbox 959 3898 1113 3980; x_wconf 78' lang='lat' dir='ltr'><strong>quasi</strong></span> <span class='ocrx_word' id='word_1_339' title='bbox 1150 3914 1464 3981; x_wconf 90' lang='lat' dir='ltr'><strong>conﬁrmato</strong></span> <span class='ocrx_word' id='word_1_340' title='bbox 1502 3898 1643 3965; x_wconf 74' lang='lat' dir='ltr'><strong>Petri</strong></span> <span class='ocrx_word' id='word_1_341' title='bbox 1675 3898 1966 3963; x_wconf 80' lang='lat' dir='ltr'><strong>sacerdotio</strong></span> 
     </span>
    </p>
   </div>
   <div class='ocr_carea' id='block_1_51' title="bbox 393 3982 1966 4051">
    <p class='ocr_par' dir='ltr' id='par_1_51' title="bbox 393 3982 1966 4051">
     <span class='ocr_line' id='line_1_53' title="bbox 393 3982 1966 4051; baseline 0.001 -17"><span class='ocrx_word' id='word_1_342' title='bbox 393 3983 805 4038; x_wconf 79' lang='lat' dir='ltr'><strong>dimitterentur.</strong></span> <span class='ocrx_word' id='word_1_343' title='bbox 859 3985 1103 4035; x_wconf 84' lang='lat' dir='ltr'><strong>Alterum</strong></span> <span class='ocrx_word' id='word_1_344' title='bbox 1152 3985 1527 4037; x_wconf 87' lang='lat' dir='ltr'><strong>testimonium</strong></span> <span class='ocrx_word' id='word_1_345' title='bbox 1588 3991 1671 4037; x_wconf 81' lang='lat' dir='ltr'><strong>est</strong></span> <span class='ocrx_word' id='word_1_346' title='bbox 1718 3982 1966 4051; x_wconf 79' lang='lat' dir='ltr'><strong>Gregorii</strong></span> 
     </span>
    </p>
   </div>
   <div class='ocr_carea' id='block_1_52' title="bbox 400 4052 1964 4124">
    <p class='ocr_par' dir='ltr' id='par_1_52' title="bbox 400 4052 1964 4124">
     <span class='ocr_line' id='line_1_54' title="bbox 400 4052 1964 4124; baseline 0.001 -19"><span class='ocrx_word' id='word_1_347' title='bbox 400 4054 600 4123; x_wconf 85' lang='lat' dir='ltr'><strong>Magni,</strong></span> <span class='ocrx_word' id='word_1_348' title='bbox 647 4056 741 4124; x_wconf 90' lang='lat' dir='ltr'><strong>qui</strong></span> <span class='ocrx_word' id='word_1_349' title='bbox 795 4054 849 4107; x_wconf 89' lang='lat' dir='ltr'><strong>in</strong></span> <span class='ocrx_word' id='word_1_350' title='bbox 893 4055 1121 4123; x_wconf 83' lang='lat' dir='ltr'><strong>epistola</strong></span> <span class='ocrx_word' id='word_1_351' title='bbox 1170 4056 1258 4118; x_wconf 75' lang='lat'><strong>3|,</strong></span> <span class='ocrx_word' id='word_1_352' title='bbox 1298 4056 1392 4109; x_wconf 86' lang='lat' dir='ltr'><strong>lib.</strong></span> <span class='ocrx_word' id='word_1_353' title='bbox 1444 4070 1520 4115; x_wconf 71' lang='grc' dir='ltr'><strong>γι,</strong></span> <span class='ocrx_word' id='word_1_354' title='bbox 1566 4056 1630 4107; x_wconf 87' lang='lat' dir='ltr'><strong>ad</strong></span> <span class='ocrx_word' id='word_1_355' title='bbox 1680 4052 1964 4121; x_wconf 83' lang='lat' dir='ltr'><strong>Eulogium</strong></span> 
     </span>
    </p>
   </div>
   <div class='ocr_carea' id='block_1_53' title="bbox 393 4125 1966 4191">
    <p class='ocr_par' dir='ltr' id='par_1_53' title="bbox 393 4125 1966 4191">
     <span class='ocr_line' id='line_1_55' title="bbox 393 4125 1966 4191; baseline 0.001 -16"><span class='ocrx_word' id='word_1_356' title='bbox 393 4126 821 4179; x_wconf 85' lang='lat' dir='ltr'><strong>Alexandrinum</strong></span> <span class='ocrx_word' id='word_1_357' title='bbox 852 4132 906 4177; x_wconf 86' lang='lat' dir='ltr'><strong>et</strong></span> <span class='ocrx_word' id='word_1_358' title='bbox 937 4125 1287 4178; x_wconf 81' lang='lat' dir='ltr'><strong>Anastasium</strong></span> <span class='ocrx_word' id='word_1_359' title='bbox 1319 4126 1722 4178; x_wconf 79' lang='lat' dir='ltr'><strong>Antiorlienum</strong></span> <span class='ocrx_word' id='word_1_360' title='bbox 1751 4139 1966 4191; x_wconf 79' lang='lat' dir='ltr'><strong>episco-</strong></span> 
     </span>
    </p>
   </div>
   <div class='ocr_carea' id='block_1_54' title="bbox 396 4193 1964 4266">
    <p class='ocr_par' dir='ltr' id='par_1_54' title="bbox 396 4193 1964 4266">
     <span class='ocr_line' id='line_1_56' title="bbox 396 4193 1964 4266; baseline -0.001 -16"><span class='ocrx_word' id='word_1_361' title='bbox 396 4211 494 4265; x_wconf 85' lang='lat' dir='ltr'><strong>pos</strong></span> <span class='ocrx_word' id='word_1_362' title='bbox 548 4198 621 4249; x_wconf 88' lang='lat' dir='ltr'><strong>ita</strong></span> <span class='ocrx_word' id='word_1_363' title='bbox 671 4193 1291 4266; x_wconf 46' lang='lat' dir='ltr'><strong>scribithesponsales</strong></span> <span class='ocrx_word' id='word_1_364' title='bbox 1342 4197 1528 4262; x_wconf 87' lang='lat' dir='ltr'><strong>fratris</strong></span> <span class='ocrx_word' id='word_1_365' title='bbox 1579 4206 1625 4247; x_wconf 87' lang='lat' dir='ltr'><strong>et</strong></span> <span class='ocrx_word' id='word_1_366' title='bbox 1672 4196 1964 4266; x_wconf 76' lang='lat' dir='ltr'><strong>coepiscopi</strong></span> 
     </span>
    </p>
   </div>
   <div class='ocr_carea' id='block_1_55' title="bbox 392 4263 1967 4336">
    <p class='ocr_par' dir='ltr' id='par_1_55' title="bbox 392 4263 1967 4336">
     <span class='ocr_line' id='line_1_57' title="bbox 392 4263 1967 4336; baseline 0.001 -19"><span class='ocrx_word' id='word_1_367' title='bbox 392 4263 559 4319; x_wconf 80' lang='lat' dir='ltr'><strong>nostri</strong></span> <span class='ocrx_word' id='word_1_368' title='bbox 587 4266 803 4336; x_wconf 84' lang='lat' dir='ltr'><strong>Cyriaci</strong></span> <span class='ocrx_word' id='word_1_369' title='bbox 825 4263 1101 4331; x_wconf 84' lang='lat' dir='ltr'><strong>venientes,</strong></span> <span class='ocrx_word' id='word_1_370' title='bbox 1132 4268 1246 4334; x_wconf 86' lang='lat' dir='ltr'><strong>ejus</strong></span> <span class='ocrx_word' id='word_1_371' title='bbox 1274 4268 1341 4318; x_wconf 92' lang='lat' dir='ltr'><strong>ad</strong></span> <span class='ocrx_word' id='word_1_372' title='bbox 1373 4284 1451 4321; x_wconf 88' lang='lat' dir='ltr'><strong>me</strong></span> <span class='ocrx_word' id='word_1_373' title='bbox 1483 4266 1788 4335; x_wconf 80' lang='lat' dir='ltr'><strong>synodicam</strong></span> <span class='ocrx_word' id='word_1_374' title='bbox 1815 4263 1967 4318; x_wconf 87' lang='lat' dir='ltr'><strong>detu-</strong></span> 
     </span>
    </p>
   </div>
   <div class='ocr_carea' id='block_1_56' title="bbox 391 4336 1965 4406">
    <p class='ocr_par' dir='ltr' id='par_1_56' title="bbox 391 4336 1965 4406">
     <span class='ocr_line' id='line_1_58' title="bbox 391 4336 1965 4406; baseline 0.002 -19"><span class='ocrx_word' id='word_1_375' title='bbox 391 4338 561 4389; x_wconf 88' lang='lat' dir='ltr'><strong>lerunt</strong></span> <span class='ocrx_word' id='word_1_376' title='bbox 601 4339 899 4406; x_wconf 87' lang='lat' dir='ltr'><strong>epistolam.</strong></span> <span class='ocrx_word' id='word_1_377' title='bbox 927 4336 992 4389; x_wconf 85' lang='lat' dir='ltr'><strong>Et</strong></span> <span class='ocrx_word' id='word_1_378' title='bbox 1032 4338 1237 4405; x_wconf 86' lang='lat' dir='ltr'><strong>quidem</strong></span> <span class='ocrx_word' id='word_1_379' title='bbox 1272 4338 1406 4390; x_wconf 87' lang='lat' dir='ltr'><strong>inter</strong></span> <span class='ocrx_word' id='word_1_380' title='bbox 1437 4356 1526 4391; x_wconf 89' lang='lat' dir='ltr'><strong>nos</strong></span> <span class='ocrx_word' id='word_1_381' title='bbox 1555 4348 1602 4391; x_wconf 90' lang='lat' dir='ltr'><strong>et</strong></span> <span class='ocrx_word' id='word_1_382' title='bbox 1636 4352 1826 4403; x_wconf 79' lang='lat' dir='ltr'><strong>ipsum,</strong></span> <span class='ocrx_word' id='word_1_383' title='bbox 1862 4339 1965 4390; x_wconf 87' lang='lat' dir='ltr'><strong>sic-</strong></span> 
     </span>
    </p>
   </div>
   <div class='ocr_carea' id='block_1_57' title="bbox 389 4408 1963 4476">
    <p class='ocr_par' dir='ltr' id='par_1_57' title="bbox 389 4408 1963 4476">
     <span class='ocr_line' id='line_1_59' title="bbox 389 4408 1963 4476; baseline 0.003 -19"><span class='ocrx_word' id='word_1_384' title='bbox 389 4419 445 4459; x_wconf 80' lang='lat' dir='ltr'><strong>ut</strong></span> <span class='ocrx_word' id='word_1_385' title='bbox 488 4418 658 4461; x_wconf 84' lang='lat' dir='ltr'><strong>vestra</strong></span> <span class='ocrx_word' id='word_1_386' title='bbox 717 4408 984 4461; x_wconf 89' lang='lat' dir='ltr'><strong>beatitudo</strong></span> <span class='ocrx_word' id='word_1_387' title='bbox 1046 4410 1184 4461; x_wconf 88' lang='lat' dir='ltr'><strong>novit</strong></span> <span class='ocrx_word' id='word_1_388' title='bbox 1224 4450 1237 4473; x_wconf 93' lang='lat'><strong>,</strong></span> <span class='ocrx_word' id='word_1_389' title='bbox 1300 4422 1508 4476; x_wconf 83' lang='lat' dir='ltr'><strong>propter</strong></span> <span class='ocrx_word' id='word_1_390' title='bbox 1560 4409 1963 4475; x_wconf 83' lang='lat' dir='ltr'><strong>appellationem</strong></span> 
     </span>
    </p>
   </div>
   <div class='ocr_carea' id='block_1_58' title="bbox 388 4478 1963 4547">
    <p class='ocr_par' dir='ltr' id='par_1_58' title="bbox 388 4478 1963 4547">
     <span class='ocr_line' id='line_1_60' title="bbox 388 4478 1963 4547; baseline 0.004 -20"><span class='ocrx_word' id='word_1_391' title='bbox 388 4478 604 4546; x_wconf 77' lang='lat' dir='ltr'><strong>profani</strong></span> <span class='ocrx_word' id='word_1_392' title='bbox 635 4480 860 4533; x_wconf 87' lang='lat' dir='ltr'><strong>nominis</strong></span> <span class='ocrx_word' id='word_1_393' title='bbox 895 4489 967 4532; x_wconf 90' lang='lat' dir='ltr'><strong>est</strong></span> <span class='ocrx_word' id='word_1_394' title='bbox 1010 4481 1186 4547; x_wconf 86' lang='lat' dir='ltr'><strong>gravis</strong></span> <span class='ocrx_word' id='word_1_395' title='bbox 1237 4479 1527 4532; x_wconf 83' lang='lat' dir='ltr'><strong>discordia.</strong></span> <span class='ocrx_word' id='word_1_396' title='bbox 1567 4479 1670 4533; x_wconf 86' lang='lat' dir='ltr'><strong>Sed</strong></span> <span class='ocrx_word' id='word_1_397' title='bbox 1718 4480 1768 4531; x_wconf 88' lang='lat' dir='ltr'><strong>in</strong></span> <span class='ocrx_word' id='word_1_398' title='bbox 1801 4496 1963 4534; x_wconf 87' lang='lat' dir='ltr'><strong>causa</strong></span> 
     </span>
    </p>
   </div>
   <div class='ocr_carea' id='block_1_59' title="bbox 388 4548 1963 4619">
    <p class='ocr_par' dir='ltr' id='par_1_59' title="bbox 388 4548 1963 4619">
     <span class='ocr_line' id='line_1_61' title="bbox 388 4548 1963 4619; baseline 0.003 -19"><span class='ocrx_word' id='word_1_399' title='bbox 388 4548 512 4617; x_wconf 81' lang='lat' dir='ltr'><strong>fidei</strong></span> <span class='ocrx_word' id='word_1_400' title='bbox 559 4553 897 4604; x_wconf 85' lang='lat' dir='ltr'><strong>transmissos</strong></span> <span class='ocrx_word' id='word_1_401' title='bbox 966 4550 1293 4617; x_wconf 84' lang='lat' dir='ltr'><strong>responsa/es</strong></span> <span class='ocrx_word' id='word_1_402' title='bbox 1346 4551 1462 4619; x_wconf 81' lang='lat' dir='ltr'><strong>ejus</strong></span> <span class='ocrx_word' id='word_1_403' title='bbox 1507 4550 1805 4604; x_wconf 73' lang='lat' dir='ltr'><strong>existimavi</strong></span> <span class='ocrx_word' id='word_1_404' title='bbox 1853 4567 1963 4604; x_wconf 89' lang='lat' dir='ltr'><strong>esse</strong></span> 
     </span>
    </p>
   </div>
   <div class='ocr_carea' id='block_1_60' title="bbox 389 4620 1962 4692">
    <p class='ocr_par' dir='ltr' id='par_1_60' title="bbox 389 4620 1962 4692">
     <span class='ocr_line' id='line_1_62' title="bbox 389 4620 1962 4692; baseline 0.002 -19"><span class='ocrx_word' id='word_1_405' title='bbox 389 4620 767 4689; x_wconf 83' lang='lat' dir='ltr'><strong>suscipiendos,</strong></span> <span class='ocrx_word' id='word_1_406' title='bbox 793 4637 854 4675; x_wconf 90' lang='lat' dir='ltr'><strong>ne</strong></span> <span class='ocrx_word' id='word_1_407' title='bbox 877 4621 1030 4690; x_wconf 88' lang='lat' dir='ltr'><strong>culpa</strong></span> <span class='ocrx_word' id='word_1_408' title='bbox 1058 4621 1325 4691; x_wconf 88' lang='lat' dir='ltr'><strong>elationis,</strong></span> <span class='ocrx_word' id='word_1_409' title='bbox 1357 4638 1473 4692; x_wconf 75' lang='lat' dir='ltr'><strong>qua:</strong></span> <span class='ocrx_word' id='word_1_410' title='bbox 1502 4624 1556 4676; x_wconf 92' lang='lat' dir='ltr'><strong>in</strong></span> <span class='ocrx_word' id='word_1_411' title='bbox 1585 4621 1962 4677; x_wconf 78' lang='lat' dir='ltr'><strong>Constantino-</strong></span> 
     </span>
    </p>
   </div>
   <div class='ocr_carea' id='block_1_61' title="bbox 1714 409 2315 471">
    <p class='ocr_par' dir='ltr' id='par_1_61' title="bbox 1714 409 2315 471">
     <span class='ocr_line' id='line_1_63' title="bbox 1714 409 2315 471; baseline 0.008 -5"><span class='ocrx_word' id='word_1_412' title='bbox 1714 409 2315 471; x_wconf 76' lang='lat' dir='ltr'><strong>OBSEllVATlONES.</strong></span> 
     </span>
    </p>
   </div>
   <div class='ocr_carea' id='block_1_62' title="bbox 2047 3192 2296 3276">
    <p class='ocr_par' dir='ltr' id='par_1_62' title="bbox 2047 3192 2296 3276">
     <span class='ocr_line' id='line_1_64' title="bbox 2047 3192 2296 3276; baseline 0.012 -21"><span class='ocrx_word' id='word_1_413' title='bbox 2047 3192 2055 3207; x_wconf 74' lang='grc'><em>’</em></span> <span class='ocrx_word' id='word_1_414' title='bbox 2075 3192 2296 3276; x_wconf 61' lang='grc' dir='ltr'><strong>σύνόδῳ.</strong></span> 
     </span>
    </p>
   </div>
   <div class='ocr_carea' id='block_1_63' title="bbox 3518 412 3658 469">
    <p class='ocr_par' dir='ltr' id='par_1_63' title="bbox 3518 412 3658 469">
     <span class='ocr_line' id='line_1_65' title="bbox 3518 412 3658 469; baseline 0.007 -1"><span class='ocrx_word' id='word_1_415' title='bbox 3518 414 3539 468; x_wconf 76' lang='grc' dir='ltr'><strong>Ι</strong></span> <span class='ocrx_word' id='word_1_416' title='bbox 3552 412 3658 469; x_wconf 80' lang='grc'><strong>666</strong></span> 
     </span>
    </p>
   </div>
   <div class='ocr_carea' id='block_1_64' title="bbox 2081 526 3659 597">
    <p class='ocr_par' dir='ltr' id='par_1_64' title="bbox 2081 526 3659 597">
     <span class='ocr_line' id='line_1_66' title="bbox 2081 526 3659 597; baseline 0.001 -19"><span class='ocrx_word' id='word_1_417' title='bbox 2081 527 2321 595; x_wconf 84' lang='lat' dir='ltr'><strong>politana</strong></span> <span class='ocrx_word' id='word_1_418' title='bbox 2366 526 2599 582; x_wconf 81' lang='lat' dir='ltr'><strong>Ecclesia</strong></span> <span class='ocrx_word' id='word_1_419' title='bbox 2636 546 2760 597; x_wconf 87' lang='lat' dir='ltr'><strong>pene</strong></span> <span class='ocrx_word' id='word_1_420' title='bbox 2782 538 2967 585; x_wconf 87' lang='lat' dir='ltr'><strong>contra</strong></span> <span class='ocrx_word' id='word_1_421' title='bbox 3013 546 3190 585; x_wconf 88' lang='lat' dir='ltr'><strong>omnes</strong></span> <span class='ocrx_word' id='word_1_422' title='bbox 3223 534 3517 583; x_wconf 73' lang='lat' dir='ltr'><strong>sacerdotes</strong></span> <span class='ocrx_word' id='word_1_423' title='bbox 3561 542 3659 580; x_wconf 71' lang='lat' dir='ltr'><strong>ex-</strong></span> 
     </span>
    </p>
   </div>
   <div class='ocr_carea' id='block_1_65' title="bbox 2081 600 3658 670">
    <p class='ocr_par' dir='ltr' id='par_1_65' title="bbox 2081 600 3658 670">
     <span class='ocr_line' id='line_1_67' title="bbox 2081 600 3658 670; baseline 0.001 -22"><span class='ocrx_word' id='word_1_424' title='bbox 2081 610 2197 670; x_wconf 87' lang='lat' dir='ltr'><strong>orta</strong></span> <span class='ocrx_word' id='word_1_425' title='bbox 2232 609 2329 659; x_wconf 87' lang='lat' dir='ltr'><strong>est,</strong></span> <span class='ocrx_word' id='word_1_426' title='bbox 2377 600 2753 670; x_wconf 82' lang='lat' dir='ltr'><strong>dissensionem</strong></span> <span class='ocrx_word' id='word_1_427' title='bbox 2802 601 2928 670; x_wconf 89' lang='lat' dir='ltr'><strong>ﬁdei</strong></span> <span class='ocrx_word' id='word_1_428' title='bbox 2972 610 3020 655; x_wconf 88' lang='lat' dir='ltr'><strong>et</strong></span> <span class='ocrx_word' id='word_1_429' title='bbox 3073 604 3243 653; x_wconf 73' lang='lat' dir='ltr'><strong>rixam</strong></span> <span class='ocrx_word' id='word_1_430' title='bbox 3287 600 3658 670; x_wconf 67' lang='lat' dir='ltr'><strong>ecclesiastica:</strong></span> 
     </span>
    </p>
   </div>
   <div class='ocr_carea' id='block_1_66' title="bbox 2083 669 3658 738">
    <p class='ocr_par' dir='ltr' id='par_1_66' title="bbox 2083 669 3658 738">
     <span class='ocr_line' id='line_1_68' title="bbox 2083 669 3658 738; baseline 0.001 -18"><span class='ocrx_word' id='word_1_431' title='bbox 2083 669 2276 735; x_wconf 86' lang='lat' dir='ltr'><strong>faceret</strong></span> <span class='ocrx_word' id='word_1_432' title='bbox 2319 670 2533 723; x_wconf 88' lang='lat' dir='ltr'><strong>unitati.</strong></span> <span class='ocrx_word' id='word_1_433' title='bbox 2586 669 2811 724; x_wconf 82' lang='lat' dir='ltr'><strong>Eosdem</strong></span> <span class='ocrx_word' id='word_1_434' title='bbox 2850 688 2968 725; x_wconf 85' lang='lat' dir='ltr'><strong>vero</strong></span> <span class='ocrx_word' id='word_1_435' title='bbox 3016 672 3364 738; x_wconf 74' lang='lat' dir='ltr'><strong>responsales,</strong></span> <span class='ocrx_word' id='word_1_436' title='bbox 3400 670 3522 737; x_wconf 87' lang='lat' dir='ltr'><strong>quia</strong></span> <span class='ocrx_word' id='word_1_437' title='bbox 3560 669 3658 721; x_wconf 82' lang='lat' dir='ltr'><strong>hoc</strong></span> 
     </span>
    </p>
   </div>
   <div class='ocr_carea' id='block_1_67' title="bbox 2082 740 3657 808">
    <p class='ocr_par' dir='ltr' id='par_1_67' title="bbox 2082 740 3657 808">
     <span class='ocr_line' id='line_1_69' title="bbox 2082 740 3657 808; baseline 0.001 -17"><span class='ocrx_word' id='word_1_438' title='bbox 2082 740 2294 791; x_wconf 87' lang='lat' dir='ltr'><strong>omnino</strong></span> <span class='ocrx_word' id='word_1_439' title='bbox 2352 740 2601 792; x_wconf 87' lang='lat' dir='ltr'><strong>similiter</strong></span> <span class='ocrx_word' id='word_1_440' title='bbox 2648 742 3017 808; x_wconf 88' lang='lat' dir='ltr'><strong>precabantur,</strong></span> <span class='ocrx_word' id='word_1_441' title='bbox 3069 743 3354 795; x_wconf 89' lang='lat' dir='ltr'><strong>missarum</strong></span> <span class='ocrx_word' id='word_1_442' title='bbox 3401 740 3657 793; x_wconf 84' lang='lat' dir='ltr'><strong>solemnia</strong></span> 
     </span>
    </p>
   </div>
   <div class='ocr_carea' id='block_1_68' title="bbox 2086 808 3657 881">
    <p class='ocr_par' dir='ltr' id='par_1_68' title="bbox 2086 808 3657 881">
     <span class='ocr_line' id='line_1_70' title="bbox 2086 808 3657 881; baseline 0 -21"><span class='ocrx_word' id='word_1_443' title='bbox 2086 825 2288 881; x_wconf 85' lang='lat' dir='ltr'><strong>mecum</strong></span> <span class='ocrx_word' id='word_1_444' title='bbox 2324 811 2587 864; x_wconf 87' lang='lat' dir='ltr'><strong>celebrare</strong></span> <span class='ocrx_word' id='word_1_445' title='bbox 2619 812 2757 879; x_wconf 89' lang='lat' dir='ltr'><strong>feci:</strong></span> <span class='ocrx_word' id='word_1_446' title='bbox 2788 813 2913 881; x_wconf 89' lang='lat' dir='ltr'><strong>quia</strong></span> <span class='ocrx_word' id='word_1_447' title='bbox 2944 816 3079 865; x_wconf 82' lang='lat' dir='ltr'><strong>sicut</strong></span> <span class='ocrx_word' id='word_1_448' title='bbox 3124 822 3171 865; x_wconf 89' lang='lat' dir='ltr'><strong>et</strong></span> <span class='ocrx_word' id='word_1_449' title='bbox 3198 810 3529 868; x_wconf 86' lang='lat' dir='ltr'><strong>serenissima</strong></span> <span class='ocrx_word' id='word_1_450' title='bbox 3558 808 3657 860; x_wconf 80' lang='lat' dir='ltr'><strong>do-</strong></span> 
     </span>
    </p>
   </div>
   <div class='ocr_carea' id='block_1_69' title="bbox 2084 880 3653 950">
    <p class='ocr_par' dir='ltr' id='par_1_69' title="bbox 2084 880 3653 950">
     <span class='ocr_line' id='line_1_71' title="bbox 2084 880 3653 950; baseline 0.002 -21"><span class='ocrx_word' id='word_1_451' title='bbox 2084 880 2223 950; x_wconf 85' lang='lat' dir='ltr'><strong>mino</strong></span> <span class='ocrx_word' id='word_1_452' title='bbox 2258 881 2564 946; x_wconf 86' lang='lat' dir='ltr'><strong>imperatori</strong></span> <span class='ocrx_word' id='word_1_453' title='bbox 2585 892 2768 934; x_wconf 88' lang='lat' dir='ltr'><strong>nostro</strong></span> <span class='ocrx_word' id='word_1_454' title='bbox 2790 882 3091 950; x_wconf 87' lang='lat' dir='ltr'><strong>signiﬁcare</strong></span> <span class='ocrx_word' id='word_1_455' title='bbox 3108 882 3309 940; x_wconf 87' lang='lat' dir='ltr'><strong>studui,</strong></span> <span class='ocrx_word' id='word_1_456' title='bbox 3332 883 3653 946; x_wconf 88' lang='lat' dir='ltr'><strong>responsales</strong></span> 
     </span>
    </p>
   </div>
   <div class='ocr_carea' id='block_1_70' title="bbox 2083 949 3654 1021">
    <p class='ocr_par' dir='ltr' id='par_1_70' title="bbox 2083 949 3654 1021">
     <span class='ocr_line' id='line_1_72' title="bbox 2083 949 3654 1021; baseline 0 -22"><span class='ocrx_word' id='word_1_457' title='bbox 2083 949 2267 1021; x_wconf 88' lang='lat' dir='ltr'><strong>fratris</strong></span> <span class='ocrx_word' id='word_1_458' title='bbox 2298 960 2344 1021; x_wconf 89' lang='lat' dir='ltr'><strong>et</strong></span> <span class='ocrx_word' id='word_1_459' title='bbox 2364 952 2762 1021; x_wconf 10' lang='lat' dir='ltr'><strong>rronsacerdotis</strong></span> <span class='ocrx_word' id='word_1_460' title='bbox 2794 949 2961 1005; x_wconf 87' lang='lat' dir='ltr'><strong>nostri</strong></span> <span class='ocrx_word' id='word_1_461' title='bbox 3003 952 3213 1021; x_wconf 83' lang='lat' dir='ltr'><strong>Cyriaci</strong></span> <span class='ocrx_word' id='word_1_462' title='bbox 3254 951 3379 1003; x_wconf 86' lang='lat' dir='ltr'><strong>mihi</strong></span> <span class='ocrx_word' id='word_1_463' title='bbox 3418 965 3654 1003; x_wconf 87' lang='lat' dir='ltr'><strong>commu-</strong></span> 
     </span>
    </p>
   </div>
   <div class='ocr_carea' id='block_1_71' title="bbox 2082 1020 3649 1089">
    <p class='ocr_par' dir='ltr' id='par_1_71' title="bbox 2082 1020 3649 1089">
     <span class='ocr_line' id='line_1_73' title="bbox 2082 1020 3649 1089; baseline -0.001 -17"><span class='ocrx_word' id='word_1_464' title='bbox 2082 1020 2260 1072; x_wconf 82' lang='lat' dir='ltr'><strong>nicare</strong></span> <span class='ocrx_word' id='word_1_465' title='bbox 2287 1020 2592 1084; x_wconf 89' lang='lat' dir='ltr'><strong>debuerunt,</strong></span> <span class='ocrx_word' id='word_1_466' title='bbox 2629 1024 2718 1089; x_wconf 91' lang='lat' dir='ltr'><strong>qui</strong></span> <span class='ocrx_word' id='word_1_467' title='bbox 2740 1035 2954 1075; x_wconf 89' lang='lat' dir='ltr'><strong>auctore</strong></span> <span class='ocrx_word' id='word_1_468' title='bbox 2984 1021 3091 1075; x_wconf 84' lang='lat' dir='ltr'><strong>Deo</strong></span> <span class='ocrx_word' id='word_1_469' title='bbox 3125 1025 3179 1075; x_wconf 88' lang='lat' dir='ltr'><strong>in</strong></span> <span class='ocrx_word' id='word_1_470' title='bbox 3216 1021 3461 1075; x_wconf 88' lang='lat' dir='ltr'><strong>elationis</strong></span> <span class='ocrx_word' id='word_1_471' title='bbox 3508 1036 3649 1072; x_wconf 87' lang='lat' dir='ltr'><strong>erro-</strong></span> 
     </span>
    </p>
   </div>
   <div class='ocr_carea' id='block_1_72' title="bbox 2084 1090 3655 1162">
    <p class='ocr_par' dir='ltr' id='par_1_72' title="bbox 2084 1090 3655 1162">
     <span class='ocr_line' id='line_1_74' title="bbox 2084 1090 3655 1162; baseline 0 -20"><span class='ocrx_word' id='word_1_472' title='bbox 2084 1106 2192 1162; x_wconf 81' lang='lat' dir='ltr'><strong>rem</strong></span> <span class='ocrx_word' id='word_1_473' title='bbox 2227 1107 2327 1143; x_wconf 92' lang='lat' dir='ltr'><strong>non</strong></span> <span class='ocrx_word' id='word_1_474' title='bbox 2383 1091 2566 1162; x_wconf 86' lang='lat' dir='ltr'><strong>cecidi.</strong></span> <span class='ocrx_word' id='word_1_475' title='bbox 2620 1090 2719 1146; x_wconf 91' lang='lat' dir='ltr'><strong>Ubi</strong></span> <span class='ocrx_word' id='word_1_476' title='bbox 2768 1093 2941 1155; x_wconf 75' lang='lat' dir='ltr'><strong>vides,</strong></span> <span class='ocrx_word' id='word_1_477' title='bbox 2976 1107 3075 1162; x_wconf 91' lang='lat' dir='ltr'><strong>pro</strong></span> <span class='ocrx_word' id='word_1_478' title='bbox 3101 1108 3165 1147; x_wconf 89' lang='lat' dir='ltr'><strong>eo</strong></span> <span class='ocrx_word' id='word_1_479' title='bbox 3199 1090 3341 1160; x_wconf 88' lang='lat' dir='ltr'><strong>quod</strong></span> <span class='ocrx_word' id='word_1_480' title='bbox 3372 1091 3655 1162; x_wconf 87' lang='lat' dir='ltr'><strong>Liberatus</strong></span> 
     </span>
    </p>
   </div>
   <div class='ocr_carea' id='block_1_73' title="bbox 2081 1160 3657 1232">
    <p class='ocr_par' dir='ltr' id='par_1_73' title="bbox 2081 1160 3657 1232">
     <span class='ocr_line' id='line_1_75' title="bbox 2081 1160 3657 1232; baseline -0.003 -18"><span class='ocrx_word' id='word_1_481' title='bbox 2081 1160 2349 1214; x_wconf 89' lang='lat' dir='ltr'><strong>diaconus</strong></span> <span class='ocrx_word' id='word_1_482' title='bbox 2382 1160 2614 1226; x_wconf 83' lang='lat' dir='ltr'><strong>dixerat,</strong></span> <span class='ocrx_word' id='word_1_483' title='bbox 2650 1163 2946 1231; x_wconf 88' lang='lat' dir='ltr'><strong>procedere,</strong></span> <span class='ocrx_word' id='word_1_484' title='bbox 2979 1160 3308 1232; x_wconf 70' lang='lat' dir='ltr'><strong>Gregorium</strong></span> <span class='ocrx_word' id='word_1_485' title='bbox 3341 1175 3533 1228; x_wconf 86' lang='lat' dir='ltr'><strong>papam</strong></span> <span class='ocrx_word' id='word_1_486' title='bbox 3571 1161 3657 1213; x_wconf 59' lang='lat' dir='ltr'><strong>di.-</strong></span> 
     </span>
    </p>
   </div>
   <div class='ocr_carea' id='block_1_74' title="bbox 2080 1228 3655 1293">
    <p class='ocr_par' dir='ltr' id='par_1_74' title="bbox 2080 1228 3655 1293">
     <span class='ocr_line' id='line_1_76' title="bbox 2080 1228 3655 1293; baseline -0.001 -10"><span class='ocrx_word' id='word_1_487' title='bbox 2080 1232 2248 1293; x_wconf 78' lang='lat' dir='ltr'><strong>xisse,</strong></span> <span class='ocrx_word' id='word_1_488' title='bbox 2292 1232 2578 1285; x_wconf 85' lang='lat' dir='ltr'><strong>missarum</strong></span> <span class='ocrx_word' id='word_1_489' title='bbox 2625 1228 2882 1286; x_wconf 83' lang='lat' dir='ltr'><strong>solemnia</strong></span> <span class='ocrx_word' id='word_1_490' title='bbox 2930 1228 3210 1287; x_wconf 76' lang='lat' dir='ltr'><strong>celebrare.</strong></span> <span class='ocrx_word' id='word_1_491' title='bbox 3259 1228 3444 1284; x_wconf 86' lang='lat' dir='ltr'><strong>Utitur</strong></span> <span class='ocrx_word' id='word_1_492' title='bbox 3474 1238 3655 1283; x_wconf 85' lang='lat' dir='ltr'><strong>tamen</strong></span> 
     </span>
    </p>
   </div>
   <div class='ocr_carea' id='block_1_75' title="bbox 2082 1300 3652 1371">
    <p class='ocr_par' dir='ltr' id='par_1_75' title="bbox 2082 1300 3652 1371">
     <span class='ocr_line' id='line_1_77' title="bbox 2082 1300 3652 1371; baseline -0.001 -18"><span class='ocrx_word' id='word_1_493' title='bbox 2082 1300 2282 1371; x_wconf 79' lang='lat' dir='ltr'><strong>ibidem</strong></span> <span class='ocrx_word' id='word_1_494' title='bbox 2320 1300 2618 1371; x_wconf 86' lang='lat' dir='ltr'><strong>Gregorius</strong></span> <span class='ocrx_word' id='word_1_495' title='bbox 2641 1304 2806 1357; x_wconf 88' lang='lat' dir='ltr'><strong>verbo</strong></span> <span class='ocrx_word' id='word_1_496' title='bbox 2836 1305 3132 1370; x_wconf 85' lang='lat' dir='ltr'><strong>procedere,</strong></span> <span class='ocrx_word' id='word_1_497' title='bbox 3160 1307 3211 1356; x_wconf 90' lang='lat' dir='ltr'><strong>in</strong></span> <span class='ocrx_word' id='word_1_498' title='bbox 3245 1301 3434 1356; x_wconf 88' lang='lat' dir='ltr'><strong>eodem</strong></span> <span class='ocrx_word' id='word_1_499' title='bbox 3466 1314 3652 1353; x_wconf 85' lang='lat' dir='ltr'><strong>sensu.</strong></span> 
     </span>
    </p>
   </div>
   <div class='ocr_carea' id='block_1_76' title="bbox 2084 1368 3657 1442">
    <p class='ocr_par' dir='ltr' id='par_1_76' title="bbox 2084 1368 3657 1442">
     <span class='ocr_line' id='line_1_78' title="bbox 2084 1368 3657 1442; baseline -0.003 -18"><span class='ocrx_word' id='word_1_500' title='bbox 2084 1368 2175 1425; x_wconf 92' lang='lat' dir='ltr'><strong>Sic</strong></span> <span class='ocrx_word' id='word_1_501' title='bbox 2208 1372 2355 1442; x_wconf 87' lang='lat' dir='ltr'><strong>enim</strong></span> <span class='ocrx_word' id='word_1_502' title='bbox 2384 1368 2665 1442; x_wconf 75' lang='lat' dir='ltr'><strong>subjungit</strong></span> <span class='ocrx_word' id='word_1_503' title='bbox 2692 1392 2703 1425; x_wconf 91' lang='lat'>:</span> <span class='ocrx_word' id='word_1_504' title='bbox 2746 1368 2890 1427; x_wconf 79' lang='lat' dir='ltr'><strong>Meus</strong></span> <span class='ocrx_word' id='word_1_505' title='bbox 2930 1392 3045 1427; x_wconf 85' lang='lat' dir='ltr'><strong>vero</strong></span> <span class='ocrx_word' id='word_1_506' title='bbox 3076 1375 3331 1427; x_wconf 85' lang='lat' dir='ltr'><strong>diaconus</strong></span> <span class='ocrx_word' id='word_1_507' title='bbox 3380 1387 3495 1422; x_wconf 88' lang='lat' dir='ltr'><strong>cum</strong></span> <span class='ocrx_word' id='word_1_508' title='bbox 3520 1386 3657 1442; x_wconf 63' lang='lat' dir='ltr'><strong>prir-</strong></span> 
     </span>
    </p>
   </div>
   <div class='ocr_carea' id='block_1_77' title="bbox 2080 1440 3657 1511">
    <p class='ocr_par' dir='ltr' id='par_1_77' title="bbox 2080 1440 3657 1511">
     <span class='ocr_line' id='line_1_79' title="bbox 2080 1440 3657 1511; baseline 0 -19"><span class='ocrx_word' id='word_1_509' title='bbox 2080 1442 2220 1493; x_wconf 88' lang='lat' dir='ltr'><strong>dicto</strong></span> <span class='ocrx_word' id='word_1_510' title='bbox 2254 1440 2797 1511; x_wconf 43' lang='lat' dir='ltr'><strong>Cyriaco&#39;missarum</strong></span> <span class='ocrx_word' id='word_1_511' title='bbox 2855 1445 3109 1498; x_wconf 87' lang='lat' dir='ltr'><strong>solemnia</strong></span> <span class='ocrx_word' id='word_1_512' title='bbox 3142 1443 3402 1497; x_wconf 85' lang='lat' dir='ltr'><strong>celebrare</strong></span> <span class='ocrx_word' id='word_1_513' title='bbox 3430 1457 3532 1493; x_wconf 90' lang='lat' dir='ltr'><strong>non</strong></span> <span class='ocrx_word' id='word_1_514' title='bbox 3567 1440 3657 1492; x_wconf 85' lang='lat' dir='ltr'><strong>dc-</strong></span> 
     </span>
    </p>
   </div>
   <div class='ocr_carea' id='block_1_78' title="bbox 2082 1512 3658 1581">
    <p class='ocr_par' dir='ltr' id='par_1_78' title="bbox 2082 1512 3658 1581">
     <span class='ocr_line' id='line_1_80' title="bbox 2082 1512 3658 1581; baseline 0 -18"><span class='ocrx_word' id='word_1_515' title='bbox 2082 1512 2307 1579; x_wconf 88' lang='lat' dir='ltr'><strong>bet,&#39;qui</strong></span> <span class='ocrx_word' id='word_1_516' title='bbox 2339 1530 2427 1580; x_wconf 88' lang='lat' dir='ltr'><strong>per</strong></span> <span class='ocrx_word' id='word_1_517' title='bbox 2468 1515 2748 1581; x_wconf 89' lang='lat' dir='ltr'><strong>profanum</strong></span> <span class='ocrx_word' id='word_1_518' title='bbox 2796 1516 3105 1568; x_wconf 77' lang='lat' dir='ltr'><strong>vocabulum</strong></span> <span class='ocrx_word' id='word_1_519' title='bbox 3151 1515 3358 1581; x_wconf 89' lang='lat' dir='ltr'><strong>culpam</strong></span> <span class='ocrx_word' id='word_1_520' title='bbox 3400 1512 3658 1577; x_wconf 77' lang='lat' dir='ltr'><strong>superbia:</strong></span> 
     </span>
    </p>
   </div>
   <div class='ocr_carea' id='block_1_79' title="bbox 2083 1582 3659 1654">
    <p class='ocr_par' dir='ltr' id='par_1_79' title="bbox 2083 1582 3659 1654">
     <span class='ocr_line' id='line_1_81' title="bbox 2083 1582 3659 1654; baseline -0.001 -20"><span class='ocrx_word' id='word_1_521' title='bbox 2083 1592 2175 1654; x_wconf 83' lang='lat' dir='ltr'><strong>aut</strong></span> <span class='ocrx_word' id='word_1_522' title='bbox 2224 1584 2515 1654; x_wconf 84' lang='lat' dir='ltr'><strong>commisit,</strong></span> <span class='ocrx_word' id='word_1_523' title='bbox 2542 1595 2634 1636; x_wconf 91' lang='lat' dir='ltr'><strong>aut</strong></span> <span class='ocrx_word' id='word_1_524' title='bbox 2664 1587 2919 1654; x_wconf 85' lang='lat' dir='ltr'><strong>sequitur.</strong></span> <span class='ocrx_word' id='word_1_525' title='bbox 2958 1584 3041 1639; x_wconf 80' lang='lat' dir='ltr'><strong>Ne</strong></span> <span class='ocrx_word' id='word_1_526' title='bbox 3074 1586 3139 1648; x_wconf 90' lang='lat' dir='ltr'><strong>si,</strong></span> <span class='ocrx_word' id='word_1_527' title='bbox 3170 1582 3306 1651; x_wconf 84' lang='lat' dir='ltr'><strong>quod</strong></span> <span class='ocrx_word' id='word_1_528' title='bbox 3356 1582 3520 1654; x_wconf 72' lang='lat' dir='ltr'><strong>absit,</strong></span> <span class='ocrx_word' id='word_1_529' title='bbox 3541 1596 3659 1647; x_wconf 87' lang='lat' dir='ltr'><strong>pro-</strong></span> 
     </span>
    </p>
   </div>
   <div class='ocr_carea' id='block_1_80' title="bbox 2081 1652 3655 1724">
    <p class='ocr_par' dir='ltr' id='par_1_80' title="bbox 2081 1652 3655 1724">
     <span class='ocr_line' id='line_1_82' title="bbox 2081 1652 3655 1724; baseline -0.003 -18"><span class='ocrx_word' id='word_1_530' title='bbox 2081 1652 2215 1706; x_wconf 91' lang='lat' dir='ltr'><strong>cedit</strong></span> <span class='ocrx_word' id='word_1_531' title='bbox 2243 1654 2291 1705; x_wconf 90' lang='lat' dir='ltr'><strong>ei</strong></span> <span class='ocrx_word' id='word_1_532' title='bbox 2317 1653 2372 1706; x_wconf 90' lang='lat' dir='ltr'><strong>in</strong></span> <span class='ocrx_word' id='word_1_533' title='bbox 2403 1655 2499 1706; x_wconf 86' lang='lat' dir='ltr'><strong>tali</strong></span> <span class='ocrx_word' id='word_1_534' title='bbox 2531 1652 2759 1707; x_wconf 82' lang='lat' dir='ltr'><strong>elatione</strong></span> <span class='ocrx_word' id='word_1_535' title='bbox 2803 1659 2999 1724; x_wconf 86' lang='lat' dir='ltr'><strong>posito,</strong></span> <span class='ocrx_word' id='word_1_536' title='bbox 3036 1657 3344 1724; x_wconf 64' lang='lat' dir='ltr'><strong>vanitatenr</strong></span> <span class='ocrx_word' id='word_1_537' title='bbox 3367 1652 3521 1724; x_wconf 84' lang='lat' dir='ltr'><strong>stulti</strong></span> <span class='ocrx_word' id='word_1_538' title='bbox 3560 1667 3655 1724; x_wconf 81' lang='lat' dir='ltr'><strong>no-</strong></span> 
     </span>
    </p>
   </div>
   <div class='ocr_carea' id='block_1_81' title="bbox 2082 1721 3657 1793">
    <p class='ocr_par' dir='ltr' id='par_1_81' title="bbox 2082 1721 3657 1793">
     <span class='ocr_line' id='line_1_83' title="bbox 2082 1721 3657 1793; baseline -0.003 -16"><span class='ocrx_word' id='word_1_539' title='bbox 2082 1725 2238 1777; x_wconf 87' lang='lat' dir='ltr'><strong>minis</strong></span> <span class='ocrx_word' id='word_1_540' title='bbox 2271 1726 2587 1793; x_wconf 89' lang='lat' dir='ltr'><strong>conﬁrmare</strong></span> <span class='ocrx_word' id='word_1_541' title='bbox 2617 1721 2908 1781; x_wconf 73' lang='lat' dir='ltr'><strong>vidcaniur.</strong></span> <span class='ocrx_word' id='word_1_542' title='bbox 2952 1726 3095 1779; x_wconf 84' lang='lat' dir='ltr'><strong>Idem</strong></span> <span class='ocrx_word' id='word_1_543' title='bbox 3124 1722 3420 1793; x_wconf 85' lang='lat' dir='ltr'><strong>Gregorius</strong></span> <span class='ocrx_word' id='word_1_544' title='bbox 3455 1722 3509 1793; x_wconf 79' lang='lat' dir='ltr'><strong>in</strong></span> <span class='ocrx_word' id='word_1_545' title='bbox 3541 1721 3657 1789; x_wconf 85' lang='lat' dir='ltr'><strong>epi-</strong></span> 
     </span>
    </p>
   </div>
   <div class='ocr_carea' id='block_1_82' title="bbox 2082 1791 3655 1865">
    <p class='ocr_par' dir='ltr' id='par_1_82' title="bbox 2082 1791 3655 1865">
     <span class='ocr_line' id='line_1_84' title="bbox 2082 1791 3655 1865; baseline -0.003 -16"><span class='ocrx_word' id='word_1_546' title='bbox 2082 1795 2220 1849; x_wconf 86' lang='lat' dir='ltr'><strong>stola</strong></span> <span class='ocrx_word' id='word_1_547' title='bbox 2252 1796 2321 1848; x_wconf 78' lang='lat'><strong>30</strong></span> <span class='ocrx_word' id='word_1_548' title='bbox 2350 1791 2596 1863; x_wconf 84' lang='lat' dir='ltr'><strong>ejusdem</strong></span> <span class='ocrx_word' id='word_1_549' title='bbox 2622 1796 2743 1865; x_wconf 85' lang='lat' dir='ltr'><strong>libri</strong></span> <span class='ocrx_word' id='word_1_550' title='bbox 2776 1812 2945 1865; x_wconf 85' lang='lat' dir='ltr'><strong>quam</strong></span> <span class='ocrx_word' id='word_1_551' title='bbox 2975 1795 3197 1863; x_wconf 88' lang='lat' dir='ltr'><strong>scripsit</strong></span> <span class='ocrx_word' id='word_1_552' title='bbox 3230 1791 3307 1865; x_wconf 68' lang='lat' dir='ltr'><strong>ad</strong></span> <span class='ocrx_word' id='word_1_553' title='bbox 3332 1791 3655 1865; x_wconf 70' lang='lat' dir='ltr'><strong>Mauricium</strong></span> 
     </span>
    </p>
   </div>
   <div class='ocr_carea' id='block_1_83' title="bbox 2080 1856 3655 1932">
    <p class='ocr_par' dir='ltr' id='par_1_83' title="bbox 2080 1856 3655 1932">
     <span class='ocr_line' id='line_1_85' title="bbox 2080 1856 3655 1932; baseline -0.001 -16"><span class='ocrx_word' id='word_1_554' title='bbox 2080 1856 2492 1932; x_wconf 76' lang='lat' dir='ltr'><strong>imperatorem,</strong></span> <span class='ocrx_word' id='word_1_555' title='bbox 2527 1865 2593 1918; x_wconf 90' lang='lat' dir='ltr'><strong>de</strong></span> <span class='ocrx_word' id='word_1_556' title='bbox 2631 1856 2818 1919; x_wconf 82' lang='lat' dir='ltr'><strong>eadem</strong></span> <span class='ocrx_word' id='word_1_557' title='bbox 2848 1882 2906 1919; x_wconf 87' lang='lat' dir='ltr'><strong>re</strong></span> <span class='ocrx_word' id='word_1_558' title='bbox 2939 1868 3011 1919; x_wconf 93' lang='lat' dir='ltr'><strong>ita</strong></span> <span class='ocrx_word' id='word_1_559' title='bbox 3048 1856 3179 1918; x_wconf 78' lang='lat' dir='ltr'><strong>dicit</strong></span> <span class='ocrx_word' id='word_1_560' title='bbox 3204 1881 3233 1917; x_wconf 90' lang='lat'><strong>:-</strong></span> <span class='ocrx_word' id='word_1_561' title='bbox 3254 1856 3545 1931; x_wconf 82' lang='lat' dir='ltr'><strong>Meliusque</strong></span> <span class='ocrx_word' id='word_1_562' title='bbox 3568 1878 3655 1914; x_wconf 89' lang='lat' dir='ltr'><strong>eos</strong></span> 
     </span>
    </p>
   </div>
   <div class='ocr_carea' id='block_1_84' title="bbox 2074 1935 3656 2005">
    <p class='ocr_par' dir='ltr' id='par_1_84' title="bbox 2074 1935 3656 2005">
     <span class='ocr_line' id='line_1_86' title="bbox 2074 1935 3656 2005; baseline -0.002 -20"><span class='ocrx_word' id='word_1_563' title='bbox 2074 1950 2234 2005; x_wconf 85' lang='lat' dir='ltr'><strong>quam</strong></span> <span class='ocrx_word' id='word_1_564' title='bbox 2267 1936 2586 1989; x_wconf 86' lang='lat' dir='ltr'><strong>consuetudo</strong></span> <span class='ocrx_word' id='word_1_565' title='bbox 2624 1937 2800 2003; x_wconf 84' lang='lat' dir='ltr'><strong>prisca</strong></span> <span class='ocrx_word' id='word_1_566' title='bbox 2837 1937 3011 2005; x_wconf 86' lang='lat' dir='ltr'><strong>fuerat</strong></span> <span class='ocrx_word' id='word_1_567' title='bbox 3054 1935 3328 1995; x_wconf 78' lang='lat' dir='ltr'><strong>Itonoravi,</strong></span> <span class='ocrx_word' id='word_1_568' title='bbox 3356 1942 3406 1985; x_wconf 89' lang='lat' dir='ltr'><strong>et</strong></span> <span class='ocrx_word' id='word_1_569' title='bbox 3451 1948 3656 2005; x_wconf 83' lang='lat' dir='ltr'><strong>mecum</strong></span> 
     </span>
    </p>
   </div>
   <div class='ocr_carea' id='block_1_85' title="bbox 2077 2002 3658 2072">
    <p class='ocr_par' dir='ltr' id='par_1_85' title="bbox 2077 2002 3658 2072">
     <span class='ocr_line' id='line_1_87' title="bbox 2077 2002 3658 2072; baseline -0.002 -16"><span class='ocrx_word' id='word_1_570' title='bbox 2077 2004 2175 2072; x_wconf 86' lang='lat' dir='ltr'><strong>feci</strong></span> <span class='ocrx_word' id='word_1_571' title='bbox 2195 2022 2281 2058; x_wconf 85' lang='lat' dir='ltr'><strong>eos</strong></span> <span class='ocrx_word' id='word_1_572' title='bbox 2310 2023 2465 2058; x_wconf 88' lang='lat' dir='ltr'><strong>sacra</strong></span> <span class='ocrx_word' id='word_1_573' title='bbox 2494 2002 2779 2059; x_wconf 83' lang='lat' dir='ltr'><strong>missarum</strong></span> <span class='ocrx_word' id='word_1_574' title='bbox 2805 2002 3057 2061; x_wconf 80' lang='lat' dir='ltr'><strong>solemnia</strong></span> <span class='ocrx_word' id='word_1_575' title='bbox 3084 2007 3376 2059; x_wconf 87' lang='lat' dir='ltr'><strong>celebrare:</strong></span> <span class='ocrx_word' id='word_1_576' title='bbox 3398 2002 3522 2070; x_wconf 86' lang='lat' dir='ltr'><strong>quia</strong></span> <span class='ocrx_word' id='word_1_577' title='bbox 3552 2003 3658 2055; x_wconf 88' lang='lat' dir='ltr'><strong>sic-</strong></span> 
     </span>
    </p>
   </div>
   <div class='ocr_carea' id='block_1_86' title="bbox 2075 2073 3659 2142">
    <p class='ocr_par' dir='ltr' id='par_1_86' title="bbox 2075 2073 3659 2142">
     <span class='ocr_line' id='line_1_88' title="bbox 2075 2073 3659 2142; baseline -0.001 -16"><span class='ocrx_word' id='word_1_578' title='bbox 2075 2084 2131 2127; x_wconf 86' lang='lat' dir='ltr'><strong>ut</strong></span> <span class='ocrx_word' id='word_1_579' title='bbox 2164 2081 2323 2129; x_wconf 87' lang='lat' dir='ltr'><strong>&#39;meus</strong></span> <span class='ocrx_word' id='word_1_580' title='bbox 2358 2076 2612 2129; x_wconf 90' lang='lat' dir='ltr'><strong>diaconus</strong></span> <span class='ocrx_word' id='word_1_581' title='bbox 2662 2077 2729 2130; x_wconf 91' lang='lat' dir='ltr'><strong>ad</strong></span> <span class='ocrx_word' id='word_1_582' title='bbox 2776 2077 3068 2130; x_wconf 66' lang='lat' dir='ltr'><strong>exhibenda</strong></span> <span class='ocrx_word' id='word_1_583' title='bbox 3110 2094 3263 2129; x_wconf 85' lang='lat' dir='ltr'><strong>sacra</strong></span> <span class='ocrx_word' id='word_1_584' title='bbox 3290 2073 3545 2142; x_wconf 79' lang='lat' dir='ltr'><strong>mysteria</strong></span> <span class='ocrx_word' id='word_1_585' title='bbox 3577 2073 3659 2125; x_wconf 89' lang='lat' dir='ltr'><strong>illi</strong></span> 
     </span>
    </p>
   </div>
   <div class='ocr_carea' id='block_1_87' title="bbox 2075 2146 3658 2227">
    <p class='ocr_par' dir='ltr' id='par_1_87' title="bbox 2075 2146 3658 2227">
     <span class='ocr_line' id='line_1_89' title="bbox 2075 2146 3658 2227; baseline -0.003 -29"><span class='ocrx_word' id='word_1_586' title='bbox 2075 2146 2355 2227; x_wconf 32' lang='lat' dir='ltr'><strong>noindebet</strong></span> <span class='ocrx_word' id='word_1_587' title='bbox 2378 2149 2701 2227; x_wconf 71' lang='lat' dir='ltr'><strong>ministrare,</strong></span> <span class='ocrx_word' id='word_1_588' title='bbox 2735 2151 2823 2227; x_wconf 79' lang='lat' dir='ltr'><strong>qui</strong></span> <span class='ocrx_word' id='word_1_589' title='bbox 2864 2148 3109 2227; x_wconf 80' lang='lat' dir='ltr'><strong>elationis</strong></span> <span class='ocrx_word' id='word_1_590' title='bbox 3142 2146 3351 2212; x_wconf 89' lang='lat' dir='ltr'><strong>culpam</strong></span> <span class='ocrx_word' id='word_1_591' title='bbox 3381 2153 3472 2225; x_wconf 74' lang='lat' dir='ltr'><strong>aut</strong></span> <span class='ocrx_word' id='word_1_592' title='bbox 3515 2159 3658 2224; x_wconf 48' lang='lat' dir='ltr'><strong>com-</strong></span> 
     </span>
    </p>
   </div>
   <div class='ocr_carea' id='block_1_88' title="bbox 2075 2214 3657 2285">
    <p class='ocr_par' dir='ltr' id='par_1_88' title="bbox 2075 2214 3657 2285">
     <span class='ocr_line' id='line_1_90' title="bbox 2075 2214 3657 2285; baseline -0.003 -17"><span class='ocrx_word' id='word_1_593' title='bbox 2075 2214 2246 2279; x_wconf 67' lang='lat' dir='ltr'><strong>misit:</strong></span> <span class='ocrx_word' id='word_1_594' title='bbox 2271 2227 2363 2269; x_wconf 89' lang='lat' dir='ltr'><strong>aut</strong></span> <span class='ocrx_word' id='word_1_595' title='bbox 2392 2218 2456 2270; x_wconf 91' lang='lat' dir='ltr'><strong>ab</strong></span> <span class='ocrx_word' id='word_1_596' title='bbox 2483 2218 2605 2270; x_wconf 89' lang='lat' dir='ltr'><strong>aliis</strong></span> <span class='ocrx_word' id='word_1_597' title='bbox 2630 2220 2963 2271; x_wconf 88' lang='lat' dir='ltr'><strong>commissam</strong></span> <span class='ocrx_word' id='word_1_598' title='bbox 2993 2219 3101 2285; x_wconf 88' lang='lat' dir='ltr'><strong>ipse</strong></span> <span class='ocrx_word' id='word_1_599' title='bbox 3130 2234 3230 2270; x_wconf 91' lang='lat' dir='ltr'><strong>non</strong></span> <span class='ocrx_word' id='word_1_600' title='bbox 3266 2215 3480 2281; x_wconf 88' lang='lat' dir='ltr'><strong>corrigit</strong></span> <span class='ocrx_word' id='word_1_601' title='bbox 3510 2228 3527 2265; x_wconf 91' lang='lat'><strong><em>:</em></strong></span> <span class='ocrx_word' id='word_1_602' title='bbox 3580 2214 3657 2265; x_wconf 81' lang='lat' dir='ltr'><strong>ita</strong></span> 
     </span>
    </p>
   </div>
   <div class='ocr_carea' id='block_1_89' title="bbox 2075 2286 3657 2359">
    <p class='ocr_par' dir='ltr' id='par_1_89' title="bbox 2075 2286 3657 2359">
     <span class='ocr_line' id='line_1_91' title="bbox 2075 2286 3657 2359; baseline -0.002 -22"><span class='ocrx_word' id='word_1_603' title='bbox 2075 2288 2307 2340; x_wconf 86' lang='lat' dir='ltr'><strong>ministri</strong></span> <span class='ocrx_word' id='word_1_604' title='bbox 2340 2290 2483 2340; x_wconf 87' lang='lat' dir='ltr'><strong>illius</strong></span> <span class='ocrx_word' id='word_1_605' title='bbox 2510 2288 2562 2340; x_wconf 91' lang='lat' dir='ltr'><strong>in</strong></span> <span class='ocrx_word' id='word_1_606' title='bbox 2594 2289 2945 2343; x_wconf 73' lang='lat' dir='ltr'><strong>celebratione</strong></span> <span class='ocrx_word' id='word_1_607' title='bbox 2977 2288 3107 2341; x_wconf 87' lang='lat' dir='ltr'><strong>mihi</strong></span> <span class='ocrx_word' id='word_1_608' title='bbox 3140 2286 3323 2340; x_wconf 88' lang='lat' dir='ltr'><strong>adesse</strong></span> <span class='ocrx_word' id='word_1_609' title='bbox 3346 2286 3657 2359; x_wconf 72' lang='lat' dir='ltr'><strong>debuerunt,</strong></span> 
     </span>
    </p>
   </div>
   <div class='ocr_carea' id='block_1_90' title="bbox 2074 2359 3658 2427">
    <p class='ocr_par' dir='ltr' id='par_1_90' title="bbox 2074 2359 3658 2427">
     <span class='ocr_line' id='line_1_92' title="bbox 2074 2359 3658 2427; baseline -0.001 -18"><span class='ocrx_word' id='word_1_610' title='bbox 2074 2359 2187 2425; x_wconf 75' lang='lat' dir='ltr'><strong>qui,</strong></span> <span class='ocrx_word' id='word_1_611' title='bbox 2221 2360 2545 2412; x_wconf 80' lang='lat' dir='ltr'><strong>custodiente</strong></span> <span class='ocrx_word' id='word_1_612' title='bbox 2592 2359 2721 2421; x_wconf 88' lang='lat' dir='ltr'><strong>Deo,</strong></span> <span class='ocrx_word' id='word_1_613' title='bbox 2753 2360 2807 2411; x_wconf 89' lang='lat' dir='ltr'><strong>in</strong></span> <span class='ocrx_word' id='word_1_614' title='bbox 2860 2359 3118 2427; x_wconf 79' lang='lat' dir='ltr'><strong>superbia:</strong></span> <span class='ocrx_word' id='word_1_615' title='bbox 3162 2372 3392 2427; x_wconf 87' lang='lat' dir='ltr'><strong>errorem</strong></span> <span class='ocrx_word' id='word_1_616' title='bbox 3425 2371 3527 2409; x_wconf 93' lang='lat' dir='ltr'><strong>non</strong></span> <span class='ocrx_word' id='word_1_617' title='bbox 3572 2371 3658 2407; x_wconf 81' lang='lat' dir='ltr'><strong>ce-</strong></span> 
     </span>
    </p>
   </div>
   <div class='ocr_carea' id='block_1_91' title="bbox 2076 2426 3657 2499">
    <p class='ocr_par' dir='ltr' id='par_1_91' title="bbox 2076 2426 3657 2499">
     <span class='ocr_line' id='line_1_93' title="bbox 2076 2426 3657 2499; baseline -0.001 -20"><span class='ocrx_word' id='word_1_618' title='bbox 2076 2429 2200 2480; x_wconf 86' lang='lat' dir='ltr'><strong>cidi.</strong></span> <span class='ocrx_word' id='word_1_619' title='bbox 2246 2428 2489 2499; x_wconf 88' lang='lat' dir='ltr'><strong>Denique</strong></span> <span class='ocrx_word' id='word_1_620' title='bbox 2528 2430 2634 2499; x_wconf 91' lang='lat' dir='ltr'><strong>ipsi</strong></span> <span class='ocrx_word' id='word_1_621' title='bbox 2686 2426 3038 2499; x_wconf 72' lang='lat' dir='ltr'><strong>patriarChzc,</strong></span> <span class='ocrx_word' id='word_1_622' title='bbox 3093 2429 3138 2483; x_wconf 90' lang='lat' dir='ltr'><strong>si</strong></span> <span class='ocrx_word' id='word_1_623' title='bbox 3191 2427 3330 2482; x_wconf 92' lang='lat' dir='ltr'><strong>forte</strong></span> <span class='ocrx_word' id='word_1_624' title='bbox 3365 2426 3430 2499; x_wconf 84' lang='lat' dir='ltr'><strong>in</strong></span> <span class='ocrx_word' id='word_1_625' title='bbox 3474 2440 3657 2499; x_wconf 74' lang='lat' dir='ltr'><strong>unum</strong></span> 
     </span>
    </p>
   </div>
   <div class='ocr_carea' id='block_1_92' title="bbox 2075 2495 3660 2565">
    <p class='ocr_par' dir='ltr' id='par_1_92' title="bbox 2075 2495 3660 2565">
     <span class='ocr_line' id='line_1_94' title="bbox 2075 2495 3660 2565; baseline -0.004 -14"><span class='ocrx_word' id='word_1_626' title='bbox 2075 2495 2500 2565; x_wconf 73' lang='lat' dir='ltr'><strong>convenissent,</strong></span> <span class='ocrx_word' id='word_1_627' title='bbox 2553 2495 2848 2554; x_wconf 79' lang='lat' dir='ltr'><strong>missarum</strong></span> <span class='ocrx_word' id='word_1_628' title='bbox 2901 2500 3167 2554; x_wconf 86' lang='lat' dir='ltr'><strong>solemnia</strong></span> <span class='ocrx_word' id='word_1_629' title='bbox 3218 2497 3379 2553; x_wconf 90' lang='lat' dir='ltr'><strong>simul</strong></span> <span class='ocrx_word' id='word_1_630' title='bbox 3410 2495 3660 2550; x_wconf 64' lang='lat' dir='ltr'><strong>celebra-</strong></span> 
     </span>
    </p>
   </div>
   <div class='ocr_carea' id='block_1_93' title="bbox 2076 2566 3661 2640">
    <p class='ocr_par' dir='ltr' id='par_1_93' title="bbox 2076 2566 3661 2640">
     <span class='ocr_line' id='line_1_95' title="bbox 2076 2566 3661 2640; baseline 0 -18"><span class='ocrx_word' id='word_1_631' title='bbox 2076 2568 2227 2623; x_wconf 91' lang='lat' dir='ltr'><strong>bant.</strong></span> <span class='ocrx_word' id='word_1_632' title='bbox 2261 2568 2352 2623; x_wconf 90' lang='lat' dir='ltr'><strong>Sic</strong></span> <span class='ocrx_word' id='word_1_633' title='bbox 2386 2571 2688 2638; x_wconf 88' lang='lat' dir='ltr'><strong>imperante</strong></span> <span class='ocrx_word' id='word_1_634' title='bbox 2721 2570 2922 2626; x_wconf 90' lang='lat' dir='ltr'><strong>Basilio</strong></span> <span class='ocrx_word' id='word_1_635' title='bbox 2953 2569 3493 2640; x_wconf 82' lang='lat' dir='ltr'><strong>Porphyrogenneto,</strong></span> <span class='ocrx_word' id='word_1_636' title='bbox 3519 2566 3661 2640; x_wconf 57' lang='lat' dir='ltr'><strong>riga-</strong></span> 
     </span>
    </p>
   </div>
   <div class='ocr_carea' id='block_1_94' title="bbox 2074 2634 3662 2709">
    <p class='ocr_par' dir='ltr' id='par_1_94' title="bbox 2074 2634 3662 2709">
     <span class='ocr_line' id='line_1_96' title="bbox 2074 2634 3662 2709; baseline -0.003 -18"><span class='ocrx_word' id='word_1_637' title='bbox 2074 2642 2192 2707; x_wconf 88' lang='lat' dir='ltr'><strong>pius</strong></span> <span class='ocrx_word' id='word_1_638' title='bbox 2228 2634 2647 2709; x_wconf 82' lang='lat' dir='ltr'><strong>archiepiscopus</strong></span> <span class='ocrx_word' id='word_1_639' title='bbox 2683 2640 2936 2695; x_wconf 72' lang='lat' dir='ltr'><strong>Seleucia:</strong></span> <span class='ocrx_word' id='word_1_640' title='bbox 2976 2643 3029 2694; x_wconf 89' lang='lat' dir='ltr'><strong>in</strong></span> <span class='ocrx_word' id='word_1_641' title='bbox 3065 2634 3267 2709; x_wconf 55' lang='lat' dir='ltr'><strong>Syria:</strong></span> <span class='ocrx_word' id='word_1_642' title='bbox 3299 2639 3473 2709; x_wconf 88' lang='lat' dir='ltr'><strong>factus</strong></span> <span class='ocrx_word' id='word_1_643' title='bbox 3535 2634 3662 2688; x_wconf 81' lang='lat' dir='ltr'><strong>Ilie-</strong></span> 
     </span>
    </p>
   </div>
   <div class='ocr_carea' id='block_1_95' title="bbox 2074 2708 3662 2781">
    <p class='ocr_par' dir='ltr' id='par_1_95' title="bbox 2074 2708 3662 2781">
     <span class='ocr_line' id='line_1_97' title="bbox 2074 2708 3662 2781; baseline -0.003 -19"><span class='ocrx_word' id='word_1_644' title='bbox 2074 2712 2463 2781; x_wconf 82' lang='lat' dir='ltr'><strong>rosolymorum</strong></span> <span class='ocrx_word' id='word_1_645' title='bbox 2496 2712 2824 2779; x_wconf 85' lang='lat' dir='ltr'><strong>patriarcha,</strong></span> <span class='ocrx_word' id='word_1_646' title='bbox 2854 2728 2970 2766; x_wconf 89' lang='lat' dir='ltr'><strong>cum</strong></span> <span class='ocrx_word' id='word_1_647' title='bbox 3028 2708 3544 2777; x_wconf 86' lang='lat' dir='ltr'><strong>Constantinopolim</strong></span> <span class='ocrx_word' id='word_1_648' title='bbox 3578 2722 3662 2759; x_wconf 87' lang='lat' dir='ltr'><strong>ve-</strong></span> 
     </span>
    </p>
   </div>
   <div class='ocr_carea' id='block_1_96' title="bbox 2077 2781 3660 2845">
    <p class='ocr_par' dir='ltr' id='par_1_96' title="bbox 2077 2781 3660 2845">
     <span class='ocr_line' id='line_1_98' title="bbox 2077 2781 3660 2845; baseline -0.003 -12"><span class='ocrx_word' id='word_1_649' title='bbox 2077 2783 2261 2842; x_wconf 88' lang='lat' dir='ltr'><strong>nisset,</strong></span> <span class='ocrx_word' id='word_1_650' title='bbox 2293 2784 2577 2835; x_wconf 87' lang='lat' dir='ltr'><strong>missarum</strong></span> <span class='ocrx_word' id='word_1_651' title='bbox 2616 2782 2879 2838; x_wconf 89' lang='lat' dir='ltr'><strong>solemnia</strong></span> <span class='ocrx_word' id='word_1_652' title='bbox 2926 2781 3205 2836; x_wconf 87' lang='lat' dir='ltr'><strong>celebravit</strong></span> <span class='ocrx_word' id='word_1_653' title='bbox 3236 2798 3345 2834; x_wconf 91' lang='lat' dir='ltr'><strong>una</strong></span> <span class='ocrx_word' id='word_1_654' title='bbox 3393 2794 3511 2832; x_wconf 90' lang='lat' dir='ltr'><strong>cum</strong></span> <span class='ocrx_word' id='word_1_655' title='bbox 3559 2793 3660 2845; x_wconf 88' lang='lat' dir='ltr'><strong>pa-</strong></span> 
     </span>
    </p>
   </div>
   <div class='ocr_carea' id='block_1_97' title="bbox 2079 2852 3663 2922">
    <p class='ocr_par' dir='ltr' id='par_1_97' title="bbox 2079 2852 3663 2922">
     <span class='ocr_line' id='line_1_99' title="bbox 2079 2852 3663 2922; baseline -0.004 -15"><span class='ocrx_word' id='word_1_656' title='bbox 2079 2853 2313 2907; x_wconf 86' lang='lat' dir='ltr'><strong>triarcha</strong></span> <span class='ocrx_word' id='word_1_657' title='bbox 2349 2852 2944 2922; x_wconf 79' lang='lat' dir='ltr'><strong>Constantinopolitano</strong></span> <span class='ocrx_word' id='word_1_658' title='bbox 2983 2852 3235 2922; x_wconf 73' lang='lat' dir='ltr'><strong>Nicolao,</strong></span> <span class='ocrx_word' id='word_1_659' title='bbox 3267 2860 3316 2905; x_wconf 91' lang='lat' dir='ltr'><strong>et</strong></span> <span class='ocrx_word' id='word_1_660' title='bbox 3355 2866 3473 2922; x_wconf 72' lang='lat' dir='ltr'><strong>cum</strong></span> <span class='ocrx_word' id='word_1_661' title='bbox 3505 2864 3663 2922; x_wconf 69' lang='lat' dir='ltr'><strong>sacra</strong></span> 
     </span>
    </p>
   </div>
   <div class='ocr_carea' id='block_1_98' title="bbox 2077 2918 3663 2995">
    <p class='ocr_par' dir='ltr' id='par_1_98' title="bbox 2077 2918 3663 2995">
     <span class='ocr_line' id='line_1_100' title="bbox 2077 2918 3663 2995; baseline -0.004 -19"><span class='ocrx_word' id='word_1_662' title='bbox 2077 2924 2300 2995; x_wconf 83' lang='lat' dir='ltr'><strong>synodo;</strong></span> <span class='ocrx_word' id='word_1_663' title='bbox 2330 2933 2399 2995; x_wconf 13' lang='lat' dir='ltr'><strong>uti</strong></span> <span class='ocrx_word' id='word_1_664' title='bbox 2422 2925 2621 2993; x_wconf 87' lang='lat' dir='ltr'><strong>legitur</strong></span> <span class='ocrx_word' id='word_1_665' title='bbox 2654 2918 2715 2995; x_wconf 72' lang='lat' dir='ltr'><strong>in</strong></span> <span class='ocrx_word' id='word_1_666' title='bbox 2744 2924 2883 2979; x_wconf 92' lang='lat' dir='ltr'><strong>libro</strong></span> <span class='ocrx_word' id='word_1_667' title='bbox 2913 2932 3108 2995; x_wconf 86' lang='lat' dir='ltr'><strong>quarto</strong></span> <span class='ocrx_word' id='word_1_668' title='bbox 3146 2921 3306 2995; x_wconf 10' lang='lat' dir='ltr'><strong>luris?</strong></span> <span class='ocrx_word' id='word_1_669' title='bbox 3327 2918 3663 2995; x_wconf 61' lang='lat' dir='ltr'><strong>_Grteco_-li_o-</strong></span> 
     </span>
    </p>
   </div>
   <div class='ocr_carea' id='block_1_99' title="bbox 2078 2989 3661 3065">
    <p class='ocr_par' dir='ltr' id='par_1_99' title="bbox 2078 2989 3661 3065">
     <span class='ocr_line' id='line_1_101' title="bbox 2078 2989 3661 3065; baseline -0.004 -19"><span class='ocrx_word' id='word_1_670' title='bbox 2078 2989 2249 3065; x_wconf 79' lang='lat' dir='ltr'><strong>mani,</strong></span> <span class='ocrx_word' id='word_1_671' title='bbox 2280 2989 2631 3065; x_wconf 43' lang='lat' dir='ltr'><strong>&#39;pagina‘QM.</strong></span> <span class='ocrx_word' id='word_1_672' title='bbox 2666 2993 2852 3049; x_wconf 65' lang='lat' dir='ltr'><strong>Graeca</strong></span> <span class='ocrx_word' id='word_1_673' title='bbox 2891 2989 2971 3049; x_wconf 83' lang='lat' dir='ltr'><strong>sic</strong></span> <span class='ocrx_word' id='word_1_674' title='bbox 3012 2993 3249 3065; x_wconf 86' lang='lat' dir='ltr'><strong>habent:</strong></span> <span class='ocrx_word' id='word_1_675' title='bbox 3288 2989 3661 3065; x_wconf 62' lang='grc' dir='ltr'><strong>Ὃςβίσελθὼγ</strong></span> 
     </span>
    </p>
   </div>
   <div class='ocr_carea' id='block_1_100' title="bbox 2082 3060 3663 3135">
    <p class='ocr_par' dir='ltr' id='par_1_100' title="bbox 2082 3060 3663 3135">
     <span class='ocr_line' id='line_1_102' title="bbox 2082 3060 3663 3135; baseline -0.002 -20"><span class='ocrx_word' id='word_1_676' title='bbox 2082 3060 2378 3135; x_wconf 50' lang='lat' dir='ltr'><strong>summa;</strong></span> <span class='ocrx_word' id='word_1_677' title='bbox 2417 3065 2899 3135; x_wconf 76' lang='grc' dir='ltr'>συνελειτούργησε</span> <span class='ocrx_word' id='word_1_678' title='bbox 2952 3064 3029 3133; x_wconf 84' lang='grc' dir='ltr'>τῷ</span> <span class='ocrx_word' id='word_1_679' title='bbox 3097 3062 3499 3135; x_wconf 14' lang='grc' dir='ltr'><strong>μανκαριωτάτφ</strong></span> <span class='ocrx_word' id='word_1_680' title='bbox 3541 3060 3663 3135; x_wconf 28' lang='grc' dir='ltr'><strong>’καὶ</strong></span> 
     </span>
    </p>
   </div>
   <div class='ocr_carea' id='block_1_101' title="bbox 2080 3131 3662 3257">
    <p class='ocr_par' dir='ltr' id='par_1_101' title="bbox 2080 3131 3662 3257">
     <span class='ocr_line' id='line_1_103' title="bbox 2080 3131 3662 3257; baseline -0.003 -71"><span class='ocrx_word' id='word_1_681' title='bbox 2080 3134 2373 3257; x_wconf 52' lang='grc' dir='ltr'><strong>ἁγιωτάτἘ</strong></span> <span class='ocrx_word' id='word_1_682' title='bbox 2414 3131 2936 3217; x_wconf 59' lang='grc' dir='ltr'><strong>πατρξάρχῃ“κύρίῳ</strong></span> <span class='ocrx_word' id='word_1_683' title='bbox 2980 3131 3262 3219; x_wconf 53' lang='grc' dir='ltr'><strong>Νιξιὸλάεῳζ</strong></span> <span class='ocrx_word' id='word_1_684' title='bbox 3300 3134 3393 3185; x_wconf 76' lang='grc' dir='ltr'><strong>καὶ</strong></span> <span class='ocrx_word' id='word_1_685' title='bbox 3436 3133 3502 3215; x_wconf 71' lang='grc' dir='ltr'><strong>τῇ</strong></span> <span class='ocrx_word' id='word_1_686' title='bbox 3540 3131 3662 3201; x_wconf 74' lang='grc' dir='ltr'><strong>ἱερᾷ</strong></span> 
     </span>
     <span class='ocr_line' id='line_1_104' title="bbox 2080 3202 3658 3257; baseline 0.001 -1"><span class='ocrx_word' id='word_1_687' title='bbox 2080 3206 2296 3257; x_wconf 84' lang='grc' dir='ltr'><strong>συνόδω.</strong></span> <span class='ocrx_word' id='word_1_688' title='bbox 2378 3214 2530 3257; x_wconf 89' lang='lat' dir='ltr'><strong>ostea</strong></span> <span class='ocrx_word' id='word_1_689' title='bbox 2571 3215 2867 3257; x_wconf 73' lang='lat' dir='ltr'><strong>numerante</strong></span> <span class='ocrx_word' id='word_1_690' title='bbox 2916 3206 3107 3257; x_wconf 85' lang='lat' dir='ltr'><strong>Alexio</strong></span> <span class='ocrx_word' id='word_1_691' title='bbox 3154 3206 3433 3257; x_wconf 71' lang='lat' dir='ltr'><strong>(.omneno</strong></span> <span class='ocrx_word' id='word_1_692' title='bbox 3462 3202 3658 3257; x_wconf 74' lang='lat' dir='ltr'><strong>babas.</strong></span> 
     </span>
    </p>
   </div>
   <div class='ocr_carea' id='block_1_102' title="bbox 2378 3202 3658 3275">
    <p class='ocr_par' dir='ltr' id='par_1_102' title="bbox 2378 3202 3658 3275">
     <span class='ocr_line' id='line_1_105' title="bbox 2378 3202 3658 3275; baseline -0.004 -16"><span class='ocrx_word' id='word_1_693' title='bbox 2378 3202 2537 3259; x_wconf 54' lang='lat' dir='ltr'><strong>ostea&#39;</strong></span> <span class='ocrx_word' id='word_1_694' title='bbox 2571 3202 2867 3275; x_wconf 72' lang='lat' dir='ltr'><strong>iuniperante</strong></span> <span class='ocrx_word' id='word_1_695' title='bbox 2908 3202 3107 3275; x_wconf 53' lang='lat' dir='ltr'><strong>&#39;Alexio</strong></span> <span class='ocrx_word' id='word_1_696' title='bbox 3154 3202 3433 3275; x_wconf 76' lang='lat' dir='ltr'><strong>Goinneno</strong></span> <span class='ocrx_word' id='word_1_697' title='bbox 3462 3202 3658 3275; x_wconf 83' lang='lat' dir='ltr'><strong>Sabas,</strong></span> 
     </span>
    </p>
   </div>
   <div class='ocr_carea' id='block_1_103' title="bbox 2072 3272 3661 3347">
    <p class='ocr_par' dir='ltr' id='par_1_103' title="bbox 2072 3272 3661 3347">
     <span class='ocr_line' id='line_1_106' title="bbox 2072 3272 3661 3347; baseline -0.001 -18"><span class='ocrx_word' id='word_1_698' title='bbox 2072 3272 2373 3346; x_wconf 82' lang='lat' dir='ltr'><strong>episcopus</strong></span> <span class='ocrx_word' id='word_1_699' title='bbox 2404 3272 2669 3331; x_wconf 73' lang='lat' dir='ltr'><strong>Czesarete</strong></span> <span class='ocrx_word' id='word_1_700' title='bbox 2702 3276 2968 3347; x_wconf 81' lang='lat' dir='ltr'><strong>Philippi,</strong></span> <span class='ocrx_word' id='word_1_701' title='bbox 2992 3274 3172 3347; x_wconf 81' lang='lat' dir='ltr'><strong>factus</strong></span> <span class='ocrx_word' id='word_1_702' title='bbox 3225 3283 3308 3329; x_wconf 89' lang='lat' dir='ltr'><strong>est</strong></span> <span class='ocrx_word' id='word_1_703' title='bbox 3344 3272 3661 3347; x_wconf 68' lang='lat' dir='ltr'><strong>Hierosoly-</strong></span> 
     </span>
    </p>
   </div>
   <div class='ocr_carea' id='block_1_104' title="bbox 2074 3341 3659 3416">
    <p class='ocr_par' dir='ltr' id='par_1_104' title="bbox 2074 3341 3659 3416">
     <span class='ocr_line' id='line_1_107' title="bbox 2074 3341 3659 3416; baseline -0.003 -17"><span class='ocrx_word' id='word_1_704' title='bbox 2074 3341 2286 3400; x_wconf 81' lang='lat' dir='ltr'><strong>morum</strong></span> <span class='ocrx_word' id='word_1_705' title='bbox 2329 3347 2669 3416; x_wconf 88' lang='lat' dir='ltr'><strong>patriarcha,</strong></span> <span class='ocrx_word' id='word_1_706' title='bbox 2726 3348 2818 3416; x_wconf 90' lang='lat' dir='ltr'><strong>qui</strong></span> <span class='ocrx_word' id='word_1_707' title='bbox 2848 3341 3079 3402; x_wconf 51' lang='lat' dir='ltr'><strong>seniens</strong></span> <span class='ocrx_word' id='word_1_708' title='bbox 3121 3341 3659 3416; x_wconf 79' lang='lat' dir='ltr'><strong>ConstantinOpolim</strong></span> 
     </span>
    </p>
   </div>
   <div class='ocr_carea' id='block_1_105' title="bbox 2072 3413 3659 3472">
    <p class='ocr_par' dir='ltr' id='par_1_105' title="bbox 2072 3413 3659 3472">
     <span class='ocr_line' id='line_1_108' title="bbox 2072 3413 3659 3472; baseline -0.003 -3"><span class='ocrx_word' id='word_1_709' title='bbox 2072 3413 2371 3471; x_wconf 82' lang='lat' dir='ltr'><strong>missarum</strong></span> <span class='ocrx_word' id='word_1_710' title='bbox 2395 3418 2664 3471; x_wconf 91' lang='lat' dir='ltr'><strong>solemnia</strong></span> <span class='ocrx_word' id='word_1_711' title='bbox 2696 3413 2993 3472; x_wconf 81' lang='lat' dir='ltr'><strong>celebravit</strong></span> <span class='ocrx_word' id='word_1_712' title='bbox 3023 3431 3131 3470; x_wconf 92' lang='lat' dir='ltr'><strong>una</strong></span> <span class='ocrx_word' id='word_1_713' title='bbox 3158 3432 3279 3470; x_wconf 90' lang='lat' dir='ltr'><strong>cum</strong></span> <span class='ocrx_word' id='word_1_714' title='bbox 3308 3413 3659 3471; x_wconf 86' lang='lat' dir='ltr'><strong>sanctissimo</strong></span> 
     </span>
    </p>
   </div>
   <div class='ocr_carea' id='block_1_106' title="bbox 2074 3484 3660 3558">
    <p class='ocr_par' dir='ltr' id='par_1_106' title="bbox 2074 3484 3660 3558">
     <span class='ocr_line' id='line_1_109' title="bbox 2074 3484 3660 3558; baseline -0.002 -19"><span class='ocrx_word' id='word_1_715' title='bbox 2074 3488 2387 3557; x_wconf 87' lang='lat' dir='ltr'><strong>patriarcha</strong></span> <span class='ocrx_word' id='word_1_716' title='bbox 2436 3487 2661 3558; x_wconf 84' lang='lat' dir='ltr'><strong>Nicolao</strong></span> <span class='ocrx_word' id='word_1_717' title='bbox 2707 3496 2761 3543; x_wconf 91' lang='lat' dir='ltr'><strong>et</strong></span> <span class='ocrx_word' id='word_1_718' title='bbox 2821 3503 2977 3543; x_wconf 89' lang='lat' dir='ltr'><strong>sacra</strong></span> <span class='ocrx_word' id='word_1_719' title='bbox 3012 3487 3243 3558; x_wconf 83' lang='lat' dir='ltr'><strong>synodo,</strong></span> <span class='ocrx_word' id='word_1_720' title='bbox 3285 3494 3344 3558; x_wconf 86' lang='lat' dir='ltr'><strong>ut</strong></span> <span class='ocrx_word' id='word_1_721' title='bbox 3375 3485 3573 3558; x_wconf 83' lang='lat' dir='ltr'><strong>legitur</strong></span> <span class='ocrx_word' id='word_1_722' title='bbox 3603 3484 3660 3537; x_wconf 89' lang='lat' dir='ltr'><strong>in</strong></span> 
     </span>
    </p>
   </div>
   <div class='ocr_carea' id='block_1_107' title="bbox 2071 3555 3659 3626">
    <p class='ocr_par' dir='ltr' id='par_1_107' title="bbox 2071 3555 3659 3626">
     <span class='ocr_line' id='line_1_110' title="bbox 2071 3555 3659 3626; baseline -0.004 -14"><span class='ocrx_word' id='word_1_723' title='bbox 2071 3555 2263 3612; x_wconf 79' lang='lat' dir='ltr'><strong>eodem</strong></span> <span class='ocrx_word' id='word_1_724' title='bbox 2298 3559 2435 3613; x_wconf 89' lang='lat' dir='ltr'><strong>libro</strong></span> <span class='ocrx_word' id='word_1_725' title='bbox 2464 3556 2498 3611; x_wconf 76' lang='grc' dir='ltr'><strong>,Ι</strong></span> <span class='ocrx_word' id='word_1_726' title='bbox 2507 3561 2615 3613; x_wconf 90' lang='lat' dir='ltr'><strong>uris</strong></span> <span class='ocrx_word' id='word_1_727' title='bbox 2640 3555 3114 3613; x_wconf 63' lang='lat' dir='ltr'><strong>Greece-Romani:</strong></span> <span class='ocrx_word' id='word_1_728' title='bbox 3172 3555 3659 3626; x_wconf 76' lang='grc' dir='ltr'><strong>Συνελειτούργῃσε</strong></span> 
     </span>
    </p>
   </div>
   <div class='ocr_carea' id='block_1_108' title="bbox 2071 3624 3655 3701">
    <p class='ocr_par' dir='ltr' id='par_1_108' title="bbox 2071 3624 3655 3701">
     <span class='ocr_line' id='line_1_111' title="bbox 2071 3624 3655 3701; baseline -0.003 -20"><span class='ocrx_word' id='word_1_729' title='bbox 2071 3626 2157 3701; x_wconf 13' lang='grc' dir='ltr'><strong>’ξῷί</strong></span> <span class='ocrx_word' id='word_1_730' title='bbox 2201 3630 2495 3701; x_wconf 64' lang='grc' dir='ltr'><strong>ἁγιωτάτῳ</strong></span> <span class='ocrx_word' id='word_1_731' title='bbox 2541 3631 2858 3701; x_wconf 76' lang='grc' dir='ltr'><strong>πατριάρχῃ</strong></span> <span class='ocrx_word' id='word_1_732' title='bbox 2900 3628 3152 3701; x_wconf 79' lang='grc' dir='ltr'><strong>Νικολάῳ</strong></span> <span class='ocrx_word' id='word_1_733' title='bbox 3193 3630 3287 3682; x_wconf 70' lang='grc' dir='ltr'>καὶ</span> <span class='ocrx_word' id='word_1_734' title='bbox 3320 3628 3386 3697; x_wconf 84' lang='grc' dir='ltr'><strong>τῇ</strong></span> <span class='ocrx_word' id='word_1_735' title='bbox 3430 3624 3655 3701; x_wconf 47' lang='lat' dir='ltr'><strong>cavsae.</strong></span> 
     </span>
    </p>
   </div>
   <div class='ocr_carea' id='block_1_109' title="bbox 2075 3696 3657 3767">
    <p class='ocr_par' dir='ltr' id='par_1_109' title="bbox 2075 3696 3657 3767">
     <span class='ocr_line' id='line_1_112' title="bbox 2075 3696 3657 3767; baseline -0.002 -15"><span class='ocrx_word' id='word_1_736' title='bbox 2075 3696 2200 3752; x_wconf 81' lang='lat' dir='ltr'><strong>scio</strong></span> <span class='ocrx_word' id='word_1_737' title='bbox 2234 3696 2624 3753; x_wconf 84' lang='lat' dir='ltr'><strong>Lennclavium</strong></span> <span class='ocrx_word' id='word_1_738' title='bbox 2657 3696 3061 3756; x_wconf 70' lang='lat' dir='ltr'><strong>doctissimum</strong></span> <span class='ocrx_word' id='word_1_739' title='bbox 3107 3696 3460 3767; x_wconf 85' lang='lat' dir='ltr'><strong>interpretem</strong></span> <span class='ocrx_word' id='word_1_740' title='bbox 3505 3696 3657 3749; x_wconf 82' lang='lat' dir='ltr'><strong>Juris</strong></span> 
     </span>
    </p>
   </div>
   <div class='ocr_carea' id='block_1_110' title="bbox 2075 3767 3658 3841">
    <p class='ocr_par' dir='ltr' id='par_1_110' title="bbox 2075 3767 3658 3841">
     <span class='ocr_line' id='line_1_113' title="bbox 2075 3767 3658 3841; baseline -0.002 -19"><span class='ocrx_word' id='word_1_741' title='bbox 2075 3768 2803 3836; x_wconf 75' lang='lat' dir='ltr'><strong>erco-Romani,verbum</strong></span> <span class='ocrx_word' id='word_1_742' title='bbox 2858 3772 3291 3841; x_wconf 73' lang='grc' dir='ltr'><strong>συλλειτουργείν</strong></span> <span class='ocrx_word' id='word_1_743' title='bbox 3332 3768 3523 3841; x_wconf 69' lang='lat' dir='ltr'><strong>Latine</strong></span> <span class='ocrx_word' id='word_1_744' title='bbox 3574 3767 3658 3820; x_wconf 90' lang='lat' dir='ltr'><strong>in-</strong></span> 
     </span>
    </p>
   </div>
   <div class='ocr_carea' id='block_1_111' title="bbox 2072 3837 3655 3909">
    <p class='ocr_par' dir='ltr' id='par_1_111' title="bbox 2072 3837 3655 3909">
     <span class='ocr_line' id='line_1_114' title="bbox 2072 3837 3655 3909; baseline -0.003 -16"><span class='ocrx_word' id='word_1_745' title='bbox 2072 3849 2427 3909; x_wconf 88' lang='lat' dir='ltr'><strong>terpretatum</strong></span> <span class='ocrx_word' id='word_1_746' title='bbox 2454 3858 2594 3906; x_wconf 84' lang='lat' dir='ltr'><strong>esse,</strong></span> <span class='ocrx_word' id='word_1_747' title='bbox 2626 3858 2842 3896; x_wconf 87' lang='lat' dir='ltr'><strong>sacrum</strong></span> <span class='ocrx_word' id='word_1_748' title='bbox 2880 3837 3242 3897; x_wconf 83' lang='lat' dir='ltr'><strong>ministerium</strong></span> <span class='ocrx_word' id='word_1_749' title='bbox 3273 3837 3655 3894; x_wconf 86' lang='lat' dir='ltr'><strong>obire.Verum</strong></span> 
     </span>
    </p>
   </div>
   <div class='ocr_carea' id='block_1_112' title="bbox 2073 3908 3656 3983">
    <p class='ocr_par' dir='ltr' id='par_1_112' title="bbox 2073 3908 3656 3983">
     <span class='ocr_line' id='line_1_115' title="bbox 2073 3908 3656 3983; baseline -0.003 -18"><span class='ocrx_word' id='word_1_750' title='bbox 2073 3908 2694 3983; x_wconf 36' lang='lat' dir='ltr'><strong>noStraJinterpretatio</strong></span> <span class='ocrx_word' id='word_1_751' title='bbox 2734 3914 2928 3966; x_wconf 91' lang='lat' dir='ltr'><strong>melior</strong></span> <span class='ocrx_word' id='word_1_752' title='bbox 2971 3921 3074 3974; x_wconf 89' lang='lat' dir='ltr'><strong>est,</strong></span> <span class='ocrx_word' id='word_1_753' title='bbox 3113 3913 3314 3982; x_wconf 90' lang='lat' dir='ltr'><strong>quippe</strong></span> <span class='ocrx_word' id='word_1_754' title='bbox 3358 3910 3656 3983; x_wconf 65' lang='lat' dir='ltr'><strong>quaeGre-</strong></span> 
     </span>
    </p>
   </div>
   <div class='ocr_carea' id='block_1_113' title="bbox 2070 3980 3654 4053">
    <p class='ocr_par' dir='ltr' id='par_1_113' title="bbox 2070 3980 3654 4053">
     <span class='ocr_line' id='line_1_116' title="bbox 2070 3980 3654 4053; baseline 0.001 -18"><span class='ocrx_word' id='word_1_755' title='bbox 2070 3984 2210 4052; x_wconf 92' lang='lat' dir='ltr'><strong>gorii</strong></span> <span class='ocrx_word' id='word_1_756' title='bbox 2237 3982 2421 4053; x_wconf 79' lang='lat' dir='ltr'><strong>Magni</strong></span> <span class='ocrx_word' id='word_1_757' title='bbox 2456 3980 2782 4039; x_wconf 78' lang='lat' dir='ltr'><strong>auctoritate</strong></span> <span class='ocrx_word' id='word_1_758' title='bbox 2809 3986 3076 4047; x_wconf 81' lang='lat' dir='ltr'><strong>firmatur,</strong></span> <span class='ocrx_word' id='word_1_759' title='bbox 3112 3980 3168 4037; x_wconf 78' lang='lat' dir='ltr'><strong>ut</strong></span> <span class='ocrx_word' id='word_1_760' title='bbox 3197 3980 3358 4050; x_wconf 79' lang='lat' dir='ltr'><strong>supra</strong></span> <span class='ocrx_word' id='word_1_761' title='bbox 3382 3980 3654 4036; x_wconf 38' lang='lat' dir='ltr'><strong>&#39;vidimus.</strong></span> 
     </span>
    </p>
   </div>
   <div class='ocr_carea' id='block_1_114' title="bbox 2070 4053 3662 4123">
    <p class='ocr_par' dir='ltr' id='par_1_114' title="bbox 2070 4053 3662 4123">
     <span class='ocr_line' id='line_1_117' title="bbox 2070 4053 3662 4123; baseline -0.003 -15"><span class='ocrx_word' id='word_1_762' title='bbox 2070 4053 2329 4122; x_wconf 80' lang='lat' dir='ltr'><strong>Ejusdem</strong></span> <span class='ocrx_word' id='word_1_763' title='bbox 2366 4055 2536 4110; x_wconf 91' lang='lat' dir='ltr'><strong>moris</strong></span> <span class='ocrx_word' id='word_1_764' title='bbox 2566 4054 2776 4111; x_wconf 89' lang='lat' dir='ltr'><strong>illustre</strong></span> <span class='ocrx_word' id='word_1_765' title='bbox 2803 4055 3063 4109; x_wconf 89' lang='lat' dir='ltr'><strong>habemus</strong></span> <span class='ocrx_word' id='word_1_766' title='bbox 3086 4054 3395 4123; x_wconf 88' lang='lat' dir='ltr'><strong>exemplum</strong></span> <span class='ocrx_word' id='word_1_767' title='bbox 3434 4053 3485 4105; x_wconf 91' lang='lat' dir='ltr'><strong>in</strong></span> <span class='ocrx_word' id='word_1_768' title='bbox 3528 4066 3662 4123; x_wconf 77' lang='lat' dir='ltr'><strong>syn-</strong></span> 
     </span>
    </p>
   </div>
   <div class='ocr_carea' id='block_1_115' title="bbox 2069 4122 3656 4196">
    <p class='ocr_par' dir='ltr' id='par_1_115' title="bbox 2069 4122 3656 4196">
     <span class='ocr_line' id='line_1_118' title="bbox 2069 4122 3656 4196; baseline -0.004 -17"><span class='ocrx_word' id='word_1_769' title='bbox 2069 4127 2174 4179; x_wconf 91' lang='lat' dir='ltr'><strong>odo</strong></span> <span class='ocrx_word' id='word_1_770' title='bbox 2222 4124 2261 4196; x_wconf 74' lang='grc' dir='ltr'>γ</span> <span class='ocrx_word' id='word_1_771' title='bbox 2312 4126 2675 4190; x_wconf 77' lang='lat' dir='ltr'><strong>oecumenica,</strong></span> <span class='ocrx_word' id='word_1_772' title='bbox 2713 4126 2801 4180; x_wconf 93' lang='lat' dir='ltr'><strong>cui</strong></span> <span class='ocrx_word' id='word_1_773' title='bbox 2833 4134 3072 4194; x_wconf 84' lang='lat' dir='ltr'><strong>quatuor</strong></span> <span class='ocrx_word' id='word_1_774' title='bbox 3122 4122 3469 4196; x_wconf 72' lang='lat' dir='ltr'><strong>pa_triarchse_</strong></span> <span class='ocrx_word' id='word_1_775' title='bbox 3492 4122 3656 4196; x_wconf 79' lang='lat' dir='ltr'><strong>simul</strong></span> 
     </span>
    </p>
   </div>
   <div class='ocr_carea' id='block_1_116' title="bbox 2070 4192 3657 4265">
    <p class='ocr_par' dir='ltr' id='par_1_116' title="bbox 2070 4192 3657 4265">
     <span class='ocr_line' id='line_1_119' title="bbox 2070 4192 3657 4265; baseline -0.003 -15"><span class='ocrx_word' id='word_1_776' title='bbox 2070 4195 2457 4257; x_wconf 88' lang='lat' dir='ltr'><strong>interfuerunt,</strong></span> <span class='ocrx_word' id='word_1_777' title='bbox 2492 4205 2547 4250; x_wconf 89' lang='lat' dir='ltr'><strong>et</strong></span> <span class='ocrx_word' id='word_1_778' title='bbox 2590 4196 2642 4249; x_wconf 95' lang='lat' dir='ltr'><strong>in</strong></span> <span class='ocrx_word' id='word_1_779' title='bbox 2677 4192 2871 4265; x_wconf 84' lang='lat' dir='ltr'><strong>magna</strong></span> <span class='ocrx_word' id='word_1_780' title='bbox 2904 4192 3135 4251; x_wconf 83' lang='lat' dir='ltr'><strong>ecclesia</strong></span> <span class='ocrx_word' id='word_1_781' title='bbox 3180 4192 3392 4249; x_wconf 72' lang='lat' dir='ltr'><strong>Sancta:</strong></span> <span class='ocrx_word' id='word_1_782' title='bbox 3439 4192 3657 4265; x_wconf 75' lang='lat' dir='ltr'><strong>Sophia:</strong></span> 
     </span>
    </p>
   </div>
   <div class='ocr_carea' id='block_1_117' title="bbox 2071 4263 3656 4329">
    <p class='ocr_par' dir='ltr' id='par_1_117' title="bbox 2071 4263 3656 4329">
     <span class='ocr_line' id='line_1_120' title="bbox 2071 4263 3656 4329; baseline -0.004 -9"><span class='ocrx_word' id='word_1_783' title='bbox 2071 4269 2361 4321; x_wconf 88' lang='lat' dir='ltr'><strong>missarum</strong></span> <span class='ocrx_word' id='word_1_784' title='bbox 2397 4267 2664 4321; x_wconf 89' lang='lat' dir='ltr'><strong>solemnia</strong></span> <span class='ocrx_word' id='word_1_785' title='bbox 2697 4263 2856 4322; x_wconf 86' lang='lat' dir='ltr'><strong>simul</strong></span> <span class='ocrx_word' id='word_1_786' title='bbox 2896 4268 3289 4329; x_wconf 88' lang='lat' dir='ltr'><strong>celebrarunt;</strong></span> <span class='ocrx_word' id='word_1_787' title='bbox 3350 4276 3407 4318; x_wconf 94' lang='lat' dir='ltr'><strong>ut</strong></span> <span class='ocrx_word' id='word_1_788' title='bbox 3459 4263 3656 4316; x_wconf 84' lang='lat' dir='ltr'><strong>scribit</strong></span> 
     </span>
    </p>
   </div>
   <div class='ocr_carea' id='block_1_118' title="bbox 2071 4332 3655 4409">
    <p class='ocr_par' dir='ltr' id='par_1_118' title="bbox 2071 4332 3655 4409">
     <span class='ocr_line' id='line_1_121' title="bbox 2071 4332 3655 4409; baseline -0.003 -19"><span class='ocrx_word' id='word_1_789' title='bbox 2071 4336 2393 4409; x_wconf 89' lang='lat' dir='ltr'><strong>Eustathius</strong></span> <span class='ocrx_word' id='word_1_790' title='bbox 2441 4338 2495 4409; x_wconf 89' lang='lat' dir='ltr'><strong>in</strong></span> <span class='ocrx_word' id='word_1_791' title='bbox 2526 4336 2646 4391; x_wconf 81' lang='lat' dir='ltr'><strong>Vita</strong></span> <span class='ocrx_word' id='word_1_792' title='bbox 2680 4338 2819 4392; x_wconf 88' lang='lat' dir='ltr'><strong>beati</strong></span> <span class='ocrx_word' id='word_1_793' title='bbox 2868 4337 3114 4409; x_wconf 81' lang='lat' dir='ltr'><strong>Eutychii</strong></span> <span class='ocrx_word' id='word_1_794' title='bbox 3150 4336 3476 4406; x_wconf 70' lang='lat' dir='ltr'><strong>patriarcha:</strong></span> <span class='ocrx_word' id='word_1_795' title='bbox 3503 4332 3655 4387; x_wconf 62' lang='grc' dir='ltr'><strong>(ἐρο-</strong></span> 
     </span>
    </p>
   </div>
   <div class='ocr_carea' id='block_1_119' title="bbox 2073 4406 3655 4477">
    <p class='ocr_par' dir='ltr' id='par_1_119' title="bbox 2073 4406 3655 4477">
     <span class='ocr_line' id='line_1_122' title="bbox 2073 4406 3655 4477; baseline -0.005 -14"><span class='ocrx_word' id='word_1_796' title='bbox 2073 4410 2264 4463; x_wconf 88' lang='lat' dir='ltr'><strong>litani:</strong></span> <span class='ocrx_word' id='word_1_797' title='bbox 2315 4408 2751 4475; x_wconf 82' lang='lat' dir='ltr'><strong>Quadruplicem,</strong></span> <span class='ocrx_word' id='word_1_798' title='bbox 2788 4406 2987 4477; x_wconf 76' lang='lat' dir='ltr'><strong>inquit,</strong></span> <span class='ocrx_word' id='word_1_799' title='bbox 3034 4409 3319 4477; x_wconf 88' lang='lat' dir='ltr'><strong>quamdam</strong></span> <span class='ocrx_word' id='word_1_800' title='bbox 3355 4416 3403 4460; x_wconf 92' lang='lat' dir='ltr'><strong>et</strong></span> <span class='ocrx_word' id='word_1_801' title='bbox 3438 4419 3655 4477; x_wconf 87' lang='lat' dir='ltr'><strong>auream</strong></span> 
     </span>
    </p>
   </div>
   <div class='ocr_carea' id='block_1_120' title="bbox 2071 4476 3657 4551">
    <p class='ocr_par' dir='ltr' id='par_1_120' title="bbox 2071 4476 3657 4551">
     <span class='ocr_line' id='line_1_123' title="bbox 2071 4476 3657 4551; baseline -0.004 -18"><span class='ocrx_word' id='word_1_802' title='bbox 2071 4478 2459 4551; x_wconf 87' lang='lat' dir='ltr'><strong>quodammodo</strong></span> <span class='ocrx_word' id='word_1_803' title='bbox 2487 4480 2789 4551; x_wconf 70' lang='lat' dir='ltr'><strong>conﬁciunt</strong></span> <span class='ocrx_word' id='word_1_804' title='bbox 2813 4476 3087 4533; x_wconf 83' lang='lat' dir='ltr'><strong>catenam:</strong></span> <span class='ocrx_word' id='word_1_805' title='bbox 3111 4481 3165 4531; x_wconf 88' lang='lat' dir='ltr'><strong>in</strong></span> <span class='ocrx_word' id='word_1_806' title='bbox 3200 4493 3444 4547; x_wconf 89' lang='lat' dir='ltr'><strong>magnam</strong></span> <span class='ocrx_word' id='word_1_807' title='bbox 3491 4476 3657 4551; x_wconf 82' lang='lat' dir='ltr'><strong>eccle-</strong></span> 
     </span>
    </p>
   </div>
   <div class='ocr_carea' id='block_1_121' title="bbox 2071 4547 3656 4620">
    <p class='ocr_par' dir='ltr' id='par_1_121' title="bbox 2071 4547 3656 4620">
     <span class='ocr_line' id='line_1_124' title="bbox 2071 4547 3656 4620; baseline -0.004 -15"><span class='ocrx_word' id='word_1_808' title='bbox 2071 4547 2205 4605; x_wconf 74' lang='lat' dir='ltr'><strong>siam</strong></span> <span class='ocrx_word' id='word_1_809' title='bbox 2232 4551 2458 4619; x_wconf 87' lang='lat' dir='ltr'><strong>ingressi</strong></span> <span class='ocrx_word' id='word_1_810' title='bbox 2483 4547 2627 4610; x_wconf 87' lang='lat' dir='ltr'><strong>sunt,</strong></span> <span class='ocrx_word' id='word_1_811' title='bbox 2659 4560 2707 4603; x_wconf 87' lang='lat' dir='ltr'><strong>et</strong></span> <span class='ocrx_word' id='word_1_812' title='bbox 2737 4548 2975 4604; x_wconf 78' lang='lat' dir='ltr'><strong>divinum</strong></span> <span class='ocrx_word' id='word_1_813' title='bbox 2998 4552 3437 4620; x_wconf 86' lang='lat' dir='ltr'><strong>incruentumque</strong></span> <span class='ocrx_word' id='word_1_814' title='bbox 3479 4547 3656 4601; x_wconf 86' lang='lat' dir='ltr'><strong>sacri-</strong></span> 
     </span>
    </p>
   </div>
   <div class='ocr_carea' id='block_1_122' title="bbox 2072 4621 2729 4692">
    <p class='ocr_par' dir='ltr' id='par_1_122' title="bbox 2072 4621 2729 4692">
     <span class='ocr_line' id='line_1_125' title="bbox 2072 4621 2729 4692; baseline -0.002 -16"><span class='ocrx_word' id='word_1_815' title='bbox 2072 4624 2253 4692; x_wconf 85' lang='lat' dir='ltr'><strong>ﬁcium</strong></span> <span class='ocrx_word' id='word_1_816' title='bbox 2282 4621 2601 4688; x_wconf 83' lang='lat' dir='ltr'><strong>obtulerunt,</strong></span> <span class='ocrx_word' id='word_1_817' title='bbox 2626 4630 2729 4675; x_wconf 77' lang='lat' dir='ltr'><strong>etc.</strong></span> 
     </span>
    </p>
   </div>
  </div>
