1887 3058
83 223 1724 252 "mm.--
715 223 969 247 :Wm
975 226 1042 249 ’ζ’
1048 225 1290 250 ῗζζᾲῖ-Ϊ,
1295 226 1625 251 T‘——::;;—T“
1631 228 1685 232 "'—

728 395 1102 443 CHRISTIANISSIMO

523 497 836 528 FRANCORUM
866 497 930 527 ET
959 497 1190 529 ΝΑνΑΒΒΑΞ
1213 495 1329 526 REGI

671 591 880 625 LUDOVICO
902 592 929 622 Α
951 591 1033 622 DEO
1058 591 1179 622 DATO.

126 768 429 800 Ecclesiasticarum
441 777 545 800 rerum
565 770 743 806 Historiam,
760 779 778 801 a
797 771 924 801 Socrate
940 771 1014 801 olim
1037 779 1072 800 ac
1088 769 1262 800 Sozomeno
1280 770 1386 800 Graece
1406 771 1628 810 conscriptam,
1647 781 1731 805 nunc

85 831 170 853 vero
183 823 215 853 in
229 822 380 853 Latinum
396 831 574 853 sermonem
590 832 608 854 a
626 831 677 854 me
691 831 875 854 conversam
898 826 992 862 atque
1017 822 1288 853 observationibus
1305 821 1500 858 illustratam,
1517 824 1620 851 utrum
1635 821 1731 861 Majo-

86 874 166 904 stati
184 874 257 903 Tuae
278 882 468 913 nuncupare
484 874 644 911 deberem,
660 883 716 905 rex
741 874 1021 911 Christianissime,
1041 874 1095 905 diu
1112 874 1310 913 multumque
1336 873 1487 904 dubitavi.
1508 874 1583 904 Nam
1605 883 1676 904 cum
1694 874 1733 904 ab

85 926 224 956 ineunte
246 928 342 956 tetate
363 926 474 957 studiis
496 935 546 958 me
567 926 806 958 humanioribus
829 927 1031 964 addixissem,
1053 931 1083 958 et
1101 927 1240 967 quietam
1261 925 1524 966 tranquillamque
1549 925 1642 955 vitam
1662 933 1734 955 cum

87 974 206 1005 litteris
225 977 351 1006 cunctis
367 984 494 1016 semper
504 977 599 1008 rebus
622 977 885 1018 anteposuissem,
908 977 1149 1017 ineptum-mihi
1160 977 1322 1007 videbatur
1337 979 1368 1006 et
1388 975 1525 1006 alienum
1540 973 1579 1004 ab
1592 974 1733 1004 instituto

89 1029 218 1062 nostro,
240 1029 394 1065 provecta
404 1026 468 1066 jam
484 1030 586 1065 aetate,
601 1028 718 1067 regiam
733 1028 864 1065 ambire,
881 1031 912 1059 et
928 1029 1119 1068 Majestatem
1130 1028 1238 1062 Tuam.
1257 1029 1303 1057 tot
1317 1026 1474 1065 tantisque
1489 1024 1660 1055 districtam
1675 1033 1733 1054 nc-

87 1077 200 1115 gotiis,
217 1077 375 1109 litterario
400 1087 532 1110 munere
557 1079 768 1119 interpellare.
792 1079 854 1110 Sed
878 1084 1043 1119 postquam
1065 1079 1268 1110 animadverti
1288 1078 1479 1118 Majestatem
1501 1077 1598 1107 Tuam
1622 1075 1733 1116 hujus-

90 1126 183 1156 modi
209 1135 345 1159 munera
369 1127 612 1167 haudquaquam
634 1128 806 1168 aspernari,
823 1132 853 1159 et
868 1128 1008 1159 eruditos
1026 1129 1181 1166 homines,
1197 1137 1261 1159 non
1280 1137 1335 1159 eos
1350 1129 1452 1160 solum
1472 1129 1526 1169 qui
1542 1129 1599 1160 sub
1614 1128 1734 1169 princi-

92 1180 173 1215 patu
189 1179 246 1208 tuo
259 1177 393 1216 degunt,
412 1174 520 1208 verum
540 1179 633 1210 etiam
653 1182 778 1210 exteros
791 1178 942 1218 singulari
956 1178 1149 1210 humanitate
1164 1187 1201 1210 ac
1215 1179 1435 1211 benevolentia
1451 1179 1630 1220 complecti,
1648 1183 1677 1210 et
1694 1181 1734 1211 ad

95 1230 278 1261 excolenda
300 1232 494 1271 optimarum
516 1232 630 1263 artium
653 1232 755 1264 studia
773 1236 960 1272 cunctorum
975 1233 1097 1264 animos
1112 1241 1214 1272 nuper
1235 1232 1418 1263 liberalitate
1432 1240 1488 1263 sua
1504 1231 1666 1269 excitasse,
1682 1232 1733 1261 in—

47 1308 53 1311 .
95 1282 177 1321 grati
194 1281 294 1312 animi
308 1280 378 1311 fere
395 1281 578 1318 existimavi,
593 1282 619 1312 si
635 1281 696 1313 hoc
710 1291 791 1322 opus
806 1285 861 1313 tuo
880 1282 1060 1322 principatu
1077 1285 1214 1322 coeptum
1231 1285 1324 1322 atque
1344 1281 1549 1318 elaboratum,
1567 1281 1654 1312 alteri
1673 1291 1732 1321 po-

97 1331 161 1362 tius
183 1339 408 1369 consecrarem
421 1339 515 1370 quam
529 1332 597 1362 tibi.
611 1332 659 1363 An
674 1341 745 1363 cum
759 1341 817 1372 ego
831 1335 878 1364 tot
887 1333 955 1372 jam
970 1333 1068 1363 libros
1084 1333 1116 1363 in
1132 1333 1233 1364 lucem
1249 1332 1418 1368 amiserim,
1436 1334 1488 1361 tot-
1499 1330 1635 1361 illustres
1650 1331 1734 1362 viros

97 1382 224 1422 scriptis
238 1382 319 1413 meis
335 1382 582 1422 praedicaverim,
600 1382 739 1420 reginam
756 1383 847 1414 etiam
859 1387 998 1415 externae
1014 1383 1114 1421 gentis
1130 1382 1281 1422 peculiari
1300 1381 1441 1413 oratione
1461 1379 1663 1416 laudaverim,
1682 1390 1734 1411 re-

74 1441 172 1470 ‘gem
198 1431 318 1469 meum,
341 1440 447 1462 rerum
471 1434 625 1471 gestarum
649 1431 747 1470 gloria
764 1436 795 1462 et
822 1432 943 1463 cunctis
964 1431 1040 1463 belli
1061 1431 1211 1472 pacisque
1233 1431 1350 1462 artibus
1374 1431 1591 1468 excellentem,
1610 1431 1734 1462 silentio

98 1482 310 1512 transmittam
326 1490 334 1518 ;
350 1490 407 1512 nec
419 1482 566 1512 omnibus
582 1481 685 1513 modis
699 1482 869 1519 elaborem,
891 1487 926 1513 ut
952 1481 1082 1522 aliquod
1099 1481 1220 1520 ingenii
1239 1482 1300 1512 mei
1318 1484 1558 1512 monumentum
1580 1481 1611 1511 in
1635 1490 1735 1520 augu-

99 1533 239 1563 stissimo
253 1533 322 1572 ejus
340 1532 468 1563 nomine
484 1532 655 1572 appareat?
671 1533 739 1563 Huc
753 1533 874 1564 accedit
887 1533 1067 1572 exemplum
1086 1532 1251 1563 Sozomeni
1270 1532 1378 1568 nostri,
1395 1532 1449 1571 qui
1464 1540 1533 1562 cum
1549 1531 1735 1563 ecclesiasti—
1750 1556 1755 1560 .

99 1591 171 1614 cam
192 1582 362 1613 Historiam
388 1591 405 1612 a
429 1582 607 1623 principatu
633 1583 827 1614 Constantini
850 1583 976 1614 Maximi
995 1583 1034 1614 ad
1058 1592 1114 1614 sua
1132 1591 1233 1623 usque
1255 1586 1398 1622 tempora
1419 1590 1531 1613 novem
1553 1581 1640 1613 libris
1661 1592 1735 1614 con-

100 1633 267 1670 texuisset,
286 1641 355 1663 eam
370 1631 551 1663 Theodosio
565 1633 687 1663 Juniori
701 1633 946 1673 nuncupandum
965 1633 1093 1673 putavit.
1109 1634 1207 1669 Quem
1226 1636 1351 1664 secutus
1371 1633 1466 1672 longo
1485 1636 1557 1672 post
1570 1633 1734 1665 intervallo

100 1686 303 1726 Nicephorus
321 1685 474 1720 Callistus,
495 1683 674 1714 Andronico
699 1683 888 1722 Palmologo,
910 1685 1084 1723 Byzantino
1101 1684 1293 1723 imperatori,
1310 1692 1391 1724 opus
1414 1693 1505 1715 suum
1529 1687 1732 1717 consecravit.

101 1739 144 1767 Ac
159 1735 303 1776 profecto
321 1733 562 1775 sapientissime,
578 1737 611 1763 ut
623 1732 769 1772 equidem
786 1741 913 1769 censeo,
929 1736 1064 1773 uterque
1085 1733 1212 1773 illorum
1231 1732 1381 1772 judicavit
1400 1734 1521 1766 nullum
1540 1736 1665 1775 regibus
1686 1740 1734 1767 at-

102 1794 166 1826 que
182 1785 428 1825 imperatoribus
446 1783 685 1815 convenientius
705 1783 812 1814 offerri
826 1791 920 1823 posse
940 1792 1065 1820 munus,
1084 1792 1179 1822 quam
1199 1782 1360 1813 historiam
1379 1792 1484 1815 rerum
1507 1786 1734 1817 ecclesiastica-

103 1845 185 1866 rum.
202 1837 276 1872 Qum
293 1835 379 1866 enim
402 1833 542 1873 cognitio
558 1832 664 1864 utilior
683 1833 845 1872 magisque
865 1834 1042 1864 necessaria
1062 1836 1107 1864 est
1127 1832 1273 1873 principi,
1293 1842 1387 1872 quam
1411 1842 1517 1866 earum
1541 1845 1644 1867 rerum
1663 1846 1734 1876 qua:

105 1885 142 1915 ad
158 1885 264 1925 ipsum
283 1884 427 1924 quotidie
448 1882 651 1915 deferuntur?
664 1884 751 1914 Certe
767 1891 839 1914 eum
854 1883 963 1922 religio
980 1884 1117 1924 primum
1132 1884 1239 1914 locum
1253 1884 1392 1914 obtineat
1406 1885 1439 1914 in
1457 1886 1628 1925 republica,
1644 1896 1733 1917 cum-

106 1945 168 1976 que
191 1946 231 1968 ex
253 1946 317 1976 quo
337 1940 480 1976 tempore
500 1945 590 1975 reges
611 1939 704 1976 atque
727 1936 933 1976 imperatores
948 1945 1017 1967 sese
1031 1936 1187 1967 Ecclesia:
1203 1936 1336 1976 'corpori
1359 1935 1578 1974 adjunxerunt,
1599 1937 1734 1969 maxima

104 1995 232 2027 semper
248 1987 343 2018 fuerit
359 1995 469 2018 eorum
483 1987 650 2018 auctoritas
664 1986 697 2016 in
713 1986 807 2017 rebus
822 1987 968 2017 Ecclesiae
984 1987 1250 2024 administrandis,
1268 1990 1359 2026 turpe
1374 1989 1468 2025 atque
1482 1986 1667 2018 indecorum
1687 1993 1734 2019 est

105 2037 165 2067 illis
180 2037 327 2076 negotia‘,
349 2037 382 2067 in
407 2037 522 2076 quibus
543 2036 712 2068 tractandis
731 2036 856 2066 assidue
877 2040 1050 2072 versantur,
1075 2036 1231 2075 ignorare.
1252 2037 1359 2075 Itaque
1381 2039 1516 2078 majores
1535 2039 1590 2077 tui,
1607 2040 1733 2071 Carolos

106 2087 176 2117 dico
196 2091 227 2118 et
241 2087 429 2125 Ludovicos,
446 2087 500 2127 qui
519 2088 710 2117 Francorum
732 2094 830 2124 regno
854 2086 1032 2117 Romanum
1051 2086 1217 2125 imperium
1234 2086 1318 2116 velut
1334 2089 1542 2128 appendicem
1566 2090 1733 2129 quamdam

104 2139 329 2180 adjunxerunt,
343 2140 430 2170 omni
444 2139 548 2170 studio
562 2148 597 2170 ac
614 2138 774 2178 diligentia
789 2138 822 2168 in
841 2138 873 2168 id
887 2138 1109 2175 incubuerunt,
1130 2141 1163 2168 ut
1177 2138 1456 2170 ecclesiasticarum
1475 2148 1581 2170 rerum
1599 2141 1732 2171 exactis-

106 2190 215 2220 simam
235 2190 297 2220 sibi
311 2190 453 2220 notitiam
468 2192 697 2229 compararent.
713 2188 835 2228 Quippe
854 2187 1070 2226 intelligebant
1086 2188 1246 2228 principes
1266 2188 1498 2230 sapientissimi,
1516 2190 1609 2220 rebus
1623 2191 1733 2221 Eccle-

106 2244 158 2274 site
172 2245 272 2283 probe
294 2243 470 2274 constitutis
485 2245 579 2282 atque
596 2242 757 2278 ordinatis,
774 2241 895 2280 reliqua
919 2239 1069 2280 deinceps
1085 2249 1123 2271 ex
1139 2244 1211 2271 voto
1229 2241 1410 2277 succedere,
1430 2243 1460 2270 et
1481 2249 1590 2280 pacem
1610 2240 1734 2281 imperii

105 2303 140 2325 ac
154 2294 413 2334 tranquillitatem
434 2302 472 2325 ex
485 2294 634 2326 Ecclesiae
651 2302 728 2334 pace
743 2302 779 2324 ac
790 2292 1026 2333 tranquillitate,
1047 2297 1196 2332 tanquam
1211 2302 1250 2323 ex
1266 2293 1367 2329 fonte,
1388 2301 1584 2332 promanare.
1601 2294 1732 2323 Testan—

106 2350 154 2376 tur
167 2345 229 2376 hoc
245 2345 372 2375 illorum
388 2344 536 2382 studium,
553 2348 619 2375 tum
638 2344 777 2374 historia!
790 2346 922 2379 veteres,
939 2346 1005 2372 tum
1019 2342 1104 2381 leges
1123 2343 1310 2382 capitulares
1324 2343 1362 2373 ab
1377 2342 1487 2373 iisdem
1499 2342 1590 2373 editae
1609 2352 1645 2374 ac
1658 2352 1733 2382 pro—

107 2398 249 2436 mulgatae
264 2406 272 2434 ;
289 2396 445 2436 ejusmodi
461 2396 598 2431 decreta,
612 2394 644 2424 in
660 2393 775 2433 quibus
791 2393 892 2432 primo
916 2401 1042 2432 semper
1058 2392 1130 2423 loco
1148 2393 1187 2422 de
1210 2393 1302 2423 rebus
1319 2392 1536 2423 ecclesiasticis
1551 2397 1732 2426 sanxerunt,

106 2448 219 2487 quibus
233 2446 310 2478 nihil
325 2446 364 2477 ad
382 2446 579 2485 disciplinam
592 2444 834 2475 ecclesiasticam
849 2442 962 2473 sanciri
978 2441 1076 2482 possit
1089 2443 1204 2473 utilius.
1221 2443 1306 2474 Idem
1328 2444 1421 2474 etiam
1436 2447 1588 2474 testantur
1604 2444 1673 2475 libri
1691 2445 1734 2474 illi

106 2509 122 2530 a
139 2500 250 2530 Caruio
270 2499 384 2537 Magno
405 2497 586 2538 conscripti,
603 2506 683 2537 quos
700 2497 793 2536 vulgo
813 2496 975 2528 Carolinos
995 2499 1118 2526 vocant.
1135 2497 1205 2527 Non
1225 2497 1319 2535 igitur
1337 2498 1404 2527 sine
1422 2506 1526 2534 causa,
1541 2496 1732 2528 Christiano—

106 2559 172 2581 rum
195 2548 399 2588 antiquitates
418 2547 679 2579 Christianissimo
695 2546 842 2587 principi,
862 2546 1103 2577 ecclesiasticam
1124 2546 1291 2577 Historiam
1315 2547 1371 2578 tibi
1387 2549 1470 2578 inter
1483 2548 1630 2580 Ecclesiae
1654 2549 1732 2579 ﬁlios

106 2600 327 2642 primogenita,
348 2597 555 2628 dedicandam
577 2605 646 2627 esse
663 2595 846 2626 existimavi.
862 2596 898 2625 In
918 2604 991 2634 qua,
1012 2595 1087 2634 quid
1104 2598 1134 2626 et
1147 2599 1299 2635 quantum
1318 2597 1398 2636 juris
1422 2598 1460 2628 sit
1476 2599 1612 2638 principi
1632 2599 1664 2628 in
1680 2607 1730 2629 re-

107 2652 159 2683 bus
178 2650 414 2686 ecclesiasticis,
431 2650 574 2689 Majestas
586 2649 651 2678 Tua
671 2647 790 2686 liquido
811 2646 997 2686 perspiciet:
1020 2652 1051 2678 et
1069 2648 1334 2687 quemadmodum
1352 2658 1391 2680 ex
1408 2649 1650 2689 imperatoribus
1665 2651 1730 2679 Ro-

106 2705 213 2742 manis,
229 2704 253 2735 ii
275 2703 406 2743 quidem
430 2701 484 2741 qui
503 2700 676 2731 Ecclesiam
701 2698 790 2729 saevis
812 2699 1085 2738 persecutionibus
1105 2699 1301 2736 infestarunt,
1316 2701 1443 2732 adversa
1463 2711 1588 2742 semper
1606 2701 1731 2731 fortuna

105 2755 158 2792 usi,
174 2756 302 2785 funesto
327 2752 456 2783 tandem
481 2751 568 2781 exitu
586 2749 778 2785 interierint;
802 2748 823 2778 ii
839 2756 913 2779 vero
933 2748 988 2787 qui
1007 2749 1178 2780 Ecclesiam
1199 2759 1314 2788 augere
1338 2755 1432 2790 atque
1454 2760 1565 2782 ornare
1584 2750 1728 2781 omnibus

103 2806 201 2836 modis
215 2804 420 2839 studuerunt,
436 2802 490 2841 qui
505 2801 719 2832 sacerdotibus
739 2800 905 2838 honorem,
921 2800 1042 2832 clericis
1057 2801 1219 2841 privilegia
1234 2801 1527 2842 immunitatemqne
1540 2802 1724 2839 tribuerunt,

242 2857 384 2886 Pnnon.
411 2854 470 2884 Gn.
495 2852 622 2884 LXVII.
1457 2856 1473 2885 1

895 2974 1146 3037 48ῧὲ3
