1887 3058
162 107 193 134 Η
833 106 972 133 llENRlCl
993 106 1128 135 VALESII
1664 95 1666 97 ’
1785 110 1824 140 1’2

162 167 268 198 omnia
291 174 418 206 semper
439 165 510 196 laeta
533 175 569 197 ac
590 174 742 206 prospera
767 166 888 204 experti
913 167 986 202 sint,
1003 167 1087 197 etde
1109 165 1252 196 hostibus
1273 174 1308 196 ae
1324 167 1466 205 tyrannis
1488 169 1639 202 maximas
1653 172 1823 203 victorias

162 221 363 261 reportarint.
380 221 519 256 Quorum
530 220 564 248 tu
580 217 726 255 pietatem
747 223 819 244 cum
839 223 856 245 ἃ
873 215 983 254 primis
999 216 1088 254 regni
1105 215 1149 246 tui
1166 215 1351 246 rudimentis
1368 215 1508 248 imitatus
1526 219 1580 256 sis,
1591 219 1663 259 jure
1687 221 1820 252 merito

163 272 272 303 eadem
289 275 319 302 te
335 273 468 303 felicitas
482 272 514 302 in
529 268 650 300 cunctis
667 266 922 306 expeditionibus
946 271 1100 307 perpetuo
1121 267 1296 298 comitatur.
1315 268 1443 298 Possem
1461 267 1521 300 hoc
1546 270 1617 301 loco
1633 271 1665 302 in
1689 272 1819 303 laudes

161 326 232 352 tuas
252 321 381 352 liberius
395 330 574 358 excurrere,
593 320 689 359 idque
705 319 853 359 exemplo
869 327 978 350 eorum
995 319 1187 358 scriptorum
1205 328 1286 358 quos
1301 328 1395 359 supra
1419 321 1589 352 nominavi.
1607 323 1683 354 Nam
1705 324 1818 363 Maje-

162 375 248 405 statis
273 376 346 405 Tum
368 383 416 405 res
440 377 535 412 gesta:
561 373 654 410 longe
676 372 819 412 profecto
846 372 1026 402 uberiorem
1050 372 1090 403 ad
1109 373 1276 403 dicendum
1295 372 1455 402 materiam
1477 374 1555 405 mihi
1578 377 1813 416 suppeditant,

162 433 255 464 quam
276 427 328 455 aut
347 433 397 454 res
415 422 586 453 Theodosii
604 422 743 453 Junioris
761 423 949 458 Sozomeno,
973 425 1026 452 aut
1054 431 1105 453 res
1125 422 1295 453 Andronici
1317 421 1497 461 Nicephoro
1520 425 1594 456 olim
1619 426 1818 467 suppedita-

161 481 246 508 runt.
264 477 324 507 Sed
340 475 489 516 quoniam
502 475 541 506 de
558 476 651 506 rebus
668 474 888 506 ecclesiasticis
899 474 1038 514 primum
1057 475 1197 506 instituta
1215 477 1261 504 est
1275 474 1387 511 oratio,
1402 481 1535 513 quarum
1553 474 1717 507 historiam
1739 477 1815 506 Ma-

156 526 263 566 jestati
280 527 354 556 Tuae
371 525 534 556 oblaturus
549 526 678 563 accessi,
697 525 779 556 malo
795 533 845 555 me
858 524 938 554 intra
951 524 1009 555 hos
1024 525 1102 556 ﬁnes
1119 525 1293 561 continere,
1318 532 1399 563 quos
1420 524 1497 554 mihi
1521 526 1589 565 ipse
1605 527 1695 558 initio
1715 535 1814 567 pra!-

160 578 281 617 scripsi,
296 579 326 607 et
341 585 380 606 ex
398 576 543 607 laudibus
557 577 617 607 tuis
630 585 683 607 eas
698 575 800 607 solum
815 575 967 613 attingere
982 583 1053 614 qua:
1068 575 1106 614 ad
1124 574 1293 606 Eeclesiam
1313 577 1343 604 et
1359 573 1398 604 ad
1414 574 1596 612 religionem
1623 577 1812 616 pertinent.

159 628 242 659 Nihil
263 628 358 666 igitur
373 627 475 659 dicam
489 627 528 657 de
543 625 657 656 eximia
675 625 868 655 humanitate
889 628 953 661 tua,
970 633 1033 664 qua
1049 629 1180 656 cunctos
1196 624 1349 656 adeuntes
1371 624 1518 664 excipere
1536 626 1638 663 soles;
1656 627 1742 658 nihil
1765 627 1810 658 de

157 679 336 711 admirabili
352 679 530 719 prudentia,
548 686 610 718 qua
624 680 655 708 et
670 677 772 708 civilia
790 680 820 707 et
833 675 946 708 bellica
968 677 1095 715 negotia
1118 676 1337 713 administras;
1354 675 1431 706 nihil
1447 675 1487 706 de
1500 675 1630 715 justitia,
1643 686 1746 717 quam
1773 677 1812 708 in

159 730 306 762 omnibus
326 729 415 760 factis
433 728 588 767 dictisque
611 726 846 766 religiosissime
868 734 992 762 servas;
1013 725 1091 756 nihil
1107 727 1145 757 de
1162 725 1339 757 incredibili
1358 726 1466 764 vigore
1487 725 1608 764 ingenii
1632 727 1698 764 tui;
1718 727 1812 758 nihil

158 779 198 812 de
217 779 338 820 prolixa
356 779 390 810 in
412 779 528 809 litteras
543 775 772 813 muniﬁcentia,
788 784 923 815 quarum
943 778 973 806 te
993 779 1163 815 patronum
1179 777 1243 816 jam
1264 775 1387 816 pridem
1408 774 1585 806 deelarasti.
1602 776 1810 808 Praatermitc

157 835 222 862 tam
249 834 295 862 tot
313 830 442 862 bellicas
457 827 674 868 expeditiones
687 830 767 862 tuas,
788 825 1039 866 expugnationes
1060 827 1185 857 urbium
1209 830 1303 866 atque
1326 825 1528 866 Oppidorum,
1550 827 1708 858 exercitus
1739 828 1809 860 ho-

159 881 252 912 stium
277 889 388 917 caesos,
413 884 531 919 tropaea
556 877 588 908 in
610 877 730 916 Belgio,
746 877 778 907 in
799 876 974 913 Germania,
1002 880 1032 907 et
1050 877 1084 907 in
1102 877 1204 907 media
1230 880 1333 908 erecta
1362 877 1534 907 Pannonia.
1553 877 1654 909 Taceo
1676 879 1811 911 Turcos

159 930 261 970 primo
277 929 413 960 adventu
429 927 590 967 copiarum
610 929 734 956 tuarum
758 924 846 956 fusos
869 928 900 956 et
922 924 1057 964 fugatos,
1077 929 1107 957 et
1130 935 1254 956 amnem
1276 925 1484 957 cadaveribus
1510 926 1688 965 oppletum.
1711 928 1808 959 Nihil

158 981 262 1011 dicam
281 979 320 1010 de
345 979 514 1010 novissima
533 975 734 1016 expeditione
756 979 809 1006 tua
825 977 857 1007 in
873 975 1029 1015 Belgium,
1045 985 1106 1016 qua
1126 977 1233 1017 plures
1251 977 1344 1008 urbes
1360 977 1454 1007 unius
1476 977 1592 1007 aestatis
1616 978 1720 1017 spatio
1745 987 1808 1009 ce-

160 1029 246 1069 pisti,
262 1037 357 1068 quam
371 1031 436 1059 toto
450 1026 613 1066 superiore
632 1025 716 1056 bello
735 1035 753 1056 a
769 1024 847 1056 divae
864 1026 1025 1056 memorim
1042 1027 1199 1058 Ludovico
1221 1030 1350 1067 parente
1373 1029 1427 1057 tuo
1447 1025 1574 1057 fuerant
1591 1032 1805 1067 expugnatae.

160 1081 248 1111 Mitto
271 1079 452 1111 comitatum
475 1076 676 1115 Burgundiae,
693 1076 798 1106 medio
818 1075 930 1106 hiemis
952 1076 1059 1116 algore
1078 1079 1202 1116 raptum
1217 1077 1324 1116 potius
1340 1085 1431 1116 quam
1457 1081 1593 1118 captum.
1613 1079 1699 1111 Illam
1720 1090 1805 1112 vero

158 1138 279 1169 pacem,
304 1138 398 1168 quam
421 1137 524 1168 nuper
547 1127 734 1166 Aquisgrani
754 1136 825 1157 cum
848 1136 922 1166 rege
937 1128 1078 1168 Hispano
1100 1128 1258 1168 pepigisti,
1276 1129 1386 1159 tacitus
1404 1130 1563 1168 prmterire
1584 1131 1671 1162 nullo
1694 1134 1801 1165 modo

157 1187 298 1219 possum.
315 1180 378 1215 Qua
396 1178 428 1208 in
441 1177 674 1217 componenda,
689 1181 803 1216 quanta
818 1181 898 1207 esset
914 1178 1045 1216 aequitas
1063 1186 1098 1208 ac
1118 1177 1291 1208 moderatio
1309 1177 1406 1209 animi
1427 1181 1471 1211 tui
1496 1184 1662 1222 pchpicue
1685 1185 1803 1217 decla—

159 1230 242 1260 rasti.
267 1230 335 1260 Non
349 1229 433 1259 enim
448 1229 661 1268 ampliﬁcandi
678 1229 764 1268 regni
777 1230 932 1269 cupiditas
946 1233 976 1260 te
988 1239 1004 1260 a
1022 1234 1106 1260 recto
1126 1230 1254 1269 justitire
1272 1231 1395 1261 tramite
1412 1233 1551 1264 abduxit.
1570 1237 1638 1266 Non
1660 1237 1804 1269 militum

156 1286 286 1313 tuorum
311 1282 408 1312 robur
429 1291 465 1312 ac
483 1282 662 1318 multitudo,
680 1290 744 1312 non
771 1281 886 1312 ducum
909 1282 1100 1320 prmstantia,
1121 1290 1185 1312 non
1207 1282 1393 1320 magnitudo
1409 1283 1512 1315 bellici
1533 1291 1710 1325 apparatus,
1730 1297 1804 1320 non

155 1331 294 1363 hostium
310 1331 481 1371 provinciae
496 1331 681 1361 militaribus
697 1331 798 1370 copiis
814 1331 950 1366 nudatae,
963 1332 1102 1361 animum
1121 1335 1208 1361 tuum
1234 1332 1449 1364 sollicitarum.
1467 1335 1525 1364 Sed
1544 1339 1596 1366 tuo
1613 1342 1801 1377 contentus,

155 1383 234 1414 nihil
252 1383 382 1414 ulterius
406 1382 624 1422 concupivisti.
640 1382 794 1421 Equidem
814 1382 894 1413 hanc
915 1391 1025 1422 pacem
1046 1384 1193 1413 omnibus
1210 1384 1345 1414 victoriis
1364 1394 1398 1415 ac
1420 1384 1587 1424 triumphis
1609 1388 1669 1417 tuis
1698 1388 1800 1428 longe

155 1433 410 1472 anteponendam
431 1437 519 1473 puto.
536 1435 613 1465 Nam
629 1438 659 1464 et
676 1435 771 1465 urbes
787 1434 885 1472 Belgii
905 1434 1055 1464 maximas
1079 1443 1114 1464 ac
1135 1434 1357 1465 munitissimas
1374 1434 1485 1464 ditioni
1507 1438 1567 1465 tute
1589 1437 1744 1476 adjunxit.
1767 1445 1800 1471 et

155 1482 277 1512 nomini
294 1486 347 1512 tuo
359 1482 568 1513 immortalem
583 1483 714 1521 gloriam
735 1483 938 1522 comparavit.
955 1483 1033 1519 Quid
1054 1483 1137 1512 enim
1161 1482 1327 1520 gloriosius
1343 1493 1435 1522 quam
1461 1486 1493 1516 in
1504 1495 1625 1518 summa
1644 1489 1800 1523 felicitate

155 1533 357 1572 semetipsum
375 1533 510 1569 vincere,
528 1536 558 1562 et
576 1541 672 1572 supra
687 1535 805 1571 tropaea
825 1535 969 1569 stantem,
988 1531 1124 1562 victoriae
1141 1540 1205 1562 sum
1221 1533 1348 1562 modum
1365 1533 1554 1574 imponere?
1571 1539 1659 1578 Cepit
1675 1549 1713 1570 ex
1734 1541 1799 1573 hac

155 1591 234 1621 pace
250 1591 315 1613 non
337 1583 529 1613 mediocrem
550 1581 688 1612 fructum
704 1581 826 1620 religio,
843 1581 932 1621 cujus
953 1581 987 1611 in
1008 1581 1188 1612 renovando
1209 1581 1327 1613 foedere
1344 1585 1534 1624 praecipuam
1556 1589 1708 1620 rationem
1734 1591 1797 1622 ha-

154 1633 290 1664 bendam
307 1643 376 1665 esse
392 1634 519 1664 duxisti.
536 1635 609 1670 Quze
626 1642 696 1664 cum
720 1642 803 1672 ωερε
818 1633 989 1664 admodum
1001 1637 1147 1664 cerneret
1173 1634 1252 1665 duos
1271 1635 1506 1675 potentissimos
1527 1638 1611 1668 orbis
1627 1640 1798 1672 Christiani

155 1685 317 1724 principes
339 1685 421 1716 inter
447 1694 480 1716 se
499 1685 617 1722 collidi,
640 1688 669 1715 et
690 1685 806 1715 mutuis
818 1684 957 1715 cladibus
974 1694 1043 1716 sese
1066 1689 1198 1717 atterere
1219 1686 1283 1726 jam
1308 1691 1453 1726 paratos;
1469 1688 1565 1728 idque
1585 1698 1623 1721 eo
1647 1695 1796 1732 tempore

155 1743 218 1775 quo
241 1737 308 1776 ipsa
336 1737 375 1767 ab
399 1736 542 1767 hostibus
561 1736 724 1772 Christiani
753 1737 891 1767 nominis
913 1740 995 1767 terra
1016 1737 1158 1777 marique
1179 1738 1435 1778 impugnaretur;
1460 1748 1544 1771 nunc
1570 1742 1690 1774 ﬁrmato
1709 1745 1798 1776 inter

155 1785 283 1815 eosdem
299 1785 459 1825 principes
476 1785 561 1825 pacis
575 1785 694 1816 foedere
717 1785 850 1822 laetatur,
867 1790 909 1823 et,
929 1790 1088 1826 resumpta
1102 1786 1225 1823 ﬁducia,
1240 1788 1434 1828 triumphum
1459 1792 1518 1822 sibi
1540 1791 1579 1823 de
1595 1793 1701 1833 impiis
1727 1795 1794 1827 illis

154 1835 285 1876 Dquue
305 1837 415 1867 invisis
429 1837 608 1878 pollicetur.
630 1838 690 1869 Sed
702 1843 732 1869 et
746 1838 885 1870 Ecclesia
905 1839 1061 1870 Gallicana
1077 1849 1185 1880 pacem
1202 1841 1260 1872 sibi
1278 1841 1361 1872 haud
1377 1843 1472 1874 dubia
1483 1853 1541 1884 spe
1555 1845 1620 1885 jam
1638 1847 1790 1886 spondet.

156 1889 230 1924 Qua}
256 1898 327 1919 cum
349 1889 457 1929 plures
467 1891 532 1930 jam
558 1900 615 1931 per
634 1900 735 1922 annos
762 1891 950 1930 gravissimis
973 1892 1222 1924 dissensionibus
1245 1903 1397 1926 concussa
1420 1896 1513 1928 fuerit
1538 1902 1632 1938 atque
1652 1900 1789 1937 turbata,

155 1944 241 1969 nunc
256 1939 435 1971 interventu
451 1942 591 1981 paciﬁca:
611 1943 778 1982 Majestatis
792 1944 866 1974 Tum
883 1943 921 1973 ad
941 1944 1105 1982 pristinam
1126 1946 1326 1976 concordiam
1360 1950 1392 1977 et
1412 1949 1666 1988 tranquillitatem
1693 1961 1787 1983 revo-

154 1991 217 2022 cari
237 2001 269 2022 se
285 2001 379 2031 posse
394 1993 536 2024 conﬁdit.
557 1994 698 2034 Denique
712 1994 824 2025 litteras
841 1998 968 2031 nostrae,
985 1995 1078 2034 hujus
1097 1996 1183 2035 pacis
1198 2005 1301 2033 causa,
1321 1997 1500 2030 incredibili
1519 2002 1632 2039 gaudio
1648 2003 1790 2040 gestiunt

152 2045 245 2081 atque
264 2043 430 2074 exsultant.
448 2045 521 2080 Quae
541 2053 612 2075 cum
635 2044 691 2074 tibi
704 2044 895 2084 jampridem
918 2044 1086 2084 plurimum
1109 2045 1243 2076 debeant
1260 2046 1300 2076 ob
1315 2048 1451 2085 regalem
1467 2058 1539 2088 erga
1558 2051 1643 2090 ipsas
1660 2053 1790 2083 muniﬁ—

153 2094 287 2124 centiam
303 2099 399 2132 tuam,
413 2105 497 2126 nunc
516 2104 549 2126 se
565 2096 658 2126 vitam
681 2096 781 2135 ipsam
798 2095 859 2126 hoc
877 2096 1006 2127 nomine
1022 2097 1076 2126 tibi
1093 2097 1209 2127 debere
1227 2098 1363 2136 ingenue.
1384 2099 1582 2138 proﬁtentur.
1605 2100 1683 2131 Sunt
1699 2102 1786 2132 enim

151 2146 287 2176 alumna)
302 2146 400 2185 pacis,
413 2149 442 2175 et
458 2145 588 2176 comites
609 2146 724 2185 quietis
740 2150 832 2186 atque
853 2146 919 2176 otii.
932 2147 1041 2185 Itaque
1061 2156 1172 2177 omnes
1187 2147 1299 2178 eruditi
1321 2157 1355 2178 ac
1371 2149 1473 2188 probi,
1490 2150 1649 2190 praecipue
1668 2160 1743 2182 vero
1762 2153 1785 2182 ii

151 2198 183 2228 in
199 2207 278 2236 quos
298 2197 392 2238 hujus
410 2198 483 2229 belli
503 2202 672 2237 tempestas
688 2198 886 2234 incubuerat,
903 2201 937 2228 ut
951 2198 1016 2228 haec
1030 2208 1088 2238 pax
1106 2199 1252 2229 diuturna
1269 2208 1303 2230 ac
1325 2204 1476 2240 perpetua
1493 2201 1542 2237 sit,
1555 2201 1783 2233 ardentissimis

152 2248 229 2277 votis
252 2248 349 2278 Deum
373 2247 594 2287 deprecantur.
615 2248 659 2278 Ex
679 2257 813 2288 quorum
833 2257 891 2287 ego
915 2257 1060 2284 numero,
1084 2249 1142 2279 hos
1163 2249 1383 2281 ecclesiastica:
1396 2251 1540 2281 Historiae
1561 2251 1670 2290 libros,
1692 2261 1708 2282 ει
1730 2262 1783 2284 me

151 2298 312 2338 expositos
329 2301 422 2337 atque
443 2299 638 2334 emendatos,
661 2298 809 2338 Majestati
822 2300 896 2329 Tuae
912 2298 1014 2329 libens
1033 2298 1103 2329 dico
1121 2302 1215 2337 atque
1238 2299 1349 2330 offero.
1369 2301 1451 2337 Quos
1468 2300 1609 2340 quidem,
1631 2304 1783 2342 tanquam

150 2348 276 2378 obsides
296 2347 487 2379 devotissimi
507 2348 651 2388 obsequii
668 2348 742 2384 mei,
755 2348 899 2387 gratique
920 2348 1017 2378 animi
1037 2348 1230 2379 certissimos
1251 2352 1357 2388 testes,
1370 2355 1404 2381 ut
1418 2351 1557 2389 benigno
1572 2350 1658 2381 vultu
1678 2352 1781 2383 susci-

151 2397 232 2437 pias,
247 2398 437 2438 Majestatem
459 2399 556 2430 Tuam
573 2398 666 2429 etiam
677 2401 771 2438 atque
788 2397 880 2428 etiam
894 2406 983 2437 rogo.

1270 2451 1303 2480 S.
1321 2451 1366 2481 M.
1389 2453 1424 2483 Τ.
1442 2453 1658 2483 Dicatissimus

1304 2501 1465 2532 HENHICUS
1496 2503 1657 2534 Varusnts.
