1887 3058
114 112 144 141 13
837 116 1030 145 ΡΡυΕΡΑΤΙΟ.
1712 125 1747 153 η

651 241 948 288 STUDIOSO
993 242 1249 289 LECTORI

142 367 207 395 Post
219 367 378 396 Eusebium
391 370 595 401 Caesariensem,
611 377 691 404 quem
706 373 847 403 parentem
870 368 1063 397 ecclesiastica;
1079 371 1200 399 hiSlOI‘HB
1218 374 1319 400 merito
1337 375 1474 409 appellare
1490 383 1646 411 possumus,
1668 377 1747 404 multi

113 415 155 450 pia
167 412 348 442 aaumlatione
362 416 498 448 succensi,
518 416 591 443 idem
611 418 803 450 argumentum
818 417 936 440 tractare
950 414 1138 443 instituerunt.
1153 417 1205 445 Sed
1223 426 1279 453 prie
1298 420 1404 447 caeteris
1423 422 1552 449 omnibus
1566 422 1703 455 Socrates,
1722 427 1749 449 et

113 461 281 490 Sommenus
295 471 329 491 ae
341 462 538 493 Theodoritus,
550 462 636 488 totius
650 459 823 494 antiquitatis
834 459 938 494 judicio
954 461 1085 488 celebrati
1099 467 1179 495 sunt;
1193 464 1240 498 qui
1261 465 1295 491 ab
1308 465 1341 492 iis
1355 467 1525 500 temporibus
1536 468 1626 494 exorsi
1647 468 1674 495 in
1686 468 1748 502 quis
1789 488 1791 491 .

114 509 163 536 bus
177 510 317 537 Eusebius
333 509 474 537 scribendi
493 508 575 535 ﬁnem
587 508 700 539 fecerat,
714 507 747 534 ad
767 506 914 534 Theodosii
936 507 1059 535 Junioris
1081 512 1203 543 tempora
1216 518 1285 544 opus
1297 519 1376 538 suum
1394 513 1591 547 perduxerunt.
1616 514 1648 541 Et
1670 514 1750 541 initio

113 556 222 591 quidem
236 560 294 584 tres
307 557 377 584 istos
390 557 539 591 scriptores
551 554 632 582 simul
645 554 755 589 junctos
768 554 796 580 in
808 553 899 580 lucem
920 553 1046 589 proferre
1066 554 1253 588 decreveram,
1274 560 1303 583 ut
1322 559 1553 592 quemadmodum
1568 568 1652 587 unum
1664 561 1751 587 idem-

114 611 162 638 que
175 607 372 637 argumentum
387 602 486 630 litteris
506 601 645 636 prosecuti
658 604 731 632 sunt,
747 599 786 627 sic
799 599 882 627 etiam
902 607 958 627 uno
976 600 1128 634 eodemque
1142 600 1281 628 volumine
1293 604 1483 637 comprehensi
1508 605 1673 640 legerentur.
1696 606 1750 633 Sed

113 650 240 685 quoniam
255 650 342 677 nimis
353 650 490 685 prolixum
505 649 557 675 hoc
568 648 640 675 facto
651 648 775 674 futurum
789 652 849 674 erat
862 648 1002 680 volumen,
1019 648 1121 675 idcirco
1142 648 1293 675 editionem
1313 650 1471 678 Theodoriti
1492 653 1566 679 aliud
1591 654 1617 680 in
1637 658 1746 689 tempus

115 698 223 725 diderre
236 706 299 725 sum
311 702 434 725 coactus.
446 697 496 725 Cui
508 697 615 731 Evagrii
630 696 844 731 Epiphaniensis
857 696 1004 722 Historiam
1018 704 1078 723 cum
1093 697 1230 732 excerptis
1244 697 1419 733 Philostorgii
1432 707 1463 726 ac
1476 700 1613 728 Theodori
1626 702 1749 730 Lectoris

116 746 269 779 adiungam,
285 748 316 770 ut
329 748 418 771 totum
439 752 539 778 corpus
564 743 758 770 ecclesiasticae
774 742 913 774 historim,
933 747 1027 769 nostro
1048 743 1142 770 labore
1163 743 1317 777 expositum
1338 750 1419 779 atque
1437 746 1612 780 explicatum,
1633 748 1750 775 studiosi

117 793 225 827 pisthac
236 792 346 826 possint
360 792 532 827 pervolvere.
547 791 661 818 Interim
673 798 740 818 vero
753 790 838 817 habes
860 791 888 817 in
907 790 960 817 hoc
981 797 1106 825 corpore,
1125 790 1233 823 Lector,
1257 790 1398 820 Socratem
1417 801 1449 821 ac
1469 793 1651 822 Sozomenum
1668 795 1749 823 simul

115 839 228 874 junctos.
243 839 274 865 In
287 846 408 873 quorum
420 838 541 865 editione
554 837 620 872 quid
631 837 817 872 prmstiterim,
830 836 925 871 paucis
936 836 1039 871 accipe.

148 886 217 912 Ante
230 893 318 913 annos
331 889 405 917 octo,
419 892 481 912 cum
495 883 606 911 Eusebii
619 883 797 911 Caesariensis
810 882 960 910 Historiam
977 882 1055 917 jussu
1073 886 1155 918 atque
1177 883 1308 918 auspiciis
1326 884 1577 913 illustrissimorum
1596 887 1750 914 antistitum

114 934 180 961 cieri
193 933 330 961 Gallicani
345 933 372 960 in
393 933 482 960 lucem
495 932 618 964 ederem,
640 931 693 958 tria
718 931 857 966 principuc
876 929 903 956 in
925 929 970 956 illa
994 929 1116 957 editione
1136 935 1265 965 praestare
1288 931 1391 958 studui.
1416 932 1538 958 Primum
1559 933 1632 959 enim
1653 940 1751 959 manu-

115 980 226 1014 scriptis
237 980 350 1015 optimae
361 983 434 1007 notae
443 979 588 1006 codicibus
597 978 721 1013 undique
734 977 909 1012 conquisitis,
923 985 954 1004 ea
967 985 1027 1011 quae
1039 977 1066 1004 in
1079 978 1218 1012 prioribus
1229 978 1400 1006 editionibus
1409 983 1537 1014 corrupta
1545 984 1573 1006 ct
1586 979 1751 1014 interpolata

115 1027 226 1054 fuerant
247 1026 394 1053 emendavi
407 1029 489 1061 atque
502 1024 624 1052 distinxi.
637 1024 742 1052 Deinde
756 1031 819 1050 cum
832 1024 991 1058 superiores
1003 1023 1178 1058 interpretes,
1193 1033 1240 1051 seu
1259 1025 1425 1059 scriptorum
1443 1025 1641 1060 exemplarium
1663 1033 1751 1060 penu-

114 1074 164 1105 ria,
178 1081 228 1100 seu
242 1073 277 1100 ob
292 1072 374 1100 aliam
388 1071 539 1107 quamlibet
552 1078 661 1098 causam
682 1070 777 1097 multis
789 1070 817 1096 in
829 1069 899 1097 locis
917 1069 986 1103 lapsi
1004 1073 1107 1100 essent,
1120 1077 1155 1097 ne
1167 1070 1278 1097 illorum
1293 1071 1485 1105 interpretatio
1504 1071 1622 1098 lectores
1634 1071 1660 1098 in
1673 1079 1750 1098 erro-

115 1127 172 1146 rem
185 1119 341 1151 induceret,
354 1126 454 1145 novam
468 1119 525 1153 ipse
540 1117 794 1152 interpretationem
807 1115 958 1146 elaboravi,
979 1123 1032 1150 qua
1045 1115 1184 1143 studiosos
1197 1116 1224 1143 in
1238 1108 1378 1151 posterum
1393 1121 1537 1144 contentos
1555 1117 1614 1144 fore
1630 1117 1748 1145 confido.

113 1165 259 1193 Postremo
276 1166 472 1193 annotationes
485 1165 601 1200 subjeci,
626 1163 728 1199 quibus
746 1169 803 1190 tum
826 1163 1050 1190 cmendationum
1075 1171 1198 1192 mearum
1225 1164 1359 1191 rationem
1383 1164 1545 1196 redderem,
1567 1168 1624 1191 tum
1644 1165 1747 1193 obscu-

112 1211 186 1237 riora
199 1218 315 1246 quazque
328 1218 361 1238 ac
373 1210 527 1237 difﬁciliora
548 1210 605 1237 loca
621 1216 786 1244 exponerent
799 1212 881 1243 atque
896 1208 1072 1235 illustrarem.
1085 1209 1173 1243 Atque
1186 1208 1245 1236 haec
1256 1210 1351 1242 editio,
1368 1210 1484 1245 benigne
1504 1211 1538 1237 ab
1551 1211 1679 1239 onmibus
1697 1220 1746 1239 ex-

112 1264 199 1294 cepta,
213 1263 344 1286 versatur
358 1267 432 1286 nunc
445 1259 472 1286 in
486 1258 612 1285 inertibus
624 1258 806 1285 eruditorum.
827 1257 904 1290 Quod
919 1257 1003 1292 igitur
1014 1257 1042 1284 in
1054 1257 1175 1284 Historia
1187 1258 1363 1285 Caesariensis
1379 1259 1492 1286 Eusebii
1510 1263 1575 1285 tunc
1595 1259 1749 1294 opitulante

112 1305 164 1332 Deo
176 1305 296 1340 perfeci,
306 1304 381 1331 idem
394 1312 467 1331 nunc
478 1304 505 1330 in
515 1304 633 1331 Historia
645 1303 766 1330 Socratis
779 1306 861 1337 atque
876 1302 1031 1333 Sozomeni.
1043 1303 1119 1337 jussu
1134 1307 1214 1337 atque
1227 1303 1357 1337 auspiciis
1369 1305 1530 1332 eorumdcm
1548 1312 1617 1339 quos
1629 1305 1685 1331 dixi
1699 1314 1749 1332 air.-

115 1351 243 1382 tistitum,
258 1350 392 1385 perficere
405 1358 466 1377 sum
479 1354 603 1376 conatus.
616 1349 686 1376 Nam
700 1352 730 1374 ut
742 1348 834 1383 priore
848 1348 909 1375 loco
921 1348 1011 1374 dicant
1031 1347 1064 1375 de
1076 1347 1200 1380 Socrate,
1213 1349 1259 1383 qui
1275 1349 1350 1383 prior
1363 1349 1395 1376 ad
1409 1349 1586 1376 scribendum
1605 1357 1634 1376 sc
1647 1354 1745 1377 contu-

113 1398 152 1429 lit,
165 1399 231 1433 ejus
245 1397 394 1424 Historiam
407 1396 549 1424 emendavi
564 1404 615 1430 ope
628 1400 710 1430 atque
733 1394 836 1421 auxilio
847 1394 931 1421 trium
945 1401 1009 1421 mss.
1024 1394 1161 1426 codicum,
1186 1394 1316 1422 Sfortiani
1331 1396 1449 1428 scilicet,
1469 1396 1621 1423 Florentini
1635 1400 1662 1423 et
1674 1397 1751 1424 Alla-

114 1444 187 1472 tiani.
203 1444 364 1471 Sfortianus
375 1439 463 1470 cod-cx
471 1443 591 1477 optimus
611 1450 642 1469 ac
661 1441 865 1468 vetustissimus
882 1445 1007 1467 servatur
1019 1441 1132 1468 nuncin
1145 1441 1313 1468 bibliotheca
1331 1442 1470 1469 Vaticana.
1493 1442 1571 1469 Hunc
1583 1442 1749 1477 jampridem

115 1491 140 1518 iu
162 1489 282 1525 gratiam
297 1489 480 1516 illustrissimi
492 1488 543 1515 viri
557 1488 648 1516 Caroli
662 1487 818 1518 .‘loucballi,
832 1485 1031 1521 archiepiscopi
1045 1486 1182 1518 Tolosani,
1203 1495 1264 1514 cum
1282 1487 1403 1515 editione
1422 1487 1576 1515 Genevensi
1596 1489 1752 1516 contulerat

116 1536 197 1563 Lucas
217 1535 388 1568 Holstenius,
404 1535 445 1562 vir
457 1535 632 1563 doctissimus
645 1543 652 1567 ;
666 1538 694 1561 et
706 1533 796 1561 varias
807 1532 940 1560 lectiones
953 1540 1006 1560 una
1019 1541 1081 1560 etnu
1093 1533 1336 1561 emcndationibus
1349 1534 1524 1570 Philostorgii
1542 1543 1576 1563 ex
1588 1543 1639 1562 ms.
1654 1535 1748 1562 codice

116 1581 288 1609 Scoriaccnsi
301 1582 453 1617 decerptis,
467 1582 500 1609 ad
510 1582 638 1609 eumdem
652 1581 801 1608 antistitem
815 1579 937 1612 miserat,
951 1588 1013 1607 cum
1026 1581 1116 1608 clerus
1128 1580 1285 1608 Gallicanus
1301 1582 1404 1609 veteris
1417 1582 1544 1610 Historim
1556 1583 1750 1610 ecclesiastica:

117 1637 212 1657 novam
225 1630 381 1657 editionem
394 1629 561 1664 procurandi
574 1636 674 1656 munus
685 1628 710 1655 ei
724 1627 891 1659 mandasset,
904 1631 935 1655 ut
946 1628 1043 1655 scribit
1056 1628 1128 1655 idem
1143 1628 1300 1656 Holstenius
1311 1629 1339 1656 in
1350 1629 1464 1664 cpistola
1476 1629 1511 1657 ad
1528 1630 1639 1657 Petrum
1652 1630 1748 1656 Passi--

118 1684 177 1703 num
188 1677 341 1704 Soeietatis
353 1677 418 1704 Jesu
431 1676 597 1711 theologum.
611 1676 708 1702 Postea
719 1683 796 1706 vero,
806 1682 879 1706 cum,
890 1678 985 1709 rogatu
995 1674 1081 1709 ipsius
1091 1675 1290 1711 archiepiscopi
1300 1676 1439 1708 Tolosani,
1452 1676 1498 1711 qui
1511 1676 1547 1702 ob
1556 1676 1655 1702 nimias
1667 1683 1750 1703 occu—

120 1725 240 1759 pationes
255 1724 323 1751 huic
334 1723 451 1751 editioni
462 1731 559 1751 vacare
571 1731 599 1750 se
611 1731 666 1749 non
679 1730 758 1757 posse
772 1721 952 1756 intelligebat,
966 1721 1224 1750 elerusGallicanus
1235 1730 1294 1750 eam
1307 1723 1478 1758 provinciam
1488 1722 1555 1749 mihi
1571 1722 1747 1757 injunxisset,
1782 1746 1790 1754 ,

120 1771 202 1798 varias
215 1770 356 1797 lectiones
368 1769 521 1804 supradicti
533 1768 636 1796 codicis
648 1767 794 1799 Sfortiani,
811 1767 843 1794 ad
857 1768 1008 1803 marginem
1022 1767 1152 1795 editionis
1163 1767 1331 1796 Gcnevensis
1346 1769 1478 1804 aseriptas
1490 1776 1537 1795 sua
1552 1768 1637 1802 ipsius
1652 1775 1747 1800 manu,

123 1817 189 1844 misit
200 1816 236 1843 ad
249 1823 294 1842 me
307 1815 382 1842 idem
395 1815 563 1848 Holstenius,
577 1823 630 1842 una
643 1822 705 1842 cum
718 1813 961 1841 emendationibus
973 1813 1028 1841 illis
1047 1815 1237 1850 Philostorgii:
1251 1816 1330 1850 plura
1351 1816 1465 1850 insuper
1484 1814 1637 1847 missurus,
1657 1815 1679 1842 si
1693 1815 1750 1842 vita

122 1863 168 1898 ipsi
179 1863 290 1898 longior
300 1870 432 1890 concessa
444 1861 549 1889 fuisset.
562 1861 671 1888 Etenim
684 1861 766 1896 paqu
778 1865 842 1888 ante
854 1861 960 1888 obitum
973 1860 1181 1888 dissertationes
1193 1862 1297 1896 aliquot
1307 1862 1340 1889 ad
1353 1869 1396 1888 me
1417 1861 1492 1888 misit
1506 1862 1539 1889 de
1556 1861 1624 1889 locis
1636 1861 1751 1895 quibus—

121 1912 176 1938 dam
194 1910 309 1938 concilii
331 1910 436 1937 Nieaeni
456 1913 484 1936 et
495 1909 604 1937 concilii
617 1908 861 1941 Chalcedonensis,
873 1908 963 1943 deque
982 1908 1088 1944 Syucsii
1102 1909 1270 1943 episcopatu.
1284 1909 1349 1942 Qua:
1360 1908 1471 1943 quidem
1493 1909 1711 1940 dissertationes,
1725 1908 1749 1934 si

121 1957 314 1993 Deusjuverit,
326 1957 356 1984 in
368 1957 450 1984 tertio
469 1956 595 1984 Historia
607 1956 801 1983 ecclesiasticae
815 1960 890 1983 tomo
899 1956 1016 1983 edentur
1028 1964 1044 1982 a
1061 1956 1152 1988 nobis,
1166 1964 1199 1983 ne
1213 1955 1368 1991 respublica
1380 1955 1513 1983 litteraria
1529 1955 1680 1983 doctissimi
1694 1955 1746 1982 viri

120 2003 359 2032 lucubrationibus
371 2003 476 2031 diutius
488 2003 639 2031 fraudetur.
653 2003 786 2038 Sequitur
798 2003 884 2031 codex
901 2003 1089 2035 Florentinus,
1109 2008 1172 2031 ante
1184 2012 1270 2031 annos
1281 2003 1393 2031 circiter
1405 2003 1570 2039 quingentos
1582 2004 1747 2038 descriptus,

123 2050 164 2084 qui
185 2057 260 2077 nunc
274 2053 403 2077 servatur
415 2049 561 2077 Florentia:
574 2050 601 2076 in
617 2049 786 2076 bibliotheca
808 2049 835 2076 S.
856 2049 1006 2077 Laurentii.
1020 2049 1107 2085 Hujus
1123 2050 1255 2077 indicium
1269 2054 1352 2084 atque
1371 2057 1449 2076 usum
1470 2049 1557 2077 debeo
1569 2049 1696 2076 Emerico
1707 2049 1751 2076 Bi-

122 2097 198 2131 gotio,
211 2097 393 2132 sagacissimo
404 2097 639 2124 bibliothecarum
649 2101 775 2124 veterum
789 2097 943 2132 indagatori
955 2106 961 2123 :
975 2097 1053 2131 cujus
1065 2097 1206 2132 diligentia
1228 2097 1330 2124 factum
1341 2101 1384 2124 est
1397 2102 1436 2129 ut,
1455 2097 1500 2124 hic
1519 2096 1646 2123 sedentes
1666 2100 1749 2130 atque

123 2143 206 2175 otiosi,
220 2143 375 2170 multarum
387 2150 419 2169 ac
430 2142 708 2177 disjunetissimarum
727 2142 959 2170 bibliothecarum
977 2143 1076 2177 opibus
1089 2142 1279 2176 thesaurisquc
1291 2142 1454 2170 frueremur.
1477 2142 1543 2178 Ejus
1561 2143 1635 2170 enim
1653 2146 1749 2177 rogatu

124 2189 228 2216 Michael
241 2188 396 2221 Erminius,
405 2189 537 2223 patricius
549 2188 737 2221 Florentinus,
747 2188 871 2216 codicem
884 2189 960 2215 illum
975 2189 1092 2216 contulit
1103 2197 1165 2215 cum
1178 2189 1300 2216 editione
1312 2188 1476 2220 Genevcnsi,
1489 2192 1517 2216 et
1527 2189 1616 2215 varias
1626 2188 1749 2223 ejusdem

124 2234 247 2261 lectiones
260 2233 297 2260 ad
311 2241 354 2260 me
368 2233 528 2260 transmisit.
542 2233 603 2266 Quo
615 2234 727 2268 quidem
740 2235 851 2262 nomine
865 2235 975 2269 utrique
989 2234 1138 2269 plurimum
1151 2242 1194 2261 me
1206 2234 1307 2262 debere
1318 2235 1458 2269 proﬁteor.
1473 2234 1582 2262 Tertius
1601 2238 1643 2261 est
1663 2234 1751 2261 codex

125 2279 217 2307 Leonis
228 2279 334 2310 Allatii,
348 2279 401 2306 viri
421 2278 604 2313 undecunque
617 2280 783 2313 doctissimi,
797 2281 870 2308 etde
884 2281 1048 2315 antiquitate
1066 2280 1252 2307 ecclesiastica
1271 2281 1374 2315 optime
1393 2281 1494 2307 meriti.
1513 2280 1563 2307 Hic
1581 2280 1667 2307 codex
1680 2288 1749 2307 con-

125 2326 187 2352 tinet
198 2325 346 2352 Historiam
358 2324 572 2352 ecclesiasticam
595 2325 733 2353 Tbeodori
746 2326 882 2359 Leetoris,
899 2326 1007 2353 duobus
1020 2326 1097 2353 libris
1108 2327 1352 2361 comprehensam:
1368 2334 1450 2362 quam
1470 2327 1631 2354 Theodorus
1652 2327 1750 2354 Lector

124 2377 154 2396 ex
167 2369 252 2398 tribus
264 2369 518 2397 ecclesiasticarum
530 2377 622 2397 rerum
635 2371 828 2406 scriptoribus,
841 2371 953 2398 Socrate
966 2371 1081 2404 scilicet,
1095 2371 1247 2398 Sozomeno
1259 2379 1291 2398 ac
1303 2372 1470 2399 Theodorito
1480 2372 1638 2407 collegerat,
1652 2372 1749 2399 eodem

125 2415 198 2449 plane
210 2416 291 2443 modo
308 2423 364 2450 quo
376 2415 556 2443 Cassiodorus
568 2416 684 2444 Senator
696 2416 874 2452 Tripartitam
894 2417 1043 2444 Historiam
1062 2417 1224 2451 composuit.
1249 2417 1349 2444 Verum
1374 2417 1508 2452 tripartita
1531 2418 1589 2445 hate
1611 2418 1749 2445 Theodori

125 2461 241 2488 Lectoris
259 2461 383 2488 Historia
402 2469 447 2488 res
461 2465 566 2489 tantum
582 2461 738 2497 principatu
758 2462 930 2490 Constantini
943 2466 970 2489 et
981 2461 1133 2489 Constantii
1154 2462 1182 2488 in
1203 2462 1325 2489 Ecclesia
1347 2467 1437 2497 gestas
1457 2463 1672 2498 complectitur:
1693 2465 1750 2492 sive

125 2508 192 2542 quod
204 2508 368 2535 Theodorus
379 2507 480 2535 Lector
491 2515 545 2535 non
558 2515 720 2543 progressus
731 2513 792 2536 erat
805 2508 932 2540 ulterius,
951 2509 1007 2535 sive
1022 2508 1095 2543 quod
1115 2507 1213 2542 reliqui
1229 2508 1288 2543 ejus
1307 2508 1399 2543 operis
1415 2508 1479 2535 libri
1500 2510 1646 2537 vetustatis
1664 2510 1751 2545 negli-

123 2554 207 2588 gentia
219 2554 371 2589 perierunt.
385 2554 425 2580 Ex
438 2554 492 2581 hoc
501 2554 584 2589 igitur
595 2555 691 2582 codice
703 2555 794 2582 varias
805 2555 940 2583 lectiones
952 2555 980 2582 in
991 2554 1099 2582 duobus
1112 2554 1250 2589 prioribus
1262 2554 1382 2581 Socratis
1395 2554 1475 2581 libris
1487 2554 1542 2581 Leo
1553 2554 1669 2582 Allatius
1678 2555 1748 2590 jam-

123 2599 223 2632 pridem
237 2603 424 2634 exeerpserat,
437 2603 464 2626 et
484 2599 517 2626 ad
539 2599 756 2628 illustrissimum
778 2600 929 2628 antistitem
949 2599 1078 2627 Carolum
1098 2599 1281 2627 Monchallum
1305 2599 1503 2632 transmiserat,
1525 2607 1608 2627 manu
1629 2607 1676 2626 sua
1698 2599 1748 2626 de—

124 2644 242 2678 scriptas.
255 2644 330 2677 Quas
340 2652 391 2680 ego
402 2649 497 2679 postea
508 2650 605 2672 nactus
617 2653 677 2673 sum
689 2646 823 2674 beneﬁcio
834 2645 1010 2672 illustrissimi
1022 2645 1075 2672 viri
1088 2645 1208 2681 Dionysii
1220 2644 1313 2676 Talati,
1328 2645 1356 2671 in
1370 2652 1498 2679 suprema
1516 2643 1682 2672 Parisiorum
1697 2651 1746 2670 cu—

125 2687 160 2714 ria
171 2689 305 2723 generalis
316 2688 442 2716 advocati
454 2689 525 2724 regis
537 2689 776 2718 Christianissimi.
796 2691 897 2718 Praeter
917 2690 967 2717 hos
980 2695 1034 2717 tres
1046 2689 1154 2717 codices
1166 2689 1377 2724 manuscriptos,
1391 2697 1456 2716 usus
1469 2697 1528 2716 sum
1541 2689 1626 2723 Regio
1636 2687 1745 2720 codice,

125 2740 205 2768 eoque
218 2743 272 2762 non
284 2735 433 2762 admodum
445 2741 550 2770 vetere,
564 2744 646 2772 quem
659 2745 742 2763 unum
756 2737 894 2764 Robertus
905 2735 1061 2770 Stephanus
1081 2735 1150 2770 typis
1167 2735 1224 2762 suis
1246 2735 1388 2770 expressit.
1402 2734 1462 2767 Quo
1482 2734 1573 2761 minus
1590 2732 1745 2759 mirandum

126 2783 173 2812 est,
184 2781 331 2816 sivulgaue
342 2781 474 2810 hactenus
486 2783 607 2810 Socratis
618 2783 756 2811 editiones
776 2783 846 2810 adeo
862 2782 967 2810 vitiosa
988 2786 1062 2815 sunt,
1081 2790 1143 2809 cum
1155 2790 1189 2809 ex
1209 2782 1290 2809 unico
1309 2781 1472 2815 exemplari,
1490 2787 1578 2814 eoque
1598 2778 1743 2805 admodum

127 2827 241 2858 mente,
252 2833 348 2854 omnes
359 2827 501 2862 descriptae
513 2828 578 2855 sint.
599 2828 686 2856 Porro
702 2829 775 2856 hunc
793 2827 917 2856 codicem
937 2835 971 2856 ex
987 2827 1070 2862 Regia
1089 2826 1256 2855 bibliotheca
1273 2827 1475 2861 depromptum,
1495 2824 1653 2854 humaniter
1676 2821 1741 2848 mihi
