1887 3058
119 95 159 125 4⁸⁸5
528 131 531 134 ν
680 96 819 125 HENRlCl
838 95 973 124 VALESH
993 94 1185 123 PREFATIO.
1718 96 1751 124 1'6

125 156 339 187 communicavit
352 156 556 184 illustrissimus
574 166 605 185 ac
624 156 871 186 reverendissimus
891 156 1006 184 antistes
1017 155 1146 184 Nicelaus
1157 155 1313 188 Colbertus,
1332 155 1514 183 Lucionensis
1534 156 1690 191 episcopus,
1711 156 1752 183 vir

124 202 224 229 eximia
237 202 369 237 praeditus
380 202 506 231 doctrina
517 205 657 232 etvirtute
679 212 711 231 ac
730 203 874 238 dignitate.
889 203 928 231 De
949 203 1030 238 cujus
1051 202 1181 230 laudibus
1202 202 1281 237 plura
1302 202 1424 230 dicerem
1440 203 1575 234 hocloco,
1597 203 1651 230 risi
1664 210 1707 230 me
1727 202 1754 229 id

126 248 242 275 maxime
256 249 411 284 cupientem
425 250 572 286 singularis
585 250 645 285 ejus
656 249 790 276 modestia
802 248 954 276 cohiberet.
968 248 1056 283 Atque
1068 248 1127 276 hate
1138 253 1202 276 sunt
1213 248 1313 275 auxilia
1336 248 1501 284 scriptorum
1514 248 1640 276 codicum
1653 248 1755 283 quibus

126 293 210 321 fultus
219 295 253 321 ad
265 295 336 322 hanc
347 295 470 323 Socratis
480 296 629 323 editionem
643 302 686 321 me
698 294 813 322 accinxi.

160 340 190 367 ln
202 340 322 368 Historia
333 349 399 368 vero
411 341 555 368 Sozomeni
581 340 743 375 corrigenda
757 341 901 375 pauciores
920 341 987 368 mihi
1005 341 1114 368 codices
1127 340 1283 369 adfuerunt.
1303 342 1369 369 Nam
1384 346 1483 376 praeter
1499 340 1638 375 exemplar
1654 339 1750 367 biblio-

127 385 213 413 theca:
223 385 327 421 Regiaz,
341 387 414 422 quod
426 387 564 414 Itobertus
577 386 733 421 Stephanus
758 387 785 414 in
801 387 923 414 editione
936 395 986 415 sua
1004 387 1149 422 expressit,
1161 392 1189 415 et
1201 392 1300 423 praeter
1314 388 1437 415 codicem
1451 387 1527 414 illum
1540 386 1639 414 Leonis
1660 386 1754 413 Allatii

124 432 204 466 cujus
216 440 297 467 supra
309 432 476 458 mentionem
488 431 552 464 feci,
567 432 613 466 qui
628 432 654 459 in
666 435 785 467 quatuor
798 432 932 459 duntaxat
944 432 1085 467 prioribus
1096 431 1241 460 Sozomeni
1257 432 1337 460 libris
1355 436 1382 460 et
1394 433 1421 459 in
1433 432 1570 467 principio
1581 432 1645 459 libri
1663 430 1754 465 quinti

125 477 205 505 nobis
218 477 377 513 adjumento
389 477 451 510 fuit,
465 478 577 505 unicum
590 478 674 505 habui
685 478 808 506 codicem
821 477 1013 506 Fuketianum.
1033 479 1084 506 Hic
1101 479 1172 506 liber
1190 479 1311 514 primum
1332 479 1443 514 quidem
1462 479 1552 506 fuerat
1567 478 1658 506 Caroli
1678 479 1756 506 Mon-

123 525 217 556 ehalli,
230 524 430 559 archiepiscopi
444 524 582 556 Tolosani,
596 524 647 551 viri
658 524 980 552 eeelesiastierehistorim
1000 524 1205 552 studiosissimi.
1223 523 1321 553 Postea
1340 533 1406 552 vero
1418 525 1446 552 in
1457 524 1633 552 Fuketianam
1651 524 1754 552 biblio—

124 570 231 596 thecam
246 570 404 602 translatus,
417 570 451 597 ab
464 570 632 605 amplissimo
644 571 704 597 viro
715 570 828 597 Nieolao
838 570 953 597 Fuketio
966 570 1032 597 mihi
1053 571 1242 599 commodatus
1252 576 1303 599 est.
1316 571 1403 604 Quam
1414 570 1450 597 ob
1460 578 1569 597 causam
1583 569 1609 596 in
1628 570 1752 597 Annota-

123 615 244 642 tionibus
256 616 325 642 meis
336 615 519 644 Fuketianum
532 623 595 643 eum
607 615 728 643 codicem
742 616 887 651 appellavi.
900 616 1022 643 Tandem
1034 624 1099 643 vero
1110 616 1208 644 etl‘ecta
1216 618 1272 652 jam
1280 617 1402 644 editione
1414 621 1518 649 nostra,
1529 616 1613 644 codex
1624 617 1685 648 iste,
1697 625 1754 644 una

121 669 184 687 cum
198 662 310 696 reliquis
322 670 387 690 mss.
400 662 603 697 exemplaribus
615 661 789 690 bibliothecze
798 662 966 694 Fuketianae,
977 663 1086 690 transiit
1098 663 1177 698 injus
1188 671 1221 690 ac
1228 663 1380 690 dominium
1392 662 1570 690 illustrissimi
1582 661 1681 694 viri,et
1694 666 1753 689 tum

121 707 188 738 suis,
203 710 261 735 tum
273 708 478 742 patrismeritis
491 708 695 742 spectatissimi,
708 708 799 736 Caroli
812 708 935 735 Mauricii
949 708 1071 740 Tellerii,
1087 709 1194 736 abbatis
1213 709 1240 736 S.
1257 709 1381 744 Benigni,
1395 708 1442 744 qui
1460 717 1532 736 nunc
1551 709 1693 743 coadjutor
1709 713 1754 735 est

121 754 148 781 in
161 755 397 789 arehiepiscopatu
410 754 548 781 Remensi.
564 755 611 782 Est
624 755 736 790 quidem
750 755 795 782 hic
807 755 893 783 codex
907 764 961 783 non
974 756 1122 783 admodum
1135 760 1260 783 vetustus
1270 776 1276 787 ,
1289 756 1398 790 optima!
1412 761 1502 782 tamen
1515 760 1585 782 nouo
1597 760 1624 782 et
1635 764 1667 782 ex
1681 755 1751 790 opti-

121 809 166 827 mo
178 802 326 835 exemplari
340 801 504 836 descriptus.
518 801 603 828 Tituli
615 802 734 837 capitum
747 803 794 837 qui
809 803 835 829 in
851 803 945 830 codice
958 803 1044 838 Regio
1057 808 1085 831 et
1097 804 1124 830 in
1141 803 1262 831 editione
1284 803 1396 830 lloberti
1410 803 1540 838 Stephani
1562 803 1664 837 praefixi
1687 808 1752 829 sunt

122 847 248 874 Historiae
259 847 413 879 Sozomeni,
428 848 455 874 in
469 847 521 874 hoc
533 848 627 874 codice
640 856 694 875 non
703 848 941 876 habentur.Nulla
955 849 1019 876 item
1032 850 1152 884 capitum
1166 849 1306 876 distinctio
1319 849 1398 876 estin
1412 848 1526 883 singulis
1540 849 1628 875 libris.
1643 849 1680 875 lix
1693 855 1750 882 quo

120 893 303 927 prmstantiam
316 901 347 920 ac
357 897 518 920 vetustatem
533 894 592 928 ejus
604 893 706 920 codicis
719 894 783 921 licet
794 894 1010 929 deprehendere.
1025 895 1131 922 Indices
1142 895 1214 921 enim
1227 895 1265 921 illi
1278 903 1324 921 seu
1339 894 1410 922 tituli
1424 895 1554 929 capitum,
1568 903 1581 921 a
1595 895 1752 929 Nievphoro

119 938 241 971 Callisto,
254 939 295 966 vel
310 939 400 974 potius
413 939 446 966 ab
459 938 551 973 aliquo
564 939 727 971 recentiore,
742 939 887 974 compositi
905 944 970 966 sunt
983 940 1074 975 inepte
1087 948 1198 975 prorsus
1212 944 1258 966 aut
1270 940 1396 966 barbare.
1409 939 1485 966 Adeo
1499 944 1528 965 ut
1542 940 1620 971 mihi,
1634 947 1751 966 accura-

121 983 174 1010 tius
187 984 315 1016 intuenti,
327 984 449 1019 cujusvis
468 985 560 1019 potius
581 991 664 1018 quam
676 983 824 1018 Nieephori
836 992 896 1011 esse
909 984 1063 1011 vidcantur.
1077 985 1163 1012 Porro
1183 993 1216 1012 nc
1229 993 1310 1019 quem
1324 993 1372 1011 sua
1386 985 1464 1011 laude
1477 984 1648 1017 defraudem,
1660 985 1752 1012 varias

119 1031 250 1058 lectiones
263 1031 290 1057 in
303 1030 422 1058 Historia
434 1031 578 1057 Sozomeni
591 1038 622 1057 ac
634 1029 805 1062 Tbcodoriti,
817 1038 851 1057 ex
865 1031 1023 1065 supradicto
1040 1030 1134 1058 codice
1150 1031 1296 1063 Allatiano,
1312 1030 1339 1057 id
1352 1035 1394 1057 est
1412 1038 1446 1056 ex
1458 1030 1577 1057 Historia
1598 1030 1750 1065 Tripartita

119 1073 257 1102 Theodori
269 1074 394 1101 Lectoris
405 1078 558 1109 excerptas,
572 1074 660 1101 debeo
673 1073 792 1101 Sainueli
806 1074 952 1107 Tennulio,
967 1075 1027 1102 viro
1041 1075 1198 1102 doctissimo
1218 1076 1325 1110 lucique
1336 1076 1534 1108 amantissimo,
1548 1076 1593 1110 qui
1609 1084 1680 1103 nunc
1692 1077 1749 1103 No-

120 1122 234 1156 viomagi
247 1121 353 1147 litteras
365 1129 462 1156 magna
476 1129 538 1148 eum
551 1121 631 1148 laude
644 1120 798 1155 proﬁtetur.
813 1121 862 1148 Hic
873 1122 947 1148 enim
961 1121 1024 1148 dum
1037 1121 1130 1148 limine
1142 1126 1224 1153 esset,
1237 1130 1283 1148 cas
1295 1130 1376 1149 manu
1390 1131 1438 1149 sua
1451 1122 1595 1158 descripsit
1607 1131 1639 1149 ex
1653 1123 1750 1149 codice

118 1167 217 1194 Leonis
229 1167 332 1199 Allatii,
345 1167 396 1193 viri
409 1175 550 1201 nunquam
563 1167 629 1194 satis
640 1167 742 1194 laudati
755 1176 760 1193 :
773 1167 819 1201 qui
832 1175 894 1194 meo
906 1172 1000 1202 rogatu
1015 1175 1127 1202 meaque
1146 1176 1226 1194 causa
1244 1168 1334 1194 varias
1347 1168 1407 1194 illas
1419 1168 1550 1195 lectiones
1562 1168 1651 1195 eidem
1674 1169 1748 1195 Ten-

118 1213 194 1239 nulio
206 1213 401 1240 describendas
413 1218 598 1240 concesserat.
615 1213 716 1240 Horum
730 1213 813 1248 igitur
825 1214 1022 1248 exemplarium
1036 1213 1170 1246 subsidio,
1190 1218 1242 1240 tam
1266 1214 1293 1240 in
1310 1213 1423 1240 Socrate
1435 1222 1516 1248 quam
1537 1215 1564 1241 in
1583 1215 1748 1246 Sozomeno,

119 1258 327 1286 innumerabilia
340 1258 399 1285 loca
411 1265 472 1292 qua:
482 1261 562 1285 antea
574 1258 781 1293 corruptissima
793 1258 954 1294 legebantur
969 1258 1124 1289 emendavi,
1138 1259 1249 1286 lacunas
1261 1259 1393 1293 plurimas
1412 1259 1546 1294 suppleri,
1557 1260 1749 1289 distinctiones

119 1305 242 1336 restitui,
256 1311 354 1330 novam
372 1303 491 1338 denique
511 1303 766 1338 interpretationem
781 1303 877 1338 adjeci.
890 1302 992 1338 De'qua
1009 1311 1080 1330 nunc
1093 1312 1179 1338 pauca
1192 1303 1291 1331 dicam.

153 1353 218 1386 Qua:
230 1352 263 1378 de
276 1350 389 1378 Musculi
401 1353 430 1376 et
441 1350 682 1384 Christophorsoni
696 1350 969 1385 interpretationibus
983 1350 1047 1376 olim
1062 1350 1117 1377 dixi
1133 1351 1158 1377 in
1173 1351 1332 1385 prrefatione
1345 1351 1378 1378 ad
1399 1351 1598 1379 illustrissimos
1617 1353 1747 1381 Ecclesia:

117 1398 262 1425 Gallicana:
273 1395 420 1427 antistites,
432 1403 492 1430 qum
501 1395 614 1422 editioni
627 1396 739 1423 Eusebii
749 1395 835 1422 nostri
846 1395 955 1430 pratiixa
963 1400 1013 1427 est,
1026 1404 1056 1423 ea
1069 1397 1314 1431 impr-.esentiarum
1327 1397 1396 1424 nihil
1410 1397 1507 1425 attinet
1519 1407 1746 1427 commemorare.

119 1445 145 1471 ld
162 1451 246 1470 unum
259 1442 357 1470 addam
376 1450 382 1467 ε
396 1441 419 1468 si
430 1445 492 1477 post
504 1441 566 1468 illos
578 1449 647 1476 quos
659 1441 715 1468 dixi
728 1441 903 1476 interpretes,
916 1440 1036 1468 Historia
1048 1441 1226 1468 Cmsariensis
1235 1442 1347 1469 Eusebii
1367 1450 1438 1469 novo
1451 1443 1600 1477 interprete
1612 1451 1682 1478 opus
1694 1445 1746 1471 ha~

117 1491 187 1523 buit,
202 1490 287 1517 multo
305 1489 392 1524 magis
410 1486 594 1514 necessariam
611 1487 694 1514 fuisse
712 1494 810 1513 novam
824 1486 1078 1520 interpretationem
1092 1486 1217 1513 Historiae
1238 1487 1358 1513 Socratis
1373 1492 1454 1522 atque
1466 1487 1620 1515 Sozomeni.
1641 1489 1746 1517 Horum

117 1537 190 1564 enim
204 1535 324 1562 Historia
337 1531 418 1569 longe
429 1532 587 1560 m'endosior
598 1533 631 1559 ad
645 1540 695 1560 nos
708 1532 844 1567 pervenit,
858 1539 940 1566 quam
952 1531 997 1558 illa
1010 1532 1186 1560 Czesariensis
1198 1533 1320 1560 Eusebii,
1342 1533 1425 1568 hique
1443 1542 1477 1560 ex
1495 1534 1617 1562 editione
1631 1536 1745 1565 lloberti

117 1583 249 1619 Stephani
263 1582 385 1618 prudens
400 1581 488 1608 lector
511 1580 590 1608 facile
610 1579 808 1615 deprehendet.
834 1579 940 1615 Quippe
966 1580 1103 1607 Robertus
1126 1580 1280 1615 Stephanus
1303 1580 1330 1606 in
1355 1580 1466 1607 Eusebii
1490 1581 1601 1615 quidem
1623 1582 1745 1611 editione

118 1631 210 1666 plures
222 1637 286 1656 mss.
301 1628 410 1656 codices
423 1626 558 1659 adhibuit,
571 1633 604 1654 ex
617 1626 784 1654 bibliotheca
798 1626 882 1662 Regia
895 1627 1088 1662 depromptos:
1102 1627 1130 1654 in
1143 1626 1310 1654 excudendis
1321 1631 1413 1653 autem
1424 1626 1544 1654 Socratis
1555 1635 1587 1655 ac
1599 1628 1745 1657 Sozomeni

117 1675 298 1703 Historiarum
309 1674 396 1705 libris,
411 1672 522 1700 unicum
535 1673 704 1708 singulorum
717 1671 814 1699 habuit
825 1671 957 1700 codicem.
972 1673 1066 1707 itaque
1077 1672 1111 1700 ad
1124 1673 1225 1700 calcem
1242 1672 1370 1699 editionis
1384 1680 1449 1705 suze,
1462 1673 1491 1700 in
1503 1673 1615 1701 Eusebii
1627 1672 1740 1709 quidem

80 1733 85 1736 η
117 1724 197 1751 libris
208 1723 299 1750 varias
318 1721 451 1749 lectiones
464 1728 499 1747 ex
510 1719 714 1752 vetustissimis,
726 1724 759 1747 ut
771 1719 829 1754 ipse
841 1718 919 1752 dicit,
933 1720 1137 1755 exemplaribus
1151 1719 1309 1754 desumptas
1321 1720 1435 1747 notavit.
1459 1720 1489 1746 lu
1512 1720 1631 1748 Socratis
1650 1726 1744 1748 autem

115 1778 148 1797 ae
159 1768 304 1797 Sozomeni
312 1767 431 1795 Historia
443 1767 532 1794 nullas
543 1766 671 1801 apposuit
681 1767 819 1793 variantes
827 1766 969 1798 lectiones,
978 1771 1123 1802 propterea
1136 1765 1208 1801 quod
1222 1766 1332 1793 unicum
1344 1766 1486 1801 utriusque
1499 1766 1641 1802 scriptoris
1652 1775 1746 1794 exem-

116 1817 176 1851 plar
183 1819 279 1842 nactus
286 1814 383 1841 fuerat.
393 1813 426 1841 Et
437 1812 550 1840 Eusebii
561 1812 674 1847 quidem
685 1812 864 1847 exemplaria,
875 1812 976 1847 quibus
985 1820 1051 1839 usus
1062 1816 1104 1839 est
1115 1811 1280 1846 Stephanus,
1290 1811 1391 1846 optima
1405 1816 1484 1838 erant
1496 1820 1527 1839 ac
1539 1812 1739 1845 vetustissima,

116 1868 147 1891 ut
159 1863 216 1898 ipse
229 1866 354 1890 testatur.
379 1860 500 1895 Uterque
521 1863 613 1886 autem
633 1858 729 1890 codex,
747 1862 803 1886 tam
822 1859 943 1886 Socratis
955 1866 1036 1893 quam
1060 1858 1214 1890 Sozomeni,
1228 1866 1309 1893 quem
1330 1858 1466 1885 llobertus
1478 1857 1632 1893 Stephanus
1645 1859 1671 1885 in
1684 1859 1745 1885 edi-

117 1909 252 1945 lioneysua
264 1907 409 1943 expressit,
423 1905 630 1933 recentissimus
641 1908 693 1936 est,
709 1908 740 1931 ut
753 1905 804 1940 ipsi
817 1905 946 1937 vidimus,
958 1904 1120 1939 urendisque
1141 1905 1260 1931 refertus
1272 1905 1490 1939 quamplurimis.
1503 1905 1621 1932 Proinde
1639 1905 1740 1932 mirum

116 1965 170 1984 non
182 1960 224 1984 est
241 1956 314 1983 viros
326 1955 422 1982 doctos
434 1954 462 1981 in
474 1953 517 1980 his
530 1952 650 1980 Socratis
662 1960 693 1979 ac
706 1952 852 1979 Sozomeni
865 1952 944 1980 libris
961 1949 1175 1987 interpretandis
1185 1953 1284 1987 srepius
1297 1953 1477 1979 halluciuatos
1487 1952 1571 1979 fuisse
1582 1972 1589 1984 ,
1603 1959 1665 1979 eum
1687 1956 1741 1979 tam

119 2002 216 2029 vitiosa
228 2008 258 2028 ae
272 2000 368 2027 mutila
380 1998 546 2034 exemplaria
558 2005 613 2032 pra:
625 1998 712 2025 oculis
730 1997 875 2029 haberent,
888 2001 916 2024 et
932 2004 997 2023 mss.
1011 1997 1137 2024 codicum
1151 1997 1253 2024 auxilio
1267 1997 1493 2024 destituerentur.
1517 1998 1584 2024 Nam
1605 1998 1744 2026 Masculus

115 2047 227 2086 quidem
237 2048 321 2074 solam
335 2045 447 2073 Roberti
460 2044 591 2078 Stephani
605 2044 755 2071 editionem
769 2043 886 2071 viderat.
898 2043 1164 2078 Christophorsonus
1176 2051 1252 2075 vero,
1267 2043 1378 2070 Eusebii
1397 2044 1507 2077 quidem
1526 2051 1557 2070 ac
1578 2043 1741 2072 Theodoriti

115 2104 179 2123 mss.
194 2094 303 2124 codices
315 2091 419 2126 aliquot
429 2089 556 2124 inspexit.
567 2089 689 2116 Socratis
699 2097 765 2116 vero
774 2097 806 2116 ac
818 2088 962 2116 Sozomeni
976 2089 1050 2115 nulla
1063 2096 1128 2115 mss.
1141 2088 1422 2122 habuitexemplaria,
1436 2092 1466 2114 ut
1477 2088 1503 2114 in
1516 2090 1741 2119 annotationibus

116 2140 184 2167 meis
196 2147 250 2166 non
262 2137 346 2165 semel
358 2134 510 2163 observavi.
524 2134 619 2161 Varias
630 2134 762 2160 duntaxat
774 2133 915 2165 lectiones,
927 2139 955 2160 et.
965 2133 1108 2160 doctorum
1121 2133 1263 2160 hominum
1272 2134 1453 2168 conjecturas,
1467 2134 1501 2160 ad
1513 2135 1662 2169 marginem
1676 2137 1738 2163 edi—

115 2186 198 2214 tionis
209 2183 323 2212 lloberti
345 2181 477 2216 Stephani
491 2185 636 2208 annotatas
649 2181 755 2208 viderat
772 2190 778 2207 :
794 2180 946 2216 cujusmodi
968 2180 1075 2208 codices
1092 2179 1288 2215 quamplurimi
1306 2180 1333 2206 in
1350 2187 1449 2207 manus
1468 2184 1576 2209 nostras
1594 2190 1739 2211 venerunt.

114 2234 216 2261 Verum
229 2230 359 2257 lectiones
371 2228 423 2255 illae
437 2227 541 2254 nullius
552 2227 609 2254 fere
621 2230 685 2253 sunt
696 2226 828 2261 ponderis
845 2230 926 2261 atque
945 2227 1129 2257 auctoritatis,
1145 2234 1206 2253 eum
1220 2226 1321 2253 nullam
1334 2225 1453 2252 habeant
1475 2227 1620 2262 ascriptum
1642 2234 1734 2257 notam

113 2278 220 2313 antiqui
232 2275 396 2310 exemplaris
408 2281 441 2301 ex
454 2281 509 2308 quo
521 2272 664 2307 descriptae
677 2277 750 2299 sunt.
775 2273 832 2307 Ego
842 2280 908 2299 vero
921 2280 983 2299 cum
1004 2272 1122 2307 optimos
1142 2279 1173 2298 ae
1191 2272 1392 2300 vetustissimos
1412 2272 1522 2300 codices
1541 2277 1594 2300 tam
1613 2273 1737 2304 Socratis

113 2332 195 2360 quam
209 2321 353 2350 Sozomeni
366 2324 463 2348 nactus
475 2320 537 2351 sim,
551 2326 653 2353 eosque
664 2327 720 2345 non
733 2319 791 2345 sine
804 2326 911 2345 summo
921 2318 1014 2345 labore
1028 2325 1088 2345 cum
1102 2318 1220 2352 vulgatis
1236 2317 1405 2345 editionibus
1423 2319 1598 2351 contulerim,
1612 2321 1737 2349 faciliore

113 2372 243 2405 deinceps
256 2376 288 2395 ac
298 2367 423 2403 planiore
434 2365 478 2392 via
490 2365 525 2393 ad
537 2372 632 2392 eorum
646 2364 904 2399 interpretationem
915 2364 1028 2391 accessi.
1043 2363 1140 2390 Nostra
1156 2364 1238 2398 igitur
1252 2363 1310 2391 hzec
1322 2363 1406 2390 editio
1418 2365 1556 2393 omnibus.
1571 2370 1624 2392 tam
1642 2367 1736 2395 Gnece

88 2407 91 2409 i
113 2417 211 2447 doctis,
224 2421 306 2449 quam
317 2413 351 2440 iis
363 2411 410 2446 qui
422 2410 515 2438 Grmca
525 2410 661 2442 nesciunt,
674 2418 707 2436 ex
719 2417 807 2444 aequo,
820 2413 850 2436 ut
862 2417 952 2444 spero,
966 2409 1123 2436 satisfaciet.
1136 2409 1203 2436 Nam
1215 2414 1242 2436 et
1251 2409 1344 2436 Grzece
1358 2410 1440 2441 docti,
1455 2409 1593 2437 Socratem
1607 2421 1638 2439 ac
1650 2411 1734 2440 Sozo-

112 2471 223 2492 mcnum
235 2465 330 2489 nostra
341 2467 424 2494 opera
434 2458 594 2486 emendatos
605 2466 637 2484 ac
647 2461 828 2492 perpargatos
839 2456 944 2491 legent;
959 2460 987 2482 ct
999 2456 1044 2490 qui
1057 2455 1150 2483 Gneca
1169 2456 1262 2483 minus
1276 2456 1389 2487 callent,
1403 2455 1512 2482 eosdem
1528 2456 1620 2484 Latina
1644 2458 1733 2486 inter-

113 2509 265 2546 pretatione
276 2515 291 2534 a
303 2506 382 2534 nobis
394 2505 508 2532 donatos
520 2504 626 2531 facilius
638 2504 804 2530 intellecturi
816 2508 888 2530 sunt.

148 2556 306 2590 Sequuntur
319 2551 526 2579 annotationcs:
542 2550 569 2576 in
583 2550 684 2584 quibus
702 2549 817 2584 perinde
831 2557 862 2576 ac
875 2549 902 2575 in
914 2549 1103 2576 notationibus
1120 2549 1302 2580 Eusebianis,
1323 2548 1378 2575 duo
1396 2546 1527 2582 perﬁcere
1545 2549 1658 2575 tentavi.
1680 2549 1741 2577 Pri—

111 2611 197 2634 mum,
211 2605 241 2628 ut
252 2598 474 2627 emendationum
487 2605 609 2624 mearum
622 2596 756 2624 rationem
769 2596 924 2628 redderem,
949 2600 977 2623 et
997 2597 1086 2624 varias
1100 2597 1232 2624 lectiones
1254 2604 1288 2623 ex
1311 2603 1376 2623 mss.
1400 2594 1541 2621 codicibus
1553 2594 1738 2631 depromptas,

110 2650 222 2678 lectoris
232 2648 334 2684 judicio
346 2654 536 2682 proponerem.
553 2645 668 2677 Deinde,
681 2649 710 2671 ut
725 2644 887 2671 obscuriora
899 2653 1013 2679 qumque
1026 2653 1057 2672 ac
1070 2645 1224 2672 difﬁciliora
1236 2645 1305 2677 loca,
1320 2652 1381 2679 quze
1393 2644 1509 2679 legentis
1522 2645 1663 2680 ingenium
1678 2653 1738 2672 mo-

110 2699 165 2726 rari
178 2704 257 2732 posse
271 2695 446 2725 videbantur,
460 2702 510 2729 pro
523 2693 634 2720 modulo
647 2699 707 2719 meo
721 2692 898 2719 illustrarcm.
923 2692 979 2719 Nec
1002 2693 1098 2727 ignoro
1117 2693 1217 2719 multos
1236 2699 1295 2719 esse
1316 2691 1446 2718 delicatos
1467 2699 1498 2719 ac
1512 2691 1667 2719 fastidiosos
1687 2692 1739 2719 ho-

108 2743 207 2774 mines,
221 2740 267 2776 qui
281 2740 429 2774 exquisitas
437 2739 568 2766 duntaxat
580 2737 786 2764 observationes
800 2741 827 2763 et
839 2744 999 2763 communes
1011 2746 1078 2772 quos
1091 2743 1189 2764 vocant
1202 2738 1285 2768 locos,
1299 2736 1331 2763 ad
1346 2745 1471 2771 pompam
1485 2741 1512 2763 et
1524 2738 1740 2764 ostentationem

109 2788 285 2823 compositos,
298 2787 351 2814 sibi
364 2785 489 2813 exhiberi
504 2785 604 2811 velint:
620 2784 692 2810 illam
706 2791 770 2810 vero
784 2784 991 2810 annotationum
1007 2789 1111 2818 partem
1136 2793 1196 2819 qua:
1215 2783 1421 2810 emendationes
1443 2791 1473 2809 ac
1494 2780 1582 2809 \arias
1607 2783 1740 2810 lectiones

108 2835 239 2868 continet,
254 2835 341 2862 levem
354 2841 466 2870 prorsus
479 2840 509 2859 ac
522 2831 727 2867 despiciendam
749 2831 914 2859 existiment.
930 2831 1036 2864 Quibus
1053 2841 1102 2868 ego
1116 2833 1142 2859 id
1157 2839 1317 2867 responsum
1330 2831 1411 2858 velim
1436 2839 1442 2857 :
1462 2831 1513 2857 etsi
1531 2831 1743 2862 emendationcs
