1887 3058
124 170 160 197 r.
551 168 594 196 DE
614 169 694 196 VlTA
713 168 758 196 ET
776 167 929 195 SCRIPTIS
948 166 1115 195 SOCRATIS
1135 166 1178 194 ET
1199 140 1378 195 SOZOMEN].
1735 164 1768 191 l8

125 230 184 257 Ille
195 237 225 256 ac
246 229 332 256 varia:
352 229 489 258 lectiones
508 238 575 264 quas
595 229 681 256 Graeci
693 228 887 263 διττογραφὶας
902 233 1009 260 vocant,
1025 228 1151 255 insuaves
1163 228 1325 262 plerumque
1339 235 1370 253 ac
1383 226 1506 252 molestae
1526 225 1581 252 sint
1602 224 1766 259 legentibus,

127 276 214 304 utiles
228 280 323 303 tamen
335 284 385 304 eas
397 284 457 304 esse
472 276 615 310 imprimis,
632 284 663 303 ae
674 284 785 311 prorsus
797 275 976 307 necessarias,
990 276 1017 302 in
1038 275 1081 302 his
1101 275 1253 310 praesertim
1267 274 1450 309 scriptoribus
1461 280 1579 308 quorum
1598 272 1662 299 libri
1679 272 1770 299 minus

127 321 273 349 emendati
288 322 324 349 ad
337 330 390 349 nos
401 326 595 357 pervenerunt.
611 322 772 357 llujusmodi
786 326 878 349 anteiit
890 329 949 348 esse
963 322 1084 348 Socratis
1103 329 1135 348 ac
1153 321 1296 349 Sozomeni
1316 321 1403 347 libros
1419 320 1473 355 jam
1487 318 1614 353 superius
1627 317 1768 345 admonui.

127 368 161 395 Et
178 368 395 394 observationes
406 367 517 402 quidem
539 368 670 403 majorem
689 368 809 402 speciem
826 367 975 402 przel‘erunt
987 367 1168 394 eruditionis:
1182 367 1339 394 emendatio
1351 374 1418 393 vero
1432 366 1494 400 plus
1513 365 1615 400 ingenii
1628 372 1660 391 ae
1671 363 1767 399 judicii

125 421 139 439 ιτ
151 412 275 446 -quirere
288 411 358 438 mihi
373 412 491 438 videtur.
505 411 600 446 Neque
620 411 693 439 enim
715 412 835 446 cujusvis
848 415 890 438 cst
910 411 944 438 de
956 419 1020 438 vera
1039 419 1070 438 ac
1088 419 1216 446 germana
1229 415 1354 438 veterum
1376 411 1543 445 scriptorum
1555 409 1674 436 lectione
1697 408 1770 435 ferre

127 458 311 490 sententiam,
337 459 385 485 sed
397 459 457 494 ejus
468 458 514 493 qui
528 463 556 486 et
568 459 713 494 multiplici
726 459 850 486 doctrina
863 459 1014 486 instructus
1026 459 1071 491 sit,
1084 462 1112 485 et
1124 459 1152 485 in
1165 459 1217 486 hac
1226 458 1367 494 judicandi
1376 463 1435 486 arte
1447 458 1494 486 diu
1507 458 1680 491 multumque
1692 463 1771 483 exer-

131 505 247 532 citatus.
262 504 350 531 Porro
364 505 588 532 annotationibus
601 508 682 539 tresa
695 513 737 532 me
750 505 888 540 subjuncti
906 509 970 532 sunt
991 505 1056 532 libri
1075 505 1299 532 Observationum
1319 505 1579 536 ecclesiasticarum,
1597 511 1659 538 quat
1671 501 1705 529 ad
1720 501 1768 529 So-

134 551 223 578 eratis
247 559 281 578 ae
303 551 450 578 Sozomeni
472 551 621 579 Historiam
643 552 833 580 illustrandam
856 553 1005 588 pertinent.
1029 554 1096 581 Nam
1120 561 1182 580 cum
1205 553 1461 585 animadverterem,
1485 553 1513 580 in
1525 552 1607 580 rebus
1629 549 1771 579 Athanasii

135 598 320 627 Alexandrini
333 605 362 627 et
375 601 450 628 Pauli
465 601 759 636 Constantinopolitani
774 601 936 635 referendis,
951 603 1052 629 multos
1066 606 1095 629 et
1114 601 1247 628 maximos
1265 609 1374 628 errores
1395 601 1530 628 admissos
1541 607 1601 627 esse
1623 607 1638 626 a
1658 598 1772 626 Socrate

128 647 214 678 atque
227 644 393 678 Sozomeno,
406 650 434 674 et
444 646 479 673 ab
493 646 527 674 iis
537 647 585 682 qui
599 647 660 674 illos
671 647 844 682 postmodum
857 648 943 675 secuti
956 651 1020 675 sunt
1031 668 1037 679 ,
1051 655 1111 674 eam
1124 646 1246 674 historiae
1264 650 1380 681 partem,
1397 650 1499 681 quanta
1518 646 1578 673 fieri
1598 645 1686 680 potuit
1704 651 1770 671 cura

134 699 166 718 ac
180 691 337 727 diligentia,
352 693 461 721 duobus
473 694 615 729 prioribus
627 695 706 722 libris
720 695 858 722 illustrare
873 695 975 722 studui.
989 696 1018 722 In
1031 695 1133 730 quibus
1146 695 1232 722 multa
1245 694 1384 729 reperient
1405 694 1521 721 studiosi
1534 701 1549 721 a
1561 702 1604 721 me
1614 693 1770 723 observata,

136 746 198 773 qua!
209 740 329 767 aliorum
341 741 511 777 diligentiam
523 742 658 777 fugerant.
672 743 783 771 Tertius
796 748 887 770 autem
901 743 984 776 liber,
1002 744 1048 778 qui
1068 743 1278 778 explicationem
1298 742 1421 769 continet
1432 750 1460 769 sc
1467 742 1639 769 xti'canonis
1662 740 1771 768 concilii

135 784 251 816 Nicmni,
264 785 369 814 idcirco
382 795 397 814 a
408 794 452 814 me
464 787 509 814 hic
521 787 661 822 subjectus
672 792 724 819 est,
737 788 810 822 quod
823 788 850 814 in
864 795 897 815 eo
908 795 1012 814 canone
1024 788 1114 823 agitur
1127 787 1161 815 de
1172 787 1233 822 jure
1247 794 1279 813 ac
1297 789 1430 821 potestate
1453 785 1681 821 patriarcharum,
1700 792 1771 819 quo-

142 838 203 857 rum
214 838 229 857 a
241 831 358 859 Socrate
370 837 465 861 nostro
475 834 579 861 mentio
592 833 622 860 fit
634 834 661 860 in
674 834 745 861 libro
757 838 834 861 sexto
845 842 877 861 ac
888 833 1014 868 septimo.
1029 833 1114 869 Cujus
1127 833 1237 868 quidem
1255 832 1295 859 rei
1316 832 1377 859 ideo
1390 833 1507 859 lectores
1518 831 1706 858 admonendos
1720 839 1772 866 pu-

139 878 205 910 tari,
217 887 253 906 ne
267 880 332 914 quis
342 880 514 908 existimaret
526 889 569 908 me
589 882 751 917 cujusquam
771 880 988 916 reprehendendi
1001 889 1082 908 causa
1103 881 1204 908 librum
1228 880 1302 907 hunc
1314 879 1429 914 reliquis
1443 879 1601 906 attexuisse.
1619 878 1679 906 Non
1699 878 1773 904 enim

139 924 265 959 profecto
278 925 306 952 id
319 926 387 954 mihi
400 927 546 954 consilium
559 927 620 954 fuit.
643 927 697 955 Sed
714 928 803 962 primo
816 928 938 962 quidem,
956 927 1081 955 veritatis
1101 926 1262 962 indagandae
1278 926 1370 954 studio
1387 933 1519 953 canonem
1543 925 1619 952 illum
1636 932 1774 960 exponere

138 978 286 1006 aggressus
299 979 376 1005 sum;
399 972 499 1000 deinde
512 981 587 1005 vero,
601 978 630 1000 ut
642 974 770 1009 scriptori
782 982 843 1001 meo
855 974 944 1001 lucem
957 974 1077 1009 aliquam
1096 974 1234 1005 aﬂ‘errem,
1253 981 1316 1000 eum
1331 972 1456 999 libellum
1468 970 1693 999 annotationibus
1705 970 1774 998 meis

140 1015 259 1051 subjeci.
273 1017 304 1044 In
317 1025 372 1052 quo
385 1018 406 1045 si
420 1026 435 1044 a
448 1018 508 1046 viro
520 1019 601 1046 docto
613 1023 693 1054 atque
702 1020 789 1047 amico
800 1019 943 1050 dissentio,
957 1020 982 1047 id
996 1019 1129 1052 modeste,
1141 1027 1193 1047 nec
1206 1019 1265 1046 sine
1277 1018 1428 1046 honoriﬁca
1439 1019 1499 1054 ejus
1512 1017 1693 1052 appellatione
1711 1016 1773 1043 feci.

137 1062 285 1090 Corollarii
300 1064 361 1092 loco
373 1065 466 1093 addita
478 1070 520 1094 est
531 1067 681 1102 disputatio
692 1067 819 1095 Archelai
834 1067 1036 1103 Mesopotamia:
1048 1068 1169 1103 episcopi
1182 1068 1316 1095 adversus
1329 1067 1519 1099 Manichaaum,
1533 1066 1612 1101 cujus
1629 1065 1732 1093 mentio
1746 1064 1775 1092 fit

137 1115 153 1134 a
165 1107 280 1137 Socrate
294 1110 322 1137 in
336 1111 407 1137 libro
421 1111 520 1146 primo.
534 1113 664 1148 Ejusdem
676 1113 767 1149 operis
780 1114 905 1140 meminit
924 1114 1094 1149 Epiphanius
1108 1114 1134 1141 in
1146 1114 1243 1142 hmresi
1255 1113 1478 1144 Manichamrum,
1498 1117 1526 1140 et
1546 1113 1729 1147 Hieronymus
1746 1112 1773 1137 in

136 1155 213 1182 libro
224 1156 263 1183 De
275 1157 459 1192 scriptoribus
469 1160 674 1193 ecclesiasticis,
689 1161 768 1196 cujus
779 1161 837 1188 haec
850 1165 914 1188 sunt
924 1162 1008 1190 verba
1021 1171 1027 1189 :
1039 1162 1196 1194 Archelaus,
1208 1162 1342 1197 episcopus
1354 1160 1560 1195 Mesopotamia,
1575 1158 1670 1186 librum
1683 1158 1774 1192 dispu-

136 1201 246 1228 tationis
258 1210 323 1234 suat,
336 1211 416 1238 quam
427 1204 519 1231 habuit
531 1205 669 1232 aduersum
681 1206 854 1233 Munia/imum
869 1211 1006 1234 exeuntem
1018 1208 1049 1234 de
1061 1208 1179 1240 Perside,
1191 1206 1258 1242 Syro
1270 1215 1390 1233 sermone
1402 1206 1558 1240 composuit,
1570 1206 1615 1240 qui
1627 1203 1775 1231 translatus

137 1247 164 1273 in
176 1247 299 1275 Graecum
312 1249 423 1276 habetur
436 1259 451 1276 a
461 1251 562 1278 multis.
576 1251 679 1279 Claruit
690 1253 737 1279 sub
749 1254 813 1287 imp.
826 1252 920 1279 Probo.
937 1253 994 1280 Hoc
1005 1254 1145 1289 egregium
1164 1253 1336 1288 antiquitatis
1354 1251 1546 1279 ecclesiasticae
1563 1255 1771 1277 monumentrm

137 1293 164 1319 in
177 1293 262 1321 Italiae
274 1294 450 1323 bibliothecis
463 1297 597 1325 hactenus
608 1298 765 1325 delituerat.
779 1298 900 1326 Tandem
914 1307 981 1328 vero
996 1300 1118 1327 Emerici
1131 1299 1230 1334 Bigotii
1249 1298 1303 1326 viri
1315 1297 1460 1325 clarissimi
1474 1297 1566 1324 studio
1577 1305 1611 1324 ac
1633 1297 1776 1332 diligentia

138 1347 153 1366 e
165 1340 288 1368 tenebris
300 1347 421 1375 erutum,
435 1343 463 1370 in
475 1343 564 1371 lucem
577 1345 679 1379 prodit.
694 1345 747 1372 Sed
765 1345 913 1373 dolendum
938 1349 980 1374 est
993 1346 1066 1381 quod
1085 1346 1225 1380 exemplar
1242 1345 1309 1372 illud
1333 1352 1367 1371 ex
1389 1351 1443 1378 quo
1464 1344 1522 1370 haac
1541 1342 1678 1377 descripta
1700 1347 1777 1374 sunt,

139 1387 245 1414 mendis
256 1387 389 1416 refertum
402 1390 564 1424 innumeris,
577 1395 606 1418 et
618 1391 808 1426 imperfectum
821 1393 933 1428 insuper
944 1401 977 1421 ac
997 1394 1125 1420 mutilum
1144 1392 1177 1420 ad
1191 1400 1241 1420 nos
1254 1391 1389 1428 pervenit.
1405 1390 1561 1418 Desiderari
1573 1390 1647 1417 enim
1668 1390 1778 1417 videtur

140 1433 289 1469 disputatio
303 1435 362 1469 ipsa
372 1434 511 1469 Archelai,
526 1445 608 1471 quam
629 1437 726 1465 habuit
749 1438 882 1466 adversus
895 1439 1073 1467 Maniclneum
1087 1439 1114 1466 in
1126 1438 1248 1466 Marcelli
1259 1438 1353 1471 domo,
1368 1445 1461 1465 coram
1474 1441 1592 1472 quatuor
1606 1436 1749 1472 judicihus
1761 1445 1776 1463 a

139 1480 265 1507 Marcello
276 1480 383 1508 electis.
396 1481 454 1508 Nisi
467 1481 535 1510 forte
549 1482 673 1510 dicamus
681 1483 897 1519 disputationem
910 1484 1038 1513 Archelai
1050 1485 1184 1513 contineri
1199 1485 1226 1512 in
1236 1484 1352 1520 epistola
1364 1484 1398 1511 ad
1407 1484 1557 1511 Diodorum
1570 1482 1773 1518 presbyterum,

141 1525 167 1552 in
179 1533 230 1560 qua
242 1525 395 1554 Archelaus
406 1527 620 1562 disputationem
632 1529 705 1557 illam
717 1538 799 1565 quam
813 1531 947 1558 adversus
958 1531 1137 1559 Manichacum
1159 1531 1304 1563 habuerat,
1318 1531 1452 1566 integram
1470 1530 1565 1558 refert.
1588 1533 1618 1556 ut
1639 1529 1777 1564 colligitur

141 1579 173 1599 ex
185 1571 238 1600 fine
250 1572 326 1600 illius
337 1574 471 1608 epistolae.

174 1617 262 1653 Atque
275 1618 334 1646 haec
346 1623 410 1647 sunt
421 1620 454 1648 de
468 1621 570 1656 quibus
591 1623 618 1650 in
631 1623 767 1658 principio
780 1624 863 1660 hujus
874 1624 967 1660 operis
977 1624 1095 1652 lectores
1106 1623 1296 1651 admonendos
1308 1631 1369 1651 esse
1381 1623 1548 1655 existimavi,
1563 1627 1593 1649 ut
1604 1622 1668 1657 quid
1683 1622 1710 1649 in
1726 1623 1732 1648 l
1744 1630 1776 1649 ac.

141 1668 232 1692 nostra
255 1665 378 1694 editione
400 1667 570 1703 praecipuum
594 1673 677 1702 esset,
700 1678 751 1698 nec
776 1671 803 1697 in
826 1671 1016 1706 superioribus
1038 1671 1121 1706 hujus
1143 1670 1270 1697 Historia
1291 1669 1461 1697 editionibus
1479 1669 1660 1700 inveniretur,
1685 1669 1775 1703 primo

142 1710 230 1738 statim
254 1711 357 1738 intuitu
378 1718 490 1748 possent
511 1722 686 1749 cognoscere.
712 1716 807 1744 Restat
836 1724 911 1744 nunc
931 1721 961 1743 ut
983 1716 1017 1744 de
1042 1716 1154 1744 Socrate
1183 1724 1216 1743 ac
1238 1716 1391 1743 Sozomeno
1419 1723 1507 1750 pauca
1534 1714 1642 1748 dicam;
1674 1715 1719 1749 qui
1750 1720 1778 1741 et

141 1759 233 1793 quales
243 1759 449 1796 fuerint;quod
460 1770 547 1797 genus
558 1763 621 1791 vita:
633 1764 739 1796 sectati,
753 1772 835 1799 quam
854 1764 1015 1799 religionem
1034 1763 1151 1799 professi
1168 1763 1281 1796 fuerint,
1300 1768 1328 1791 et
1348 1767 1409 1790 uter
1421 1770 1517 1790 eorum
1529 1762 1606 1797 prior
1630 1761 1739 1789 llistoii:
1750 1769 1776 1788 ιη

142 1804 343 1840 conscripserit.

451 1863 501 1893 DE
521 1865 610 1895 VITA
630 1866 678 1896 ET
700 1866 872 1897 SCRIPTIS
893 1866 1077 1897 SOCRATIS
1100 1867 1226 1904 ATQUE
1249 1867 1456 1898 SOZOMENI.

176 1926 304 1953 Socrates
324 1926 407 1961 igitur
429 1931 533 1959 noster,
549 1927 582 1954 ab
599 1927 652 1954 hoc
682 1928 755 1954 enim
777 1928 929 1960 ordiemur,
946 1931 967 1959 Α
983 1933 1037 1956 tem
1053 1933 1177 1955 nostrum
1190 1928 1261 1955 circa
1277 1928 1388 1955 exordia
1404 1928 1576 1962 principatus
1590 1928 1736 1956 Theodosii
1749 1929 1777 1957 in

142 1971 256 2007 patriam
268 1971 365 1998 habuit
375 1971 648 2007 Constantinopolim.
662 1973 721 2007 Ipse
735 1978 810 2000 certe
824 1974 850 2000 in
862 1974 933 2001 libro
985 1975 1074 2002 lucem
1090 1974 1194 2001 editum
1208 1973 1303 2000 fuisse.
1323 1973 1428 2008 Quippe
1441 1974 1519 2008 pueri
1532 1981 1604 2004 anno
1619 1974 1707 2002 aetatis
1721 1977 1776 2003 cir-

142 2018 236 2052 quinto
253 2017 381 2045 Historiae
395 2018 598 2051 ecclesiasticae,
610 2027 670 2054 cap.
683 2019 727 2052 21,
740 2027 769 2046 se
786 2020 813 2046 in
824 2028 856 2047 ca
865 2020 933 2047 urbe
986 2019 1054 2046 citer
1070 2018 1176 2046 decimo
1189 2018 1259 2045 tradi
1276 2018 1402 2045 solebant
1420 2019 1606 2054 grammaticis
1622 2020 1776 2048 erudiendi.

142 2069 234 2091 natum
255 2069 340 2099 atque
355 2065 502 2094 educatum
522 2065 606 2092 fuisse
628 2069 754 2098 testatur,
770 2070 798 2093 et
816 2066 852 2093 ob
872 2074 932 2093 eam
985 2065 1050 2091 Post
1073 2065 1130 2092 haec
1156 2064 1284 2092 Socrates
1310 2064 1476 2091 rhetoricam
1499 2064 1595 2092 didicit
1615 2065 1666 2092 sub
1685 2066 1778 2093 Troilo

143 2118 250 2138 causam
272 2119 319 2138 res
334 2111 396 2139 illas
413 2112 550 2146 praecipue
569 2119 797 2139 commemorasse
808 2133 814 2145 ,
827 2121 887 2147 qua:
907 2113 932 2140 in

143 2164 172 2183 ea
189 2157 300 2184 civitate
315 2157 483 2185 acciderant.
500 2157 692 2185 Grammaticzc
708 2158 777 2185 artis
789 2159 934 2194 przeceptis

144 2202 285 2231 institutus
294 2208 347 2236 est,
361 2204 508 2231 admodum
527 2202 698 2236 adolescens,
715 2205 749 2231 ab
765 2205 889 2232 llclladio
906 2210 933 2232 ct

144 2246 286 2275 Ammonio
303 2249 503 2283 grammaticis,
522 2249 568 2285 qui
587 2253 652 2277 tunc
679 2250 751 2277 forte
769 2250 934 2278 Alexandria

145 2293 259 2328 profugi,
280 2293 546 2329 Constantinopolim
569 2303 597 2322 se
621 2300 792 2330 receperant.
816 2295 932 2323 Causam

145 2347 207 2366 vero
222 2347 274 2367 cur
291 2340 461 2375 grammatici
478 2340 515 2368 illi
529 2341 693 2368 Alexandria
714 2342 900 2377 migraverint,
911 2343 932 2369 si

145 2384 203 2418 quis
220 2385 292 2412 seire
315 2385 466 2418 desiderat,
488 2395 547 2413 eam
571 2387 690 2414 inveniet
711 2388 825 2415 relatam
842 2397 856 2414 a
883 2389 933 2415 So-

145 2435 215 2457 crate
233 2431 261 2457 in
275 2431 323 2457 lib.
335 2439 362 2464 v,
378 2439 437 2466 cap.
453 2432 495 2459 ‘16.
508 2433 575 2459 Nam
594 2441 656 2460 cum
675 2434 773 2468 templa
790 2434 934 2469 gentilium

145 2475 281 2504 destructa
297 2481 391 2504 essent
405 2477 586 2511 Alcxandrim,
601 2487 666 2506 cura
684 2488 715 2507 ac
735 2480 826 2507 studio
846 2481 934 2509 Theo-

145 2521 219 2555 phili,
241 2522 322 2549 urbis
341 2522 413 2551 illius
430 2525 562 2560 episcopi,
576 2525 717 2553 llclladius
733 2530 761 2553 ct
775 2526 934 2554 Ammonius

146 2567 333 2600 grammatici,
346 2576 462 2603 quorum
478 2569 546 2596 alter
559 2570 643 2601 Jovis,
660 2570 728 2598 alter
745 2570 822 2597 Simii
842 2579 933 2599 sacer-

145 2610 192 2638 dos
218 2615 280 2638 erat
302 2611 490 2646 Alexandriae,
509 2614 701 2642 contumeliam
725 2615 796 2643 hanc
819 2616 933 2643 deorum

145 2665 255 2684 suorum
267 2666 339 2693 mgrc
357 2658 487 2692 ferentes,
500 2660 594 2687 relicta
605 2661 674 2687 urbe
688 2661 852 2688 Alexandria
864 2662 934 2690 Con-

145 2704 350 2740 stantinopolim
365 2704 489 2740 profecti,
501 2706 670 2734 domicilium
683 2715 763 2734 suum
781 2708 837 2735 illic
852 2709 934 2736 collo-

145 2754 248 2777 carunt.
276 2750 365 2778 Porro
395 2752 537 2786 gentilium
562 2753 662 2788 templa
690 2753 861 2781 Alexandria:
885 2754 934 2782 dc-

146 2797 244 2823 structa
255 2800 322 2823 sunt
334 2796 453 2824 'l‘imasio
463 2802 491 2824 et
502 2797 629 2825 Promoto
640 2798 810 2832 consulibus,
823 2803 852 2826 ut
865 2800 933 2827 scri-

146 2839 182 2867 hit
196 2841 377 2869 Marcellinus
390 2842 416 2869 in
428 2842 576 2876 Chronico,
593 2844 639 2878 qui
652 2852 740 2871 annus
752 2848 813 2871 erat
825 2844 937 2871 undeci—

146 2892 200 2913 mus
219 2886 397 2922 imperatoris
408 2886 564 2915 Theodosii.
582 2888 621 2915 Ex
639 2897 693 2923 quo
707 2893 817 2924 apparet
840 2888 937 2917 Socra-

986 2111 1119 2146 sophista,
1142 2111 1189 2146 qui
1215 2119 1266 2145 per
1293 2110 1319 2138 id
1347 2114 1455 2146 tempus
1481 2119 1587 2138 summa
1611 2119 1673 2139 cum
1697 2112 1778 2140 laude

985 2157 1169 2191 eloquentiam
1195 2157 1311 2184 docebat
1334 2156 1585 2192 Constantinopoli.
1609 2158 1639 2185 Id
1665 2159 1777 2193 quidem

986 2202 1088 2230 diserte
1105 2211 1159 2229 non
1180 2202 1247 2230 dicit
1269 2203 1396 2230 Socrates
1417 2207 1520 2230 noster.
1540 2203 1642 2231 Verum
1669 2212 1702 2232 ex
1718 2206 1779 2241 ejus

985 2249 1078 2276 verbis
1093 2253 1214 2276 attentus
1234 2256 1266 2276 ac
1287 2249 1404 2284 diligens
1420 2249 1506 2276 lector
1524 2249 1596 2277 istud
1618 2251 1690 2285 quod
1710 2252 1776 2284 dixi,

985 2294 1065 2321 facile
1079 2294 1198 2329 colliget.
1214 2293 1308 2321 Toties
1320 2294 1406 2327 cnim,
1425 2298 1535 2329 tamque
1554 2295 1704 2323 honorifice
1719 2297 1778 2331 ejus

986 2339 1154 2367 mentionem
1176 2339 1252 2372 facit,
1271 2344 1302 2367 ut-
1317 2340 1448 2374 magistro
1464 2340 1595 2368 Mincrval
1612 2341 1717 2369 solvere
1736 2342 1777 2369 vi—

986 2386 1093 2413 deatur.
1109 2385 1176 2412 Nam
1197 2389 1225 2412 ct
1237 2386 1354 2420 patriam
1369 2386 1429 2421 ejus
1451 2386 1585 2418 nominat,
1600 2386 1684 2415 Siden
1699 2388 1777 2414 Pam—

986 2431 1100 2467 phyliae;
1114 2431 1229 2466 ejusque
1242 2430 1392 2466 discipulos
1408 2436 1606 2459 commemorat
1621 2433 1692 2460 haud
1710 2441 1777 2468 pau<

986 2488 1043 2512 eos,
1066 2479 1216 2507 Eusebium
1236 2479 1342 2507 scilicet
1360 2479 1571 2512 Scholasticum,
1592 2484 1620 2507 ct
1639 2480 1777 2507 Silvanum

986 2531 1067 2561 atque
1079 2525 1225 2553 Ablabium
1235 2525 1389 2560 episcopos.
1399 2525 1523 2560 Denique
1535 2526 1564 2552 in
1575 2526 1647 2553 lihro
1660 2527 1777 2561 septimo

986 2572 1162 2599 Anthemium
1196 2571 1355 2606 praefectum
1386 2571 1525 2606 praetorio,
1553 2572 1600 2606 qui
1624 2571 1778 2598 Theodosio

987 2618 1100 2645 Juniore
1122 2617 1213 2644 adhuc
1235 2624 1321 2651 puero
1340 2617 1536 2652 rempublicam
1559 2617 1777 2647 administrabat,

989 2664 1074 2690 Troili
1086 2663 1216 2698 sophistae
1229 2662 1353 2690 consiliis
1362 2663 1499 2698 praecipue
1512 2670 1591 2689 usum
1600 2670 1660 2689 esse
1672 2662 1777 2688 scribit.

987 2709 1040 2737 Ubi
1058 2709 1143 2736 etiam
1165 2709 1242 2735 illum
1260 2708 1313 2736 hoc
1332 2712 1447 2735 exornat
1467 2707 1571 2742 elogio:
1589 2707 1618 2738 ὃς
1640 2705 1709 2741 μετὰ
1729 2707 1779 2740 τῆς

988 2755 1072 2791 οὔσης
1084 2754 1158 2790 αὐτῷ
1172 2754 1329 2789 φιλοσοφίας
1343 2754 1393 2790 (sic
1406 2754 1480 2781 enim
1496 2752 1672 2780 scribendum
1682 2755 1734 2783 est,
1750 2757 1780 2779 ut

989 2801 1016 2828 in
1034 2800 1184 2836 appendicc
1205 2800 1415 2828 annotationum
1435 2796 1556 2832 monui),
1572 2797 1620 2824 καὶ
1639 2795 1709 2823 κατὰ
1729 2796 1779 2831 τὴν

988 2844 1128 2878 πολιτικὴν
1147 2843 1279 2878 φρόνησιν
1300 2843 1338 2877 τῷ
1361 2841 1494 2877 Ἀνθεμίῳ
1515 2841 1661 2876 ἐφάμιλλος
1680 2837 1726 2874 ἦν·
1750 2841 1779 2867 id

988 2895 1045 2918 est:
1067 2890 1111 2925 qui
1124 2894 1220 2925 pra‘lcr
1233 2888 1424 2924 philosophiam
1438 2896 1496 2923 qum
1508 2889 1532 2915 in
1554 2888 1609 2923 ipso
1622 2887 1720 2916 inerat,
1738 2886 1779 2912 CL
