1887 3058
123 159 156 187 t9
747 162 790 188 DE
811 161 889 189 VlTA
910 161 952 189 er
974 161 1128 190 SCRIPTIS
1713 159 1749 187 20

121 218 212 244 riiium
227 225 327 252 quoque
340 225 428 244 rerum
443 218 583 254 prudentia
594 227 644 254 par
657 219 794 246 Anthemio
804 229 858 247 esse
870 222 909 248 ei-
925 224 945 251 Α
963 220 1090 248 Socrates
1112 220 1259 248 Historiam
1271 227 1347 248 suam
1359 219 1551 254 conscripserit
1565 223 1626 254 post
1641 219 1748 247 obitum

120 265 240 291 dabatur.
253 264 300 291 His
310 264 463 292 rationibus
474 264 618 297 adductus,
628 264 767 292 Socratem
783 270 910 293 nostrum

121 311 148 337 in
172 311 310 338 rhetorica
329 311 420 338 Troilo
451 311 581 345 magistro
607 318 686 336 usum
709 310 794 338 fuisse
815 312 908 339 existi-

121 358 202 384 mavi.
220 358 321 385 Verum
341 359 374 386 de
396 359 447 386 hac
467 366 497 385 re
515 358 704 393 unusquisque
724 367 774 394 pro
793 360 907 387 arbitrio

120 411 170 430 suo
188 407 298 431 statuet.
310 404 456 431 Sciendum
468 411 551 439 porro
562 408 613 436 est,
628 408 735 432 veteres
745 412 800 432 non
810 406 907 441 raptim

120 455 152 475 ac
173 454 362 484 properanter,
386 449 457 476 sicut
479 456 554 476 nunc
579 449 638 477 ﬁeri
659 450 739 484 solet,
759 451 807 478 sed
827 451 908 487 longo

119 494 267 522 admodum
295 499 418 530 tempore
450 495 615 530 eloquentiae
646 503 758 532 operam
788 497 906 525 dedisse.

119 540 201 568 Certe
221 541 369 576 Gregorius
388 541 579 569 Nazianzenus
602 542 630 570 in
651 543 779 570 Carmine
796 543 830 571 de
852 544 908 571 vita

119 593 167 612 sua
177 590 301 616 testatur.
324 594 352 613 se
370 594 442 614 anno
456 588 544 615 :ctatis
569 588 707 616 tricesimo
720 589 835 617 Athenis
853 590 910 617 dis-

118 631 242 661 cessisse,
258 639 321 658 cum
344 632 371 659 in
390 640 423 659 ea
449 633 516 660 urbe
532 634 659 662 oratoria:
683 635 749 662 artis
773 640 908 670 prteccpta

117 675 268 703 didicisset.
297 677 362 704 Post
375 678 433 705 haec
449 678 577 706 Socrates
600 679 694 707 relicta
713 680 797 708 Troili
816 681 907 708 schola

117 720 151 746 ad
166 719 255 747 forum
272 729 300 748 se
317 723 444 755 contulit,
456 726 484 750 et
500 730 596 750 causas
611 724 735 751 actitavit
753 725 909 752 Constanti-

118 765 220 799 nopoli.
232 766 309 794 Unde
325 773 537 802 cognomentum
550 769 666 804 adeptus
681 775 724 797 est
734 770 906 798 Scholastici.

117 811 163 839 Sic
179 812 253 839 enim
269 813 394 841 advocati
413 822 447 842 eo
467 818 588 849 tempore
603 815 776 848 dicebantur,
796 821 825 843 ut
839 817 908 852 jam-

117 857 224 892 pridem
239 858 274 886 ab
290 859 352 887 aliis
369 859 545 887 observatum
556 864 612 888 est:
629 869 684 888 non
701 862 812 897 quodin
827 863 906 890 scho-

117 904 159 931 las
179 905 257 932 relati
282 910 391 938 essent,
413 907 461 933 sed
487 907 552 941 quia
572 908 687 942 juvenes
708 916 741 935 ex
764 909 906 937 rhetorum

118 950 218 978 scholis
233 951 455 985 profecti,artcm
470 953 540 980 hanc
556 953 765 988 proﬁtebantur.
784 955 905 982 Tandem

117 1003 183 1023 vero
203 996 308 1031 abjecta
327 997 504 1030 causidicina,
525 998 558 1025 ad
579 999 751 1026 scribendam
778 1001 906 1028 ecclesia-

117 1041 213 1068 sticam
224 1042 371 1069 Historiam
381 1043 503 1070 animum
515 1052 594 1071 suum
607 1044 746 1079 applicuit.
755 1045 813 1078 Qua
826 1046 853 1073 in
863 1054 903 1078 re,

117 1091 144 1113 et
158 1086 262 1121 judicio
275 1091 302 1114 et
315 1087 456 1123 diligentia
472 1096 538 1116 usus
554 1093 596 1116 est
619 1089 761 1124 singulari.
779 1091 817 1117 Ac
829 1091 903 1125 judi-

118 1131 190 1159 cium
207 1133 328 1167 quidem,
340 1133 482 1161 declarant
497 1134 703 1162 observationes
715 1143 748 1162 ac
761 1136 904 1163 sententia:

115 1177 215 1212 passim
235 1178 263 1205 in
280 1178 359 1207 libris
372 1180 432 1214 ejus
446 1179 572 1207 intextae:
591 1180 701 1214 quibus,
717 1189 778 1208 meo
792 1182 903 1217 quidem

112 1223 227 1256 judicio,
241 1224 310 1250 nihil
331 1229 374 1252 est
397 1225 540 1252 illustrius.
556 1225 730 1261 Diligentiam
747 1234 822 1258 vero,
841 1235 902 1254 cum

114 1268 166 1295 alia
179 1269 263 1296 multa
276 1273 420 1301 testantur,
434 1275 490 1297 tum
506 1270 571 1297 illud
589 1271 732 1305 imprimis,
745 1271 818 1306 quod
836 1276 902 1298 tem-

115 1322 211 1348 porum
245 1319 355 1346 notaui,
377 1315 403 1342 id
426 1320 468 1342 est
496 1315 656 1343 consulatus
683 1321 710 1343 et
735 1317 902 1352 olympiadas

114 1367 302 1393 saepenumero
322 1361 443 1395 apponit,
461 1362 611 1396 pratsertim
627 1362 673 1389 ubi
701 1370 745 1390 res
770 1363 901 1398 quasdam

113 1406 226 1441 majoris
240 1407 371 1434 momenti
388 1412 592 1435 commemorat.
611 1408 705 1443 Neque
723 1417 790 1435 vero
810 1409 901 1437 llisto-

114 1452 181 1478 riam
193 1460 270 1479 suam
284 1453 452 1488 negligenter
468 1461 500 1480 ac
515 1455 610 1488 supine
622 1455 792 1490 conscripsit,
807 1463 901 1490 quem-

113 1498 259 1525 admodum
285 1499 400 1528 Ruﬁnus
422 1499 616 1534 Aquileiensis,
642 1500 688 1534 qui
718 1500 787 1527 duos
815 1501 901 1528 libros

114 1544 241 1572 Historiae
261 1545 470 1576 ecclesiasticas.
495 1554 563 1580 quos
591 1546 702 1573 Eusebii
726 1546 900 1574 Cresaricnsis
914 1560 935 1588 ε

114 1590 192 1619 libris
203 1591 330 1622 attexuit,
339 1591 499 1617 memoriter
508 1591 575 1626 mihi
583 1591 692 1618 videtur
703 1592 898 1626 composuisse.

113 1635 204 1671 Longe
223 1636 301 1663 aliter
315 1635 441 1663 Socrates
462 1624 566 1667 noster,
579 1636 626 1670 qui
644 1637 806 1671 conquisitis
821 1637 901 1664 undi-

112 1689 166 1716 que
186 1681 297 1715 optimis
316 1681 511 1713 monumentis,
532 1681 559 1708 id
580 1686 632 1713 est,
650 1682 773 1716 epistolis
792 1682 901 1710 antisti-

114 1733 182 1759 tum,
202 1727 269 1754 actis
289 1726 482 1762 synodalibus,
506 1730 534 1754 et
554 1727 633 1754 libris
654 1728 901 1756 ecelesiasticorum

114 1772 289 1807 scriptorum,
305 1779 338 1798 ex
359 1779 455 1798 eorum
478 1771 530 1798 ﬁde
543 1771 691 1798 Historiam
710 1780 786 1799 suam
808 1773 902 1800 elucu-

115 1818 212 1845 bravit.
226 1817 348 1852 Cumque
362 1817 389 1844 in
403 1817 490 1852 prima
506 1817 627 1847 editione
640 1817 732 1852 operis
752 1818 804 1849 sui,
822 1818 900 1845 Ruﬁ-

114 1872 178 1890 num
188 1867 308 1896 secutus,
321 1864 454 1899 synodum
466 1863 528 1898 Tyri
539 1867 567 1890 ct
578 1863 771 1898 relegationem
780 1864 899 1890 Athana-

113 1909 146 1938 sii
167 1909 194 1946 in
215 1908 325 1941 Callias,
344 1908 497 1943 principatu
519 1907 672 1936 Constantii
689 1907 801 1943 Augusti
827 1913 901 1935 retu-

114 1955 198 1988 lisset,
212 1955 290 1982 lectis
309 1958 404 1990 postea
419 1954 560 1982 Athanasii
580 1954 658 1982 libris
677 1963 799 1983 errarent
820 1963 899 1983 suum

113 2001 316 2028 animadvertit.
330 2001 420 2034 Quare
436 2008 548 2028 necesse
568 2001 666 2028 habuit
682 2009 780 2028 novatn
798 2001 898 2029 editio-

112 2054 175 2073 nem
196 2046 322 2078 Historia:
340 2054 395 2073 sua)
410 2046 564 2077 instituere,
584 2046 611 2072 in
631 2054 684 2081 qua
705 2051 761 2073 tum
777 2051 897 2074 erratum

113 2092 179 2119 illud
194 2092 266 2127 quod
286 2092 359 2123 dixi,
377 2091 548 2124 emendavit;
566 2096 622 2118 tum
638 2091 690 2119 alia
709 2092 832 2127 quasdam
852 2093 899 2120 ad-

110 2139 184 2173 jecit,
208 2146 268 2173 quae
294 2138 320 2164 in
349 2138 440 2173 priore
465 2137 585 2165 editione
609 2138 846 2171 desiderabantur,
868 2143 898 2166 ut

112 2184 169 2218 ipse
183 2187 297 2210 testatur
308 2183 334 2209 in
352 2182 486 2216 principio
502 2181 565 2209 libri
582 2182 704 2209 secundi.
730 2183 770 2209 Ex
782 2190 837 2217 quo
851 2191 897 2217 ap-

959 266 1096 294 Theodori
1116 266 1310 302 Mopsuesteni.
1326 265 1380 293 Sed
1396 266 1453 301 jam
1478 269 1584 300 tempus
1605 270 1647 293 est
1664 270 1695 292 ut
1714 266 1750 293 de

958 313 1018 347 ejus
1029 317 1102 340 secta
1118 320 1150 340 ac
1164 313 1307 348 religione,
1325 313 1397 341 sicut
1412 312 1491 341 initio
1508 314 1622 348 polliciti
1641 321 1749 345 sumus,

959 358 1140 393 inquiramus.

993 403 1127 431 Baronius
1136 404 1246 438 quidem
1263 404 1290 431 in
1302 404 1463 435 Annalibus,
1478 410 1507 432 et
1522 405 1664 440 Philippus
1679 404 1751 431 Lah-

958 448 1034 476 baaus
1050 449 1078 475 in
1090 449 1162 476 libro
1177 450 1215 477 De
1234 450 1415 485 scriptoribus
1429 450 1631 482 ecclesiasticis,
1652 450 1750 478 Socra-

959 499 1012 522 tem
1039 498 1164 522 nostrum
1187 501 1261 523 secta
1281 497 1463 524 Novatianum
1486 497 1570 524 fuisse
1599 496 1747 524 alﬁrmant.

957 539 1031 566 lde'm
1048 540 1130 568 etiam
1149 546 1213 568 ante
1228 541 1288 569 illos
1304 536 1412 569 censuit
1426 542 1598 578 Nieephorus
1616 543 1643 569 in
1657 551 1750 578 prooe-

958 586 1014 613 mio
1027 586 1153 614 Historiae
1169 587 1370 620 ecclesiasticae,
1388 587 1431 615 his
1441 588 1552 616 verbis:
1573 589 1587 614 ὁ
1602 589 1650 624 τὴν
1665 597 1750 623 προσ-

957 631 1081 667 ηγορίαν,
1101 632 1132 658 οὑ
1154 632 1207 668 μὴν
1222 632 1250 659 δέ
1266 641 1298 666 γε
1316 634 1363 660 καὶ
1378 633 1427 668 τὴν
1448 634 1606 670 προαιρεσιν
1628 634 1748 669 καθαρὸς

957 677 1114 712 Σωκράτης.
1130 677 1159 704 ld
1170 682 1228 705 est:
1241 682 1265 705 et
1280 679 1301 705 is
1319 680 1364 714 qui
1375 680 1526 714 cognomine
1535 680 1640 715 quidem
1653 680 1748 707 Καθα-

959 723 1014 758 ρός,
1024 724 1070 750 sed
1082 724 1171 750 animo
1189 725 1276 751 minus
1290 733 1356 760 puro
1375 725 1434 759 fuit,
1451 724 1583 754 Socrates.
1598 725 1676 759 Quod
1691 734 1748 753 non

957 768 995 795 ita
1007 768 1197 803 accipiendum
1209 773 1260 801 est,
1272 770 1349 804 quasi
1362 769 1488 798 Socrates
1507 771 1633 806 Καθαρός
1644 779 1747 806 cogno-

957 813 1076 841 minatus
1093 814 1138 846 sit,
1156 815 1205 842 sed
1220 819 1250 842 ut
1269 815 1450 843 Novatianum
1467 816 1544 843 illum
1563 816 1646 844 fuisse
1664 817 1749 852 signi-

958 859 1063 887 ﬁcetur.
1079 860 1145 887 Nam
1163 859 1306 887 Novatiani
1324 868 1353 888 se
1370 861 1496 889 eatharos
1514 862 1697 897 appellabant,
1717 867 1748 890 ut

923 895 944 922 Β
958 903 1131 931 docetcanon
1142 908 1256 931 octavus
1266 905 1375 932 concilii
1392 906 1504 934 Niczeni.
1522 895 1596 934 Idem
1611 907 1748 942 Nicepho-

957 957 1005 977 rus
1020 949 1049 976 in
1071 949 1142 977 libro
1160 958 1189 982 ιι,
1212 951 1301 986 capite
1321 952 1365 984 ll,
1379 952 1416 979 ita
1439 952 1536 980 scribit
1554 952 1588 979 de
1605 952 1718 980 Socrate
1738 962 1745 980 :

956 995 1018 1022 Hac
1036 995 1084 1022 sibi
1102 997 1253 1022 renuntiata
1269 1004 1323 1022 esse
1344 995 1464 1024 Socrates
1481 997 1539 1032 (qui
1560 998 1606 1024 hoc
1621 997 1676 1024 loco
1693 1007 1745 1025 non

957 1040 1096 1067 abhorrere
1118 1048 1146 1066 se
1161 1049 1176 1067 a
1193 1040 1403 1068 Novatitmorum
1427 1043 1553 1069 institutis
1575 1043 1665 1078 palam
1690 1051 1746 1078 pra:

955 1095 982 1114 se
991 1087 1055 1122 fert)
1069 1095 1085 1113 α
1099 1094 1160 1114 sene
1179 1087 1293 1121 quodam
1305 1087 1403 1120 scribit,
1418 1093 1471 1115 etc.
1485 1088 1540 1116 Cur
1552 1093 1642 1116 autem
1657 1089 1745 1117 Nova-

955 1133 1046 1160 tianus
1059 1141 1075 1160 a
1091 1133 1230 1168 plerisque
1244 1133 1355 1161 habitus
1369 1134 1404 1161 sit
1422 1134 1549 1161 Socrates
1562 1139 1665 1167 noster,
1677 1144 1743 1162 cau-

955 1188 991 1207 sa:
1006 1188 1056 1207 nec
1069 1188 1161 1215 paucae
1174 1185 1247 1213 sunt,
1261 1188 1312 1207 nec
1322 1180 1405 1207 leves.
1423 1181 1545 1208 Primum
1556 1182 1629 1208 enim
1643 1183 1743 1209 seriem

954 1225 1146 1260 episcoporum
1176 1225 1404 1256 Novatianorum,
1435 1225 1481 1260 qui
1507 1225 1741 1261 Constantinopoli

953 1270 1097 1296 ecclesiam
1117 1269 1226 1299 illorum
1249 1278 1346 1297 rexere
1366 1271 1421 1305 jam
1448 1270 1511 1298 inde
1534 1279 1550 1298 a
1571 1271 1742 1299 Constantini

954 1314 1134 1349 temporibus,
1149 1315 1295 1349 diligenter
1311 1322 1518 1347 commemorat,
1538 1317 1639 1344 notatis
1658 1317 1741 1344 etiam

954 1359 1123 1391 consulibus,
1135 1360 1236 1394 quibus
1257 1360 1356 1396 singuli
1381 1368 1413 1387 ex
1434 1360 1483 1387 hac
1503 1361 1561 1388 luce
1577 1361 1739 1396 migrarunt.

953 1404 1054 1432 Deinde
1068 1413 1291 1440 unumquemque
1310 1413 1406 1433 eorum
1427 1407 1540 1433 summis
1556 1407 1637 1434 ell‘crt
1654 1407 1742 1434 laudi<

954 1447 1014 1480 bus,
1032 1449 1166 1484 praecipue
1180 1449 1304 1484 Agelium
1319 1458 1350 1478 ac
1363 1450 1523 1483 Sisinnium,
1538 1451 1741 1486 Chrysanthum

952 1502 983 1521 ac
998 1495 1121 1522 Paulum.
1138 1495 1223 1531 Cujus
1235 1496 1317 1523 etiam
1329 1497 1459 1532 precibus
1475 1498 1638 1525 miraculum
1653 1498 1742 1533 quod-

952 1540 1013 1567 dam
1025 1546 1211 1577 perpetratum
1225 1549 1284 1569 essc
1293 1543 1390 1570 scribit
1400 1543 1645 1579 Constantinopoli.
1660 1543 1743 1571 Deni—

953 1593 1006 1620 que
1018 1590 1116 1614 cuncta
1130 1595 1190 1621 quae
1206 1587 1240 1616 ad
1255 1592 1356 1615 sectam
1364 1588 1578 1616 Novatianorum
1592 1589 1740 1624 pertinent,

953 1637 1026 1663 tanta
1041 1641 1107 1662 cura
1120 1642 1152 1661 ac
1166 1633 1305 1669 diligentia
1330 1636 1517 1670 persequitur,
1532 1639 1562 1662 ut
1577 1635 1641 1663 huic
1661 1640 1741 1663 secta:

952 1681 1077 1709 addictus
1090 1681 1173 1708 fuisse
1186 1680 1321 1709 videatur.
1331 1681 1432 1709 Verum
1448 1682 1471 1709 si
1485 1682 1547 1717 quis
1558 1682 1616 1710 haec
1626 1690 1741 1710 accura-

952 1727 1007 1754 tius
1021 1726 1177 1754 examinare
1191 1726 1320 1758 voluerit,
1334 1726 1402 1753 nihil
1416 1726 1443 1754 in
1462 1727 1506 1754 his
1531 1727 1650 1763 reperiet
1667 1727 1740 1763 quod

953 1772 1093 1800 Socratem
1122 1776 1247 1799 nostrum
1273 1771 1454 1800 Novatianum
1476 1772 1560 1801 ﬁtisse
1584 1774 1739 1801 convincat.

951 1817 1018 1843 Nam
1039 1821 1067 1844 et
1089 1816 1252 1846 Arianorum
1273 1817 1416 1852 episcopos
1433 1818 1480 1852 qui
1503 1818 1739 1854 Constantinopoli

951 1861 1094 1888 ecclesiam
1120 1861 1228 1889 illorum
1250 1861 1491 1895 administrarunt,
1515 1864 1573 1898 pari
1599 1864 1740 1899 diligentia

950 1914 1094 1936 enumerat
1108 1918 1114 1935 :
1135 1916 1187 1937 nec
1204 1912 1295 1936 tamen
1309 1909 1412 1937 idcirco
1429 1909 1548 1937 Arianus
1568 1909 1652 1938 fuisse
1671 1910 1740 1937 dici-

951 1958 1005 1981 tur.
1019 1954 1124 1982 Cuncta
1147 1955 1229 1983 etiam
1252 1962 1313 1990 qua:
1333 1955 1443 1982 Arianis
1464 1960 1493 1982 et
1513 1955 1690 1983 Eunomianis
1707 1964 1739 1983 ac

951 1999 1150 2029 Macedoniauis
1163 2000 1337 2035 contigerunt
1353 2000 1599 2036 Constantinopoli,
1611 2009 1665 2029 non
1685 2002 1738 2028 mi-

950 2052 1016 2071 nore
1034 2045 1125 2072 studio
1146 2045 1249 2077 retulit,
1264 2053 1345 2080 quam
1361 2054 1421 2080 qua:
1441 2046 1600 2073 Novatianis
1615 2048 1737 2082 contige-

950 2094 1023 2117 runt.
1036 2090 1120 2126 Cujus
1128 2091 1237 2125 quidem
1254 2091 1294 2117 rei
1306 2091 1364 2125 ipse
1378 2090 1510 2117 rationem
1526 2091 1617 2121 reddit
1628 2092 1654 2118 in
1666 2091 1737 2119 libro

949 2135 1055 2170 quinto,
1077 2143 1136 2170 cap.
1166 2135 1211 2167 ill,
1235 2135 1282 2162 ubi
1310 2135 1406 2162 scribit
1430 2136 1457 2162 id
1485 2135 1537 2163 sibi
1565 2137 1736 2171 propositum

949 2181 1043 2212 fuisse,
1059 2186 1089 2207 ut
1106 2188 1137 2207 ca
1154 2180 1326 2215 potissimum
1344 2186 1574 2208 commemoraret
1593 2190 1653 2216 quae
1667 2181 1738 2208 Con-

113 2233 188 2263 parct
201 2228 294 2263 quanti
319 2237 333 2255 a
353 2228 432 2254 nobis
447 2228 568 2254 facientia
586 2228 620 2255 sit
636 2228 693 2255 haec
713 2228 831 2255 Socratis
849 2229 895 2256 lli-
913 2231 934 2256 Ι)
949 2226 1124 2260 Slﬂnlitlopoli
1140 2226 1306 2258 acciderant,
1325 2230 1381 2253 tum
1399 2227 1472 2261 quod
1488 2227 1544 2261 ipsc.
1568 2226 1594 2253 in
1618 2234 1649 2253 ea
1669 2227 1747 2254 urbe.

112 2275 205 2307 storia,
219 2275 262 2302 cui
280 2274 396 2309 scriptor
412 2274 468 2308 ipse
485 2273 608 2300 ultimam
628 2281 737 2300 manum
759 2275 892 2302 adhibuit.

112 2320 139 2350 lu
171 2319 314 2347 scribenda
341 2322 432 2346 anteiit
468 2318 585 2345 Historia
612 2327 676 2346 usus
702 2324 744 2346 est
772 2320 896 2347 Socrates

111 2366 179 2401 stylo
193 2365 397 2400 simpliciatque
408 2364 524 2398 abjeoto,
534 2364 615 2398 idque
626 2364 659 2392 de
678 2365 809 2392 industria
819 2385 826 2397 ,
842 2374 896 2400 quo

110 2409 143 2435 ab
153 2409 280 2436 omnibus
294 2407 401 2434 facilius
419 2407 534 2442 intelligi
546 2410 646 2441 posset,
657 2410 687 2433 ut
702 2407 758 2441 ipse
781 2411 896 2434 testatur

111 2456 137 2482 iu
149 2454 262 2482 exordio
272 2453 334 2480 libri
348 2452 428 2488 primi
443 2459 474 2479 ac
482 2452 644 2480 tertii.lllud
657 2453 853 2480 enimsublime
868 2457 896 2480 ct

111 2504 236 2527 ortiatum
256 2498 365 2527 dicendi
382 2506 468 2533 genus
484 2498 654 2534 panegyricis
677 2499 767 2533 potius
791 2498 894 2526 oratio-

110 2547 192 2573 nibus
206 2553 286 2580 quam
306 2553 399 2572 rerum
422 2544 668 2572 ecclesiasticarum
694 2545 816 2571 historiae
828 2552 893 2572 con-

114 2591 207 2620 venire
215 2590 390 2618 existimavit.
399 2589 483 2618 Porro
492 2589 638 2616 Historiam
646 2596 721 2615 suam
728 2589 895 2623 nuncupavit

110 2636 253 2664 Theodoro
270 2636 394 2668 cuidam,
417 2643 497 2670 quem
515 2634 688 2674 iuprineipio
703 2633 766 2661 libri
782 2634 894 2661 secundi

109 2687 216 2710 sacrum
228 2682 275 2710 Dei
294 2683 431 2709 hominem
447 2672 575 2716 appellat,
589 2680 703 2716 perinde
715 2688 746 2707 ac
759 2679 894 2707 Eusebius

111 2733 203 2756 noster
215 2729 358 2756 Paulinum
368 2729 525 2763 episcopum
536 2728 599 2764 Tyri
608 2727 754 2762 compellat
772 2727 798 2754 in
811 2735 892 2754 exor-

109 2775 155 2805 dio
174 2774 236 2801 libri
255 2774 362 2802 decimi.
381 2775 511 2807 Quisnam
522 2778 614 2801 autent
625 2774 660 2801 sit
670 2772 891 2804 hichteodorus,

110 2820 175 2849 mihi
187 2820 296 2855 quidem
307 2821 506 2856 incompertum
515 2824 566 2847 est.
578 2820 671 2854 Neque
682 2819 755 2846 enim
765 2818 892 2846 Theodo-

110 2875 169 2894 rum
189 2866 358 2902 Mopsuesliee
380 2868 538 2902 episeopum
553 2875 612 2895 esse
634 2865 807 2898 crediderim,
830 2873 891 2892 cum

951 2273 1071 2306 degeret,
1093 2272 1119 2298 in
1137 2280 1191 2307 qua
1213 2275 1241 2298 et
1262 2276 1342 2299 natus
1364 2272 1454 2299 fuerat
1472 2276 1500 2299 et
1518 2272 1664 2304 educatus;
1679 2276 1735 2298 tum

949 2318 1021 2352 quod
1040 2325 1083 2345 res
1101 2318 1128 2345 in
1143 2326 1174 2345 ea
1190 2318 1300 2345 civitate
1315 2322 1398 2353 gesta:
1419 2318 1582 2344 illustriores
1603 2322 1694 2344 essent
1710 2322 1737 2344 et

949 2364 1081 2391 memoria
1098 2364 1238 2390 hominum
1253 2363 1401 2398 digniores.
1418 2363 1495 2396 Quod
1510 2363 1531 2390 si
1550 2363 1612 2397 quis
1625 2363 1736 2398 objiciat

946 2410 1110 2437 Arianorum
1123 2409 1265 2444 episcopos
1282 2417 1336 2436 non
1352 2409 1465 2444 perinde
1477 2408 1582 2436 laudari
1594 2417 1609 2435 a
1623 2408 1734 2435 Socrate

946 2462 978 2481 ac
1002 2454 1227 2485 Novatianorum,
1257 2453 1344 2480 facilis
1374 2457 1416 2480 est
1444 2453 1596 2488 responsio.
1628 2452 1735 2487 Quippe

946 2500 1108 2527 Arianorum
1119 2500 1251 2535 episcopi,
1261 2500 1307 2534 qui
1323 2503 1378 2526 tum
1398 2498 1633 2533 Constantinopoli
1651 2498 1733 2533 dege-

946 2546 1022 2578 bant,
1044 2545 1123 2581 longe
1148 2545 1291 2572 inferiores
1306 2545 1383 2572 fuere
1408 2544 1544 2579 episcopis
1564 2543 1731 2571 Novatiano-

945 2600 1016 2619 rum.
1036 2591 1139 2627 Horum
1152 2592 1225 2619 enim
1237 2591 1352 2619 ecclesia
1371 2599 1420 2626 per
1438 2591 1482 2617 illa
1499 2595 1621 2625 tempora
1640 2590 1733 2617 multis

945 2645 976 2664 ac
998 2637 1228 2673 praestantissimis
1251 2636 1439 2664 sacerdotibus
1466 2636 1624 2663 abundavit.
1648 2636 1732 2671 idque

945 2683 1112 2711 Sozomenus
1134 2684 1217 2711 etiam
1242 2691 1291 2710 suo
1321 2682 1477 2710 testimonio
1505 2682 1658 2713 conﬁrmat,
1684 2681 1732 2716 qui

944 2729 1030 2764 elogia
1050 2737 1145 2756 eorum
1164 2729 1257 2760 refert,
1277 2729 1398 2756 Socratis
1420 2728 1505 2755 nostri
1531 2728 1627 2763 elogiis
1647 2727 1732 2754 simil-

945 2775 1017 2802 lima.
1032 2775 1165 2808 Quocirca
1178 2779 1225 2801 aut
1236 2775 1417 2802 Sozomenum
1429 2782 1539 2809 quoque
1552 2773 1731 2800 Novatiaumn

945 2820 1029 2848 fuisse»
1046 2821 1192 2848 dicendum
1211 2826 1262 2851 est.
1278 2825 1324 2847 aut
1340 2821 1465 2848 Socrates
1483 2825 1574 2847 noster
1590 2819 1731 2847 absolven-

946 2867 998 2895 dus
1023 2867 1056 2894 ab
1077 2867 1128 2894 hac
1149 2867 1294 2894 calumnia.
1315 2866 1396 2901 Atqui
1418 2870 1523 2894 constat
1549 2865 1735 2893 Somuienumr
