1887 3058
102 145 132 172 ΞΙ
739 147 906 176 SOCRATIS
925 148 968 176 ET
990 148 1169 177 SOZOMENI.
1722 148 1758 177 2?.

99 213 155 233 non
173 204 266 232 fuisse
289 205 494 235 Novatianum.
515 207 581 234 Nam
602 209 631 233 ut
649 206 775 234 omittam
794 206 917 234 testimo—
930 210 954 238 Α
969 209 1030 235 srha
1043 209 1144 236 decima
1156 213 1253 244 quarta
1271 208 1344 240 (una,
1355 212 1419 240 cte.,
1435 209 1494 236 haec
1504 209 1544 236 ait
1556 218 1562 236 :
1575 209 1609 236 Et
1622 210 1689 245 quod
1706 209 1757 237 So-

99 252 176 278 ninm
193 251 350 281 Theodori
373 254 512 286 Lectoris,
531 254 577 288 qui
599 254 626 280 in
644 253 757 288 cpistola
770 262 852 289 quam
867 254 916 281 lli-

98 299 191 326 storirn
211 306 275 326 sua:
297 300 466 337 Tripartitae
480 300 605 335 praefixit,
625 307 688 326 eum
709 299 917 336 μακαριώτατον

81 345 232 380 γεηψρὶὲιιῑ,
257 345 326 380 ipse
353 348 382 374 in
407 347 479 374 libro
500 354 573 373 nono
592 345 748 373 interfuisse
769 353 797 373 se
822 345 918 373 scribit

97 391 281 426 processioni
303 393 438 426 publica},
457 400 517 427 qua:
539 392 566 419 in
589 392 721 419 honorem
738 391 918 427 quadraginta

77 431 81 478 ξ
98 438 256 472 Martyrum
274 437 525 473 Constantinopoli
537 437 674 464 celebrata
686 441 737 467 est,
756 437 852 464 Proclo
867 431 918 464 Ec-

94 483 213 511 ciesiam
229 485 320 512 urbis
334 486 409 512 illius
424 485 642 512 administrante.
659 484 698 510 Ex
709 491 763 518 quo
775 483 918 510 manifeste

95 529 242 563 colligitur
270 528 464 557 Sozamcnum
486 528 627 556 catholica:
652 528 853 555 communionis
868 527 918 554 ho—

96 573 204 599 minem
222 573 334 606 fuisse,
349 575 449 609 quippe
469 574 516 609 qui
539 581 592 600 una
610 581 671 600 cum
689 573 838 600 Catholicis
852 580 918 606 sup-

95 618 248 652 plicationi
261 619 391 653 publieae
405 619 571 646 interfuerit.
585 618 684 645 Fateor
697 618 806 652 quidem
820 618 918 645 Socra-

98 668 154 691 tem
171 670 317 692 nostrum
335 666 429 693 favere
445 665 607 700 plerumque
622 663 781 691 Novatiauis
793 672 799 689 ε
813 667 842 690 ut
857 671 919 690 cum

97 711 301 738 Novatianum
329 716 413 739 secta:
434 711 509 738 illius
532 715 672 738 auctorem
696 711 767 737 inter
787 715 920 745 martyres

99 762 247 788 numerat,
272 766 343 785 cum
366 758 533 785 Novatianos
553 757 707 784 arctissima
729 755 919 783 benevolentia

100 803 278 837 conjunetos
305 804 393 831 fuisse
409 804 475 830 dicit
491 803 650 834 Catholicis,
669 807 697 829 ρι
712 810 766 829 llllil
781 810 842 829 cum
867 802 921 828 illis
971 807 1087 842 Maiores
1101 807 1197 834 habuit
1209 814 1263 834 non
1274 806 1418 842 ignobiles,
1430 813 1506 832 gnos
1518 813 1552 832 ex
1564 805 1716 837 Palmslina’
1727 813 1761 832 cx

103 848 131 875 in
152 849 284 876 ecclesia
307 850 396 877 Deum
419 856 530 882 orasse;
551 857 614 876 cum
633 848 744 876 Sisinuii
768 848 848 875 oratit

1017 861 1032 879 0
1044 853 1161 887 quodam
1172 853 1249 887 juxta
1261 852 1361 879 Gazam
1374 851 1420 886 qui
1438 850 1558 878 Bcthclia
1579 850 1689 878 dicitur.
1711 851 1760 878 llic

101 894 309 926 commendat,
334 903 416 929 quam
442 894 539 922 habuit
564 894 695 921 adversus
720 894 823 920 dictum

1018 907 1049 926 us
1072 899 1138 926 olim
1161 898 1319 926 abundabat
1345 897 1497 924 incolarum
1529 896 1714 928 multitudine,
1734 900 1762 923 et

100 939 329 977 Chrysostomi;
350 941 440 967 Etiam
459 941 482 967 si
506 939 601 967 millies
619 940 799 975 pwnilcnliam
826 940 919 974 egrris,
972 946 1034 973 fana
1058 945 1179 973 habebat,
1206 944 1393 979 pulcherrima
1423 951 1455 971 ac
1480 943 1676 970 vetustissima.
1708 942 1761 969 Sed

101 986 211 1012 accede.
235 986 350 1013 Verum
372 986 447 1013 aliud
469 990 512 1012 cst
529 985 622 1012 favere
650 985 819 1017 Novatianis,
845 985 920 1012 aliud
973 999 1029 1026 pm
1042 991 1155 1025 reliquis
1174 990 1316 1018 panmeou
1332 989 1480 1022 eminebat,
1503 989 1566 1015 calli
1587 996 1670 1015 manu
1692 987 1762 1021 facto

101 1030 309 1058 Novatianum
332 1038 404 1058 esse.
431 1030 525 1057 Potuit
547 1029 657 1065 quidem
680 1029 807 1056 Socrates
827 1033 921 1056 noster
974 1036 1231 1072 impositumquod
1252 1036 1389 1063 velum“
1399 1034 1523 1070 qumde
1539 1037 1599 1062 erat
1622 1034 1762 1066 Belhelim’

969 261 1054 283 crates
1067 256 1162 283 dicitur
1177 255 1353 286 Novatiunus,
1365 254 1504 290 dupliciter
1517 256 1575 290 capi
1590 259 1681 290 potest.
1700 256 1757 283 Uno

969 302 1037 336 quod
1052 301 1145 336 faverit
1162 302 1295 328 interdum
1309 302 1463 328 Novatianis
1479 302 1566 336 :quod
1578 302 1657 328 etiam
1668 302 1758 329 scribit

968 347 1148 374 Bellurminus
1168 348 1194 374 in
1210 348 1275 374 libro
1293 348 1331 374 De
1344 347 1515 383 scriptoribus
1533 347 1712 374 ecclesiasticis
1724 348 1758 374 ad

970 401 1070 420 nimum
1081 392 1188 420 Domini
1205 393 1267 425 ΜΟ,
1283 398 1338 420 tam
1354 393 1386 419 de
1405 392 1453 419 illo
1466 393 1588 428 quamde
1603 391 1756 419 Sozomeno.

968 439 1068 472 Altero,
1082 439 1152 475 quod
1166 441 1244 475 fuerit
1256 441 1382 467 ltwrescos
1394 440 1613 466 Novatianorum.
1625 439 1661 466 In
1679 440 1758 466 citato

969 485 1074 519 quidem
1085 486 1171 520 capite
1192 493 1237 512 nec
1256 494 1282 512 se
1297 494 1351 512 esse
1366 485 1488 516 ostendit,
1511 493 1557 511 nec
1577 484 1675 519 favere.
1689 483 1759 510 Nam

970 536 994 557 et
1006 530 1065 558 illos
1083 532 1225 566 vituperat,
1240 535 1264 557 et
1279 531 1451 558 dissensiones
1470 539 1502 557 ac
1517 530 1582 557 vitia
1597 529 1692 564 detegit
1708 537 1717 556 :
1730 533 1758 556 ut
1772 535 1782 553 ιν

971 585 1022 603 non
1038 577 1149 609 anticus,
1165 576 1210 603 sed
1222 577 1302 603 hostis
1321 576 1452 608 videatur,
1465 581 1511 603 aut
1524 570 1646 603 neuti-itm
1662 576 1758 611 potius,

969 624 1016 650 sed
1028 624 1146 650 veritatis
1157 627 1298 650 enarrator
1308 631 1315 649 :
1325 623 1394 658 quod
1403 623 1519 650 historici
1529 626 1566 650 est
1579 631 1683 650 munus.
1694 623 1760 649 llae-

972 674 1053 697 tcnus
1063 669 1098 696 de
1113 669 1235 696 Socrate.
1245 669 1323 696 Nunc
1337 669 1371 696 de
1387 669 1538 696 Sozomeuo
1549 668 1695 698 dicendum
1706 673 1758 695 est.

1006 715 1131 742 llcrmias
1143 716 1311 742 Sozomenus
1328 714 1381 742 fuit
1400 719 1427 741 et
1440 713 1497 748 ipse
1517 714 1671 741 causidicus
1690 715 1761 742 Con-

971 762 1159 796 stantinopoli,
1181 761 1279 789 iisdem
1302 760 1472 795 temporibus
1501 760 1601 794 quibus
1624 759 1759 788 Socrates.

103 1076 202 1103 favere
217 1076 402 1109 Noratianis,
420 1084 467 1103 seu
487 1076 561 1111 quod
576 1076 780 1103 necessitudine
795 1083 826 1102 ac
844 1075 923 1102 fami-

103 1122 234 1149 liaritate
260 1123 363 1150 iisdem
379 1123 544 1157 conjunctus
561 1126 646 1155 esset,
662 1129 710 1149 seu
733 1121 805 1157 quod
825 1129 921 1148 eorum

105 1168 297 1203 diseipiinam
310 1174 392 1204 atque
401 1168 596 1195 abstinentiam
612 1168 752 1202 probaret.
763 1167 826 1194 Fuit
836 1167 920 1199 enim.

107 1219 253 1249 quantum
268 1215 382 1250 quidem
397 1223 431 1241 ex
442 1214 503 1249 ejus
516 1214 595 1241 libris
617 1214 747 1248 colligere
765 1221 920 1248 possumus.

108 1262 197 1296 pauiu
218 1262 360 1289 severior.
381 1261 434 1288 Sed
449 1261 631 1288 Novatianum
653 1261 729 1288 illum
742 1260 837 1293 fuisse,
851 1268 923 1296 :egre

111 1307 270 1334 admodum
302 1307 370 1334 mihi
396 1307 599 1342 persuaserim;
623 1307 776 1342 praesertim
800 1315 862 1334 cum
888 1315 922 1334 ex

112 1351 225 1386 aliquot
251 1352 323 1379 locis
341 1360 402 1387 qua:
420 1352 448 1378 in
467 1353 528 1387 ejus
547 1351 667 1379 llistoria
686 1356 845 1383 occurrunt,
858 1359 924 1378 con-

114 1398 236 1424 trarium
253 1398 323 1424 mihi
340 1398 435 1424 videar
454 1397 681 1432 deprehendisse.
706 1396 827 1423 Primum
849 1396 922 1423 enim

115 1443 144 1470 in
163 1444 243 1470 libro
254 1452 285 1475 Il,
302 1452 362 1478 cap.
379 1443 424 1475 58,
436 1444 500 1473 τοὺς
514 1443 563 1477 τῆς
577 1442 740 1477 Ἐκκλησὶας
761 1450 817 1468 non
839 1442 922 1469 semel

117 1490 240 1524 appellat
271 1490 445 1522 Catholicos;
477 1497 579 1524 eosque
609 1488 722 1524 opponit
755 1489 922 1515 Novatianis.

974 1087 1004 1110 ut
1017 1082 1115 1110 scribit
1129 1082 1298 1109 Sozomenus
1318 1080 1345 1107 in
1358 1080 1429 1106 libro
1449 1087 1464 1106 v
1486 1079 1613 1106 Historia;
1632 1078 1762 1106 ecclesia-

973 1129 1060 1161 sticae,
1075 1136 1134 1163 cap.
1150 1128 1193 1155 15.
1208 1127 1248 1154 Ex
1261 1134 1294 1154 eo
1307 1126 1367 1154 vico
1384 1129 1462 1153 ortus
1474 1133 1541 1152 avus
1552 1124 1670 1152 Hermite
1682 1123 1764 1151 Sozo—

973 1174 1058 1206 meni,
1071 1173 1106 1201 ad
1126 1173 1229 1201 Christi
1251 1172 1332 1199 ﬁdem
1353 1172 1472 1207 primum
1495 1178 1645 1198 conversus
1663 1173 1706 1197 est
1728 1170 1763 1197 ab

974 1220 1114 1247 Hilarione
1138 1218 1283 1246 monacho.
1305 1217 1373 1244 Nam
1397 1224 1459 1244 cum
1482 1215 1616 1250 Alaphion
1638 1214 1761 1250 ejusdem

974 1267 1028 1294 vici
1042 1266 1129 1293 incola
1142 1273 1157 1292 a
1170 1265 1304 1292 daemonio
1316 1267 1462 1291 vexaretur
1473 1283 1479 1294 ,
1497 1266 1525 1289 et
1547 1262 1633 1289 Judaei
1655 1269 1686 1289 ac
1707 1269 1762 1288 mc-

974 1309 1028 1337 diei
1049 1309 1159 1344 quidam
1179 1316 1278 1335 sanare
1300 1307 1377 1334 illum
1400 1306 1531 1341 aggressi,
1554 1305 1765 1332 incantamentis

974 1355 1032 1383 suis
1051 1355 1121 1382 nihil
1139 1354 1332 1389 profecissent,
1357 1352 1480 1379 Hilarion
1502 1351 1560 1378 solo
1584 1351 1632 1378 Dei
1654 1350 1764 1377 nomine

974 1404 1102 1431 invocato
1114 1402 1264 1429 daemonem
1277 1399 1390 1435 fugavit.
1405 1398 1464 1431 Quo
1476 1397 1609 1425 miraculo
1632 1397 1763 1431 obstupe—

973 1450 1062 1477 factus
1073 1457 1140 1476 avus
1152 1446 1307 1478 Sozomcni,
1328 1449 1355 1472 et
1374 1444 1508 1479 Alaphion
1528 1443 1596 1478 ipse,
1618 1451 1680 1470 cum
1705 1443 1766 1470 uni-

974 1503 1054 1523 versa
1065 1495 1168 1526 familia
1179 1493 1362 1522 Christianam
1375 1491 1535 1525 religionem
1551 1489 1667 1524 amplexi
1691 1493 1763 1516 sunt.

117 1535 293 1573 Nova‘janos
316 1543 382 1570 ergo
405 1539 483 1562 extra
507 1535 657 1562 Ecclesium
681 1534 766 1561 fuisse
789 1542 862 1569 agno:

1021 1549 1089 1568 avus
1102 1540 1214 1575 quidem
1229 1537 1373 1566 Sozomeni
1386 1537 1414 1563 in
1427 1535 1597 1571 exponendis
1615 1534 1700 1562 sacris
1712 1534 1764 1560 Vo-

119 1580 200 1614 Quod
213 1582 340 1617 profecto
350 1589 490 1617 nunquam
505 1581 619 1613 faceret,
633 1581 655 1608 si
666 1580 810 1608 Novatiani
822 1584 922 1607 sectam

120 1628 268 1662 amplexus
281 1628 389 1655 fuisset.
407 1627 460 1654 Sed
473 1631 501 1654 ct
515 1627 543 1654 in
560 1627 632 1654 libro
645 1631 732 1659 sexto,
746 1626 834 1661 capite
847 1625 882 1652 20
896 1630 924 1653 et

120 1673 167 1705 25,
181 1673 353 1701 Novatianos
364 1674 436 1700 inter
445 1673 590 1701 hmreticos
599 1673 732 1705 nominat,
741 1680 803 1699 cum
815 1672 925 1700 Arianis

123 1719 243 1751 scilicet,
260 1719 466 1747 Macedonian‘s
489 1724 516 1747 et
540 1719 728 1746 Eunomianis.
750 1718 873 1752 Denique
891 1725 924 1744 ex

124 1767 216 1801 capite
235 1766 269 1792 19
284 1765 408 1801 ejusdem
431 1765 494 1794 iliﬂ'i
512 1770 605 1800 aperte
627 1765 765 1799 colligitur
784 1764 924 1792 Socratem

126 1812 312 1840 Novatianum
325 1820 381 1840 non
393 1812 487 1839 fuisse.
503 1812 596 1839 Primo
608 1811 682 1839 enim
699 1810 850 1838 Ecclesium
863 1818 926 1845 pcr-

127 1863 212 1893 petuo
230 1858 355 1894 appellat
375 1858 537 1893 simpliciter
564 1862 591 1885 et
612 1857 748 1888 absolute,
774 1856 925 1884 Ecclesiam

127 1903 334 1931 Catholicorum
347 1911 507 1938 :opponens
524 1911 583 1930 eam
606 1902 732 1930 ecclesiis
753 1902 867 1928 aliarum
884 1909 926 1928 se-

129 1952 250 1982 ctarum,
265 1949 301 1977 de
325 1949 427 1984 quibus
444 1949 499 1984 agit
517 1949 546 1976 in
573 1948 753 1984 sequentibus
778 1947 924 1983 capitibus,

129 1995 295 2022 Arianorum
316 1995 432 2027 scilicet,
456 1995 673 2022 Novatianorum
690 1998 720 2020 et
740 1993 926 2020 Eunomiano-

131 2049 200 2068 rum.
213 2041 320 2068 Deinde
334 2040 482 2069 consilium
502 2040 570 2067 illud
584 2039 704 2076 Nectarii
722 2039 769 2074 qui
788 2039 926 2074 perniten-

132 2086 243 2114 tiarium
263 2087 457 2122 presbyterum
476 2085 599 2117 sustulit,
618 2093 673 2112 non
695 2085 812 2112 obscure
830 2092 927 2119 repre-

131 2132 238 2159 hendit.
260 2132 307 2159 Ait
326 2132 399 2160 enim
421 2133 472 2160 hoc
493 2132 565 2160 facto
583 2131 675 2159 datam
698 2138 760 2158 esse
787 2130 927 2158 licentiam

132 2179 323 2213 peccantibus,
340 2186 405 2206 cum
428 2186 509 2206 nemo
523 2182 596 2206 esset
614 2177 660 2212 qui
687 2181 832 2212 peccantes
851 2184 928 2204 coar-

975 1586 1126 1614 luminibus
1138 1584 1277 1616 excelluit,
1290 1590 1352 1610 cum
1372 1586 1445 1609 esset
1464 1581 1580 1615 eleganti
1600 1579 1718 1615 ingenio,
1739 1583 1767 1606 et

975 1632 1155 1667 intelligentia
1165 1630 1278 1657 valeret.
1301 1630 1367 1656 Erat
1383 1631 1514 1663 prmterea
1534 1627 1686 1661 disciplinis
1707 1633 1766 1653 me-

975 1678 1108 1706 diocriter
1129 1676 1264 1704 eruditus.
1292 1675 1386 1710 Itaque
1419 1673 1583 1701 Christianis
1608 1672 1708 1700 Gazam
1740 1676 1768 1699 et

975 1725 1138 1752 Ascalonem
1150 1731 1182 1750 ac
1195 1723 1310 1750 finitima
1328 1721 1386 1748 loca
1401 1719 1585 1747 incolentibus
1603 1718 1703 1745 charos
1720 1718 1768 1744 ad-

975 1771 1088 1798 modum
1103 1769 1165 1801 fuit,
1179 1773 1274 1804 utpote
1294 1767 1369 1794 utilis
1388 1774 1420 1794 ac
1438 1765 1612 1792 necessarius
1630 1763 1766 1798 religioni,

975 1822 1004 1846 et
1013 1818 1060 1853 qui
1069 1823 1211 1845 sacrorum
1218 1814 1395 1843 Volnminum
1409 1811 1496 1839 nodos
1506 1810 1583 1837 facile
1595 1810 1766 1837 dissolveret.

976 1863 1137 1899 Alaphionis
1156 1865 1248 1892 autem
1271 1858 1387 1895 posteri,
1402 1857 1546 1885 sanctitate
1567 1855 1630 1882 vita:
1652 1859 1679 1882 et
1703 1862 1767 1890 erga

977 1918 1112 1946 pauperes
1134 1907 1304 1937 humanitate
1334 1913 1366 1932 ac
1391 1903 1504 1938 reliquis
1536 1901 1684 1929 virtutibus
1711 1908 1768 1935 pra:

977 1956 1085 1985 caeteris
1106 1956 1314 1983 inclaruerunt:
1333 1950 1472 1986 primique
1497 1947 1619 1975 omnium
1638 1947 1779 1974 ecclesias.

977 2005 1005 2029 et
1018 2000 1183 2028 monasteria
1204 1998 1259 2025 illic
1281 1994 1476 2026 condiderunt,
1497 1996 1528 2020 ut
1548 1996 1663 2020 testatur
1686 1991 1769 2019 Sozo-

978 2053 1076 2073 menus
1089 2045 1118 2072 in
1128 2044 1252 2079 locojam
1273 2041 1366 2068 citato.
1386 2039 1438 2067 Ubi
1462 2038 1545 2065 etiam
1567 2037 1644 2066 addit
1664 2045 1697 2065 ex
1717 2037 1768 2064 ista

977 2091 1138 2127 Alaphionis
1148 2089 1249 2117 familia
1260 2089 1336 2115 viros
1355 2086 1487 2122 quosdam
1509 2087 1619 2112 sanctos
1637 2083 1671 2111 ad
1691 2091 1768 2111 suam

978 2146 1065 2173 usque
1094 2141 1202 2165 aetatem
1234 2135 1404 2171 pervenisse,
1427 2132 1600 2168 .quibuscum
1628 2130 1686 2165 ipse
1720 2130 1769 2156 ad-

979 2182 1090 2210 modum
1102 2181 1262 2209 adolesccns
1273 2183 1399 2207 versatus
1409 2178 1455 2210 sit,
1474 2181 1502 2204 et
1521 2176 1555 2204 de
1576 2175 1676 2210 quibus
1698 2174 1771 2201 infra

133 2227 237 2259 gueret.
253 2224 321 2257 Qua:
344 2224 454 2259 quidem
474 2224 608 2252 sententia
623 2223 759 2258 proﬁcisci
772 2231 826 2250 non
837 2227 878 2257 pol

1024 2232 1134 2255 uturum
1147 2235 1176 2254 se
1187 2225 1418 2260 esse'pollicctur.
1442 2222 1573 2258 intelligit
1593 2225 1684 2248 autem
1706 2228 1769 2255 pro-

134 2271 167 2297 ab
178 2271 292 2298 homine
311 2271 474 2302 Novatiauo.
489 2278 551 2298 cum
568 2269 711 2297 Novatiani
729 2276 780 2296 nec
792 2268 928 2303 pmniten-

136 2318 198 2344 tiam
212 2325 264 2345 nec
282 2317 473 2352 presbyterum
487 2316 722 2354 prcnitentiarium
742 2322 862 2350 unquam
881 2314 928 2341 ad-

135 2364 271 2396 miserint,
295 2368 326 2390 ut
346 2363 448 2390 ibidem
467 2367 583 2390 testatur
602 2362 738 2389 Socrates.
756 2361 868 2388 Accedit
890 2364 928 2387 te~

135 2409 295 2438 stimonium
313 2409 450 2436 Theodori
470 2409 604 2440 Lectoris,
619 2408 666 2443 qui
679 2408 705 2434 in
717 2407 830 2442 cpistola
845 2413 926 2440 quam

135 2455 261 2482 llistoriae
278 2455 472 2485 ecclesiasticae
492 2454 620 2489 praefixit.
643 2454 784 2482 Socratem
793 2458 820 2481 et
840 2453 926 2480 Sozo-

136 2509 243 2528 menum
265 2509 299 2528 ac
316 2501 515 2528 Theodoritum
534 2501 632 2536 ἆνδρας
649 2500 779 2534 θεοφιλεῖς
799 2499 926 2534 appellat.

138 2547 161 2574 id
177 2551 219 2574 est
230 2547 307 2574 viros
319 2547 380 2581 pios
390 2547 501 2581 Deoque
515 2550 653 2580 acceptos.
664 2546 749 2574 Porro
766 2545 928 2572 Theodorus

136 2591 233 2620 Lector
255 2593 284 2619 in
307 2591 403 2619 eadem
428 2592 495 2619 urbe
513 2596 541 2619 et
561 2591 657 2619 iisdem
678 2591 733 2618 fere
758 2590 927 2624 temporibus

135 2638 200 2665 vixit
217 2639 323 2673 quibus
346 2637 481 2670 Socrates,
502 2638 645 2665 Anastasio
664 2637 768 2664 scilicet
782 2637 927 2670 imperium

135 2684 359 2713 administrante.
374 2684 497 2719 Denique
517 2684 616 2712 Petrus
634 2683 785 2711 Halloixius
803 2682 830 2710 in
851 2682 929 2709 Notis

135 2730 168 2758 ad
183 2731 275 2758 Vitam
306 2730 381 2757 beati
401 2730 508 2763 Irenaai,
523 2737 584 2765 pag.
608 2729 669 2761 664,
693 2729 765 2756 idem
783 2728 928 2756 nobiscum

134 2777 225 2804 sentit.
242 2777 395 2811 Disputans
409 2776 483 2803 enim
499 2775 630 2804 adversus
650 2775 805 2806 Baronium,
823 2775 870 2808 qui
894 2774 928 2801 ad

135 2830 238 2850 annum
250 2821 356 2850 Christi
386 2821 438 2848 459
462 2821 499 2848 ita
525 2821 689 2856 scripserat:
712 2820 774 2848 Haec
806 2819 926 2849 Socrates

136 2867 319 2901 Novatinnus,
339 2876 397 2895 cum
420 2867 520 2895 Inditis
534 2869 588 2903 ipse
605 2876 705 2902 quoque
719 2867 852 2894 celebrans
872 2866 927 2893 Pa-

979 2274 1109 2302 culdubio
1133 2273 1316 2304 Salamanem,
1341 2271 1505 2301 Fusconem,
1529 2267 1711 2296 Malchioncm
1742 2270 1770 2293 et

978 2318 1150 2356 Ci'ispionem
1172 2319 1282 2350 fratres,
1295 2317 1330 2344 de
1354 2316 1455 2352 quibus
1475 2315 1599 2350 loquitur
1620 2314 1648 2341 in
1670 2314 1718 2340 lib.
1732 2321 1768 2344 vi,

979 2373 1038 2401 cap.
1052 2365 1096 2392 '52.
1114 2365 1160 2392 Ait
1176 2364 1250 2391 enim
1272 2363 1323 2390 bos
1341 2363 1451 2393 fratres,
1473 2361 1501 2389 in
1520 2361 1669 2388 monastiea
1686 2359 1769 2386 disci-

978 2412 1052 2447 plina
1064 2411 1098 2438 ab
1111 2410 1251 2438 Hilarione
1262 2409 1414 2440 institutos,
1426 2407 1548 2435 Valentis
1568 2405 1723 2440 principatu
1742 2405 1770 2431 iu

978 2458 1128 2487 Palzestinae
1147 2455 1325 2484 monasteriis
1346 2453 1495 2482 enituisse:
1520 2451 1658 2479 habitasse
1678 2454 1770 2478 autem

977 2506 1053 2541 juxta
1066 2503 1235 2534 Betheleam,
1248 2502 1295 2536 qui
1313 2501 1391 2528 vicus
1413 2503 1455 2527 est
1472 2499 1498 2526 in
1519 2506 1584 2534 agro
1600 2497 1768 2525 Gazmorum.

978 2552 1064 2579 Erant
1076 2550 1148 2577 enim
1163 2548 1246 2576 nobili
1261 2547 1332 2582 apud
1346 2547 1406 2574 illos
1418 2552 1518 2582 genere
1531 2544 1594 2571 orti.
1606 2542 1768 2570 Eorumdem

978 2594 1105 2622 meminit
1126 2593 1155 2620 in
1179 2593 1226 2619 lib.
1241 2599 1298 2623 vm,
1311 2599 1371 2626 cap.
1397 2591 1440 2622 M,
1466 2588 1514 2616 ubi
1539 2587 1708 2628 Crispiouern
1733 2590 1771 2611 a1:

978 2639 1063 2666 fuisse
1092 2637 1316 2665 archidiaconum
1352 2633 1508 2669 Epiphanii.
1540 2633 1660 2666 Apparet
1687 2628 1769 2663 igitur

979 2683 1078 2710 fratres
1092 2682 1159 2709 istos
1171 2688 1240 2715 quos
1251 2679 1318 2711 dixi,
1332 2686 1366 2706 ex
1384 2675 1544 2712 Alaphionis
1563 2673 1664 2701 familia
1677 2673 1771 2699 oriun—
1792 2701 1794 2712 γ

979 2727 1028 2754 dos
1047 2726 1142 2754 fuisse.
1164 2713 1227 2752 Fuit
1240 2728 1330 2752 autem
1349 2721 1465 2757 Alaphio
1486 2717 1689 2756 propinquitate
1708 2717 1772 2750 juu-
1791 2713 1793 2726 ⁵

979 2777 1041 2800 ctus
1051 2779 1112 2799 cum
1126 2778 1177 2798 avo
1189 2768 1343 2797 Sozomeni.
1358 2768 1441 2801 quue
1459 2773 1492 2792 ex
1512 2771 1545 2791 eo
1557 2762 1683 2796 conjicio,
1697 2760 1769 2795 quod

980 2824 1047 2843 avus
1060 2814 1205 2843 Sozomeni
1225 2820 1289 2841 cum
1306 2812 1435 2838 universa
1455 2808 1536 2835 domo
1559 2813 1607 2832 sua
1630 2804 1662 2831 ad
1689 2803 1771 2832 fidem

979 2862 1081 2891 Christi
1095 2867 1246 2889 conversus
1256 2865 1316 2887 esse
1327 2857 1428 2884 dicitur
1440 2854 1475 2882 ob
1494 2851 1681 2880 admirandam
1707 2849 1770 2876 Aia-
