1887 3058
163 142 198 170 2ῗὶ
781 152 927 180 TESTIMO

982 164 989 179 1
1008 153 1184 184 VETERUM.
1759 157 1783 183 ’Ξ
1789 158 1799 184 Ξ

163 200 272 236 phionis
291 206 472 240 curationem,
491 216 572 242 quem
596 208 716 235 Hilarion
740 208 797 234 solo
822 208 947 242 omnipo-
962 210 984 237 A
1000 210 1090 237 storia:
1103 211 1198 244 libros,
1212 212 1360 247 scripserat
1373 213 1540 241 Sozomenus
1558 214 1733 242 Breviarium
1747 223 1799 241 re—

162 247 244 275 tentis
265 248 312 276 Dei
331 252 441 279 nomine
465 253 590 280 invocato
614 256 766 280 sanaverat.
794 253 896 280 Deinde
914 261 947 280 ex

159 300 193 319 eo
204 294 276 327 quod
289 295 384 322 scribit
397 297 572 329 Sozomenus,
586 305 614 324 sc
627 297 774 324 admodum
787 298 945 326 adolescen-

159 342 214 365 tem
237 347 299 367 cum
321 342 472 376 grandzevis
500 343 640 370 monachis
668 343 714 378 qui
739 348 815 371 erant
844 352 877 371 ex
900 351 946 379 ge-

159 391 226 411 nere
247 385 406 420 Alaphionis
428 387 511 419 illius,
528 387 699 416 familiariter
719 396 779 417 esse
794 393 942 417 versatum.

158 421 309 462 Postremo,
324 438 357 458 ex
370 439 402 458 eo
413 432 486 466 quod
503 432 669 462 Sozomenus
685 435 720 462 ab
739 435 798 462 istis
817 434 944 470 Alaphio—

158 474 200 500 nis
211 475 252 501 vel
267 475 329 502 filiis
340 476 382 503 vel
400 478 556 511 nepotibus,
574 487 674 507 nomen
691 481 804 516 accepit.
829 480 943 507 Diceba—

158 522 202 544 tur
214 519 457 560 enimﬁalamancs
468 522 593 551 Hermias
613 524 790 558 Sozomenus,
810 525 942 560 quemad-

157 562 266 588 modum
281 553 396 591 t'estatur
408 565 521 594 Pbotius
538 567 566 594 in
584 568 762 601 Bibliotheca,
781 553 941 596 ex‘nominc

156 606 307 648 salamanis
318 609 392 637 illius
403 619 483 646 quem
495 613 636 648 Fusconis,
651 615 810 643 Malchionis
823 619 850 642 ct
868 615 942 642 Cris-

154 647 246 680 pionis
273 649 386 678 fratrem
408 652 493 680 fuisse
515 655 643 689 superius
666 656 820 683 observavi.
852 656 940 689 Quare

153 694 344 724 emendandus
359 701 402 724 est
424 706 502 726 error
524 700 671 736 Nicephori
691 705 718 729 et
741 703 868 734 aliorum,
892 703 939 737 qui

154 738 335 768 Sozomenum
359 742 498 771 Salaminii
521 753 672 781 cognomen
694 747 823 775 habuisse
846 748 940 775 existi-

153 790 238 817 mant,
259 792 404 822 propterea
427 791 500 826 quod
522 800 556 820 ex
577 795 676 829 oppido
699 794 780 830 Cypri
803 795 939 823 Salamine

153 830 288 865 originem
306 833 429 863 duceret.
450 837 532 872 Atqui
550 846 604 866 non
621 839 761 875 Cyprium,
783 841 832 868 scd
853 841 938 869 Palae-

153 876 254 903 stinum
266 877 350 906 fuisse
362 880 543 910 Sozomenum
556 891 637 920 supra
647 893 681 912 ex
696 886 782 921 ipsius
795 886 938 915 Sozomeni

153 922 308 951 testimonio
320 925 514 956 demonstravi.
528 929 586 957 Non
600 931 774 958 enimsolum
786 940 853 960 avus
866 933 939 960 illius

153 965 310 996 l’almstinus
323 969 384 1003 fuit,
399 976 429 998 ut
440 973 567 1007 superius
579 974 681 1002 dictum
688 979 740 1007 est,
750 984 846 1003 verum
855 977 937 1004 etiam

152 1010 319 1041 Sozomenus
332 1014 389 1049 ipse
407 1016 540 1045 educatus
556 1020 637 1046 estin
659 1020 812 1053 Palzestiua,
827 1022 855 1049 in
877 1031 938 1057 gre-

151 1058 215 1090 mio,
229 1063 258 1086 ut
270 1060 306 1087 ita
319 1061 446 1096 dixerim,
465 1065 661 1093 monachorum
681 1067 787 1094 illorum
799 1069 847 1103 qui
858 1073 938 1096 erant

150 1108 184 1128 ex
205 1102 366 1138 Alaphionis
385 1107 498 1136 familia.
520 1109 579 1143 Qua
595 1112 706 1145 quidem
721 1120 755 1140 ex
774 1102 936 1142 educatione

150 1146 274 1176 hausisse
296 1151 364 1178 mihi
387 1153 497 1181 videtur
520 1154 688 1184 Sozomenus
712 1159 936 1189 ardentissimum

150 1192 226 1220 illum
238 1201 358 1223 amorem
371 1199 528 1228 monasticze
539 1201 600 1228 vita:
620 1210 652 1230 ac
671 1203 831 1239 disciplinae,
854 1213 935 1240 quem

150 1239 290 1285 passimvin
302 1241 423 1271 Historia
444 1252 493 1272 sua
515 1247 635 1281 praefert.
660 1249 729 1276 Hinc
748 1253 791 1277 est
811 1239 883 1285 quod
907 1251 935 1278 in

150 1284 228 1312 libris
240 1286 298 1314 suis
308 1287 518 1325 haudquaquam
530 1297 675 1322 contentus
686 1294 737 1322 fuit
753 1284 857 1324 referre
872 1297 935 1332 qui-

150 1336 211 1356 nam
223 1334 316 1364 patres
325 1336 406 1368 atque
423 1339 549 1364 auctores
565 1337 682 1365 fuissent
700 1341 857 1368 monasticae
874 1342 934 1376 phi-

149 1373 292 1409 losophiae:
305 1385 402 1406 verum
415 1380 497 1407 etiam
510 1389 683 1412 successores
694 1393 789 1412 eorum
802 1394 834 1414 ac
850 1387 935 1415 disci-

149 1420 362 1468 pulﬂoslstudiose
373 1430 608 1461 commemoravit,
621 1434 678 1457 tum
696 1432 743 1465 qui
762 1432 790 1459 in
808 1432 934 1468 Egypto,

147 1469 176 1492 et
188 1465 267 1502 Syria
284 1477 317 1497 ac
334 1470 488 1505 Palaestina,
501 1477 558 1501 tum
579 1476 624 1510 qui
644 1476 672 1503 in
692 1477 788 1510 Ponto.
806 1465 935 1507 Armenia

148 1513 230 1545 atque
241 1511 381 1542 Osdroena
392 1516 444 1544 hoc
455 1518 517 1545 vitae
536 1527 622 1554 genus
647 1523 838 1550 cxcoluisscnt.
864 1524 933 1552 Hinc

148 1559 190 1581 est
202 1557 275 1591 quod
288 1558 316 1585 in
328 1560 417 1594 primo
429 1561 555 1591 Historiae
576 1565 656 1598 libro,
668 1574 728 1601 cap.
743 1567 785 1599 1‘2,
804 1569 932 1596 ambitio-

147 1607 208 1650 sum
223 1603 290 1650 illud
297 1605 418 1650 elogium
430 1611 587 1638 monasticae
604 1612 790 1648 philosophiae,
804 1618 932 1650 tanquam

147 1644 176 1671 in
188 1647 322 1693 vestibulo
332 1649 475 1685 legendum
494 1644 645 1689 proposuit.
666 1644 771 1692 Quippe
785 1644 933 1693 ingratum

148 1698 177 1717 se
189 1691 247 1719 fore
260 1694 435 1730 existimavit,
450 1698 503 1725 nisi
515 1699 557 1726 his
571 1700 597 1727 in
613 1691 730 1736 quorum
751 1705 933 1732 contubernio

147 1736 262 1769 vixerat,
277 1743 306 1765 et
317 1748 331 1766 a
343 1741 516 1775 quibustam
539 1746 668 1778 pneelara
689 1747 767 1775 bonae
788 1756 934 1777 conversa-

146 1781 231 1810 tionis
251 1786 373 1821 exempla
395 1793 537 1823 acceperat
565 1791 733 1826 adolescens,
758 1795 810 1822 hoc
837 1797 932 1824 saltem

147 1828 229 1856 modo
251 1831 366 1865 gratiam
386 1833 511 1862 referret.
537 1836 566 1863 Id
589 1838 662 1864 enim
685 1839 743 1874 ipse
773 1841 875 1869 indicat
905 1843 932 1869 in

147 1876 280 1908 procemio
293 1877 357 1905 libri
373 1879 464 1914 primi.
485 1881 618 1910 Caeterum
638 1892 692 1912 non
715 1893 748 1912 ex
773 1886 824 1914 hoc
845 1888 931 1915 solum

147 1920 208 1952 loco
218 1929 299 1956 quem
311 1924 379 1958 dixi,
398 1926 580 1956 Sozomenum
603 1929 682 1958 Gazae
702 1931 849 1960 educatum
872 1942 932 1962 esse

147 1967 292 2003 colligitur,
305 1971 352 1998 sed
365 1972 448 2000 etiam
461 1981 495 2001 ex
506 1974 559 2002 ﬁne
575 1976 638 2003 libri
660 1978 760 2011 octavi,
784 1979 829 2006 ubi
851 1978 932 2007 Sozo-

147 2020 244 2041 menus
255 2015 293 2042 ait
304 2023 333 2043 se
344 2017 445 2045 vidisse
464 2019 600 2048 Zenonem
621 2022 779 2058 episcopum
797 2025 929 2053 Maiumze.

147 2058 290 2087 Estautem
299 2061 415 2091 Maiuma
422 2066 517 2093 navale
528 2066 695 2095 Cumarum.
707 2069 758 2103 Qui
772 2071 835 2098 licet
846 2080 932 2099 annos

147 2109 227 2133 natus
237 2111 311 2135 esset
322 2112 519 2145 propemodum
532 2118 653 2147 centum,
662 2123 677 2142 a
689 2117 831 2145 matutinis
842 2122 930 2146 tamen

145 2159 178 2179 ac
191 2154 356 2188 vespertinis
366 2155 474 2192 hymnis
485 2166 624 2194 nunquam
636 2161 771 2195 abfucrat,
789 2164 841 2191 nisi
861 2164 931 2192 forte

146 2197 260 2225 morbus
280 2198 370 2233 ipsum
392 2200 563 2230 detinuisset.
586 2204 651 2231 Post
679 2205 737 2233 haec
765 2206 931 2237 Sozomenus

145 2243 319 2272 causidicina).
327 2253 439 2281 operam
452 2247 538 2275 dedit.
548 2249 580 2276 Et
589 2250 635 2285 jus
645 2251 755 2285 quidem
766 2253 844 2281 civile
858 2255 929 2282 didi—

146 2288 183 2314 cit
203 2288 305 2325 Beryti,
319 2299 380 2326 qua;
400 2293 468 2320 urbs
490 2297 533 2321 est
554 2295 708 2329 thnices,
733 2298 806 2326 haud
835 2302 929 2335 procul

145 2333 250 2361 distans
261 2342 276 2361 a
288 2336 376 2369 patria
389 2336 550 2372 Sozomeni;
565 2340 593 2367 in
605 2348 658 2375 qua
671 2343 788 2371 celebris
807 2333 866 2373 erat
883 2347 929 2381 ju-

145 2376 337 2412 risprudentiaz
349 2381 450 2408 schola.
469 2382 571 2411 Causas
590 2389 681 2413 autem
701 2388 757 2423 egit
772 2376 928 2417 Constanti—

145 2423 247 2458 nopoli,
260 2425 490 2459 quemadmodum
503 2428 560 2463 ipse
572 2433 686 2459 testatur
698 2433 725 2459 in
739 2433 811 2461 libro
822 2443 851 2467 n,
868 2443 926 2470 cap.

145 2467 171 2494 5.
192 2468 248 2496 Nec
269 2474 359 2498 tamen
384 2473 460 2501 valde
482 2480 630 2510 occupatus
653 2477 737 2506 fuisse
764 2480 873 2507 videtur
900 2481 927 2507 in

145 2512 235 2542 causis
246 2517 367 2551 agendis.
379 2516 485 2546 Etenim
498 2528 531 2548 eo
553 2522 610 2557 ipso
627 2528 748 2559 tempore
771 2534 825 2560 quo
847 2527 928 2554 advo-

145 2563 222 2587 catus
244 2565 303 2588 erat
324 2562 569 2601 Constantinopoli,
593 2569 805 2598 ecclesiasticam
836 2571 928 2599 Histo-

145 2605 213 2632 riam
226 2608 400 2643 conscripsit,
415 2615 444 2638 ut
455 2619 488 2639 ex
498 2612 584 2648 ipsius
596 2615 687 2643 verbis
707 2616 770 2644 licet
790 2618 926 2653 colligere.

145 2650 191 2678 Sic
201 2653 275 2680 enim
287 2654 325 2680 ait
338 2654 366 2681 in
378 2663 437 2691 pag.
451 2657 486 2684 48
505 2658 586 2694 hujus
606 2660 735 2688 editionis
750 2670 756 2688 :
781 2662 846 2694 Qurc
854 2650 928 2690 ‘vero

145 2697 286 2724 acciderint
303 2698 437 2735 Aquilino,
455 2703 510 2730 viro
529 2705 574 2739 qui
596 2705 721 2740 hodieque
748 2715 848 2735 mecum
874 2717 928 2736 una

145 2747 274 2776 versatur,
289 2745 352 2772 etin
363 2747 452 2774 eodem
470 2748 526 2783 foro
537 2750 725 2778 causidiciuam
741 2758 851 2785 exercet,
867 2764 929 2790 par—

145 2788 191 2816 tim
203 2793 231 2815 ut
242 2790 273 2816 ab
282 2790 337 2826 ipso
349 2792 447 2826 audivi,
463 2795 561 2829 partim
578 2799 606 2821 ut
625 2796 678 2831 ipse
700 2800 830 2834 conspexi,
843 2788 927 2828 dicunt

146 2837 301 2865 necessario.
312 2837 396 2866 Porro
410 2843 471 2867 ante
491 2839 540 2868 hos
558 2849 654 2869 novcm
675 2844 864 2874 ecclesiasticae.
884 2848 928 2875 lli—

998 263 1058 282 rum
1072 258 1330 292 ecclesiasticarum,
1343 259 1377 286 ab
1396 268 1509 288 ascensu
1526 260 1627 288 Christi
1646 268 1739 295 usque
1757 261 1797 288 ad

996 302 1246 330 exauctorationem
1258 303 1367 331 Licinii.
1385 303 1463 337 Quod
1485 312 1555 340 opus
1574 305 1682 332 duobus
1706 305 1797 332 libris

996 347 1225 381 comprehensum
1239 353 1308 382 erat,
1328 354 1358 377 ut
1379 350 1437 385 ipse
1461 354 1575 378 testatur
1597 350 1625 377 in
1648 350 1796 385 proccmio

994 392 1058 419 libri
1072 393 1164 428 primi.
1178 395 1279 422 Verum
1291 395 1320 422 hi
1331 395 1385 423 duo
1406 396 1471 423 libri
1490 395 1688 431 longinquitate
1714 400 1793 423 tem-

994 438 1070 472 poris
1092 439 1301 467 interciderunt.
1325 441 1355 467 In
1377 441 1523 468 scribenda
1544 445 1635 468 autem
1664 440 1793 467 Historia

994 490 1060 510 usus
1073 489 1114 511 est
1131 484 1297 513 Sozomenus
1308 486 1388 521 stylo,
1408 494 1459 514 nec
1472 486 1603 521 deprcsso
1625 486 1710 513 nimis
1734 494 1792 513 nec

993 529 1112 564 turgido,
1135 531 1183 558 sed
1204 532 1252 566 qui
1272 532 1344 559 inter
1365 535 1512 567 utrumque
1530 533 1638 560 medius
1667 532 1788 561 incedit.

991 574 1042 607 Qui
1055 575 1166 610 quidem
1185 577 1270 612 stylus
1287 578 1536 605 ecclesiasticarum
1550 586 1640 605 rerum
1653 579 1788 613 scriptori

991 620 1093 654 optime
1106 622 1243 649 convenit.
1258 622 1292 649 Et
1303 622 1418 650 Photius
1429 623 1540 657 quidem
1553 623 1581 649 in
1599 623 1787 654 Bibliotheca,

991 665 1137 693 dictionem
1150 667 1292 695 Sozomeni
1309 669 1419 703 prwfcrt
1441 668 1555 696 dictioni
1576 668 1704 696 Socratis.
1730 668 1789 696 Cui

990 719 1041 738 nos
1051 711 1168 740 libenter
1182 713 1346 741 accedimus.
1361 713 1413 741 Sed
1426 719 1560 749 quantum
1576 714 1706 741 dictionis
1726 714 1786 741 elc-

991 757 1080 791 gantia
1094 758 1180 785 vincit
1199 758 1376 791 Sozomenus,
1398 764 1503 787 tantum
1527 760 1653 787 Socrates
1675 760 1785 795 judicio

990 802 1084 830 vincit.
1109 803 1176 831 Nam
1197 804 1324 832 Socrates
1338 805 1448 840 quidem
1478 810 1536 833 tum
1560 806 1593 833 de
1621 806 1697 837 viris,
1721 810 1783 832 tum

990 848 1024 875 de
1047 849 1130 877 rebus
1148 857 1181 877 ac
1198 851 1315 886 negotiis
1335 852 1529 880 ecclesiasticis
1549 851 1650 887 optime
1660 852 1780 888 judicat.

989 893 1063 921 Nihil
1096 898 1139 922 est
1169 896 1198 922 in
1227 896 1274 922 illo
1305 896 1356 923 nisi
1385 905 1466 932 grave
1495 906 1527 926 ac
1567 898 1679 925 serium.
1702 897 1780 926 Nihil

989 939 1062 974 quod
1077 944 1205 975 tanquam
1229 942 1397 976 superﬂuum
1418 944 1505 979 possis
1522 951 1688 979 expungere.
1703 943 1780 971 Con—

989 989 1029 1012 tra
1042 993 1108 1012 vero
1119 985 1147 1012 in
1163 985 1315 1014 Sozomeno
1335 988 1460 1022 qumdam
1481 989 1631 1016 occurrunt
1651 988 1722 1015 levia
1746 996 1780 1015 ac

988 1031 1114 1065 puerilia.
1127 1031 1285 1066 Cujusmodi
1297 1036 1339 1059 est
1351 1033 1377 1060 in
1390 1033 1461 1060 libro
1476 1034 1566 1068 primo
1583 1041 1712 1060 excessus
1731 1033 1778 1060 ille

988 1075 1022 1103 de
1033 1076 1146 1104 conditu
1165 1077 1242 1105 urbis
1263 1077 1402 1111 Hemonm,
1424 1083 1452 1106 et
1475 1079 1509 1106 de
1528 1078 1704 1113 Argonautis,
1727 1079 1775 1118 qui

987 1128 1084 1148 navem
1096 1121 1169 1156 Argo
1185 1122 1307 1149 humeris
1327 1123 1385 1150 suis
1404 1131 1454 1157 per
1471 1124 1574 1157 aliquot
1585 1123 1671 1150 stadia
1683 1126 1775 1150 trans-

986 1167 1218 1200 portarunt.ltcm
1240 1167 1388 1202 descriptio
1410 1168 1455 1195 illa
1477 1169 1648 1204 Daphnensis
1673 1169 1775 1196 subur-

987 1210 1061 1244 bani,
1080 1219 1139 1246 qua:
1158 1212 1274 1239 habetur
1295 1213 1324 1239 in
1336 1213 1407 1240 libro
1428 1213 1535 1248 quinto,
1556 1221 1617 1248 pag.
1630 1213 1690 1241 209.
1706 1214 1774 1241 Item

986 1256 1142 1284 observatio
1155 1257 1199 1287 illa
1211 1257 1245 1286 de
1262 1258 1467 1294 pulchritudine
1489 1259 1623 1294 corporis,
1649 1260 1694 1286 ubi
1718 1261 1776 1295 agit

967 1312 972 1315 λ
986 1302 1020 1330 de
1030 1299 1136 1345 virgine
1149 1304 1192 1331 illa
1206 1305 1277 1340 apud
1289 1313 1370 1340 quam
1384 1305 1430 1332 diu
1448 1305 1565 1333 latitavit
1582 1305 1677 1333 beatus
1691 1305 1774 1333 Atha-

986 1348 1089 1377 nasius.
1109 1348 1232 1384 Denique
1244 1349 1315 1377 liber
1332 1358 1422 1377 nonus
1433 1351 1502 1377 nihil
1513 1350 1570 1378 fere
1588 1350 1662 1377 aliud
1683 1352 1772 1378 conti-

986 1397 1033 1420 net
1048 1388 1265 1429 quam'eventus
1283 1395 1406 1429 bellicos,
1428 1396 1528 1431 quibus
1543 1397 1610 1423 nihil
1626 1404 1777 1424 commune»

985 1443 1026 1466 est
1037 1447 1100 1467 cum
1111 1439 1231 1468 Historia
1241 1441 1436 1469 ecclesiastica.
1451 1441 1504 1469 Sed
1516 1446 1543 1469 et
1554 1442 1638 1470 dictio
1651 1442 1708 1477 ipsa
1723 1442 1772 1469 So-

986 1485 1102 1518 zomeni,
1111 1493 1192 1521 quam
1199 1487 1312 1514 Photius
1318 1487 1431 1514 dictioni
1443 1487 1563 1515 Socratis
1570 1487 1720 1522 anteponit,
1728 1488 1770 1514 vi-

947 1539 969 1569 c
985 1531 1030 1558 tris
1041 1532 1098 1559 suis
1108 1540 1164 1559 non
1178 1537 1262 1560 caret.
1275 1533 1423 1560 Observavi
1442 1533 1516 1561 enim
1536 1533 1696 1568 periodosda
1719 1534 1770 1561 So-

986 1585 1100 1605 zomeno
1111 1585 1166 1605 non
1178 1578 1258 1606 aliter
1270 1579 1342 1606 inter
1353 1587 1382 1606 se
1395 1580 1521 1606 connecti
1537 1587 1618 1614 quam
1639 1587 1688 1614 per
1707 1587 1768 1614 par-

986 1623 1082 1650 ticulas
1103 1624 1163 1651 illas
1182 1624 1210 1650 δέ
1230 1628 1257 1651 et
1279 1624 1318 1656 τὲ,
1341 1625 1441 1659 quibus
1462 1625 1530 1652 nihil
1554 1629 1596 1652 est
1618 1624 1766 1652 molestius.

984 1669 1061 1702 Quod
1078 1670 1100 1698 si
1114 1671 1182 1705 'quis
1201 1671 1344 1706 epistolam
1364 1671 1438 1698 illam
1455 1671 1586 1698 attentius
1605 1671 1701 1706 legerit
1716 1679 1768 1706 qua

986 1716 1153 1744 Sozomenus
1176 1724 1245 1751 opus
1264 1724 1343 1744 suum
1358 1717 1463 1745 Junion'
1489 1717 1644 1744 Theodosio
1662 1724 1770 1743 nuncuu

985 1762 1068 1796 pavit,
1082 1762 1203 1789 inveniet
1213 1762 1335 1797 profecto
1353 1763 1380 1790 id
1402 1762 1474 1797 quod
1499 1763 1565 1795 dixi,
1589 1762 1766 1790 Sozomenum

984 1815 1038 1834 non
1051 1815 1179 1843 magnum
1190 1812 1328 1836 oratorem
1342 1809 1434 1836 fuisse.
1455 1809 1584 1844 Superest
1597 1813 1626 1836 ut
1646 1809 1766 1844 inquira-

984 1861 1045 1879 mus
1057 1858 1118 1880 uter
1131 1854 1239 1880 illorum
1254 1854 1329 1889 prior
1341 1854 1492 1889 scripserit,
1504 1858 1532 1881 ct
1544 1858 1605 1882 uter
1626 1854 1659 1881 ab
1682 1854 1767 1880 altero

985 1902 1134 1932 mutuatus,
1150 1907 1197 1926 seu
1210 1900 1301 1934 potius
1318 1899 1425 1927 furatus
1436 1900 1480 1927 sit.
1504 1899 1584 1926 Certe
1605 1906 1667 1926 cum
1689 1899 1766 1926 ambo

984 1943 1125 1970 deiisdem
1139 1944 1220 1971 rebus
1230 1952 1299 1979 pene
1321 1944 1417 1972 eadem
1441 1945 1611 1980 scripserint,
1633 1944 1713 1972 ambo
1733 1945 1765 1971 ab

983 1989 1078 2016 eodem
1091 1990 1227 2025 principio
1246 1991 1335 2019 exorsi
1358 1991 1392 2018 ad
1415 1991 1539 2019 eamdem
1562 1995 1662 2018 metam
1683 1991 1764 2018 decu—

983 2036 1129 2067 eurrerint,
1146 2043 1160 2063 a
1179 2036 1335 2071 principatu
1349 2038 1454 2064 scilicet
1473 2037 1646 2065 Constantini
1670 2037 1703 2064 ad
1716 2045 1764 2064 xvu

983 2081 1154 2108 consulatum
1167 2081 1313 2109 Theodosii
1325 2083 1458 2114 Juuioris,
1474 2091 1588 2117 prorsus
1601 2090 1713 2110 necesse
1726 2088 1765 2110 est

983 2129 1013 2152 ut
1025 2126 1094 2153 alter
1105 2127 1220 2154 alterius
1245 2127 1346 2154 scrinia
1366 2128 1563 2162 compilaverit.
1584 2127 1661 2161 Quod
1683 2136 1764 2163 genus

983 2171 1063 2206 plagii
1085 2179 1100 2198 a
1130 2172 1222 2199 multis
1255 2172 1357 2199 Graecis
1382 2173 1561 2207 scriptoribus
1592 2173 1763 2200 commissum

983 2215 1066 2243 fuisse
1079 2219 1194 2242 testatur
1208 2216 1377 2251 Porphyrius
1385 2217 1455 2251 apud
1467 2218 1614 2245 Eusebium
1625 2219 1652 2245 in
1667 2219 1735 2245 libro
1749 2226 1763 2244 x

982 2261 1190 2296 Pneparatiouis
1202 2263 1374 2297 cvangelicrc.
1387 2263 1487 2290 Verum
1497 2268 1558 2290 uter
1567 2264 1713 2299 plagiarius
1721 2265 1762 2296 sit,

982 2306 1141 2334 Socratesne
1153 2314 1188 2334 an
1201 2306 1378 2340 Sozomenus,
1391 2308 1500 2336 ditiicile
1518 2313 1560 2336 est
1579 2309 1682 2342 dicere,
1704 2318 1762 2336 cum

981 2352 1061 2379 ambo
1075 2352 1169 2379 iisdem
1183 2353 1354 2387 temporibus
1369 2354 1498 2386 vixerint,
1517 2355 1597 2382 ambo
1613 2356 1760 2391 principatu

981 2397 1128 2424 Theodosii
1139 2397 1262 2426 Junioris
1275 2398 1420 2426 Historiam
1432 2408 1509 2428 suam
1521 2401 1692 2436 scripserint.
1710 2402 1760 2429 Ha-

980 2450 1032 2476 que
1046 2442 1073 2468 in
1086 2442 1167 2478 hujus
1179 2444 1337 2478 quaestionis
1353 2445 1554 2480 disceptatione
1572 2446 1703 2474 utendum
1723 2452 1761 2474 est

979 2490 1147 2524 conjectura.
1161 2489 1206 2517 Sic
1217 2490 1384 2527 Porphyrius
1396 2492 1501 2519 inlibro
1511 2500 1594 2527 supra
1603 2498 1759 2527 memorato,

980 2541 1040 2560 cum
1049 2534 1183 2562 incertum
1193 2541 1266 2563 esset
1276 2541 1368 2564 utrum
1375 2537 1526 2573 Hyperides
1533 2546 1565 2566 ex
1572 2538 1758 2571 Demosthene.

980 2587 1013 2606 an
1027 2580 1223 2610 Demosthenes
1235 2590 1268 2610 ex
1280 2583 1416 2618 Hyperide
1428 2583 1535 2611 furatus
1546 2589 1629 2617 esset,
1639 2591 1759 2621 propter—

979 2633 1009 2652 ea
1024 2625 1095 2660 quod
1110 2627 1198 2654 ambo-
1205 2627 1300 2655 eodem
1315 2632 1436 2663 tempore
1454 2630 1597 2663 vixissent,
1610 2632 1758 2667 conjectura

980 2670 1112 2698 utendum
1125 2679 1186 2699 esse
1197 2674 1394 2708 pronuntiavit.
1409 2674 1557 2703 Videamus
1567 2684 1633 2712 ergo
1646 2677 1672 2703 in
1685 2685 1759 2711 quem

980 2715 1058 2742 cadat
1078 2717 1197 2751 suspicio
1219 2718 1296 2745 furti.
1318 2719 1450 2754 Equidem
1475 2721 1515 2749 sic
1535 2722 1672 2754 existimo,
1697 2722 1759 2749 infe-

981 2760 1079 2787 riorem
1097 2762 1257 2797 plerumque
1275 2763 1359 2790 furari
1373 2772 1388 2790 a
1411 2767 1611 2799 praestantiore,
1628 2771 1655 2794 et
1671 2767 1757 2801 junio-

981 2814 1036 2832 rem
1048 2814 1062 2832 a
1076 2808 1191 2834 seniore.
1206 2808 1287 2843 Atqui
1300 2808 1467 2838 Sozomenus
1486 2819 1547 2838 meo
1568 2812 1677 2846 quidem
1692 2813 1758 2847 judi-

980 2850 1022 2877 cio
1042 2851 1120 2886 longe
1134 2851 1246 2880 inferior
1263 2858 1305 2881 cst
1323 2854 1455 2883 Socrate:
1479 2857 1570 2892 junior
1594 2858 1659 2885 item
1683 2865 1756 2893 quam
