1887 3058
196 103 234 133 35

933 98 1018 126 SOCH
1023 98 1100 126 ATlS

1818 92 1865 119 56

197 159 361 194 Constantii,
373 160 421 195 qui
433 160 522 195 primo
532 159 727 188 ducentesima:
739 164 770 184 ac
783 155 981 191 septuagesima

1064 156 1124 183 lnov
1144 155 1334 183 Κωνσταντὶον
1355 154 1401 182 τοῦ
1423 155 1526 188 πατρὸς
1547 152 1650 186 αὐτοῦ,
1672 149 1863 188 τεθνηκότος

198 207 294 242 prima:
304 206 473 242 Olympiadis
484 214 566 237 anno,
578 209 641 232 ante
650 204 721 231 diem
736 207 864 229 octavum
875 201 989 229 Kalend.

198 253 315 288 Augusti
323 261 338 280 c
352 252 422 279 vivis
429 255 594 279 excesserat.
607 250 701 276 Roma:
711 249 830 282 denique
839 247 992 275 Maxentius

198 298 356 326 Maximiani
374 297 495 324 Herculii
515 303 528 316 ι
550 296 631 324 ﬁlius.
645 299 777 330 tyrannus
799 293 891 329 potius
910 301 991 328 quam

200 343 351 379 imperator
365 351 380 370 a
398 342 571 377 praetorianis
590 340 725 367 militibus
742 340 848 366 levatus
864 343 916 366 est.
932 338 992 372 Qua

199 391 344 418 occasione
357 388 511 419 Herculius,
525 386 707 421 recuperandi
720 386 828 420 imperii
841 385 992 420 cupiditate

199 439 306 470 raptus,
323 431 489 461 Ma'xentium
510 432 597 459 tilium
616 439 695 458 suum
714 435 830 458 conatus
843 435 886 458 est
904 431 992 458 inter-

202 482 295 508 ﬁcere.
315 480 368 507 Sed
381 483 437 505 tum
454 478 565 513 quidem
582 478 695 509 milites,
711 478 859 512 quominus
873 478 899 504 id
911 477 993 512 perﬁ-

199 530 284 557 ceret,
297 526 440 552 obstitere.
454 525 552 552 Postea
570 532 635 551 vero
652 524 729 551 Tarsi
746 524 772 550 in
789 523 884 551 Cilicia
900 528 992 550 extre-

199 579 273 598 mum
290 571 366 597 dium
388 570 468 597 obiit.
487 569 606 597 Severus
622 572 713 596 autem
733 569 834 601 Caesar,
851 577 866 596 a
883 569 993 596 Galerio

197 617 364 644 Maximiano
383 616 497 643 Romam
525 615 625 641 missus
647 614 682 641 ad
703 614 992 649 comprehendendum

197 662 375 694 Maxentium,
387 660 504 687 militum
518 666 631 687 suorum
644 659 800 693 proditione
810 659 993 694 interemptus

196 713 248 736 est.
267 709 409 735 Postremo
423 706 550 734 Galerius
567 706 765 738 Maximianus,
781 705 866 732 totius
883 705 992 740 imperii

197 755 305 781 clavum
324 760 432 788 regens,
456 752 543 779 abivit
559 759 574 778 e
593 751 660 784 vita,
681 759 744 779 eum
761 751 899 778 Licinium
916 751 993 786 prius

198 801 263 834 imp.
280 801 441 830 creavisset,
453 801 576 825 veterem
588 798 707 824 amicum
722 801 750 824 et
766 797 992 824 contubernalem

1042 202 1082 237 τῷ
1096 201 1198 237 πρώτῳ
1222 201 1337 236 ἐνιαυτῷ
1349 201 1400 236 τῆς
1426 200 1615 235 anmatos-ti};
1633 197 1864 235 ἐὸδομηκοστῆς

1043 248 1156 283 πρώτης
1173 247 1355 283 Ὀλυμπιάδος
1369 248 1418 283 (7),
1437 248 1470 282 τῇ
1487 247 1601 283 πέμπτῃ
1617 247 1665 273 καὶ
1681 246 1772 273 εἰκάδι
1798 243 1862 271 ’τῡῦ

1050 294 1160 320 Ἰουλίου
1179 294 1274 329 μηνός.
1299 294 1342 320 Ἐν
1365 293 1459 329 Ῥώμῃ
1477 293 1506 319 δὲ
1524 293 1576 319 ὑπὸ
1592 293 1646 319 τῶν
1662 290 1863 328 στρατιωτῶν

1042 339 1097 366 τῶν
1110 339 1294 375 πραιτωρίων,
1320 338 1469 371 Μαξέντιος
1485 339 1499 365 ὁ
1518 338 1574 370 υἱὸς
1592 338 1767 374 Μαξιμιανοῦ
1800 335 1862 362 τοῦ

1043 385 1090 412 καὶ
1113 385 1278 420 Ἐρκουλίου,
1304 385 1375 421 ἤρθη
1391 385 1522 420 τύραννος
1545 384 1675 420 μᾶλλονῆ
1699 383 1860 420 βασιλεύς.

1050 429 1097 456 Ἐκ
1111 430 1213 457 τούτων
1226 432 1240 457 ὁ
1261 431 1419 468 Ὴρκούλιος
1435 432 1474 462 εἰς
1493 431 1640 466 ἐπιθυμίαν
1659 431 1741 458 πάλιν
1759 431 1860 466 βασι-

1042 476 1118 508 λείας
1133 477 1239 512 ἀρθεὶς,
1258 477 1437 512 ἐπεχείρησεν
1450 477 1582 504 ἀπολέσαι
1594 476 1639 503 τὸν
1658 477 1714 503 υἱὸν
1729 476 1860 508 Μαξέν-

1043 531 1110 550 τιον.
1133 523 1212 549 Ἀλλὰ
1232 523 1310 550 τοῦτο
1332 524 1381 558 μὲν
1398 523 1510 558 ποιῆσαι
1522 523 1576 549 ὑπὸ
1591 523 1646 550 τῶν
1662 522 1858 558 στρατιωτῶν

1043 567 1204 603 διεκωλύθη.
1217 568 1350 603 ’Ὕστερον
1363 568 1391 594 δὲ
1410 569 1438 594 ἐν
1456 567 1554 602 Ταρσῷ
1567 568 1616 602 τῆς
1635 568 1762 598 Κιλικίας
1782 569 1856 593 ἐτε-

1043 613 1126 640 λεύτα
1139 613 1232 647 (8)τὸν
1250 613 1317 648 βίον.
1342 613 1461 649 Σεϐἦρος
1483 613 1512 639 δὲ
1526 614 1540 639 6
1558 613 1665 649 Καῖσαρ
1683 614 1696 633 ι’
1713 613 1770 640 ὑπὸ
1794 612 1856 639 τοῦ

1043 660 1173 695 Γαλερίαν
1197 659 1351 695 Μαξιμίνου
1367 659 1405 694 (9)
1429 660 1566 694 πεμφθεὶς
1587 660 1628 691 εἰς
1649 660 1699 695 τὴν
1724 660 1857 695 Ῥώμην

1044 706 1091 732 ἐπὶ
1102 706 1151 741 τὴν
1164 705 1314 738 Μαξεντιου
1331 705 1472 740 σύλληψιν,
1489 705 1619 741 ἀνῃρέθη,
1634 705 1688 732 τῶν
1704 714 1854 741 στρατιω-

1043 751 1097 778 τῶν
1123 751 1329 786 προδεδωκότων
1343 752 1435 778 αὐτόν.
1455 752 1509 778 Καὶ
1532 751 1568 778 τὰ
1587 752 1729 778 τελευταῖα
1748 753 1854 778 πάντα

1043 797 1214 833 Μαξιμιανὸς
1232 799 1247 824 ὸ
1270 799 1398 835 Γαλέριος
1423 799 1562 834 περιέπων
1586 798 1690 834 (lo-il)
1710 799 1851 833 τελευτᾷ,

197 853 288 877 suum,
302 844 349 880 qui
361 851 395 871 ex
414 843 495 871 Dacia
511 847 571 870 erat
584 843 730 871 oriundus.
751 843 857 870 interea
878 843 981 871 Maxen.

1068 843 1177 871 ικίννιον
1195 844 1327 879 πρότερον
1350 844 1461 879 βασιλέα
1482 845 1676 879 καταστήσας·
1701 844 1731 876 ὃς
1752 843 1789 879 ἦν
1813 846 1851 870 ἐκ

197 891 254 918 tius
267 891 291 925 7
310 891 448 917 Romanos
462 889 622 924 gravissime
635 889 783 924 oppressit,
803 893 949 925 tyrannum
960 897 990 918 se

195 930 289 969 potius
300 943 363 970 erga
379 935 439 962 illos
454 942 535 969 quam
552 934 746 969 imperatorem
759 942 867 970 gerens.
879 935 948 962 Nam
961 939 990 962 et

196 984 379 1019 ingenuorum
392 983 536 1010 hominum
549 990 650 1010 uxores
665 983 904 1018 impudentissime
923 990 990 1010 con—

197 1029 357 1064 stuprabat,
378 1032 406 1056 et
421 1028 554 1063 plurimos
568 1028 670 1055 civium
692 1028 795 1056 indicta
816 1036 900 1056 causa
919 1029 992 1063 peri-

197 1076 301 1106 mebat,
318 1075 425 1110 aliaque
439 1075 466 1101 id
481 1082 567 1109 genus
581 1073 703 1101 facinora
721 1075 907 1109 perpetrabat.
923 1074 992 1108 Qui-

197 1119 249 1146 bus
270 1120 438 1154 compertis,
460 1120 525 1154 imp.
549 1119 748 1147 Constantinus
768 1120 907 1147 Romanos
925 1120 991 1155 jugo

196 1165 347 1200 tyrannicre
377 1166 518 1192 servitutis
546 1165 664 1192 liberare
690 1165 816 1198 studuit;
844 1166 991 1200 statimque

196 1210 313 1238 sollicite
328 1210 411 1244 ctepit
424 1210 564 1244 inquirere
578 1218 631 1244 qua
646 1210 752 1237 ratione
777 1213 922 1245 tyrannum
940 1218 991 1244 op-

196 1264 340 1291 pressurus
352 1260 433 1283 esset.
455 1256 616 1291 Huiusmodi
634 1256 819 1283 sollicitudine
838 1256 989 1289 districtus,

196 1301 382 1336 perpendebal
404 1301 495 1328 animo
522 1309 668 1336 quemnam
689 1301 740 1328 sibi
765 1302 851 1328 Deum
878 1301 911 1328 ad
938 1302 991 1329 hoc

196 1344 300 1371 bellum
318 1345 471 1379 adjutorem
485 1349 605 1371 vocaret.
619 1345 755 1379 Venitque
768 1344 806 1371 illi
819 1345 846 1371 in
859 1349 990 1377 mentem,

196 1389 396 1417 Diocletianum
417 1390 539 1425 quidem,
555 1390 600 1425 qui
618 1390 761 1425 gentilium
784 1390 850 1417 deos
869 1390 992 1424 impense

1044 890 1166 917 παλαιῶν
1179 890 1232 916 τῶν
1250 890 1352 925 χρόνων
1369 890 1573 925 συστρατιώτης
1595 890 1670 926 αὐτῷ
1684 891 1732 917 καὶ
1749 890 1849 924 φίλος,

1043 936 1096 964 ἀπὸ
1104 935 1204 968 Δακίας
1211 935 1380 972 ὁρμώμενος.
1389 937 1538 970 Μαξέντιος
1549 937 1577 964 δὲ
1587 937 1680 967 κακῶς
1691 937 1756 969 τοῦς
1769 936 1851 964 Ῥω-

1044 982 1139 1017 μαίους
1148 982 1285 1016 ἐπέτριόε,
1293 982 1448 1018 τυραννικῷ
1459 982 1558 1018 μᾶλλον
1571 983 1587 1017 ἢ
1600 982 1730 1017 βασιλικῷ
1740 983 1850 1018 τρόπῳ

1041 1027 1182 1062 χρώμενος
1194 1027 1255 1054 κατ’
1267 1027 1366 1054 αὐτῶν·
1379 1028 1513 1064 μοιχεύων
1526 1028 1637 1062 ὰναίδην
1661 1027 1711 1064 [aL
1723 1027 1846 1063 ἀνέδην]

1041 1073 1091 1104 τὰς
1104 1072 1158 1099 τῶν
1172 1072 1321 1109 ἐλευθέρων
1335 1075 1478 1108 γυναῖκας,
1498 1073 1545 1101 καὶ
1566 1073 1681 1105 πολλοὺς
1699 1073 1846 1108 ἀναιρῶν,

1042 1119 1090 1145 καὶ
1103 1118 1186 1146 ποιῶν
1200 1119 1234 1145 τὰ
1247 1119 1352 1151 τούτοις
1369 1119 1515 1147 ἀκόλουθα.
1532 1119 1618 1146 Τοῦτο
1632 1120 1713 1153 γνοὺς
1728 1120 1743 1146 ὸ
1757 1119 1847 1154 βασι-

1042 1164 1104 1196 λεὺς
1126 1165 1339 1197 Κωνσταντϊνος,
1371 1165 1505 1200 ῥύσασθαι
1538 1165 1689 1200 Ῥωμαίους
1711 1164 1764 1200 τῆς
1791 1165 1846 1191 ὑπ’

1042 1209 1125 1236 αὑτοῦ
1136 1210 1256 1242 δουλείας
1275 1211 1441 1243 ἐσπούδαζεν
1453 1219 1459 1226 ·
1476 1211 1556 1242 εὐθύς
1571 1219 1599 1237 τε
1621 1210 1764 1246 φροντίδας
1781 1210 1847 1237 ἐτί-

1043 1255 1095 1287 οει,
1111 1256 1172 1282 τίνα
1186 1257 1286 1291 τρόπον
1302 1257 1410 1284 καθέλοι
1423 1257 1469 1284 τδν
1483 1257 1623 1293 τύραννον.
1639 1257 1694 1283 Καὶ
1705 1257 1744 1288 ὡς
1759 1254 1797 1292 ἦν
1811 1257 1845 1282 ὲν

1042 1301 1191 1337 τηλικαύτῃ
1221 1303 1351 1338 φροντίδι,
1383 1303 1487 1329 ἐπενόει
1511 1303 1573 1330 τίνα
1599 1303 1666 1330 Θεὸν
1687 1303 1844 1339 ἐπίκουρον

1043 1347 1110 1382 πρὸς
1129 1346 1176 1380 τὴν
1196 1348 1285 1382 μάχην
1299 1348 1434 1376 καλέσειε.
1450 1349 1528 1376 Κατὰ
1548 1349 1610 1376 νοῦν
1627 1350 1654 1376 δὲ
1669 1349 1842 1386 ἐλάμϐανεν,

1042 1393 1080 1424 ὡς
1105 1393 1180 1419 οὐδὲν
1208 1392 1311 1420 ὤναντο
1331 1395 1356 1420 οἱ
1381 1395 1445 1430 περὶ
1460 1395 1661 1430 Διοκλητιανδν,
1685 1395 1750 1432 περὶ
1772 1395 1842 1427 τοὺς

803 1456 935 1484 VALESH
955 1457 1232 1487 ANNOTATIONES.

197 1524 313 1564 erupisse
325 1524 422 1564 eodem
436 1532 508 1551 anno
519 1531 574 1559 quo
596 1524 782 1564 Diocletianus
802 1527 833 1564 et
848 1524 988 1564 Illaximia-
1002 1528 1022 1555 C
1039 1526 1235 1564 hicSocrates.
1248 1529 1428 1557 Maximianus
1443 1529 1515 1556 enim
1529 1529 1640 1562 Senior,
1653 1530 1701 1564 qui
1720 1536 1750 1558 et
1761 1532 1839 1560 Her-

197 1558 250 1586 nus
272 1560 418 1586 Herculius
432 1558 580 1594 purpuram
594 1559 789 1593 deposuerant.
813 1558 871 1591 Qua
885 1559 912 1586 ill
925 1567 987 1586 sen-

197 1595 282 1621 tentia
298 1595 349 1621 fuit
367 1595 449 1622 etiam
475 1598 571 1621 auctor
592 1594 722 1620 Chronici
745 1594 935 1626 Alexandrini,
960 1599 988 1621 et

196 1629 436 1664 aliiquidam,qui
460 1637 547 1655 annos
559 1629 667 1664 imperii
679 1629 833 1656 Constantii
855 1628 989 1657 Constan-

196 1665 255 1691 tino
269 1665 328 1699 ejus
342 1664 399 1690 ﬁlio
411 1664 576 1690 attribuunt.
592 1664 682 1698 Atque
698 1664 770 1699 hinc
783 1664 885 1690 factum
904 1668 989 1691 estut

197 1699 398 1726 Constantinus
410 1699 544 1726 Maximus
558 1707 572 1725 a
585 1698 752 1733 quibusdam
773 1706 901 1733 regnasse
915 1699 990 1726 dica—

198 1738 243 1760 tur
261 1734 342 1761 annis
352 1734 459 1760 duobus
472 1742 503 1760 ac
516 1734 637 1768 triginta,
650 1741 712 1760 cum
726 1739 818 1760 tamen
832 1742 930 1761 revera
943 1734 991 1762 tri-

197 1769 271 1803 ginta
288 1774 395 1795 tantum
409 1769 487 1796 antiis
501 1776 532 1795 ac
548 1769 690 1804 mensibus
708 1768 808 1804 decem
823 1770 989 1804 regnaverit.

233 1804 270 1837 (7)
284 1804 462 1836 Τεθνηκότος
474 1804 513 1836 τῷ
525 1803 626 1837 πρώῖῳ
637 1802 763 1836 ἐνιαυτῷ
775 1802 826 1836 τῆς
840 1802 992 1831 diazoma-

196 1839 270 1870 στῆς
282 1838 505 1871 ἑϐδομηκοστῆς
514 1837 630 1871 πρώτης
648 1838 857 1872 Ὀλυμπιάδος.
868 1838 942 1865 idem
951 1847 993 1867 re-

196 1874 431 1908 petitSoCratesin
442 1873 494 1899 ﬁne
504 1873 566 1900 libri
574 1873 694 1907 septimi,
702 1874 749 1900 ubi
757 1873 903 1900 Historiam
911 1882 989 1902 suam

195 1908 374 1944 concludens,
389 1909 427 1935 ait
437 1916 497 1944 eam
510 1908 597 1944 ordiri
611 1909 645 1944 ab
657 1916 731 1935 anno
744 1908 833 1942 primo
851 1908 989 1944 Olympia-

195 1943 237 1970 dis
249 1951 352 1973 cct.x.\'l.
364 1951 419 1978 quo
430 1942 627 1970 Constantinus
640 1943 790 1978 imperator
813 1942 989 1972 renuntiatus

194 1978 326 2014 est.7H:ee
335 1977 473 2014 Olympias
486 1978 582 2013 incipit
601 1985 614 2004 a
630 1977 748 2014 solstitio
769 1978 834 2004 anni
847 1982 987 2014 trecente-

194 2013 256 2040 simi
271 2013 371 2047 quinti,
385 2014 431 2047 qui
447 2013 498 2040 fuit
515 2020 604 2048 annns
624 2013 731 2047 primus
742 2017 806 2048 post
829 2013 983 2041 abdicatio-

195 2055 258 2075 nem
270 2048 442 2075 Diocletiani.
456 2048 556 2075 V‘erum
569 2047 748 2075 Constantius
760 2055 815 2074 non
838 2048 890 2076 hoc
911 2057 984 2076 anno

195 2087 320 2109 mortuus
333 2087 385 2113 est,
399 2083 445 2109 sed
459 2087 604 2117 sequente,
618 2090 674 2117 quo
686 2083 744 2117 ipse
759 2087 866 2109 sextum
888 2085 984 2112 consul

195 2117 295 2149 fuerat,
313 2126 374 2144 cum
391 2117 500 2144 Galerio
514 2118 647 2151 Augusto,
666 2122 696 2144 ut
717 2118 818 2152 legitur
843 2118 871 2144 in
896 2119 984 2147 Fastis

196 2152 275 2189 ldatii
294 2158 317 2179 π.
348 2152 427 2189 ΑΠῃο
448 2152 541 2189 igitun
557 2153 679 2189 secundo
697 2152 864 2189 supradictae
889 2154 983 2189 Olym-

195 2187 284 2222 piadis
304 2195 377 2214 mors
390 2187 543 2214 Constantii
559 2187 722 2214 ascribenda
738 2191 790 2214 est.

231 2223 268 2258 (8)
279 2224 325 2249 Ἐν
346 2221 450 2257 Ταρσῷ
470 2222 524 2256 τῆς
545 2223 680 2254 Κιλικίας
699 2223 848 2251 ἐτελεύτα.
870 2224 984 2251 Fallitur

1040 1562 1141 1593 cuiius,
1153 1564 1233 1598 jussu
1253 1563 1426 1591 Constantini
1445 1565 1552 1592 occisus
1565 1570 1606 1592 est
1623 1565 1650 1592 in
1663 1562 1762 1594 Galliis
1786 1575 1842 1594 au-

1040 1604 1077 1624 no
1098 1597 1161 1635 51οέ
1175 1598 1347 1635 Maximinus
1363 1603 1455 1626 autem
1473 1600 1564 1627 Casar
1582 1600 1694 1627 biennio
1710 1606 1773 1635 post
1791 1603 1839 1630 vi—

1041 1636 1102 1669 ctus
1116 1641 1131 1660 a
1151 1633 1268 1665 Licinio,
1285 1635 1368 1668 periit
1386 1635 1458 1669 apud
1473 1635 1600 1667 Tarsum,
1619 1639 1649 1662 ut.
1664 1633 1763 1663 scribit
1779 1638 1841 1665 Au-

1042 1667 1232 1700 reliusVictor,
1262 1667 1441 1697 Eusebius—in
1460 1669 1609 1701 Chronico,
1641 1674 1669 1697 et
1694 1671 1752 1698 alii.
1780 1673 1837 1699 So-

1041 1702 1140 1740 lemnis
1149 1708 1193 1740 est
1211 1704 1255 1730 hic
1269 1711 1354 1740 ,error
1374 1704 1543 1736 Graecorum,
1564 1705 1611 1740 qui
1638 1705 1837 1734 Maximianum

1041 1742 1069 1764 et
1086 1737 1263 1766 Maximinum
1282 1739 1355 1766 inter
1371 1747 1400 1766 sc
1418 1737 1600 1767 confundunt.

1079 1773 1116 1809 (tl)
1129 1774 1277 1806 Γαλερίου
1287 1774 1463 1809 Μαξιμίνου.
1475 1775 1656 1803 scribendum
1668 1776 1783 1803 omnino
1792 1782 1838 1804 est

1043 1807 1226 1843 Μαξιμιανοῦ,
1245 1813 1275 1835 ut
1291 1807 1369 1837 recte
1383 1810 1453 1837 intra
1469 1810 1610 1837 scribitur.
1631 1811 1682 1838 Sed
1708 1811 1767 1838 inec
1784 1820 1838 1839 no-

1044 1843 1129 1875 mina,
1148 1848 1179 1870 ut
1194 1844 1261 1876 dixi,
1275 1844 1406 1871 confundi
1422 1845 1510 1872 solent
1522 1853 1537 1872 a
1551 1845 1663 1872 Grazcis.
1682 1845 1727 1872 Sic
1751 1846 1836 1874 initio

1041 1876 1123 1915 hujus
1135 1879 1232 1913 capitis
1252 1879 1299 1915 ubi
1323 1879 1424 1915 legitur
1449 1880 1622 1915 Μαξιμιανὸς
1642 1881 1656 1907 ὸ
1673 1881 1836 1915 ἐπικληθεὶς

1040 1913 1179 1950 Γαλέριος,
1188 1915 1216 1941 in
1227 1914 1322 1950 codice
1333 1913 1471 1942 Slortiano
1479 1913 1612 1950 scriptum
1618 1919 1659 1942 est
1668 1913 1834 1950 Μαξιμῗνος.

1077 1949 1147 1983 (lO—l
1155 1949 1180 1983 1)
1190 1949 1290 1975 Πάντα
1301 1950 1485 1984 Μίιξιμιιινὸς
1493 1951 1509 1976 ὀ
1517 1951 1659 1984 Γαλέριος
1672 1949 1834 1984 περιέπων.

1039 1982 1103 2020 Haec
1122 1982 1238 2020 benigne
1254 1982 1431 2019 intelligenda
1443 1989 1516 2012 sunt.
1537 1982 1632 2020 Neque
1650 1982 1727 2012 enim
1750 1985 1834 2013 Gale-

1039 2018 1099 2054 rius
1120 2018 1204 2046 totius
1220 2019 1329 2054 imperii
1342 2018 1438 2047 revera
1458 2020 1564 2047 clavum
1583 2018 1682 2051 tenuit,
1695 2028 1758 2047 cum
1777 2021 1834 2048 duo

1037 2052 1199 2090 aliipeodem
1216 2052 1349 2088 tempore
1364 2059 1458 2082 essent
1481 2055 1606 2090 Augusti,
1631 2056 1835 2084 Constantinus

1037 2087 1065 2114 in
1084 2088 1191 2120 Galliis,
1218 2094 1245 2116 et
1268 2087 1422 2117 Maxentius
1448 2087 1549 2117 Romae.
1572 2091 1674 2118 Verum
1693 2097 1832 2118 summam

1037 2122 1145 2160 imperii
1158 2124 1339 2160 nihilominus
1352 2124 1560 2152 administrasse
1581 2125 1692 2157 dicitur,
1705 2132 1739 2152 eo
1756 2127 1832 2160 quod

1037 2157 1200 2197 ipsescnior
1228 2163 1288 2197 erat
1301 2160 1452 2197 Augustus,
1471 2164 1499 2187 et
1518 2168 1533 2187 a
1557 2161 1717 2196 junioribus
1733 2157 1832 2197 Augu-

1037 2193 1087 2220 stis
1102 2193 1188 2221 instar
1201 2194 1288 2228 patris
1301 2194 1452 2222 colebatur.

924 2293 1115 2322 VARIORUM.

232 2351 246 2371 ι)
271 2349 399 2385 Σεῧῆρος
410 2348 451 2385 δὲ.
464 2349 480 2374 ὁ
490 2347 616 2385 Καῖσαρ.
630 2348 740 2385 Flavius
756 2348 882 2377 Valerius
896 2349 981 2377 Seve-

1064 2359 1101 2378 im
1121 2353 1199 2379 venis
1211 2353 1236 2380 ei
1251 2353 1356 2385 incisis,
1369 2353 1469 2381 leniter
1480 2354 1552 2381 mori
1561 2359 1672 2381 coactus
1686 2358 1737 2381 est.
1760 2354 1829 2382 Vide

195 2394 243 2413 rus
263 2384 418 2412 Maximiani
440 2383 608 2411 Armentarii
630 2383 805 2418 imperatoris
828 2393 861 2412 ex
884 2392 980 2412 sorore

194 2428 288 2455 nepos,
305 2420 338 2446 ab
349 2418 494 2455 avunculo,
508 2425 570 2444 cum
592 2418 749 2455 Maximino,
774 2419 864 2446 Cazsar
887 2419 991 2454 declag

193 2453 279 2486 ratus,
289 2455 372 2481 italia:
383 2457 411 2480 et
421 2453 520 2480 Africa:
532 2461 576 2480 res
589 2454 704 2480 curavit.
719 2454 796 2481 Illum
810 2455 978 2486 saltatorem,

194 2491 385 2519 temulentum,
401 2487 551 2524 ebriosum,
571 2488 616 2515 cui
645 2497 699 2524 nox
721 2497 771 2524 pro
792 2489 847 2520 die,
871 2494 899 2515 et
920 2489 980 2516 dies

203 2534 243 2552 πο
253 2529 344 2556 nocte,
356 2524 426 2550 dixit.
436 2523 629 2550 Diocletianus.
645 2523 713 2550 Cum
726 2525 817 2551 Romae
832 2524 978 2558 imperium

193 2559 346 2587 Maxentius
359 2559 506 2590 invaserat,
519 2566 545 2584 vt
568 2559 625 2585 Kal.
643 2559 809 2586 Novembris
823 2566 888 2585 ann.
914 2559 976 2591 506,

193 2595 320 2626 Severus,
339 2598 439 2621 uteum
455 2594 631 2628 opprimeret.
649 2593 682 2620 ad
691 2601 785 2620 muros
801 2593 879 2620 urbis
890 2601 979 2621 arma-

193 2635 236 2656 lus
248 2630 372 2657 accessit.
396 2629 493 2657 Statim
509 2636 574 2655 vero
586 2628 688 2655 milites
708 2636 772 2654 eum
795 2628 937 2660 deserunt,
951 2634 979 2657 et

192 2673 220 2692 se
234 2665 378 2695 Maxentio,
389 2669 485 2691 contra
499 2671 581 2698 quem
595 2667 738 2694 venerant,
764 2663 894 2697 tradunt.
905 2664 976 2696 Quid

192 2701 314 2727 restabat
327 2700 448 2731 deserto,
473 2697 526 2726 nisi
556 2697 638 2734 fuga»?
661 2698 821 2734 Ravennam
842 2700 975 2734 confugit,

192 2735 284 2770 ibique
303 2743 332 2762 se
344 2743 406 2762 cum
427 2734 523 2770 paucis
544 2732 677 2770 militibus
686 2733 822 2770 “inclusit.
843 2734 896 2761 Sed
914 2732 977 2762 cum

191 2767 435 2797 viderett‘uturuui
447 2774 476 2796 ut
496 2768 660 2803 Maximiano
686 2767 826 2800 Herculio,
850 2770 897 2803 qui
913 2777 976 2796 eum

191 2812 253 2832 cum
266 2806 388 2832 exercitu
403 2804 527 2838 urgebat,
544 2802 708 2838 traderetur,
725 2803 800 2830 dedit
812 2802 871 2832 sese
898 2804 975 2838 ipse;

192 2839 313 2876 nihilque
333 2840 407 2867 aliud
432 2837 605 2872 impetravit,
632 2837 686 2864 nisi
711 2838 809 2866 bonam
839 2837 973 2867 mortem:

1034 2386 1160 2424 Lactant.
1173 2387 1211 2414 De
1232 2388 1358 2416 mortibus
1370 2395 1578 2424 persecutomm,
1591 2397 1651 2423 cap.
1676 2390 1688 2415 -t
1697 2390 1713 2416 8
1724 2393 1752 2416 et
1763 2389 1808 2416 26.

1069 2427 1079 2440 ιτ
1094 2422 1181 2450 ldatio
1202 2422 1375 2452 astinulatur'
1388 2428 1416 2452 et
1439 2425 1577 2452 Eusebius
1597 2422 1632 2451 in
1647 2423 1790 2451 Chronico
1812 2433 1826 2452 a

1031 2455 1061 2483 B.
1077 2457 1243 2494 Hieronymo
1256 2455 1353 2486 Latine
1372 2466 1463 2491 verso,
1484 2467 1539 2494 quo
1552 2459 1586 2486 ad
1607 2459 1761 2486 secundum
1775 2467 1825 2486 an-

1030 2499 1097 2518 num
1114 2492 1284 2528 Olympiadis
1309 2502 1401 2521 CCLXXI
1416 2495 1474 2522 inec
1488 2492 1619 2521 notantur
1632 2503 1638 2520 :
1653 2494 1825 2521 Constantius

1030 2532 1104 2564 sexto
1117 2528 1216 2564 decimo
1229 2529 1336 2564 imperii
1349 2538 1420 2556 anno
1442 2530 1511 2556 dicm
1525 2529 1588 2556 obiit
1611 2530 1639 2555 in
1665 2529 1822 2562 Britannia,

1030 2562 1163 2599 Eboraci;
1173 2563 1237 2599 Post
1249 2562 1325 2599 quem
1337 2564 1411 2598 ﬁlius
1426 2565 1483 2599 ejus
1497 2564 1700 2596 Constantinus,
1715 2573 1746 2591 ea:
1760 2574 1823 2592 con—

1030 2597 1123 2624 cubina
1138 2597 1240 2626 Helena
1254 2597 1442 2635 procreatus;
1455 2608 1564 2635 regnum
1587 2600 1698 2627 invadit.
1723 2599 1825 2632 Quarto

1030 2637 1119 2670 cutem
1133 2635 1321 2670 persecutionis
1330 2643 1400 2661 anno
1411 2634 1603 2662 Constantinus
1613 2643 1725 2670 regnare
1737 2643 1822 2662 orsus.

1029 2667 1198 2706 Quinetiam
1212 2669 1424 2706 constantinum
1442 2670 1589 2704 imperium
1614 2667 1748 2706 invasisse
1776 2678 1823 2706 vni

1028 2702 1086 2740 Kal.
1101 2703 1169 2740 Aug.
1186 2705 1250 2731 anni
1262 2705 1324 2736 506,
1337 2713 1370 2731 ex
1386 2705 1474 2740 ipsius
1484 2702 1565 2732 'obitu
1580 2705 1732 2740 clarissime
1745 2704 1823 2732 evin-

1028 2737 1163 2775 cituride
1176 2747 1230 2773 quo
1242 2740 1303 2767 vide
1317 2737 1457 2767 Socratem
1471 2748 1530 2775 cap.
1545 2740 1594 2766 ult.
1609 2740 1691 2775 hujus
1703 2739 1779 2771 libri,
1793 2743 1821 2767 et

1027 2771 1217 2810 Eusebium—in
1230 2775 1291 2809 ejus
1302 2775 1373 2805 Vita,
1387 2775 1435 2802 lib.
1451 2771 1562 2810 iv,‘cap.
1573 2775 1628 2810 ﬁt,
1646 2771 1818 2810 computatis

1027 2806 1055 2834 iu
1067 2808 1127 2843 ejus
1141 2806 1255 2844 regnum
1267 2810 1348 2838 armis
1357 2809 1401 2843 ⁸50,
1415 2806 1556 2837 mensibus
1570 2807 1612 2835 l0.
