  <div class='ocr_page' id='page_1' title='image "/cluster/home/n/w/nwhite01/storage/ocr_20150623/67/njp.32101077772703/027.png"; bbox 0 0 1887 3058; ppageno 0'>
   <div class='ocr_carea' id='block_1_1' title="bbox 174 87 1830 122">
    <p class='ocr_par' dir='ltr' id='par_1_1' title="bbox 174 87 1830 122">
     <span class='ocr_line' id='line_1_1' title="bbox 174 87 1830 122; baseline -0.001 -7"><span class='ocrx_word' id='word_1_1' title='bbox 174 93 212 122; x_wconf 70' lang='lat'><strong>39</strong></span> <span class='ocrx_word' id='word_1_2' title='bbox 818 115 824 120; x_wconf 72' lang='grc'>,</span> <span class='ocrx_word' id='word_1_3' title='bbox 903 87 1071 116; x_wconf 61' lang='grc' dir='ltr'><strong>ζὶυΩῙιΑΤῘΞ</strong></span> <span class='ocrx_word' id='word_1_4' title='bbox 1788 87 1830 113; x_wconf 72' lang='grc' dir='ltr'><strong>ιθ</strong></span> 
     </span>
    </p>
   </div>
   <div class='ocr_carea' id='block_1_2' title="bbox 496 150 645 178">
    <p class='ocr_par' dir='ltr' id='par_1_2' title="bbox 496 150 645 178">
     <span class='ocr_line' id='line_1_2' title="bbox 496 150 645 178; baseline -0.013 0"><span class='ocrx_word' id='word_1_5' title='bbox 496 151 572 178; x_wconf 75' lang='lat' dir='ltr'><strong>CAP.</strong></span> <span class='ocrx_word' id='word_1_6' title='bbox 602 150 645 177; x_wconf 81' lang='lat' dir='ltr'><strong>HI.</strong></span> 
     </span>
    </p>
   </div>
   <div class='ocr_carea' id='block_1_3' title="bbox 178 195 965 232">
    <p class='ocr_par' dir='ltr' id='par_1_3' title="bbox 178 195 965 232">
     <span class='ocr_line' id='line_1_3' title="bbox 178 195 965 232; baseline -0.005 -7"><span class='ocrx_word' id='word_1_7' title='bbox 178 198 312 232; x_wconf 72' lang='lat' dir='ltr'><strong>Quomodo</strong></span> <span class='ocrx_word' id='word_1_8' title='bbox 334 197 396 224; x_wconf 74' lang='lat' dir='ltr'><strong>dum</strong></span> <span class='ocrx_word' id='word_1_9' title='bbox 416 195 605 224; x_wconf 63' lang='lat' dir='ltr'><strong>Constantinus</strong></span> <span class='ocrx_word' id='word_1_10' title='bbox 620 203 668 232; x_wconf 60' lang='lat' dir='ltr'><strong>res</strong></span> <span class='ocrx_word' id='word_1_11' title='bbox 685 195 894 232; x_wconf 77' lang='lat' dir='ltr'><strong>Christianarum</strong></span> <span class='ocrx_word' id='word_1_12' title='bbox 908 203 965 221; x_wconf 82' lang='lat' dir='ltr'><strong>am-</strong></span> 
     </span>
    </p>
   </div>
   <div class='ocr_carea' id='block_1_4' title="bbox 212 230 965 268">
    <p class='ocr_par' dir='ltr' id='par_1_4' title="bbox 212 230 965 268">
     <span class='ocr_line' id='line_1_4' title="bbox 212 230 965 268; baseline -0.004 -9"><span class='ocrx_word' id='word_1_13' title='bbox 212 232 353 268; x_wconf 74' lang='lat' dir='ltr'><strong>pliﬁcaret,</strong></span> <span class='ocrx_word' id='word_1_14' title='bbox 367 232 481 259; x_wconf 74' lang='lat' dir='ltr'><strong>Licinius</strong></span> <span class='ocrx_word' id='word_1_15' title='bbox 505 232 560 266; x_wconf 85' lang='lat' dir='ltr'><strong>ejus</strong></span> <span class='ocrx_word' id='word_1_16' title='bbox 584 230 683 265; x_wconf 70' lang='lat' dir='ltr'><strong>collega</strong></span> <span class='ocrx_word' id='word_1_17' title='bbox 698 230 799 256; x_wconf 67' lang='lat' dir='ltr'><strong>eosdem</strong></span> <span class='ocrx_word' id='word_1_18' title='bbox 818 235 965 265; x_wconf 71' lang='lat' dir='ltr'><strong>persecutus</strong></span> 
     </span>
    </p>
   </div>
   <div class='ocr_carea' id='block_1_5' title="bbox 211 267 256 295">
    <p class='ocr_par' dir='ltr' id='par_1_5' title="bbox 211 267 256 295">
     <span class='ocr_line' id='line_1_5' title="bbox 211 267 256 295; baseline -0.022 0"><span class='ocrx_word' id='word_1_19' title='bbox 211 267 256 295; x_wconf 76' lang='lat' dir='ltr'><strong>sit.</strong></span> 
     </span>
    </p>
   </div>
   <div class='ocr_carea' id='block_1_6' title="bbox 212 309 965 346">
    <p class='ocr_par' dir='ltr' id='par_1_6' title="bbox 212 309 965 346">
     <span class='ocr_line' id='line_1_6' title="bbox 212 309 965 346; baseline -0.007 -6"><span class='ocrx_word' id='word_1_20' title='bbox 212 313 246 340; x_wconf 86' lang='lat' dir='ltr'><strong>Et</strong></span> <span class='ocrx_word' id='word_1_21' title='bbox 266 312 463 340; x_wconf 84' lang='lat' dir='ltr'><strong>Constantinus</strong></span> <span class='ocrx_word' id='word_1_22' title='bbox 478 311 589 346; x_wconf 85' lang='lat' dir='ltr'><strong>quidem</strong></span> <span class='ocrx_word' id='word_1_23' title='bbox 607 310 672 345; x_wconf 90' lang='lat' dir='ltr'><strong>imp.</strong></span> <span class='ocrx_word' id='word_1_24' title='bbox 688 309 789 337; x_wconf 73' lang='lat' dir='ltr'><strong>Christi</strong></span> <span class='ocrx_word' id='word_1_25' title='bbox 808 309 965 344; x_wconf 76' lang='lat' dir='ltr'><strong>religionem</strong></span> 
     </span>
    </p>
   </div>
   <div class='ocr_carea' id='block_1_7' title="bbox 177 353 965 392">
    <p class='ocr_par' dir='ltr' id='par_1_7' title="bbox 177 353 965 392">
     <span class='ocr_line' id='line_1_7' title="bbox 177 353 965 392; baseline -0.006 -8"><span class='ocrx_word' id='word_1_26' title='bbox 177 357 329 392; x_wconf 73' lang='lat' dir='ltr'><strong>amplexus,</strong></span> <span class='ocrx_word' id='word_1_27' title='bbox 342 359 441 383; x_wconf 87' lang='lat' dir='ltr'><strong>cuncta</strong></span> <span class='ocrx_word' id='word_1_28' title='bbox 454 354 551 390; x_wconf 81' lang='lat' dir='ltr'><strong>agebat</strong></span> <span class='ocrx_word' id='word_1_29' title='bbox 568 359 697 389; x_wconf 85' lang='lat' dir='ltr'><strong>tanquam</strong></span> <span class='ocrx_word' id='word_1_30' title='bbox 710 353 881 381; x_wconf 85' lang='lat' dir='ltr'><strong>Christianus</strong></span> <span class='ocrx_word' id='word_1_31' title='bbox 894 361 900 379; x_wconf 92' lang='lat'><strong>:</strong></span> <span class='ocrx_word' id='word_1_32' title='bbox 919 361 965 380; x_wconf 89' lang='lat' dir='ltr'><strong>cc—</strong></span> 
     </span>
    </p>
   </div>
   <div class='ocr_carea' id='block_1_8' title="bbox 177 399 966 435">
    <p class='ocr_par' dir='ltr' id='par_1_8' title="bbox 177 399 966 435">
     <span class='ocr_line' id='line_1_8' title="bbox 177 399 966 435; baseline -0.006 -5"><span class='ocrx_word' id='word_1_33' title='bbox 177 403 278 430; x_wconf 89' lang='lat' dir='ltr'><strong>clesias</strong></span> <span class='ocrx_word' id='word_1_34' title='bbox 306 406 490 433; x_wconf 82' lang='lat' dir='ltr'><strong>construens,</strong></span> <span class='ocrx_word' id='word_1_35' title='bbox 515 408 617 435; x_wconf 87' lang='lat' dir='ltr'><strong>easque</strong></span> <span class='ocrx_word' id='word_1_36' title='bbox 649 399 802 435; x_wconf 79' lang='lat' dir='ltr'><strong>magniﬁcis</strong></span> <span class='ocrx_word' id='word_1_37' title='bbox 829 406 966 426; x_wconf 82' lang='lat' dir='ltr'><strong>exornans</strong></span> 
     </span>
    </p>
   </div>
   <div class='ocr_carea' id='block_1_9' title="bbox 178 444 966 482">
    <p class='ocr_par' dir='ltr' id='par_1_9' title="bbox 178 444 966 482">
     <span class='ocr_line' id='line_1_9' title="bbox 178 444 966 482; baseline -0.008 -6"><span class='ocrx_word' id='word_1_38' title='bbox 178 449 316 476; x_wconf 84' lang='lat' dir='ltr'><strong>donariis:</strong></span> <span class='ocrx_word' id='word_1_39' title='bbox 333 447 480 482; x_wconf 76' lang='lat' dir='ltr'><strong>gentilium</strong></span> <span class='ocrx_word' id='word_1_40' title='bbox 496 450 589 473; x_wconf 86' lang='lat' dir='ltr'><strong>autem</strong></span> <span class='ocrx_word' id='word_1_41' title='bbox 607 445 707 480; x_wconf 90' lang='lat' dir='ltr'><strong>templa</strong></span> <span class='ocrx_word' id='word_1_42' title='bbox 726 444 856 471; x_wconf 82' lang='lat' dir='ltr'><strong>claudens</strong></span> <span class='ocrx_word' id='word_1_43' title='bbox 874 452 906 471; x_wconf 91' lang='lat' dir='ltr'><strong>ac</strong></span> <span class='ocrx_word' id='word_1_44' title='bbox 922 444 966 471; x_wconf 87' lang='lat' dir='ltr'><strong>di—</strong></span> 
     </span>
    </p>
   </div>
   <div class='ocr_carea' id='block_1_10' title="bbox 178 490 967 526">
    <p class='ocr_par' dir='ltr' id='par_1_10' title="bbox 178 490 967 526">
     <span class='ocr_line' id='line_1_10' title="bbox 178 490 967 526; baseline -0.006 -4"><span class='ocrx_word' id='word_1_45' title='bbox 178 503 272 526; x_wconf 86' lang='lat' dir='ltr'><strong>rucns,</strong></span> <span class='ocrx_word' id='word_1_46' title='bbox 284 498 312 521; x_wconf 84' lang='lat' dir='ltr'><strong>et</strong></span> <span class='ocrx_word' id='word_1_47' title='bbox 323 498 428 521; x_wconf 89' lang='lat' dir='ltr'><strong>statuas</strong></span> <span class='ocrx_word' id='word_1_48' title='bbox 448 493 476 520; x_wconf 92' lang='lat' dir='ltr'><strong>in</strong></span> <span class='ocrx_word' id='word_1_49' title='bbox 491 493 544 520; x_wconf 84' lang='lat' dir='ltr'><strong>illis</strong></span> <span class='ocrx_word' id='word_1_50' title='bbox 558 492 660 526; x_wconf 87' lang='lat' dir='ltr'><strong>positas</strong></span> <span class='ocrx_word' id='word_1_51' title='bbox 675 491 827 526; x_wconf 83' lang='lat' dir='ltr'><strong>publicans.</strong></span> <span class='ocrx_word' id='word_1_52' title='bbox 844 490 967 518; x_wconf 88' lang='lat' dir='ltr'><strong>Licinius</strong></span> 
     </span>
    </p>
   </div>
   <div class='ocr_carea' id='block_1_11' title="bbox 177 536 965 575">
    <p class='ocr_par' dir='ltr' id='par_1_11' title="bbox 177 536 965 575">
     <span class='ocr_line' id='line_1_11' title="bbox 177 536 965 575; baseline -0.008 -7"><span class='ocrx_word' id='word_1_53' title='bbox 177 549 243 568; x_wconf 86' lang='lat' dir='ltr'><strong>vero</strong></span> <span class='ocrx_word' id='word_1_54' title='bbox 264 541 324 575; x_wconf 84' lang='lat' dir='ltr'><strong>ejus</strong></span> <span class='ocrx_word' id='word_1_55' title='bbox 348 540 462 574; x_wconf 82' lang='lat' dir='ltr'><strong>collega,</strong></span> <span class='ocrx_word' id='word_1_56' title='bbox 479 538 620 573; x_wconf 76' lang='lat' dir='ltr'><strong>gentilium</strong></span> <span class='ocrx_word' id='word_1_57' title='bbox 639 537 781 564; x_wconf 89' lang='lat' dir='ltr'><strong>erroribus</strong></span> <span class='ocrx_word' id='word_1_58' title='bbox 800 536 965 571; x_wconf 84' lang='lat' dir='ltr'><strong>implicatus,</strong></span> 
     </span>
    </p>
   </div>
   <div class='ocr_carea' id='block_1_12' title="bbox 175 581 967 617">
    <p class='ocr_par' dir='ltr' id='par_1_12' title="bbox 175 581 967 617">
     <span class='ocr_line' id='line_1_12' title="bbox 175 581 967 617; baseline -0.006 -5"><span class='ocrx_word' id='word_1_59' title='bbox 175 585 273 612; x_wconf 80' lang='lat' dir='ltr'><strong>oderat</strong></span> <span class='ocrx_word' id='word_1_60' title='bbox 287 583 468 612; x_wconf 88' lang='lat' dir='ltr'><strong>Christianos.</strong></span> <span class='ocrx_word' id='word_1_61' title='bbox 485 583 519 609; x_wconf 85' lang='lat' dir='ltr'><strong>Et</strong></span> <span class='ocrx_word' id='word_1_62' title='bbox 528 583 617 617; x_wconf 89' lang='lat' dir='ltr'><strong>palam</strong></span> <span class='ocrx_word' id='word_1_63' title='bbox 629 581 739 616; x_wconf 87' lang='lat' dir='ltr'><strong>quidem</strong></span> <span class='ocrx_word' id='word_1_64' title='bbox 748 581 967 616; x_wconf 77' lang='lat' dir='ltr'><strong>persecutionem</strong></span> 
     </span>
    </p>
   </div>
   <div class='ocr_carea' id='block_1_13' title="bbox 177 627 966 662">
    <p class='ocr_par' dir='ltr' id='par_1_13' title="bbox 177 627 966 662">
     <span class='ocr_line' id='line_1_13' title="bbox 177 627 966 662; baseline -0.008 -3"><span class='ocrx_word' id='word_1_65' title='bbox 177 631 309 659; x_wconf 84' lang='lat' dir='ltr'><strong>adversus</strong></span> <span class='ocrx_word' id='word_1_66' title='bbox 322 638 370 658; x_wconf 88' lang='lat' dir='ltr'><strong>eos</strong></span> <span class='ocrx_word' id='word_1_67' title='bbox 383 629 521 657; x_wconf 82' lang='lat' dir='ltr'><strong>concitare</strong></span> <span class='ocrx_word' id='word_1_68' title='bbox 536 628 649 655; x_wconf 88' lang='lat' dir='ltr'><strong>minime</strong></span> <span class='ocrx_word' id='word_1_69' title='bbox 661 627 791 660; x_wconf 81' lang='lat' dir='ltr'><strong>audebat,</strong></span> <span class='ocrx_word' id='word_1_70' title='bbox 806 631 880 654; x_wconf 89' lang='lat' dir='ltr'><strong>metu</strong></span> <span class='ocrx_word' id='word_1_71' title='bbox 889 627 966 662; x_wconf 88' lang='lat' dir='ltr'><strong>prin-</strong></span> 
     </span>
    </p>
   </div>
   <div class='ocr_carea' id='block_1_14' title="bbox 177 673 966 712">
    <p class='ocr_par' dir='ltr' id='par_1_14' title="bbox 177 673 966 712">
     <span class='ocr_line' id='line_1_14' title="bbox 177 673 966 712; baseline -0.006 -8"><span class='ocrx_word' id='word_1_72' title='bbox 177 677 247 712; x_wconf 80' lang='lat' dir='ltr'><strong>cipis</strong></span> <span class='ocrx_word' id='word_1_73' title='bbox 261 675 444 704; x_wconf 84' lang='lat' dir='ltr'><strong>Constantini.</strong></span> <span class='ocrx_word' id='word_1_74' title='bbox 458 674 550 702; x_wconf 83' lang='lat' dir='ltr'><strong>Multis</strong></span> <span class='ocrx_word' id='word_1_75' title='bbox 561 678 652 700; x_wconf 82' lang='lat' dir='ltr'><strong>tamcn</strong></span> <span class='ocrx_word' id='word_1_76' title='bbox 665 674 773 700; x_wconf 82' lang='lat' dir='ltr'><strong>occulte</strong></span> <span class='ocrx_word' id='word_1_77' title='bbox 786 673 911 700; x_wconf 89' lang='lat' dir='ltr'><strong>struebat</strong></span> <span class='ocrx_word' id='word_1_78' title='bbox 923 673 966 700; x_wconf 89' lang='lat' dir='ltr'><strong>in-</strong></span> 
     </span>
    </p>
   </div>
   <div class='ocr_carea' id='block_1_15' title="bbox 178 718 967 754">
    <p class='ocr_par' dir='ltr' id='par_1_15' title="bbox 178 718 967 754">
     <span class='ocr_line' id='line_1_15' title="bbox 178 718 967 754; baseline -0.008 -3"><span class='ocrx_word' id='word_1_79' title='bbox 178 724 271 750; x_wconf 87' lang='lat' dir='ltr'><strong>sidias.</strong></span> <span class='ocrx_word' id='word_1_80' title='bbox 297 722 418 749; x_wconf 84' lang='lat' dir='ltr'><strong>Tandem</strong></span> <span class='ocrx_word' id='word_1_81' title='bbox 438 727 505 747; x_wconf 86' lang='lat' dir='ltr'><strong>vero</strong></span> <span class='ocrx_word' id='word_1_82' title='bbox 535 727 584 746; x_wconf 88' lang='lat' dir='ltr'><strong>eos</strong></span> <span class='ocrx_word' id='word_1_83' title='bbox 605 723 700 754; x_wconf 85' lang='lat' dir='ltr'><strong>aperto</strong></span> <span class='ocrx_word' id='word_1_84' title='bbox 728 722 815 746; x_wconf 88' lang='lat' dir='ltr'><strong>marte</strong></span> <span class='ocrx_word' id='word_1_85' title='bbox 839 718 967 754; x_wconf 73' lang='lat' dir='ltr'><strong>persequi</strong></span> 
     </span>
    </p>
   </div>
   <div class='ocr_carea' id='block_1_16' title="bbox 176 764 969 804">
    <p class='ocr_par' dir='ltr' id='par_1_16' title="bbox 176 764 969 804">
     <span class='ocr_line' id='line_1_16' title="bbox 176 764 969 804; baseline -0.004 -8"><span class='ocrx_word' id='word_1_86' title='bbox 176 776 320 804; x_wconf 79' lang='lat' dir='ltr'><strong>aggressus</strong></span> <span class='ocrx_word' id='word_1_87' title='bbox 332 771 382 794; x_wconf 87' lang='lat' dir='ltr'><strong>est.</strong></span> <span class='ocrx_word' id='word_1_88' title='bbox 400 767 488 800; x_wconf 83' lang='lat' dir='ltr'><strong>Atque</strong></span> <span class='ocrx_word' id='word_1_89' title='bbox 501 765 560 792; x_wconf 78' lang='lat' dir='ltr'><strong>haec</strong></span> <span class='ocrx_word' id='word_1_90' title='bbox 576 765 687 800; x_wconf 87' lang='lat' dir='ltr'><strong>quidem</strong></span> <span class='ocrx_word' id='word_1_91' title='bbox 702 764 858 800; x_wconf 86' lang='lat' dir='ltr'><strong>persecutio</strong></span> <span class='ocrx_word' id='word_1_92' title='bbox 872 765 969 793; x_wconf 91' lang='lat' dir='ltr'><strong>localis</strong></span> 
     </span>
    </p>
   </div>
   <div class='ocr_carea' id='block_1_17' title="bbox 177 810 969 846">
    <p class='ocr_par' dir='ltr' id='par_1_17' title="bbox 177 810 969 846">
     <span class='ocr_line' id='line_1_17' title="bbox 177 810 969 846; baseline -0.004 -5"><span class='ocrx_word' id='word_1_93' title='bbox 177 814 237 841; x_wconf 82' lang='lat' dir='ltr'><strong>fuit.</strong></span> <span class='ocrx_word' id='word_1_94' title='bbox 251 814 278 840; x_wconf 94' lang='lat' dir='ltr'><strong>ln</strong></span> <span class='ocrx_word' id='word_1_95' title='bbox 292 814 325 839; x_wconf 92' lang='lat' dir='ltr'><strong>iis</strong></span> <span class='ocrx_word' id='word_1_96' title='bbox 344 812 418 840; x_wconf 87' lang='lat' dir='ltr'><strong>enim</strong></span> <span class='ocrx_word' id='word_1_97' title='bbox 431 810 701 845; x_wconf 59' lang='lat' dir='ltr'><strong>duntaxatgpartibus</strong></span> <span class='ocrx_word' id='word_1_98' title='bbox 712 814 833 846; x_wconf 77' lang='lat' dir='ltr'><strong>grassata</strong></span> <span class='ocrx_word' id='word_1_99' title='bbox 846 814 889 838; x_wconf 84' lang='lat' dir='ltr'><strong>est</strong></span> <span class='ocrx_word' id='word_1_100' title='bbox 908 819 969 846; x_wconf 65' lang='lat' dir='ltr'><strong>quae</strong></span> 
     </span>
    </p>
   </div>
   <div class='ocr_carea' id='block_1_18' title="bbox 1327 145 1506 172">
    <p class='ocr_par' dir='ltr' id='par_1_18' title="bbox 1327 145 1506 172">
     <span class='ocr_line' id='line_1_18' title="bbox 1327 145 1506 172; baseline -0.011 0"><span class='ocrx_word' id='word_1_101' title='bbox 1327 145 1452 172; x_wconf 71' lang='grc' dir='ltr'><strong>ΚΕΦΑΛ.</strong></span> <span class='ocrx_word' id='word_1_102' title='bbox 1470 145 1506 171; x_wconf 86' lang='grc' dir='ltr'><strong>Γ’.</strong></span> 
     </span>
    </p>
   </div>
   <div class='ocr_carea' id='block_1_19' title="bbox 1021 189 1827 224">
    <p class='ocr_par' dir='ltr' id='par_1_19' title="bbox 1021 189 1827 224">
     <span class='ocr_line' id='line_1_19' title="bbox 1021 189 1827 224; baseline -0.002 -7"><span class='ocrx_word' id='word_1_103' title='bbox 1021 190 1086 224; x_wconf 78' lang='grc' dir='ltr'><strong>Πῶς</strong></span> <span class='ocrx_word' id='word_1_104' title='bbox 1112 191 1341 217; x_wconf 69' lang='grc' dir='ltr'>Κωνσταντίνου</span> <span class='ocrx_word' id='word_1_105' title='bbox 1376 190 1412 216; x_wconf 75' lang='grc' dir='ltr'>τὰ</span> <span class='ocrx_word' id='word_1_106' title='bbox 1439 189 1623 224; x_wconf 75' lang='grc' dir='ltr'><strong>Χριστιανῶν</strong></span> <span class='ocrx_word' id='word_1_107' title='bbox 1650 189 1827 221; x_wconf 68' lang='grc' dir='ltr'>αὔξοντος.</span> 
     </span>
    </p>
   </div>
   <div class='ocr_carea' id='block_1_20' title="bbox 1056 224 1830 286">
    <p class='ocr_par' dir='ltr' id='par_1_20' title="bbox 1056 224 1830 286">
     <span class='ocr_line' id='line_1_20' title="bbox 1056 224 1830 286; baseline -0.003 -34"><span class='ocrx_word' id='word_1_108' title='bbox 1056 226 1206 286; x_wconf 53' lang='grc' dir='ltr'>ᾼέὶιίννιος</span> <span class='ocrx_word' id='word_1_109' title='bbox 1230 227 1246 251; x_wconf 77' lang='grc' dir='ltr'><em>ὁ</em></span> <span class='ocrx_word' id='word_1_110' title='bbox 1267 226 1500 260; x_wconf 62' lang='grc' dir='ltr'>σπιιμϐιισιλεύων</span> <span class='ocrx_word' id='word_1_111' title='bbox 1512 225 1592 257; x_wconf 78' lang='grc' dir='ltr'>αὐτῷ</span> <span class='ocrx_word' id='word_1_112' title='bbox 1611 224 1830 259; x_wconf 77' lang='grc' dir='ltr'>Χριστιανοὺς</span> 
     </span>
     <span class='ocr_line' id='line_1_21' title="bbox 1056 269 1190 286; baseline 0 0"><span class='ocrx_word' id='word_1_113' title='bbox 1056 269 1070 286; x_wconf 66' lang='grc' dir='ltr'>ι·</span> <span class='ocrx_word' id='word_1_114' title='bbox 1103 269 1190 286; x_wconf 63' lang='grc' dir='ltr'>ωηεν.</span> 
     </span>
    </p>
   </div>
   <div class='ocr_carea' id='block_1_21' title="bbox 1055 269 1190 288">
    <p class='ocr_par' dir='ltr' id='par_1_21' title="bbox 1055 269 1190 288">
     <span class='ocr_line' id='line_1_22' title="bbox 1055 269 1190 288; baseline 0.015 -2"><span class='ocrx_word' id='word_1_115' title='bbox 1055 269 1190 288; x_wconf 68' lang='grc' dir='ltr'>εοιωκεν.</span> 
     </span>
    </p>
   </div>
   <div class='ocr_carea' id='block_1_22' title="bbox 1061 305 1830 342">
    <p class='ocr_par' dir='ltr' id='par_1_22' title="bbox 1061 305 1830 342">
     <span class='ocr_line' id='line_1_23' title="bbox 1061 305 1830 342; baseline 0 -10"><span class='ocrx_word' id='word_1_116' title='bbox 1061 307 1141 333; x_wconf 82' lang='grc' dir='ltr'>Ἀλλὰ</span> <span class='ocrx_word' id='word_1_117' title='bbox 1156 307 1358 339; x_wconf 84' lang='grc' dir='ltr'>Κωνσταντίνος</span> <span class='ocrx_word' id='word_1_118' title='bbox 1386 308 1434 342; x_wconf 86' lang='grc' dir='ltr'>μὲν</span> <span class='ocrx_word' id='word_1_119' title='bbox 1456 308 1470 334; x_wconf 78' lang='grc' dir='ltr'><strong><em>ὁ</em></strong></span> <span class='ocrx_word' id='word_1_120' title='bbox 1486 306 1612 342; x_wconf 73' lang='grc' dir='ltr'>βασιλεὺς</span> <span class='ocrx_word' id='word_1_121' title='bbox 1627 306 1661 332; x_wconf 81' lang='grc' dir='ltr'>τὰ</span> <span class='ocrx_word' id='word_1_122' title='bbox 1677 305 1725 332; x_wconf 77' lang='grc' dir='ltr'>τοῦ</span> <span class='ocrx_word' id='word_1_123' title='bbox 1747 306 1830 341; x_wconf 77' lang='grc' dir='ltr'>Χριο</span> 
     </span>
    </p>
   </div>
   <div class='ocr_carea' id='block_1_23' title="bbox 1021 351 1829 388">
    <p class='ocr_par' dir='ltr' id='par_1_23' title="bbox 1021 351 1829 388">
     <span class='ocr_line' id='line_1_24' title="bbox 1021 351 1829 388; baseline 0 -10"><span class='ocrx_word' id='word_1_124' title='bbox 1021 352 1083 378; x_wconf 80' lang='grc' dir='ltr'><strong>στοῦ</strong></span> <span class='ocrx_word' id='word_1_125' title='bbox 1107 353 1223 388; x_wconf 69' lang='grc' dir='ltr'>φρονῶν,</span> <span class='ocrx_word' id='word_1_126' title='bbox 1245 353 1333 380; x_wconf 82' lang='grc' dir='ltr'>πάντα</span> <span class='ocrx_word' id='word_1_127' title='bbox 1357 353 1395 385; x_wconf 84' lang='grc' dir='ltr'><strong>ὡς</strong></span> <span class='ocrx_word' id='word_1_128' title='bbox 1416 352 1578 388; x_wconf 68' lang='grc' dir='ltr'>Χριστιανὸς</span> <span class='ocrx_word' id='word_1_129' title='bbox 1599 351 1750 388; x_wconf 78' lang='grc' dir='ltr'>ἔπραττεν,</span> <span class='ocrx_word' id='word_1_130' title='bbox 1773 352 1829 378; x_wconf 84' lang='grc' dir='ltr'><strong>ἀν-</strong></span> 
     </span>
    </p>
   </div>
   <div class='ocr_carea' id='block_1_24' title="bbox 1020 396 1829 433">
    <p class='ocr_par' dir='ltr' id='par_1_24' title="bbox 1020 396 1829 433">
     <span class='ocr_line' id='line_1_25' title="bbox 1020 396 1829 433; baseline 0 -11"><span class='ocrx_word' id='word_1_131' title='bbox 1020 397 1134 433; x_wconf 84' lang='grc' dir='ltr'>εγείρων</span> <span class='ocrx_word' id='word_1_132' title='bbox 1155 398 1205 430; x_wconf 83' lang='grc' dir='ltr'><strong>τὰς</strong></span> <span class='ocrx_word' id='word_1_133' title='bbox 1223 398 1381 432; x_wconf 77' lang='grc' dir='ltr'>ἐκκλησίας,</span> <span class='ocrx_word' id='word_1_134' title='bbox 1402 399 1449 425; x_wconf 73' lang='grc' dir='ltr'>καὶ</span> <span class='ocrx_word' id='word_1_135' title='bbox 1463 398 1619 425; x_wconf 75' lang='grc' dir='ltr'><strong>πολυτελέσι</strong></span> <span class='ocrx_word' id='word_1_136' title='bbox 1643 396 1734 432; x_wconf 84' lang='grc' dir='ltr'>τιμῶν</span> <span class='ocrx_word' id='word_1_137' title='bbox 1749 397 1829 423; x_wconf 80' lang='grc' dir='ltr'>ἀνα-</span> 
     </span>
    </p>
   </div>
   <div class='ocr_carea' id='block_1_25' title="bbox 1021 440 1828 479">
    <p class='ocr_par' dir='ltr' id='par_1_25' title="bbox 1021 440 1828 479">
     <span class='ocr_line' id='line_1_26' title="bbox 1021 440 1828 479; baseline -0.001 -10"><span class='ocrx_word' id='word_1_138' title='bbox 1021 443 1139 478; x_wconf 80' lang='grc' dir='ltr'>θήμασιν</span> <span class='ocrx_word' id='word_1_139' title='bbox 1151 452 1157 459; x_wconf 81' lang='grc'><em>’</em></span> <span class='ocrx_word' id='word_1_140' title='bbox 1171 444 1211 470; x_wconf 78' lang='grc' dir='ltr'><strong>ἔτι</strong></span> <span class='ocrx_word' id='word_1_141' title='bbox 1225 444 1253 470; x_wconf 77' lang='grc' dir='ltr'><strong>δὲ</strong></span> <span class='ocrx_word' id='word_1_142' title='bbox 1267 445 1388 476; x_wconf 74' lang='grc' dir='ltr'>καὶτοὺς</span> <span class='ocrx_word' id='word_1_143' title='bbox 1409 444 1541 479; x_wconf 72' lang='grc' dir='ltr'>Ἑλλήνων</span> <span class='ocrx_word' id='word_1_144' title='bbox 1555 444 1635 475; x_wconf 79' lang='grc' dir='ltr'>ναοὺς</span> <span class='ocrx_word' id='word_1_145' title='bbox 1653 443 1757 469; x_wconf 79' lang='grc' dir='ltr'>κλείων</span> <span class='ocrx_word' id='word_1_146' title='bbox 1773 440 1828 468; x_wconf 72' lang='grc' dir='ltr'>καὶ</span> 
     </span>
    </p>
   </div>
   <div class='ocr_carea' id='block_1_26' title="bbox 1020 487 1826 524">
    <p class='ocr_par' dir='ltr' id='par_1_26' title="bbox 1020 487 1826 524">
     <span class='ocr_line' id='line_1_27' title="bbox 1020 487 1826 524; baseline -0.002 -10"><span class='ocrx_word' id='word_1_147' title='bbox 1020 488 1170 524; x_wconf 75' lang='grc' dir='ltr'>καθαιρῶν,</span> <span class='ocrx_word' id='word_1_148' title='bbox 1191 489 1238 515; x_wconf 69' lang='grc' dir='ltr'><strong>καὶ</strong></span> <span class='ocrx_word' id='word_1_149' title='bbox 1253 489 1421 524; x_wconf 81' lang='grc' dir='ltr'><strong>δημοσιεύων</strong></span> <span class='ocrx_word' id='word_1_150' title='bbox 1437 490 1471 516; x_wconf 78' lang='grc' dir='ltr'>τὰ</span> <span class='ocrx_word' id='word_1_151' title='bbox 1487 490 1515 516; x_wconf 81' lang='grc' dir='ltr'><strong>ἐν</strong></span> <span class='ocrx_word' id='word_1_152' title='bbox 1538 489 1629 520; x_wconf 77' lang='grc' dir='ltr'>αὐτοῖς</span> <span class='ocrx_word' id='word_1_153' title='bbox 1651 487 1826 522; x_wconf 74' lang='grc' dir='ltr'>ἀγάλματα.</span> 
     </span>
    </p>
   </div>
   <div class='ocr_carea' id='block_1_27' title="bbox 1020 532 1829 570">
    <p class='ocr_par' dir='ltr' id='par_1_27' title="bbox 1020 532 1829 570">
     <span class='ocr_line' id='line_1_28' title="bbox 1020 532 1829 570; baseline -0.002 -10"><span class='ocrx_word' id='word_1_154' title='bbox 1020 534 1156 566; x_wconf 77' lang='grc' dir='ltr'>Λικίννιος</span> <span class='ocrx_word' id='word_1_155' title='bbox 1177 534 1205 561; x_wconf 84' lang='grc' dir='ltr'><strong>δέ</strong></span> <span class='ocrx_word' id='word_1_156' title='bbox 1227 535 1242 560; x_wconf 85' lang='grc' dir='ltr'>ὁ</span> <span class='ocrx_word' id='word_1_157' title='bbox 1263 535 1470 570; x_wconf 81' lang='grc' dir='ltr'>συμϐασιλεύων</span> <span class='ocrx_word' id='word_1_158' title='bbox 1493 535 1577 570; x_wconf 74' lang='grc' dir='ltr'>αὐτῷ,</span> <span class='ocrx_word' id='word_1_159' title='bbox 1601 535 1649 566; x_wconf 82' lang='grc' dir='ltr'><strong>τὰς</strong></span> <span class='ocrx_word' id='word_1_160' title='bbox 1668 532 1829 568; x_wconf 82' lang='grc' dir='ltr'>ἐλληνικΞις</span> 
     </span>
    </p>
   </div>
   <div class='ocr_carea' id='block_1_28' title="bbox 1021 578 1828 616">
    <p class='ocr_par' dir='ltr' id='par_1_28' title="bbox 1021 578 1828 616">
     <span class='ocr_line' id='line_1_29' title="bbox 1021 578 1828 616; baseline -0.002 -11"><span class='ocrx_word' id='word_1_161' title='bbox 1021 579 1090 614; x_wconf 76' lang='grc' dir='ltr'>ἔχων</span> <span class='ocrx_word' id='word_1_162' title='bbox 1111 579 1198 612; x_wconf 82' lang='grc' dir='ltr'>δόξας,</span> <span class='ocrx_word' id='word_1_163' title='bbox 1224 580 1316 615; x_wconf 78' lang='grc' dir='ltr'><strong>ἐμίσει</strong></span> <span class='ocrx_word' id='word_1_164' title='bbox 1337 581 1526 616; x_wconf 77' lang='grc' dir='ltr'>Χριστιανούς.</span> <span class='ocrx_word' id='word_1_165' title='bbox 1543 581 1597 607; x_wconf 77' lang='grc' dir='ltr'><strong>Καὶ</strong></span> <span class='ocrx_word' id='word_1_166' title='bbox 1618 578 1742 614; x_wconf 79' lang='grc' dir='ltr'>διωγμὸν</span> <span class='ocrx_word' id='word_1_167' title='bbox 1769 579 1828 613; x_wconf 78' lang='grc' dir='ltr'><strong>μὲν</strong></span> 
     </span>
    </p>
   </div>
   <div class='ocr_carea' id='block_1_29' title="bbox 1022 625 1828 662">
    <p class='ocr_par' dir='ltr' id='par_1_29' title="bbox 1022 625 1828 662">
     <span class='ocr_line' id='line_1_30' title="bbox 1022 625 1828 662; baseline -0.004 -10"><span class='ocrx_word' id='word_1_168' title='bbox 1022 627 1158 662; x_wconf 74' lang='grc' dir='ltr'>προφανῆ,</span> <span class='ocrx_word' id='word_1_169' title='bbox 1174 627 1249 661; x_wconf 75' lang='grc' dir='ltr'><strong>φόϐῳ</strong></span> <span class='ocrx_word' id='word_1_170' title='bbox 1267 627 1314 653; x_wconf 80' lang='grc' dir='ltr'>τοῦ</span> <span class='ocrx_word' id='word_1_171' title='bbox 1333 627 1466 662; x_wconf 83' lang='grc' dir='ltr'>βασιλέως</span> <span class='ocrx_word' id='word_1_172' title='bbox 1486 626 1703 657; x_wconf 82' lang='grc' dir='ltr'>Κωνσταντίνου,</span> <span class='ocrx_word' id='word_1_173' title='bbox 1728 625 1828 650; x_wconf 80' lang='grc' dir='ltr'>κινεῖν</span> 
     </span>
    </p>
   </div>
   <div class='ocr_carea' id='block_1_30' title="bbox 1023 672 1826 709">
    <p class='ocr_par' dir='ltr' id='par_1_30' title="bbox 1023 672 1826 709">
     <span class='ocr_line' id='line_1_31' title="bbox 1023 672 1826 709; baseline -0.004 -10"><span class='ocrx_word' id='word_1_174' title='bbox 1023 673 1212 701; x_wconf 79' lang='grc' dir='ltr'>ὑπεστέλλετο.</span> <span class='ocrx_word' id='word_1_175' title='bbox 1238 673 1396 709; x_wconf 80' lang='grc' dir='ltr'>Λεληοότως</span> <span class='ocrx_word' id='word_1_176' title='bbox 1427 673 1454 700; x_wconf 81' lang='grc' dir='ltr'><strong>δέ</strong></span> <span class='ocrx_word' id='word_1_177' title='bbox 1480 673 1593 704; x_wconf 79' lang='grc' dir='ltr'>πολλοὺς</span> <span class='ocrx_word' id='word_1_178' title='bbox 1621 672 1826 706; x_wconf 79' lang='grc' dir='ltr'>ἐσκευωρεῖτο.</span> 
     </span>
    </p>
   </div>
   <div class='ocr_carea' id='block_1_31' title="bbox 1021 718 1825 755">
    <p class='ocr_par' dir='ltr' id='par_1_31' title="bbox 1021 718 1825 755">
     <span class='ocr_line' id='line_1_32' title="bbox 1021 718 1825 755; baseline -0.005 -9"><span class='ocrx_word' id='word_1_179' title='bbox 1021 719 1128 755; x_wconf 78' lang='grc' dir='ltr'><strong>Προϊὼν</strong></span> <span class='ocrx_word' id='word_1_180' title='bbox 1140 719 1178 753; x_wconf 78' lang='grc' dir='ltr'><strong>δὲ,</strong></span> <span class='ocrx_word' id='word_1_181' title='bbox 1192 720 1239 746; x_wconf 76' lang='grc' dir='ltr'>καὶ</span> <span class='ocrx_word' id='word_1_182' title='bbox 1259 720 1383 755; x_wconf 79' lang='grc' dir='ltr'><strong>φανερῶς</strong></span> <span class='ocrx_word' id='word_1_183' title='bbox 1399 720 1498 751; x_wconf 78' lang='grc' dir='ltr'>αὐτοὺς</span> <span class='ocrx_word' id='word_1_184' title='bbox 1521 719 1649 754; x_wconf 83' lang='grc' dir='ltr'><strong>βλάπτειν</strong></span> <span class='ocrx_word' id='word_1_185' title='bbox 1664 718 1825 752; x_wconf 81' lang='grc' dir='ltr'>ἐπεχείρει.</span> 
     </span>
    </p>
   </div>
   <div class='ocr_carea' id='block_1_32' title="bbox 1022 761 1826 801">
    <p class='ocr_par' dir='ltr' id='par_1_32' title="bbox 1022 761 1826 801">
     <span class='ocr_line' id='line_1_33' title="bbox 1022 761 1826 801; baseline -0.002 -9"><span class='ocrx_word' id='word_1_186' title='bbox 1022 764 1076 792; x_wconf 73' lang='grc' dir='ltr'>Καὶ</span> <span class='ocrx_word' id='word_1_187' title='bbox 1098 766 1152 801; x_wconf 88' lang='grc' dir='ltr'><strong>γὰρ</strong></span> <span class='ocrx_word' id='word_1_188' title='bbox 1176 763 1252 798; x_wconf 66' lang='grc' dir='ltr'>οὗτος</span> <span class='ocrx_word' id='word_1_189' title='bbox 1279 767 1292 793; x_wconf 77' lang='grc' dir='ltr'>ὁ</span> <span class='ocrx_word' id='word_1_190' title='bbox 1308 767 1428 801; x_wconf 78' lang='grc' dir='ltr'><strong>διωγμὸς</strong></span> <span class='ocrx_word' id='word_1_191' title='bbox 1453 766 1573 798; x_wconf 74' lang='grc' dir='ltr'>τοπικός.</span> <span class='ocrx_word' id='word_1_192' title='bbox 1593 764 1678 791; x_wconf 82' lang='grc' dir='ltr'>Ἔνθα</span> <span class='ocrx_word' id='word_1_193' title='bbox 1705 765 1763 799; x_wconf 74' lang='grc' dir='ltr'>γὰρ</span> <span class='ocrx_word' id='word_1_194' title='bbox 1786 761 1826 798; x_wconf 78' lang='grc' dir='ltr'>ἦν</span> 
     </span>
    </p>
   </div>
   <div class='ocr_carea' id='block_1_33' title="bbox 1022 809 1825 847">
    <p class='ocr_par' dir='ltr' id='par_1_33' title="bbox 1022 809 1825 847">
     <span class='ocr_line' id='line_1_34' title="bbox 1022 809 1825 847; baseline -0.004 -10"><span class='ocrx_word' id='word_1_195' title='bbox 1022 811 1168 844; x_wconf 82' lang='grc' dir='ltr'><strong>Λικίννιος,</strong></span> <span class='ocrx_word' id='word_1_196' title='bbox 1186 812 1245 838; x_wconf 79' lang='grc' dir='ltr'>ἐκεῖ</span> <span class='ocrx_word' id='word_1_197' title='bbox 1259 812 1338 847; x_wconf 84' lang='grc' dir='ltr'>μόνον</span> <span class='ocrx_word' id='word_1_198' title='bbox 1353 812 1468 846; x_wconf 80' lang='grc' dir='ltr'>ἐγένετο.</span> <span class='ocrx_word' id='word_1_199' title='bbox 1489 811 1565 838; x_wconf 69' lang='grc' dir='ltr'>Ἐπεὶ</span> <span class='ocrx_word' id='word_1_200' title='bbox 1581 811 1609 838; x_wconf 88' lang='grc' dir='ltr'><strong>δέ</strong></span> <span class='ocrx_word' id='word_1_201' title='bbox 1625 810 1713 837; x_wconf 73' lang='grc' dir='ltr'>ταῦτά</span> <span class='ocrx_word' id='word_1_202' title='bbox 1726 815 1757 836; x_wconf 77' lang='grc' dir='ltr'><strong>τε</strong></span> <span class='ocrx_word' id='word_1_203' title='bbox 1772 809 1825 836; x_wconf 72' lang='grc' dir='ltr'>καὶ</span> 
     </span>
    </p>
   </div>
   <div class='ocr_carea' id='block_1_34' title="bbox 177 856 972 893">
    <p class='ocr_par' dir='ltr' id='par_1_34' title="bbox 177 856 969 893">
     <span class='ocr_line' id='line_1_35' title="bbox 177 856 969 893; baseline -0.003 -6"><span class='ocrx_word' id='word_1_204' title='bbox 177 861 228 888; x_wconf 86' lang='lat' dir='ltr'><strong>sub</strong></span> <span class='ocrx_word' id='word_1_205' title='bbox 256 860 361 886; x_wconf 88' lang='lat' dir='ltr'><strong>dilione</strong></span> <span class='ocrx_word' id='word_1_206' title='bbox 384 861 464 886; x_wconf 83' lang='lat' dir='ltr'><strong>erant</strong></span> <span class='ocrx_word' id='word_1_207' title='bbox 488 857 598 885; x_wconf 84' lang='lat' dir='ltr'><strong>Licinii.</strong></span> <span class='ocrx_word' id='word_1_208' title='bbox 623 856 685 884; x_wconf 70' lang='lat' dir='ltr'><strong>Hmc</strong></span> <span class='ocrx_word' id='word_1_209' title='bbox 704 860 733 884; x_wconf 86' lang='lat' dir='ltr'><strong>et</strong></span> <span class='ocrx_word' id='word_1_210' title='bbox 753 857 888 893; x_wconf 85' lang='lat' dir='ltr'><strong>ejusmodi</strong></span> <span class='ocrx_word' id='word_1_211' title='bbox 915 857 969 885; x_wconf 86' lang='lat' dir='ltr'><strong>alia</strong></span> 
     </span>
    </p>
   </div>
   <div class='ocr_carea' id='block_1_35' title="bbox 1038 856 1825 893">
    <p class='ocr_par' dir='ltr' id='par_1_35' title="bbox 1038 857 1825 893">
     <span class='ocr_line' id='line_1_36' title="bbox 1038 857 1825 893; baseline -0.001 -10"><span class='ocrx_word' id='word_1_212' title='bbox 1038 857 1090 884; x_wconf 60' lang='lat' dir='ltr'><strong>Ma</strong></span> <span class='ocrx_word' id='word_1_213' title='bbox 1122 858 1291 893; x_wconf 72' lang='grc' dir='ltr'><strong>τυραννικῶς</strong></span> <span class='ocrx_word' id='word_1_214' title='bbox 1325 859 1418 890; x_wconf 84' lang='grc' dir='ltr'>ποιῶν,</span> <span class='ocrx_word' id='word_1_215' title='bbox 1451 858 1576 893; x_wconf 76' lang='grc' dir='ltr'><strong>οὐδαμῶς</strong></span> <span class='ocrx_word' id='word_1_216' title='bbox 1609 857 1825 884; x_wconf 83' lang='grc' dir='ltr'>Κωνσταντῖνον</span> 
     </span>
    </p>
   </div>
   <div class='ocr_carea' id='block_1_36' title="bbox 178 903 970 942">
    <p class='ocr_par' dir='ltr' id='par_1_36' title="bbox 178 903 970 942">
     <span class='ocr_line' id='line_1_37' title="bbox 178 903 970 942; baseline -0.003 -9"><span class='ocrx_word' id='word_1_217' title='bbox 178 907 320 942; x_wconf 82' lang='lat' dir='ltr'><strong>tyranniee</strong></span> <span class='ocrx_word' id='word_1_218' title='bbox 332 913 431 940; x_wconf 81' lang='lat' dir='ltr'><strong>gerens</strong></span> <span class='ocrx_word' id='word_1_219' title='bbox 447 904 582 935; x_wconf 88' lang='lat' dir='ltr'><strong>Licinius,</strong></span> <span class='ocrx_word' id='word_1_220' title='bbox 595 903 806 931; x_wconf 85' lang='lat' dir='ltr'><strong>Constantinum</strong></span> <span class='ocrx_word' id='word_1_221' title='bbox 825 903 970 939; x_wconf 88' lang='lat' dir='ltr'><strong>haudqua-</strong></span> 
     </span>
    </p>
   </div>
   <div class='ocr_carea' id='block_1_37' title="bbox 177 948 969 987">
    <p class='ocr_par' dir='ltr' id='par_1_37' title="bbox 177 948 969 987">
     <span class='ocr_line' id='line_1_38' title="bbox 177 948 969 987; baseline -0.004 -9"><span class='ocrx_word' id='word_1_222' title='bbox 177 960 258 987; x_wconf 77' lang='lat' dir='ltr'><strong>quam</strong></span> <span class='ocrx_word' id='word_1_223' title='bbox 274 951 362 978; x_wconf 79' lang='lat' dir='ltr'><strong>latuit.</strong></span> <span class='ocrx_word' id='word_1_224' title='bbox 375 950 461 983; x_wconf 86' lang='lat' dir='ltr'><strong>Quem</strong></span> <span class='ocrx_word' id='word_1_225' title='bbox 478 957 540 976; x_wconf 94' lang='lat' dir='ltr'><strong>eum</strong></span> <span class='ocrx_word' id='word_1_226' title='bbox 554 949 657 976; x_wconf 87' lang='lat' dir='ltr'><strong>idcirco</strong></span> <span class='ocrx_word' id='word_1_227' title='bbox 670 948 830 983; x_wconf 79' lang='lat' dir='ltr'><strong>gravissime</strong></span> <span class='ocrx_word' id='word_1_228' title='bbox 846 956 969 976; x_wconf 89' lang='lat' dir='ltr'><strong>commo-</strong></span> 
     </span>
    </p>
   </div>
   <div class='ocr_carea' id='block_1_38' title="bbox 178 994 969 1031">
    <p class='ocr_par' dir='ltr' id='par_1_38' title="bbox 178 994 969 1031">
     <span class='ocr_line' id='line_1_39' title="bbox 178 994 969 1031; baseline -0.003 -7"><span class='ocrx_word' id='word_1_229' title='bbox 178 1003 235 1024; x_wconf 89' lang='lat' dir='ltr'><strong>tum</strong></span> <span class='ocrx_word' id='word_1_230' title='bbox 253 1005 312 1024; x_wconf 81' lang='lat' dir='ltr'><strong>esse</strong></span> <span class='ocrx_word' id='word_1_231' title='bbox 327 997 500 1031; x_wconf 81' lang='lat' dir='ltr'><strong>intelligeret,</strong></span> <span class='ocrx_word' id='word_1_232' title='bbox 513 1003 629 1030; x_wconf 77' lang='lat' dir='ltr'><strong>purgare</strong></span> <span class='ocrx_word' id='word_1_233' title='bbox 649 1003 678 1022; x_wconf 88' lang='lat' dir='ltr'><strong>se</strong></span> <span class='ocrx_word' id='word_1_234' title='bbox 695 994 767 1030; x_wconf 87' lang='lat' dir='ltr'><strong>apud</strong></span> <span class='ocrx_word' id='word_1_235' title='bbox 787 995 863 1022; x_wconf 89' lang='lat' dir='ltr'><strong>illum</strong></span> <span class='ocrx_word' id='word_1_236' title='bbox 887 995 969 1023; x_wconf 85' lang='lat' dir='ltr'><strong>insti—</strong></span> 
     </span>
    </p>
   </div>
   <div class='ocr_carea' id='block_1_39' title="bbox 177 1040 973 1073">
    <p class='ocr_par' dir='ltr' id='par_1_39' title="bbox 177 1040 973 1073">
     <span class='ocr_line' id='line_1_40' title="bbox 177 1040 973 1073; baseline -0.003 -3"><span class='ocrx_word' id='word_1_237' title='bbox 177 1043 239 1070; x_wconf 86' lang='lat' dir='ltr'><strong>tuit.</strong></span> <span class='ocrx_word' id='word_1_238' title='bbox 259 1043 293 1070; x_wconf 86' lang='grc' dir='ltr'>Ει</span> <span class='ocrx_word' id='word_1_239' title='bbox 304 1042 413 1069; x_wconf 88' lang='lat' dir='ltr'><strong>blandis</strong></span> <span class='ocrx_word' id='word_1_240' title='bbox 431 1040 666 1069; x_wconf 86' lang='lat' dir='ltr'><strong>assentationibus</strong></span> <span class='ocrx_word' id='word_1_241' title='bbox 683 1048 746 1067; x_wconf 85' lang='lat' dir='ltr'><strong>eum</strong></span> <span class='ocrx_word' id='word_1_242' title='bbox 764 1041 915 1073; x_wconf 84' lang='lat' dir='ltr'><strong>deliniens,</strong></span> <span class='ocrx_word' id='word_1_243' title='bbox 933 1041 973 1068; x_wconf 85' lang='lat' dir='ltr'><strong>si-</strong></span> 
     </span>
    </p>
   </div>
   <div class='ocr_carea' id='block_1_40' title="bbox 178 1086 972 1122">
    <p class='ocr_par' dir='ltr' id='par_1_40' title="bbox 178 1086 972 1122">
     <span class='ocr_line' id='line_1_41' title="bbox 178 1086 972 1122; baseline -0.003 -6"><span class='ocrx_word' id='word_1_244' title='bbox 178 1090 288 1116; x_wconf 71' lang='lat' dir='ltr'><strong>mulata:</strong></span> <span class='ocrx_word' id='word_1_245' title='bbox 305 1088 433 1116; x_wconf 66' lang='lat' dir='ltr'><strong>amicitiae</strong></span> <span class='ocrx_word' id='word_1_246' title='bbox 447 1096 510 1115; x_wconf 82' lang='lat' dir='ltr'><strong>cum</strong></span> <span class='ocrx_word' id='word_1_247' title='bbox 528 1094 561 1114; x_wconf 91' lang='lat' dir='ltr'><strong>eo</strong></span> <span class='ocrx_word' id='word_1_248' title='bbox 579 1086 668 1114; x_wconf 77' lang='lat' dir='ltr'><strong>fo3dus</strong></span> <span class='ocrx_word' id='word_1_249' title='bbox 688 1086 801 1122; x_wconf 82' lang='lat' dir='ltr'><strong>pepigit,</strong></span> <span class='ocrx_word' id='word_1_250' title='bbox 822 1087 972 1114; x_wconf 85' lang='lat' dir='ltr'><strong>identidem</strong></span> 
     </span>
    </p>
   </div>
   <div class='ocr_carea' id='block_1_41' title="bbox 176 1128 973 1172">
    <p class='ocr_par' dir='ltr' id='par_1_41' title="bbox 176 1128 973 1172">
     <span class='ocr_line' id='line_1_42' title="bbox 176 1128 973 1172; baseline -0.004 -8"><span class='ocrx_word' id='word_1_251' title='bbox 176 1137 272 1172; x_wconf 88' lang='lat' dir='ltr'><strong>jurans</strong></span> <span class='ocrx_word' id='word_1_252' title='bbox 295 1143 323 1163; x_wconf 89' lang='lat' dir='ltr'><strong>se</strong></span> <span class='ocrx_word' id='word_1_253' title='bbox 341 1135 410 1162; x_wconf 85' lang='lat' dir='ltr'><strong>nihil</strong></span> <span class='ocrx_word' id='word_1_254' title='bbox 425 1141 546 1168; x_wconf 90' lang='lat' dir='ltr'><strong>unquam</strong></span> <span class='ocrx_word' id='word_1_255' title='bbox 565 1128 717 1169; x_wconf 32' lang='lat' dir='ltr'><strong>tyrannice&#39;</strong></span> <span class='ocrx_word' id='word_1_256' title='bbox 730 1133 901 1160; x_wconf 86' lang='lat' dir='ltr'><strong>moliturum.</strong></span> <span class='ocrx_word' id='word_1_257' title='bbox 920 1133 973 1161; x_wconf 81' lang='lat' dir='ltr'><strong>Sed</strong></span> 
     </span>
    </p>
   </div>
   <div class='ocr_carea' id='block_1_42' title="bbox 177 1180 973 1219">
    <p class='ocr_par' dir='ltr' id='par_1_42' title="bbox 177 1180 973 1219">
     <span class='ocr_line' id='line_1_43' title="bbox 177 1180 973 1219; baseline -0.006 -8"><span class='ocrx_word' id='word_1_258' title='bbox 177 1183 342 1219; x_wconf 87' lang='lat' dir='ltr'><strong>juramcnlis</strong></span> <span class='ocrx_word' id='word_1_259' title='bbox 362 1182 539 1217; x_wconf 85' lang='lat' dir='ltr'><strong>conjunetum</strong></span> <span class='ocrx_word' id='word_1_260' title='bbox 562 1185 623 1207; x_wconf 87' lang='lat' dir='ltr'><strong>erat</strong></span> <span class='ocrx_word' id='word_1_261' title='bbox 642 1180 806 1215; x_wconf 83' lang='lat' dir='ltr'><strong>perjurium.</strong></span> <span class='ocrx_word' id='word_1_262' title='bbox 827 1180 973 1215; x_wconf 84' lang='lat' dir='ltr'><strong>Nunquam</strong></span> 
     </span>
    </p>
   </div>
   <div class='ocr_carea' id='block_1_43' title="bbox 178 1226 974 1263">
    <p class='ocr_par' dir='ltr' id='par_1_43' title="bbox 178 1226 974 1263">
     <span class='ocr_line' id='line_1_44' title="bbox 178 1226 974 1263; baseline -0.004 -6"><span class='ocrx_word' id='word_1_263' title='bbox 178 1230 253 1257; x_wconf 87' lang='lat' dir='ltr'><strong>enim</strong></span> <span class='ocrx_word' id='word_1_264' title='bbox 274 1237 324 1256; x_wconf 91' lang='lat' dir='ltr'><strong>nec</strong></span> <span class='ocrx_word' id='word_1_265' title='bbox 340 1236 355 1255; x_wconf 89' lang='lat' dir='ltr'><strong>a</strong></span> <span class='ocrx_word' id='word_1_266' title='bbox 371 1227 521 1263; x_wconf 86' lang='lat' dir='ltr'><strong>tyrannicis</strong></span> <span class='ocrx_word' id='word_1_267' title='bbox 540 1226 674 1253; x_wconf 89' lang='lat' dir='ltr'><strong>adversus</strong></span> <span class='ocrx_word' id='word_1_268' title='bbox 690 1226 902 1254; x_wconf 90' lang='lat' dir='ltr'><strong>Constantinum</strong></span> <span class='ocrx_word' id='word_1_269' title='bbox 914 1234 974 1254; x_wconf 85' lang='lat' dir='ltr'><strong>ma-</strong></span> 
     </span>
    </p>
   </div>
   <div class='ocr_carea' id='block_1_44' title="bbox 179 1272 973 1307">
    <p class='ocr_par' dir='ltr' id='par_1_44' title="bbox 179 1272 973 1307">
     <span class='ocr_line' id='line_1_45' title="bbox 179 1272 973 1307; baseline -0.005 -4"><span class='ocrx_word' id='word_1_270' title='bbox 179 1275 400 1306; x_wconf 87' lang='lat' dir='ltr'><strong>chinationibus,</strong></span> <span class='ocrx_word' id='word_1_271' title='bbox 422 1281 474 1300; x_wconf 91' lang='lat' dir='ltr'><strong>nec</strong></span> <span class='ocrx_word' id='word_1_272' title='bbox 494 1281 509 1299; x_wconf 89' lang='lat' dir='ltr'><strong>a</strong></span> <span class='ocrx_word' id='word_1_273' title='bbox 534 1272 727 1307; x_wconf 85' lang='lat' dir='ltr'><strong>persecutione</strong></span> <span class='ocrx_word' id='word_1_274' title='bbox 752 1272 973 1300; x_wconf 82' lang='lat' dir='ltr'><strong>Christianorum</strong></span> 
     </span>
    </p>
   </div>
   <div class='ocr_carea' id='block_1_45' title="bbox 179 1317 973 1354">
    <p class='ocr_par' dir='ltr' id='par_1_45' title="bbox 179 1317 973 1354">
     <span class='ocr_line' id='line_1_46' title="bbox 179 1317 973 1354; baseline -0.005 -6"><span class='ocrx_word' id='word_1_275' title='bbox 179 1321 321 1348; x_wconf 72' lang='lat' dir='ltr'><strong>abstinuit.</strong></span> <span class='ocrx_word' id='word_1_276' title='bbox 334 1319 439 1354; x_wconf 85' lang='lat' dir='ltr'><strong>Quippe</strong></span> <span class='ocrx_word' id='word_1_277' title='bbox 455 1319 513 1353; x_wconf 79' lang='lat' dir='ltr'><strong>lege</strong></span> <span class='ocrx_word' id='word_1_278' title='bbox 530 1318 586 1344; x_wconf 87' lang='lat' dir='ltr'><strong>lata</strong></span> <span class='ocrx_word' id='word_1_279' title='bbox 597 1338 603 1349; x_wconf 91' lang='lat'><strong>,</strong></span> <span class='ocrx_word' id='word_1_280' title='bbox 624 1317 769 1353; x_wconf 85' lang='lat' dir='ltr'><strong>episcopos</strong></span> <span class='ocrx_word' id='word_1_281' title='bbox 785 1317 819 1344; x_wconf 91' lang='lat' dir='ltr'><strong>ad</strong></span> <span class='ocrx_word' id='word_1_282' title='bbox 832 1318 973 1353; x_wconf 79' lang='lat' dir='ltr'><strong>gentilium</strong></span> 
     </span>
    </p>
   </div>
   <div class='ocr_carea' id='block_1_46' title="bbox 179 1362 974 1396">
    <p class='ocr_par' dir='ltr' id='par_1_46' title="bbox 179 1362 974 1396">
     <span class='ocr_line' id='line_1_47' title="bbox 179 1362 974 1396; baseline -0.003 -4"><span class='ocrx_word' id='word_1_283' title='bbox 179 1366 251 1392; x_wconf 74' lang='lat' dir='ltr'><strong>aedes</strong></span> <span class='ocrx_word' id='word_1_284' title='bbox 266 1365 353 1392; x_wconf 78' lang='lat' dir='ltr'><strong>vetuit</strong></span> <span class='ocrx_word' id='word_1_285' title='bbox 366 1363 508 1396; x_wconf 84' lang='lat' dir='ltr'><strong>accedere,</strong></span> <span class='ocrx_word' id='word_1_286' title='bbox 523 1371 558 1390; x_wconf 86' lang='lat' dir='ltr'><strong>ne</strong></span> <span class='ocrx_word' id='word_1_287' title='bbox 572 1362 679 1390; x_wconf 89' lang='lat' dir='ltr'><strong>scilicet</strong></span> <span class='ocrx_word' id='word_1_288' title='bbox 694 1362 916 1390; x_wconf 88' lang='lat' dir='ltr'><strong>Christianorum</strong></span> <span class='ocrx_word' id='word_1_289' title='bbox 929 1371 974 1390; x_wconf 83' lang='lat' dir='ltr'><strong>re-</strong></span> 
     </span>
    </p>
   </div>
   <div class='ocr_carea' id='block_1_47' title="bbox 178 1407 976 1446">
    <p class='ocr_par' dir='ltr' id='par_1_47' title="bbox 178 1407 976 1446">
     <span class='ocr_line' id='line_1_48' title="bbox 178 1407 976 1446; baseline -0.003 -8"><span class='ocrx_word' id='word_1_290' title='bbox 178 1411 246 1446; x_wconf 76' lang='lat' dir='ltr'><strong>ligio</strong></span> <span class='ocrx_word' id='word_1_291' title='bbox 257 1409 416 1446; x_wconf 73' lang='lat' dir='ltr'><strong>huiusmodi</strong></span> <span class='ocrx_word' id='word_1_292' title='bbox 432 1410 547 1436; x_wconf 86' lang='lat' dir='ltr'><strong>obtentu</strong></span> <span class='ocrx_word' id='word_1_293' title='bbox 557 1412 767 1445; x_wconf 76' lang='lat' dir='ltr'><strong>propagaretur.</strong></span> <span class='ocrx_word' id='word_1_294' title='bbox 786 1407 905 1443; x_wconf 86' lang='lat' dir='ltr'><strong>Eratque</strong></span> <span class='ocrx_word' id='word_1_295' title='bbox 918 1408 976 1436; x_wconf 72' lang='lat' dir='ltr'><strong>bzec</strong></span> 
     </span>
    </p>
   </div>
   <div class='ocr_carea' id='block_1_48' title="bbox 1023 902 1824 938">
    <p class='ocr_par' dir='ltr' id='par_1_48' title="bbox 1023 902 1824 938">
     <span class='ocr_line' id='line_1_49' title="bbox 1023 902 1824 938; baseline -0.002 -9"><span class='ocrx_word' id='word_1_296' title='bbox 1023 903 1178 930; x_wconf 82' lang='grc' dir='ltr'>ἐλάνθανεν.</span> <span class='ocrx_word' id='word_1_297' title='bbox 1196 904 1286 938; x_wconf 85' lang='grc' dir='ltr'>Ἔγνω</span> <span class='ocrx_word' id='word_1_298' title='bbox 1300 913 1328 930; x_wconf 88' lang='grc' dir='ltr'><strong>τε</strong></span> <span class='ocrx_word' id='word_1_299' title='bbox 1345 904 1392 930; x_wconf 77' lang='grc' dir='ltr'>ἐπὶ</span> <span class='ocrx_word' id='word_1_300' title='bbox 1405 903 1511 935; x_wconf 80' lang='grc' dir='ltr'><strong>τούτοις</strong></span> <span class='ocrx_word' id='word_1_301' title='bbox 1522 903 1732 938; x_wconf 72' lang='grc' dir='ltr'><strong>χαλεπαίνοντα,</strong></span> <span class='ocrx_word' id='word_1_302' title='bbox 1749 902 1824 937; x_wconf 62' lang='grc' dir='ltr'>πρὸς</span> 
     </span>
    </p>
   </div>
   <div class='ocr_carea' id='block_1_49' title="bbox 1024 948 1824 985">
    <p class='ocr_par' dir='ltr' id='par_1_49' title="bbox 1024 948 1824 985">
     <span class='ocr_line' id='line_1_50' title="bbox 1024 948 1824 985; baseline -0.003 -9"><span class='ocrx_word' id='word_1_303' title='bbox 1024 949 1172 983; x_wconf 85' lang='grc' dir='ltr'>ἀπολογίαν</span> <span class='ocrx_word' id='word_1_304' title='bbox 1190 950 1329 985; x_wconf 85' lang='grc' dir='ltr'>ἐτρέπετο.</span> <span class='ocrx_word' id='word_1_305' title='bbox 1348 951 1402 976; x_wconf 70' lang='grc' dir='ltr'>Καὶ</span> <span class='ocrx_word' id='word_1_306' title='bbox 1418 950 1576 985; x_wconf 80' lang='grc' dir='ltr'>θεραπεύων</span> <span class='ocrx_word' id='word_1_307' title='bbox 1589 950 1680 982; x_wconf 75' lang='grc' dir='ltr'>αὐτὸν,</span> <span class='ocrx_word' id='word_1_308' title='bbox 1693 948 1824 983; x_wconf 77' lang='grc' dir='ltr'>πλαστὴν</span> 
     </span>
    </p>
   </div>
   <div class='ocr_carea' id='block_1_50' title="bbox 1024 996 1822 1032">
    <p class='ocr_par' dir='ltr' id='par_1_50' title="bbox 1024 996 1822 1032">
     <span class='ocr_line' id='line_1_51' title="bbox 1024 996 1822 1032; baseline -0.001 -10"><span class='ocrx_word' id='word_1_309' title='bbox 1024 996 1114 1031; x_wconf 78' lang='grc' dir='ltr'>φιλίαν</span> <span class='ocrx_word' id='word_1_310' title='bbox 1131 996 1285 1028; x_wconf 80' lang='grc' dir='ltr'><strong>ἐσπένδετο,</strong></span> <span class='ocrx_word' id='word_1_311' title='bbox 1303 996 1417 1028; x_wconf 79' lang='grc' dir='ltr'>πολλοὺς</span> <span class='ocrx_word' id='word_1_312' title='bbox 1438 997 1535 1032; x_wconf 82' lang='grc' dir='ltr'>ὅρκους</span> <span class='ocrx_word' id='word_1_313' title='bbox 1552 997 1647 1032; x_wconf 78' lang='grc' dir='ltr'>ὀμνὺς,</span> <span class='ocrx_word' id='word_1_314' title='bbox 1667 996 1750 1031; x_wconf 80' lang='grc' dir='ltr'>μηδὲν</span> <span class='ocrx_word' id='word_1_315' title='bbox 1770 1003 1822 1021; x_wconf 87' lang='grc' dir='ltr'>τυ-</span> 
     </span>
    </p>
   </div>
   <div class='ocr_carea' id='block_1_51' title="bbox 1025 1040 1822 1078">
    <p class='ocr_par' dir='ltr' id='par_1_51' title="bbox 1025 1040 1822 1078">
     <span class='ocr_line' id='line_1_52' title="bbox 1025 1040 1822 1078; baseline -0.001 -10"><span class='ocrx_word' id='word_1_316' title='bbox 1025 1041 1151 1077; x_wconf 80' lang='grc' dir='ltr'>ραννικὸν</span> <span class='ocrx_word' id='word_1_317' title='bbox 1182 1043 1327 1077; x_wconf 78' lang='grc' dir='ltr'>φρονήσειν</span> <span class='ocrx_word' id='word_1_318' title='bbox 1359 1042 1440 1068; x_wconf 83' lang='grc' dir='ltr'>ποτέ’</span> <span class='ocrx_word' id='word_1_319' title='bbox 1471 1042 1530 1078; x_wconf 75' lang='grc' dir='ltr'><strong>ἅμα</strong></span> <span class='ocrx_word' id='word_1_320' title='bbox 1564 1051 1594 1068; x_wconf 86' lang='grc' dir='ltr'><strong>τε</strong></span> <span class='ocrx_word' id='word_1_321' title='bbox 1635 1042 1732 1077; x_wconf 78' lang='grc' dir='ltr'><strong>ὀμνὺς,</strong></span> <span class='ocrx_word' id='word_1_322' title='bbox 1770 1040 1822 1067; x_wconf 72' lang='grc' dir='ltr'>καὶ</span> 
     </span>
    </p>
   </div>
   <div class='ocr_carea' id='block_1_52' title="bbox 1023 1086 1822 1123">
    <p class='ocr_par' dir='ltr' id='par_1_52' title="bbox 1023 1086 1822 1123">
     <span class='ocr_line' id='line_1_53' title="bbox 1023 1086 1822 1123; baseline 0 -11"><span class='ocrx_word' id='word_1_323' title='bbox 1023 1087 1169 1122; x_wconf 81' lang='grc' dir='ltr'>ἐπιορκῶν.</span> <span class='ocrx_word' id='word_1_324' title='bbox 1187 1088 1223 1114; x_wconf 83' lang='grc' dir='ltr'><strong>Οὺ</strong></span> <span class='ocrx_word' id='word_1_325' title='bbox 1237 1087 1291 1123; x_wconf 82' lang='grc' dir='ltr'><strong>γὰρ</strong></span> <span class='ocrx_word' id='word_1_326' title='bbox 1309 1087 1462 1123; x_wconf 78' lang='grc' dir='ltr'>μετετίθετο</span> <span class='ocrx_word' id='word_1_327' title='bbox 1479 1087 1525 1114; x_wconf 76' lang='grc' dir='ltr'>τοῦ</span> <span class='ocrx_word' id='word_1_328' title='bbox 1551 1088 1659 1122; x_wconf 79' lang='grc' dir='ltr'>φρονεῖν</span> <span class='ocrx_word' id='word_1_329' title='bbox 1678 1096 1707 1113; x_wconf 82' lang='grc' dir='ltr'><strong>τε</strong></span> <span class='ocrx_word' id='word_1_330' title='bbox 1722 1086 1758 1114; x_wconf 78' lang='grc' dir='ltr'>τὰ</span> <span class='ocrx_word' id='word_1_331' title='bbox 1773 1095 1822 1112; x_wconf 88' lang='grc' dir='ltr'>τυ-</span> 
     </span>
    </p>
   </div>
   <div class='ocr_carea' id='block_1_53' title="bbox 1026 1133 1822 1169">
    <p class='ocr_par' dir='ltr' id='par_1_53' title="bbox 1026 1133 1822 1169">
     <span class='ocr_line' id='line_1_54' title="bbox 1026 1133 1822 1169; baseline -0.003 -9"><span class='ocrx_word' id='word_1_332' title='bbox 1026 1133 1152 1168; x_wconf 68' lang='grc' dir='ltr'>ραννικὰ.</span> <span class='ocrx_word' id='word_1_333' title='bbox 1163 1134 1210 1160; x_wconf 72' lang='grc' dir='ltr'>καὶ</span> <span class='ocrx_word' id='word_1_334' title='bbox 1224 1134 1294 1160; x_wconf 79' lang='grc' dir='ltr'>κατὰ</span> <span class='ocrx_word' id='word_1_335' title='bbox 1305 1134 1475 1168; x_wconf 73' lang='grc' dir='ltr'><strong>Χριστιανῶν</strong></span> <span class='ocrx_word' id='word_1_336' title='bbox 1487 1135 1572 1160; x_wconf 88' lang='grc' dir='ltr'>κινεῖν</span> <span class='ocrx_word' id='word_1_337' title='bbox 1585 1133 1715 1169; x_wconf 85' lang='grc' dir='ltr'>διωγμόν.</span> <span class='ocrx_word' id='word_1_338' title='bbox 1731 1133 1822 1168; x_wconf 82' lang='grc' dir='ltr'><strong>Νόμῳ</strong></span> 
     </span>
    </p>
   </div>
   <div class='ocr_carea' id='block_1_54' title="bbox 1024 1179 1822 1216">
    <p class='ocr_par' dir='ltr' id='par_1_54' title="bbox 1024 1179 1822 1216">
     <span class='ocr_line' id='line_1_55' title="bbox 1024 1179 1822 1216; baseline -0.001 -10"><span class='ocrx_word' id='word_1_339' title='bbox 1024 1181 1078 1215; x_wconf 72' lang='grc' dir='ltr'><strong>γὰρ</strong></span> <span class='ocrx_word' id='word_1_340' title='bbox 1095 1180 1230 1212; x_wconf 82' lang='grc' dir='ltr'>ἐκέλευσε,</span> <span class='ocrx_word' id='word_1_341' title='bbox 1245 1180 1308 1212; x_wconf 73' lang='grc' dir='ltr'>τοὺς</span> <span class='ocrx_word' id='word_1_342' title='bbox 1324 1181 1489 1212; x_wconf 78' lang='grc' dir='ltr'><strong>ἐπισκόπους</strong></span> <span class='ocrx_word' id='word_1_343' title='bbox 1506 1181 1542 1215; x_wconf 82' lang='grc' dir='ltr'><strong>μὴ</strong></span> <span class='ocrx_word' id='word_1_344' title='bbox 1559 1181 1653 1215; x_wconf 80' lang='grc' dir='ltr'>φοιτᾷν</span> <span class='ocrx_word' id='word_1_345' title='bbox 1668 1180 1733 1216; x_wconf 81' lang='grc' dir='ltr'>παρ’</span> <span class='ocrx_word' id='word_1_346' title='bbox 1753 1179 1822 1206; x_wconf 83' lang='grc' dir='ltr'><strong>Ἕλ-</strong></span> 
     </span>
    </p>
   </div>
   <div class='ocr_carea' id='block_1_55' title="bbox 1024 1226 1822 1262">
    <p class='ocr_par' dir='ltr' id='par_1_55' title="bbox 1024 1226 1822 1262">
     <span class='ocr_line' id='line_1_56' title="bbox 1024 1226 1822 1262; baseline 0.001 -10"><span class='ocrx_word' id='word_1_347' title='bbox 1024 1226 1112 1261; x_wconf 81' lang='grc' dir='ltr'>λησιν,</span> <span class='ocrx_word' id='word_1_348' title='bbox 1130 1226 1167 1258; x_wconf 83' lang='grc' dir='ltr'><strong>ὼς</strong></span> <span class='ocrx_word' id='word_1_349' title='bbox 1182 1226 1214 1253; x_wconf 80' lang='grc' dir='ltr'><strong>ἂν</strong></span> <span class='ocrx_word' id='word_1_350' title='bbox 1228 1227 1264 1261; x_wconf 85' lang='grc' dir='ltr'>μὴ</span> <span class='ocrx_word' id='word_1_351' title='bbox 1278 1226 1335 1261; x_wconf 74' lang='grc' dir='ltr'>ἔχοι</span> <span class='ocrx_word' id='word_1_352' title='bbox 1351 1227 1486 1260; x_wconf 81' lang='grc' dir='ltr'>πρόφασιν</span> <span class='ocrx_word' id='word_1_353' title='bbox 1501 1226 1630 1258; x_wconf 69' lang='grc' dir='ltr'>αὔξεσθαι</span> <span class='ocrx_word' id='word_1_354' title='bbox 1644 1227 1822 1262; x_wconf 78' lang='grc' dir='ltr'>τὰΧριστιει-</span> 
     </span>
    </p>
   </div>
   <div class='ocr_carea' id='block_1_56' title="bbox 1025 1267 1820 1307">
    <p class='ocr_par' dir='ltr' id='par_1_56' title="bbox 1025 1267 1820 1307">
     <span class='ocr_line' id='line_1_57' title="bbox 1025 1267 1820 1307; baseline 0.003 -11"><span class='ocrx_word' id='word_1_355' title='bbox 1025 1267 1088 1297; x_wconf 81' lang='grc' dir='ltr'>νῶν.</span> <span class='ocrx_word' id='word_1_356' title='bbox 1102 1268 1156 1296; x_wconf 85' lang='grc' dir='ltr'><strong>Ἦν</strong></span> <span class='ocrx_word' id='word_1_357' title='bbox 1171 1270 1199 1296; x_wconf 86' lang='grc' dir='ltr'><strong>δὲ</strong></span> <span class='ocrx_word' id='word_1_358' title='bbox 1221 1271 1235 1296; x_wconf 83' lang='grc' dir='ltr'>ὁ</span> <span class='ocrx_word' id='word_1_359' title='bbox 1248 1271 1367 1305; x_wconf 76' lang='grc' dir='ltr'><strong>διωγμὸς</strong></span> <span class='ocrx_word' id='word_1_360' title='bbox 1385 1271 1583 1307; x_wconf 78' lang='grc' dir='ltr'>θρυλλούμενος</span> <span class='ocrx_word' id='word_1_361' title='bbox 1607 1272 1636 1298; x_wconf 87' lang='grc' dir='ltr'><strong>ἐν</strong></span> <span class='ocrx_word' id='word_1_362' title='bbox 1655 1272 1746 1307; x_wconf 71' lang='grc' dir='ltr'>ταὺτῷ</span> <span class='ocrx_word' id='word_1_363' title='bbox 1770 1272 1820 1299; x_wconf 77' lang='grc' dir='ltr'>καὶ</span> 
     </span>
    </p>
   </div>
   <div class='ocr_carea' id='block_1_57' title="bbox 1026 1316 1819 1353">
    <p class='ocr_par' dir='ltr' id='par_1_57' title="bbox 1026 1316 1819 1353">
     <span class='ocr_line' id='line_1_58' title="bbox 1026 1316 1819 1353; baseline 0.001 -11"><span class='ocrx_word' id='word_1_364' title='bbox 1026 1317 1189 1352; x_wconf 75' lang='grc' dir='ltr'><strong>ἀπόρρητος.</strong></span> <span class='ocrx_word' id='word_1_365' title='bbox 1215 1317 1379 1352; x_wconf 79' lang='grc' dir='ltr'>Ἐκρύπτετό</span> <span class='ocrx_word' id='word_1_366' title='bbox 1404 1326 1432 1343; x_wconf 88' lang='grc' dir='ltr'><strong>τε</strong></span> <span class='ocrx_word' id='word_1_367' title='bbox 1456 1317 1493 1352; x_wconf 83' lang='grc' dir='ltr'>τῷ</span> <span class='ocrx_word' id='word_1_368' title='bbox 1517 1317 1596 1351; x_wconf 81' lang='grc' dir='ltr'>λόγῳ,</span> <span class='ocrx_word' id='word_1_369' title='bbox 1624 1317 1671 1344; x_wconf 76' lang='grc' dir='ltr'><strong>καὶ</strong></span> <span class='ocrx_word' id='word_1_370' title='bbox 1687 1317 1762 1353; x_wconf 79' lang='grc' dir='ltr'><strong>ἔργῳ</strong></span> <span class='ocrx_word' id='word_1_371' title='bbox 1783 1316 1819 1353; x_wconf 73' lang='grc' dir='ltr'>ἢν</span> 
     </span>
    </p>
   </div>
   <div class='ocr_carea' id='block_1_58' title="bbox 1027 1360 1819 1397">
    <p class='ocr_par' dir='ltr' id='par_1_58' title="bbox 1027 1360 1819 1397">
     <span class='ocr_line' id='line_1_59' title="bbox 1027 1360 1819 1397; baseline 0 -9"><span class='ocrx_word' id='word_1_372' title='bbox 1027 1362 1152 1397; x_wconf 81' lang='grc' dir='ltr'>φανερός.</span> <span class='ocrx_word' id='word_1_373' title='bbox 1189 1361 1347 1397; x_wconf 69' lang='grc' dir='ltr'>Ἀνήκεσται</span> <span class='ocrx_word' id='word_1_374' title='bbox 1367 1361 1421 1397; x_wconf 79' lang='grc' dir='ltr'><strong>γὰρ</strong></span> <span class='ocrx_word' id='word_1_375' title='bbox 1433 1362 1456 1387; x_wconf 81' lang='grc' dir='ltr'><strong>οἱ</strong></span> <span class='ocrx_word' id='word_1_376' title='bbox 1484 1362 1654 1397; x_wconf 75' lang='grc' dir='ltr'><strong>διωκόμενοι,</strong></span> <span class='ocrx_word' id='word_1_377' title='bbox 1678 1362 1718 1393; x_wconf 73' lang='grc' dir='ltr'><strong>εἷς</strong></span> <span class='ocrx_word' id='word_1_378' title='bbox 1735 1370 1765 1388; x_wconf 87' lang='grc' dir='ltr'><strong>τε</strong></span> <span class='ocrx_word' id='word_1_379' title='bbox 1785 1360 1819 1388; x_wconf 83' lang='grc' dir='ltr'>τὸ</span> 
     </span>
    </p>
   </div>
   <div class='ocr_carea' id='block_1_59' title="bbox 1028 1407 1562 1443">
    <p class='ocr_par' dir='ltr' id='par_1_59' title="bbox 1028 1407 1562 1443">
     <span class='ocr_line' id='line_1_60' title="bbox 1028 1407 1562 1443; baseline 0 -10"><span class='ocrx_word' id='word_1_380' title='bbox 1028 1407 1118 1442; x_wconf 80' lang='grc' dir='ltr'>σῶμα,</span> <span class='ocrx_word' id='word_1_381' title='bbox 1132 1408 1178 1434; x_wconf 74' lang='grc' dir='ltr'><strong>καὶ</strong></span> <span class='ocrx_word' id='word_1_382' title='bbox 1191 1408 1230 1439; x_wconf 82' lang='grc' dir='ltr'><strong>εἰς</strong></span> <span class='ocrx_word' id='word_1_383' title='bbox 1242 1408 1276 1435; x_wconf 84' lang='grc' dir='ltr'>τὰ</span> <span class='ocrx_word' id='word_1_384' title='bbox 1291 1408 1420 1443; x_wconf 80' lang='grc' dir='ltr'>χρήματα</span> <span class='ocrx_word' id='word_1_385' title='bbox 1435 1408 1562 1443; x_wconf 75' lang='grc' dir='ltr'>ἔπασχον.</span> 
     </span>
    </p>
   </div>
   <div class='ocr_carea' id='block_1_60' title="bbox 179 1453 1815 1493">
    <p class='ocr_par' dir='ltr' id='par_1_60' title="bbox 179 1453 1815 1493">
     <span class='ocr_line' id='line_1_61' title="bbox 179 1453 1815 1493; baseline -0.002 -8"><span class='ocrx_word' id='word_1_386' title='bbox 179 1457 336 1493; x_wconf 85' lang='lat' dir='ltr'><strong>persecutio</strong></span> <span class='ocrx_word' id='word_1_387' title='bbox 348 1459 443 1490; x_wconf 84' lang='lat' dir='ltr'><strong>aperta</strong></span> <span class='ocrx_word' id='word_1_388' title='bbox 456 1455 537 1482; x_wconf 87' lang='lat' dir='ltr'><strong>simul</strong></span> <span class='ocrx_word' id='word_1_389' title='bbox 551 1459 578 1482; x_wconf 87' lang='lat' dir='ltr'><strong>et</strong></span> <span class='ocrx_word' id='word_1_390' title='bbox 591 1454 708 1482; x_wconf 86' lang='lat' dir='ltr'><strong>occulta.</strong></span> <span class='ocrx_word' id='word_1_391' title='bbox 724 1453 792 1480; x_wconf 84' lang='lat' dir='ltr'><strong>Nam</strong></span> <span class='ocrx_word' id='word_1_392' title='bbox 804 1453 897 1481; x_wconf 87' lang='lat' dir='ltr'><strong>verbis</strong></span> <span class='ocrx_word' id='word_1_393' title='bbox 909 1453 1020 1488; x_wconf 89' lang='lat' dir='ltr'><strong>quidem</strong></span> <span class='ocrx_word' id='word_1_394' title='bbox 1043 1453 1269 1481; x_wconf 86' lang='lat' dir='ltr'><strong>dissimulabatur</strong></span> <span class='ocrx_word' id='word_1_395' title='bbox 1284 1463 1291 1480; x_wconf 91' lang='lat'><strong>:</strong></span> <span class='ocrx_word' id='word_1_396' title='bbox 1315 1454 1405 1489; x_wconf 88' lang='lat' dir='ltr'><strong>reipsa</strong></span> <span class='ocrx_word' id='word_1_397' title='bbox 1422 1462 1486 1483; x_wconf 88' lang='lat' dir='ltr'><strong>vero</strong></span> <span class='ocrx_word' id='word_1_398' title='bbox 1503 1459 1563 1482; x_wconf 87' lang='lat' dir='ltr'><strong>erat</strong></span> <span class='ocrx_word' id='word_1_399' title='bbox 1582 1453 1815 1482; x_wconf 80' lang='lat' dir='ltr'><strong>manifestissima.</strong></span> 
     </span>
    </p>
   </div>
   <div class='ocr_carea' id='block_1_61' title="bbox 179 1498 1816 1537">
    <p class='ocr_par' dir='ltr' id='par_1_61' title="bbox 179 1498 1816 1537">
     <span class='ocr_line' id='line_1_62' title="bbox 179 1498 1816 1537; baseline -0.001 -8"><span class='ocrx_word' id='word_1_400' title='bbox 179 1503 200 1537; x_wconf 80' lang='lat' dir='ltr'><strong>li</strong></span> <span class='ocrx_word' id='word_1_401' title='bbox 213 1502 287 1530; x_wconf 87' lang='lat' dir='ltr'><strong>enim</strong></span> <span class='ocrx_word' id='word_1_402' title='bbox 302 1502 349 1536; x_wconf 91' lang='lat' dir='ltr'><strong>qui</strong></span> <span class='ocrx_word' id='word_1_403' title='bbox 365 1499 553 1536; x_wconf 86' lang='lat' dir='ltr'><strong>persecutioni</strong></span> <span class='ocrx_word' id='word_1_404' title='bbox 572 1498 761 1535; x_wconf 85' lang='lat' dir='ltr'><strong>subjacebant,</strong></span> <span class='ocrx_word' id='word_1_405' title='bbox 783 1498 968 1526; x_wconf 86' lang='lat' dir='ltr'><strong>intolerabilia</strong></span> <span class='ocrx_word' id='word_1_406' title='bbox 989 1499 1059 1526; x_wconf 89' lang='lat' dir='ltr'><strong>mala</strong></span> <span class='ocrx_word' id='word_1_407' title='bbox 1079 1502 1136 1526; x_wconf 87' lang='lat' dir='ltr'><strong>tum</strong></span> <span class='ocrx_word' id='word_1_408' title='bbox 1153 1499 1182 1527; x_wconf 85' lang='lat' dir='ltr'><strong>in</strong></span> <span class='ocrx_word' id='word_1_409' title='bbox 1199 1500 1289 1533; x_wconf 87' lang='lat' dir='ltr'><strong>bonis,</strong></span> <span class='ocrx_word' id='word_1_410' title='bbox 1307 1505 1365 1528; x_wconf 90' lang='lat' dir='ltr'><strong>tum</strong></span> <span class='ocrx_word' id='word_1_411' title='bbox 1384 1501 1412 1528; x_wconf 92' lang='lat' dir='ltr'><strong>in</strong></span> <span class='ocrx_word' id='word_1_412' title='bbox 1430 1501 1591 1536; x_wconf 84' lang='lat' dir='ltr'><strong>corporibus</strong></span> <span class='ocrx_word' id='word_1_413' title='bbox 1608 1501 1666 1529; x_wconf 86' lang='lat' dir='ltr'><strong>suis</strong></span> <span class='ocrx_word' id='word_1_414' title='bbox 1676 1501 1816 1536; x_wconf 79' lang='lat' dir='ltr'><strong>perpetie-</strong></span> 
     </span>
    </p>
   </div>
   <div class='ocr_carea' id='block_1_62' title="bbox 182 1548 291 1576">
    <p class='ocr_par' dir='ltr' id='par_1_62' title="bbox 182 1548 291 1576">
     <span class='ocr_line' id='line_1_63' title="bbox 182 1548 291 1576; baseline 0.009 -1"><span class='ocrx_word' id='word_1_415' title='bbox 182 1548 291 1576; x_wconf 86' lang='lat' dir='ltr'><strong>bantur.</strong></span> 
     </span>
    </p>
   </div>
   <div class='ocr_carea' id='block_1_63' title="bbox 507 1597 659 1626">
    <p class='ocr_par' dir='ltr' id='par_1_63' title="bbox 507 1597 659 1626">
     <span class='ocr_line' id='line_1_64' title="bbox 507 1597 659 1626; baseline -0.007 -1"><span class='ocrx_word' id='word_1_416' title='bbox 507 1597 583 1625; x_wconf 83' lang='lat' dir='ltr'><strong>CAP.</strong></span> <span class='ocrx_word' id='word_1_417' title='bbox 613 1597 659 1626; x_wconf 83' lang='lat' dir='ltr'><strong>IV.</strong></span> 
     </span>
    </p>
   </div>
   <div class='ocr_carea' id='block_1_64' title="bbox 218 1641 975 1674">
    <p class='ocr_par' dir='ltr' id='par_1_64' title="bbox 218 1641 975 1674">
     <span class='ocr_line' id='line_1_65' title="bbox 218 1641 975 1674; baseline -0.001 -6"><span class='ocrx_word' id='word_1_418' title='bbox 218 1641 341 1674; x_wconf 72' lang='lat' dir='ltr'><strong>Qualiter</strong></span> <span class='ocrx_word' id='word_1_419' title='bbox 359 1643 430 1670; x_wconf 79' lang='lat' dir='ltr'><strong>inter</strong></span> <span class='ocrx_word' id='word_1_420' title='bbox 451 1643 656 1671; x_wconf 75' lang='lat' dir='ltr'><strong>Constantinum</strong></span> <span class='ocrx_word' id='word_1_421' title='bbox 684 1648 708 1670; x_wconf 78' lang='lat' dir='ltr'><strong>et</strong></span> <span class='ocrx_word' id='word_1_422' title='bbox 729 1643 859 1672; x_wconf 70' lang='lat' dir='ltr'><strong>Licinium</strong></span> <span class='ocrx_word' id='word_1_423' title='bbox 878 1642 975 1669; x_wconf 77' lang='lat' dir='ltr'><strong>bellum</strong></span> 
     </span>
    </p>
   </div>
   <div class='ocr_carea' id='block_1_65' title="bbox 338 1678 820 1713">
    <p class='ocr_par' dir='ltr' id='par_1_65' title="bbox 338 1678 820 1713">
     <span class='ocr_line' id='line_1_66' title="bbox 338 1678 820 1713; baseline 0.002 -10"><span class='ocrx_word' id='word_1_424' title='bbox 338 1683 445 1713; x_wconf 77' lang='lat' dir='ltr'><strong>propter</strong></span> <span class='ocrx_word' id='word_1_425' title='bbox 458 1678 622 1706; x_wconf 80' lang='lat' dir='ltr'><strong>Christianos</strong></span> <span class='ocrx_word' id='word_1_426' title='bbox 635 1683 756 1706; x_wconf 71' lang='lat' dir='ltr'><strong>exortum</strong></span> <span class='ocrx_word' id='word_1_427' title='bbox 771 1683 820 1705; x_wconf 77' lang='lat' dir='ltr'><strong>est.</strong></span> 
     </span>
    </p>
   </div>
   <div class='ocr_carea' id='block_1_66' title="bbox 219 1723 975 1759">
    <p class='ocr_par' dir='ltr' id='par_1_66' title="bbox 219 1723 975 1759">
     <span class='ocr_line' id='line_1_67' title="bbox 219 1723 975 1759; baseline 0 -9"><span class='ocrx_word' id='word_1_428' title='bbox 219 1723 273 1750; x_wconf 83' lang='lat' dir='ltr'><strong>llas</strong></span> <span class='ocrx_word' id='word_1_429' title='bbox 288 1723 322 1750; x_wconf 90' lang='lat' dir='ltr'><strong>ob</strong></span> <span class='ocrx_word' id='word_1_430' title='bbox 339 1731 446 1756; x_wconf 84' lang='lat' dir='ltr'><strong>causas,</strong></span> <span class='ocrx_word' id='word_1_431' title='bbox 459 1724 657 1752; x_wconf 83' lang='lat' dir='ltr'><strong>Constantinus</strong></span> <span class='ocrx_word' id='word_1_432' title='bbox 672 1725 738 1759; x_wconf 91' lang='lat' dir='ltr'><strong>imp.</strong></span> <span class='ocrx_word' id='word_1_433' title='bbox 757 1724 889 1752; x_wconf 90' lang='lat' dir='ltr'><strong>adversus</strong></span> <span class='ocrx_word' id='word_1_434' title='bbox 901 1723 975 1751; x_wconf 88' lang='lat' dir='ltr'><strong>Lici-</strong></span> 
     </span>
    </p>
   </div>
   <div class='ocr_carea' id='block_1_67' title="bbox 182 1769 976 1805">
    <p class='ocr_par' dir='ltr' id='par_1_67' title="bbox 182 1769 976 1805">
     <span class='ocr_line' id='line_1_68' title="bbox 182 1769 976 1805; baseline 0.001 -10"><span class='ocrx_word' id='word_1_435' title='bbox 182 1769 259 1795; x_wconf 90' lang='lat' dir='ltr'><strong>nium</strong></span> <span class='ocrx_word' id='word_1_436' title='bbox 284 1769 445 1803; x_wconf 78' lang='lat' dir='ltr'><strong>gravissima</strong></span> <span class='ocrx_word' id='word_1_437' title='bbox 476 1770 664 1805; x_wconf 82' lang='lat' dir='ltr'><strong>indignatione</strong></span> <span class='ocrx_word' id='word_1_438' title='bbox 690 1770 808 1799; x_wconf 72' lang='lat' dir='ltr'><strong>exarsit:</strong></span> <span class='ocrx_word' id='word_1_439' title='bbox 839 1774 976 1804; x_wconf 89' lang='lat' dir='ltr'><strong>ruptoque</strong></span> 
     </span>
    </p>
   </div>
   <div class='ocr_carea' id='block_1_68' title="bbox 183 1814 976 1848">
    <p class='ocr_par' dir='ltr' id='par_1_68' title="bbox 183 1814 976 1848">
     <span class='ocr_line' id='line_1_69' title="bbox 183 1814 976 1848; baseline 0 -8"><span class='ocrx_word' id='word_1_440' title='bbox 183 1814 318 1841; x_wconf 59' lang='lat' dir='ltr'><strong>simulate</strong></span> <span class='ocrx_word' id='word_1_441' title='bbox 332 1815 459 1842; x_wconf 68' lang='lat' dir='ltr'><strong>amicitia:</strong></span> <span class='ocrx_word' id='word_1_442' title='bbox 478 1815 593 1848; x_wconf 70' lang='lat' dir='ltr'><strong>foedere,</strong></span> <span class='ocrx_word' id='word_1_443' title='bbox 611 1815 705 1842; x_wconf 85' lang='lat' dir='ltr'><strong>hostes</strong></span> <span class='ocrx_word' id='word_1_444' title='bbox 725 1815 778 1842; x_wconf 89' lang='lat' dir='ltr'><strong>sibi</strong></span> <span class='ocrx_word' id='word_1_445' title='bbox 794 1819 890 1842; x_wconf 86' lang='lat' dir='ltr'><strong>mutuo</strong></span> <span class='ocrx_word' id='word_1_446' title='bbox 912 1814 976 1841; x_wconf 81' lang='lat' dir='ltr'><strong>facti</strong></span> 
     </span>
    </p>
   </div>
   <div class='ocr_carea' id='block_1_69' title="bbox 184 1860 975 1896">
    <p class='ocr_par' dir='ltr' id='par_1_69' title="bbox 184 1860 975 1896">
     <span class='ocr_line' id='line_1_70' title="bbox 184 1860 975 1896; baseline 0 -10"><span class='ocrx_word' id='word_1_447' title='bbox 184 1864 257 1887; x_wconf 90' lang='lat' dir='ltr'><strong>sunt.</strong></span> <span class='ocrx_word' id='word_1_448' title='bbox 270 1861 326 1887; x_wconf 82' lang='lat' dir='ltr'><strong>Nec</strong></span> <span class='ocrx_word' id='word_1_449' title='bbox 339 1860 420 1896; x_wconf 79' lang='lat' dir='ltr'><strong>longo</strong></span> <span class='ocrx_word' id='word_1_450' title='bbox 430 1865 491 1895; x_wconf 90' lang='lat' dir='ltr'><strong>post</strong></span> <span class='ocrx_word' id='word_1_451' title='bbox 503 1865 625 1896; x_wconf 89' lang='lat' dir='ltr'><strong>tempore</strong></span> <span class='ocrx_word' id='word_1_452' title='bbox 637 1861 710 1888; x_wconf 86' lang='lat' dir='ltr'><strong>bello</strong></span> <span class='ocrx_word' id='word_1_453' title='bbox 721 1869 750 1888; x_wconf 89' lang='lat' dir='ltr'><strong>se</strong></span> <span class='ocrx_word' id='word_1_454' title='bbox 763 1861 880 1888; x_wconf 85' lang='lat' dir='ltr'><strong>invicem</strong></span> <span class='ocrx_word' id='word_1_455' title='bbox 892 1867 975 1895; x_wconf 87' lang='lat' dir='ltr'><strong>appe-</strong></span> 
     </span>
    </p>
   </div>
   <div class='ocr_carea' id='block_1_70' title="bbox 185 1905 975 1941">
    <p class='ocr_par' dir='ltr' id='par_1_70' title="bbox 185 1905 975 1941">
     <span class='ocr_line' id='line_1_71' title="bbox 185 1905 975 1941; baseline -0.001 -9"><span class='ocrx_word' id='word_1_456' title='bbox 185 1906 300 1932; x_wconf 89' lang='lat' dir='ltr'><strong>tiernnt.</strong></span> <span class='ocrx_word' id='word_1_457' title='bbox 319 1906 466 1941; x_wconf 82' lang='lat' dir='ltr'><strong>Multisque</strong></span> <span class='ocrx_word' id='word_1_458' title='bbox 479 1907 580 1941; x_wconf 72' lang='lat' dir='ltr'><strong>przeliis</strong></span> <span class='ocrx_word' id='word_1_459' title='bbox 592 1911 666 1934; x_wconf 85' lang='lat' dir='ltr'><strong>terra</strong></span> <span class='ocrx_word' id='word_1_460' title='bbox 686 1906 810 1941; x_wconf 82' lang='lat' dir='ltr'><strong>marique</strong></span> <span class='ocrx_word' id='word_1_461' title='bbox 830 1905 975 1937; x_wconf 83' lang='lat' dir='ltr'><strong>consertis,</strong></span> 
     </span>
    </p>
   </div>
   <div class='ocr_carea' id='block_1_71' title="bbox 186 1951 978 1987">
    <p class='ocr_par' dir='ltr' id='par_1_71' title="bbox 186 1951 978 1987">
     <span class='ocr_line' id='line_1_72' title="bbox 186 1951 978 1987; baseline 0 -10"><span class='ocrx_word' id='word_1_462' title='bbox 186 1951 297 1978; x_wconf 84' lang='lat' dir='ltr'><strong>tandem</strong></span> <span class='ocrx_word' id='word_1_463' title='bbox 321 1951 355 1978; x_wconf 89' lang='lat' dir='ltr'><strong>ad</strong></span> <span class='ocrx_word' id='word_1_464' title='bbox 369 1951 560 1987; x_wconf 82' lang='lat' dir='ltr'><strong>Chrysopolim</strong></span> <span class='ocrx_word' id='word_1_465' title='bbox 574 1952 707 1987; x_wconf 66' lang='lat' dir='ltr'><strong>Bithynia:</strong></span> <span class='ocrx_word' id='word_1_466' title='bbox 717 1972 724 1984; x_wconf 90' lang='lat'><strong>,</strong></span> <span class='ocrx_word' id='word_1_467' title='bbox 737 1951 811 1986; x_wconf 89' lang='lat' dir='ltr'><strong>quod</strong></span> <span class='ocrx_word' id='word_1_468' title='bbox 829 1951 925 1978; x_wconf 86' lang='lat' dir='ltr'><strong>navale</strong></span> <span class='ocrx_word' id='word_1_469' title='bbox 935 1954 978 1978; x_wconf 83' lang='lat' dir='ltr'><strong>est</strong></span> 
     </span>
    </p>
   </div>
   <div class='ocr_carea' id='block_1_72' title="bbox 185 1997 977 2031">
    <p class='ocr_par' dir='ltr' id='par_1_72' title="bbox 185 1997 977 2031">
     <span class='ocr_line' id='line_1_73' title="bbox 185 1997 977 2031; baseline 0.003 -7"><span class='ocrx_word' id='word_1_470' title='bbox 185 1998 461 2031; x_wconf 85' lang='lat' dir='ltr'><strong>Cbalcedonensium,</strong></span> <span class='ocrx_word' id='word_1_471' title='bbox 474 1999 599 2026; x_wconf 87' lang='lat' dir='ltr'><strong>devictus</strong></span> <span class='ocrx_word' id='word_1_472' title='bbox 611 1998 745 2030; x_wconf 89' lang='lat' dir='ltr'><strong>Licinius,</strong></span> <span class='ocrx_word' id='word_1_473' title='bbox 754 1997 936 2024; x_wconf 87' lang='lat' dir='ltr'><strong>Constantino</strong></span> <span class='ocrx_word' id='word_1_474' title='bbox 949 2006 977 2026; x_wconf 93' lang='lat' dir='ltr'><strong>se</strong></span> 
     </span>
    </p>
   </div>
   <div class='ocr_carea' id='block_1_73' title="bbox 186 2041 978 2077">
    <p class='ocr_par' dir='ltr' id='par_1_73' title="bbox 186 2041 978 2077">
     <span class='ocr_line' id='line_1_74' title="bbox 186 2041 978 2077; baseline -0.001 -8"><span class='ocrx_word' id='word_1_475' title='bbox 186 2042 300 2069; x_wconf 88' lang='lat' dir='ltr'><strong>dedidit.</strong></span> <span class='ocrx_word' id='word_1_476' title='bbox 317 2042 403 2069; x_wconf 86' lang='lat' dir='ltr'><strong>Porro</strong></span> <span class='ocrx_word' id='word_1_477' title='bbox 421 2042 619 2071; x_wconf 85' lang='lat' dir='ltr'><strong>Constantinus</strong></span> <span class='ocrx_word' id='word_1_478' title='bbox 645 2046 754 2077; x_wconf 90' lang='lat' dir='ltr'><strong>captum</strong></span> <span class='ocrx_word' id='word_1_479' title='bbox 778 2041 906 2069; x_wconf 84' lang='lat' dir='ltr'><strong>tractavit</strong></span> <span class='ocrx_word' id='word_1_480' title='bbox 924 2042 978 2069; x_wconf 79' lang='lat' dir='ltr'><strong>hu-</strong></span> 
     </span>
    </p>
   </div>
   <div class='ocr_carea' id='block_1_74' title="bbox 186 2088 977 2123">
    <p class='ocr_par' dir='ltr' id='par_1_74' title="bbox 186 2088 977 2123">
     <span class='ocr_line' id='line_1_75' title="bbox 186 2088 977 2123; baseline -0.001 -8"><span class='ocrx_word' id='word_1_481' title='bbox 186 2088 361 2116; x_wconf 83' lang='lat' dir='ltr'><strong>manissime:</strong></span> <span class='ocrx_word' id='word_1_482' title='bbox 377 2097 428 2115; x_wconf 87' lang='lat' dir='ltr'><strong>nec</strong></span> <span class='ocrx_word' id='word_1_483' title='bbox 445 2088 500 2115; x_wconf 87' lang='lat' dir='ltr'><strong>ullo</strong></span> <span class='ocrx_word' id='word_1_484' title='bbox 515 2088 644 2116; x_wconf 81' lang='lat' dir='ltr'><strong>ail&#39;ecturn</strong></span> <span class='ocrx_word' id='word_1_485' title='bbox 665 2088 801 2123; x_wconf 87' lang='lat' dir='ltr'><strong>supplicio</strong></span> <span class='ocrx_word' id='word_1_486' title='bbox 811 2108 818 2120; x_wconf 85' lang='lat'><strong>,</strong></span> <span class='ocrx_word' id='word_1_487' title='bbox 830 2088 977 2115; x_wconf 88' lang='lat' dir='ltr'><strong>Thessalo-</strong></span> 
     </span>
    </p>
   </div>
   <div class='ocr_carea' id='block_1_75' title="bbox 187 2133 978 2168">
    <p class='ocr_par' dir='ltr' id='par_1_75' title="bbox 187 2133 978 2168">
     <span class='ocr_line' id='line_1_76' title="bbox 187 2133 978 2168; baseline 0 -8"><span class='ocrx_word' id='word_1_488' title='bbox 187 2134 255 2161; x_wconf 66' lang='lat' dir='ltr'><strong>nicae</strong></span> <span class='ocrx_word' id='word_1_489' title='bbox 270 2134 362 2168; x_wconf 86' lang='lat' dir='ltr'><strong>quiete</strong></span> <span class='ocrx_word' id='word_1_490' title='bbox 388 2138 416 2160; x_wconf 85' lang='lat' dir='ltr'><strong>et</strong></span> <span class='ocrx_word' id='word_1_491' title='bbox 435 2138 530 2168; x_wconf 89' lang='lat' dir='ltr'><strong>pacate</strong></span> <span class='ocrx_word' id='word_1_492' title='bbox 554 2134 582 2168; x_wconf 82' lang='lat'><strong>9</strong></span> <span class='ocrx_word' id='word_1_493' title='bbox 604 2134 703 2168; x_wconf 75' lang='lat' dir='ltr'><strong>degere</strong></span> <span class='ocrx_word' id='word_1_494' title='bbox 719 2134 857 2168; x_wconf 75' lang='lat' dir='ltr'><strong>praecepit.</strong></span> <span class='ocrx_word' id='word_1_495' title='bbox 878 2133 913 2160; x_wconf 84' lang='lat' dir='ltr'><strong>At</strong></span> <span class='ocrx_word' id='word_1_496' title='bbox 933 2134 978 2160; x_wconf 87' lang='lat' dir='ltr'><strong>ille</strong></span> 
     </span>
    </p>
   </div>
   <div class='ocr_carea' id='block_1_76' title="bbox 187 2178 977 2213">
    <p class='ocr_par' dir='ltr' id='par_1_76' title="bbox 187 2178 977 2213">
     <span class='ocr_line' id='line_1_77' title="bbox 187 2178 977 2213; baseline 0 -7"><span class='ocrx_word' id='word_1_497' title='bbox 187 2186 250 2207; x_wconf 91' lang='lat' dir='ltr'><strong>eum</strong></span> <span class='ocrx_word' id='word_1_498' title='bbox 271 2178 470 2213; x_wconf 83' lang='lat' dir='ltr'><strong>aliquantisper</strong></span> <span class='ocrx_word' id='word_1_499' title='bbox 488 2178 650 2212; x_wconf 86' lang='lat' dir='ltr'><strong>quievisset,</strong></span> <span class='ocrx_word' id='word_1_500' title='bbox 667 2178 790 2205; x_wconf 83' lang='lat' dir='ltr'><strong>collectis</strong></span> <span class='ocrx_word' id='word_1_501' title='bbox 807 2182 900 2213; x_wconf 88' lang='lat' dir='ltr'><strong>postea</strong></span> <span class='ocrx_word' id='word_1_502' title='bbox 915 2180 977 2213; x_wconf 83' lang='lat' dir='ltr'><strong>qui-</strong></span> 
     </span>
    </p>
   </div>
   <div class='ocr_carea' id='block_1_77' title="bbox 186 2223 977 2256">
    <p class='ocr_par' dir='ltr' id='par_1_77' title="bbox 186 2223 977 2256">
     <span class='ocr_line' id='line_1_78' title="bbox 186 2223 977 2256; baseline -0.001 -5"><span class='ocrx_word' id='word_1_503' title='bbox 186 2224 302 2252; x_wconf 89' lang='lat' dir='ltr'><strong>busdam</strong></span> <span class='ocrx_word' id='word_1_504' title='bbox 314 2223 451 2256; x_wconf 87' lang='lat' dir='ltr'><strong>barbaris,</strong></span> <span class='ocrx_word' id='word_1_505' title='bbox 464 2223 570 2250; x_wconf 85' lang='lat' dir='ltr'><strong>cladem</strong></span> <span class='ocrx_word' id='word_1_506' title='bbox 590 2231 666 2250; x_wconf 86' lang='lat' dir='ltr'><strong>suam</strong></span> <span class='ocrx_word' id='word_1_507' title='bbox 684 2223 817 2250; x_wconf 88' lang='lat' dir='ltr'><strong>resarcire</strong></span> <span class='ocrx_word' id='word_1_508' title='bbox 833 2231 865 2250; x_wconf 87' lang='lat' dir='ltr'><strong>ac</strong></span> <span class='ocrx_word' id='word_1_509' title='bbox 876 2223 977 2251; x_wconf 89' lang='lat' dir='ltr'><strong>bellum</strong></span> 
     </span>
    </p>
   </div>
   <div class='ocr_carea' id='block_1_78' title="bbox 1336 1596 1515 1623">
    <p class='ocr_par' dir='ltr' id='par_1_78' title="bbox 1336 1596 1515 1623">
     <span class='ocr_line' id='line_1_79' title="bbox 1336 1596 1515 1623; baseline 0 -1"><span class='ocrx_word' id='word_1_510' title='bbox 1336 1596 1464 1623; x_wconf 76' lang='grc' dir='ltr'><strong>ΚΕΦΑΛ.</strong></span> <span class='ocrx_word' id='word_1_511' title='bbox 1479 1598 1515 1623; x_wconf 85' lang='grc' dir='ltr'><strong>Δ’.</strong></span> 
     </span>
    </p>
   </div>
   <div class='ocr_carea' id='block_1_79' title="bbox 1027 1642 1817 1677">
    <p class='ocr_par' dir='ltr' id='par_1_79' title="bbox 1027 1642 1817 1677">
     <span class='ocr_line' id='line_1_80' title="bbox 1027 1642 1817 1677; baseline 0.004 -8"><span class='ocrx_word' id='word_1_512' title='bbox 1027 1642 1090 1670; x_wconf 69' lang='grc' dir='ltr'>Ὀτι</span> <span class='ocrx_word' id='word_1_513' title='bbox 1102 1643 1230 1677; x_wconf 79' lang='grc' dir='ltr'>πόλεμος</span> <span class='ocrx_word' id='word_1_514' title='bbox 1240 1642 1354 1677; x_wconf 79' lang='grc' dir='ltr'>μεταξὺ</span> <span class='ocrx_word' id='word_1_515' title='bbox 1364 1644 1593 1671; x_wconf 79' lang='grc' dir='ltr'>Κωνσταντινου</span> <span class='ocrx_word' id='word_1_516' title='bbox 1602 1643 1651 1671; x_wconf 74' lang='grc' dir='ltr'><strong>καί</strong></span> <span class='ocrx_word' id='word_1_517' title='bbox 1665 1644 1817 1672; x_wconf 77' lang='grc' dir='ltr'>Λικιννίου</span> 
     </span>
    </p>
   </div>
   <div class='ocr_carea' id='block_1_80' title="bbox 1220 1678 1621 1712">
    <p class='ocr_par' dir='ltr' id='par_1_80' title="bbox 1220 1678 1621 1712">
     <span class='ocr_line' id='line_1_81' title="bbox 1220 1678 1621 1712; baseline 0.002 -8"><span class='ocrx_word' id='word_1_518' title='bbox 1220 1678 1270 1704; x_wconf 84' lang='grc' dir='ltr'><strong>διὰ</strong></span> <span class='ocrx_word' id='word_1_519' title='bbox 1282 1678 1479 1712; x_wconf 75' lang='grc' dir='ltr'>Χριστιανοὺς</span> <span class='ocrx_word' id='word_1_520' title='bbox 1491 1678 1621 1712; x_wconf 74' lang='grc' dir='ltr'>ἐγένετο.</span> 
     </span>
    </p>
   </div>
   <div class='ocr_carea' id='block_1_81' title="bbox 1067 1723 1817 1761">
    <p class='ocr_par' dir='ltr' id='par_1_81' title="bbox 1067 1723 1817 1761">
     <span class='ocr_line' id='line_1_82' title="bbox 1067 1723 1817 1761; baseline 0.004 -11"><span class='ocrx_word' id='word_1_521' title='bbox 1067 1723 1114 1750; x_wconf 85' lang='grc' dir='ltr'>Ἐκ</span> <span class='ocrx_word' id='word_1_522' title='bbox 1125 1723 1153 1750; x_wconf 81' lang='grc' dir='ltr'><strong>δέ</strong></span> <span class='ocrx_word' id='word_1_523' title='bbox 1168 1724 1275 1756; x_wconf 82' lang='grc' dir='ltr'>τούτου,</span> <span class='ocrx_word' id='word_1_524' title='bbox 1290 1725 1358 1758; x_wconf 81' lang='grc' dir='ltr'>πρὸς</span> <span class='ocrx_word' id='word_1_525' title='bbox 1373 1723 1521 1759; x_wconf 82' lang='grc' dir='ltr'>ἀπέχθειαν</span> <span class='ocrx_word' id='word_1_526' title='bbox 1536 1725 1667 1760; x_wconf 78' lang='grc' dir='ltr'>μεγίστην</span> <span class='ocrx_word' id='word_1_527' title='bbox 1678 1725 1724 1752; x_wconf 81' lang='grc' dir='ltr'>τὸν</span> <span class='ocrx_word' id='word_1_528' title='bbox 1740 1726 1817 1761; x_wconf 50' lang='grc' dir='ltr'>βασι.</span> 
     </span>
    </p>
   </div>
   <div class='ocr_carea' id='block_1_82' title="bbox 1026 1768 1816 1807">
    <p class='ocr_par' dir='ltr' id='par_1_82' title="bbox 1026 1768 1816 1807">
     <span class='ocr_line' id='line_1_83' title="bbox 1026 1768 1816 1807; baseline 0.003 -11"><span class='ocrx_word' id='word_1_529' title='bbox 1026 1770 1075 1796; x_wconf 89' lang='grc' dir='ltr'><strong>λέα</strong></span> <span class='ocrx_word' id='word_1_530' title='bbox 1090 1770 1292 1797; x_wconf 83' lang='grc' dir='ltr'>Κωνσταντῖνον</span> <span class='ocrx_word' id='word_1_531' title='bbox 1307 1769 1442 1805; x_wconf 78' lang='grc' dir='ltr'>ἐκίνησεν.</span> <span class='ocrx_word' id='word_1_532' title='bbox 1458 1768 1548 1797; x_wconf 76' lang='grc' dir='ltr'>Ἦσαν</span> <span class='ocrx_word' id='word_1_533' title='bbox 1561 1779 1591 1796; x_wconf 87' lang='grc' dir='ltr'><strong>τε</strong></span> <span class='ocrx_word' id='word_1_534' title='bbox 1614 1771 1747 1807; x_wconf 81' lang='grc' dir='ltr'>πολέμιοι,</span> <span class='ocrx_word' id='word_1_535' title='bbox 1763 1773 1816 1798; x_wconf 82' lang='grc' dir='ltr'><strong>δια-</strong></span> 
     </span>
    </p>
   </div>
   <div class='ocr_carea' id='block_1_83' title="bbox 1027 1814 1817 1850">
    <p class='ocr_par' dir='ltr' id='par_1_83' title="bbox 1027 1814 1817 1850">
     <span class='ocr_line' id='line_1_84' title="bbox 1027 1814 1817 1850; baseline 0.004 -10"><span class='ocrx_word' id='word_1_536' title='bbox 1027 1814 1156 1849; x_wconf 82' lang='grc' dir='ltr'>κοπείσης</span> <span class='ocrx_word' id='word_1_537' title='bbox 1183 1815 1276 1846; x_wconf 78' lang='grc' dir='ltr'>αὐτοῖς</span> <span class='ocrx_word' id='word_1_538' title='bbox 1300 1815 1350 1850; x_wconf 84' lang='grc' dir='ltr'><strong>τῆς</strong></span> <span class='ocrx_word' id='word_1_539' title='bbox 1381 1814 1548 1841; x_wconf 83' lang='grc' dir='ltr'>ἐπιπλάστου</span> <span class='ocrx_word' id='word_1_540' title='bbox 1574 1816 1673 1850; x_wconf 79' lang='grc' dir='ltr'><strong>φιλίας.</strong></span> <span class='ocrx_word' id='word_1_541' title='bbox 1701 1817 1757 1843; x_wconf 69' lang='grc' dir='ltr'><strong>Οὐκ</strong></span> <span class='ocrx_word' id='word_1_542' title='bbox 1777 1818 1817 1848; x_wconf 82' lang='grc' dir='ltr'>είς</span> 
     </span>
    </p>
   </div>
   <div class='ocr_carea' id='block_1_84' title="bbox 1029 1860 1814 1897">
    <p class='ocr_par' dir='ltr' id='par_1_84' title="bbox 1029 1860 1814 1897">
     <span class='ocr_line' id='line_1_85' title="bbox 1029 1860 1814 1897; baseline 0.003 -10"><span class='ocrx_word' id='word_1_543' title='bbox 1029 1861 1138 1896; x_wconf 83' lang='grc' dir='ltr'>μακράν</span> <span class='ocrx_word' id='word_1_544' title='bbox 1157 1869 1187 1886; x_wconf 83' lang='grc' dir='ltr'><strong>τε</strong></span> <span class='ocrx_word' id='word_1_545' title='bbox 1213 1861 1254 1892; x_wconf 78' lang='grc' dir='ltr'><strong>εἰς</strong></span> <span class='ocrx_word' id='word_1_546' title='bbox 1281 1860 1311 1887; x_wconf 79' lang='grc' dir='ltr'><strong>τὸ</strong></span> <span class='ocrx_word' id='word_1_547' title='bbox 1338 1860 1466 1895; x_wconf 85' lang='grc' dir='ltr'>πολεμεῖν</span> <span class='ocrx_word' id='word_1_548' title='bbox 1492 1860 1623 1896; x_wconf 83' lang='grc' dir='ltr'>ἀλλήλους</span> <span class='ocrx_word' id='word_1_549' title='bbox 1646 1863 1814 1897; x_wconf 83' lang='grc' dir='ltr'>ἐτράπησαν.</span> 
     </span>
    </p>
   </div>
   <div class='ocr_carea' id='block_1_85' title="bbox 1028 1906 1816 1943">
    <p class='ocr_par' dir='ltr' id='par_1_85' title="bbox 1028 1906 1816 1943">
     <span class='ocr_line' id='line_1_86' title="bbox 1028 1906 1816 1943; baseline 0.001 -9"><span class='ocrx_word' id='word_1_550' title='bbox 1028 1908 1083 1934; x_wconf 75' lang='grc' dir='ltr'>Καὶ</span> <span class='ocrx_word' id='word_1_551' title='bbox 1101 1906 1205 1933; x_wconf 81' lang='grc' dir='ltr'>πολλῶν</span> <span class='ocrx_word' id='word_1_552' title='bbox 1221 1906 1374 1942; x_wconf 81' lang='grc' dir='ltr'>γενομένων</span> <span class='ocrx_word' id='word_1_553' title='bbox 1397 1907 1540 1941; x_wconf 77' lang='grc' dir='ltr'>συμῦολῶν</span> <span class='ocrx_word' id='word_1_554' title='bbox 1554 1908 1600 1934; x_wconf 72' lang='grc' dir='ltr'><strong>καὶ</strong></span> <span class='ocrx_word' id='word_1_555' title='bbox 1618 1908 1688 1934; x_wconf 73' lang='grc' dir='ltr'>κατὰ</span> <span class='ocrx_word' id='word_1_556' title='bbox 1705 1909 1754 1943; x_wconf 86' lang='grc' dir='ltr'>γῆν</span> <span class='ocrx_word' id='word_1_557' title='bbox 1769 1909 1816 1935; x_wconf 71' lang='grc' dir='ltr'><strong>καὶ</strong></span> 
     </span>
    </p>
   </div>
   <div class='ocr_carea' id='block_1_86' title="bbox 1028 1952 1813 1989">
    <p class='ocr_par' dir='ltr' id='par_1_86' title="bbox 1028 1952 1813 1989">
     <span class='ocr_line' id='line_1_87' title="bbox 1028 1952 1813 1989; baseline 0.001 -10"><span class='ocrx_word' id='word_1_558' title='bbox 1028 1953 1100 1980; x_wconf 82' lang='grc' dir='ltr'>κατὰ</span> <span class='ocrx_word' id='word_1_559' title='bbox 1111 1953 1255 1986; x_wconf 82' lang='grc' dir='ltr'>θάλατταν,</span> <span class='ocrx_word' id='word_1_560' title='bbox 1272 1953 1347 1984; x_wconf 81' lang='grc' dir='ltr'>τέλος</span> <span class='ocrx_word' id='word_1_561' title='bbox 1357 1952 1425 1988; x_wconf 77' lang='grc' dir='ltr'>πρὸς</span> <span class='ocrx_word' id='word_1_562' title='bbox 1435 1953 1604 1989; x_wconf 69' lang='grc' dir='ltr'>Χρυσόπολιν</span> <span class='ocrx_word' id='word_1_563' title='bbox 1615 1954 1666 1988; x_wconf 84' lang='grc' dir='ltr'><strong>τῆς</strong></span> <span class='ocrx_word' id='word_1_564' title='bbox 1680 1954 1813 1987; x_wconf 75' lang='grc' dir='ltr'>Βιθυνίας,</span> 
     </span>
    </p>
   </div>
   <div class='ocr_carea' id='block_1_87' title="bbox 1028 1996 1815 2034">
    <p class='ocr_par' dir='ltr' id='par_1_87' title="bbox 1028 1996 1815 2034">
     <span class='ocr_line' id='line_1_88' title="bbox 1028 1996 1815 2034; baseline 0.003 -11"><span class='ocrx_word' id='word_1_565' title='bbox 1028 1997 1145 2024; x_wconf 76' lang='grc' dir='ltr'>ἐπίνειον</span> <span class='ocrx_word' id='word_1_566' title='bbox 1167 1996 1195 2022; x_wconf 86' lang='grc' dir='ltr'><strong>δέ</strong></span> <span class='ocrx_word' id='word_1_567' title='bbox 1218 1996 1295 2023; x_wconf 84' lang='grc' dir='ltr'>τοῦτο</span> <span class='ocrx_word' id='word_1_568' title='bbox 1320 1997 1369 2032; x_wconf 88' lang='grc' dir='ltr'><strong>τῆς</strong></span> <span class='ocrx_word' id='word_1_569' title='bbox 1390 1997 1561 2032; x_wconf 76' lang='grc' dir='ltr'>Χαλκηδόνος</span> <span class='ocrx_word' id='word_1_570' title='bbox 1588 1999 1671 2030; x_wconf 74' lang='grc' dir='ltr'>ἐστὶν,</span> <span class='ocrx_word' id='word_1_571' title='bbox 1692 1999 1815 2034; x_wconf 75' lang='grc' dir='ltr'>ἡττηθεὶς</span> 
     </span>
    </p>
   </div>
   <div class='ocr_carea' id='block_1_88' title="bbox 1029 2041 1814 2080">
    <p class='ocr_par' dir='ltr' id='par_1_88' title="bbox 1029 2041 1814 2080">
     <span class='ocr_line' id='line_1_89' title="bbox 1029 2041 1814 2080; baseline 0.005 -12"><span class='ocrx_word' id='word_1_572' title='bbox 1029 2043 1157 2074; x_wconf 75' lang='grc' dir='ltr'>ἐξέδωκεν</span> <span class='ocrx_word' id='word_1_573' title='bbox 1170 2042 1274 2069; x_wconf 80' lang='grc' dir='ltr'>ἑαυτόν.</span> <span class='ocrx_word' id='word_1_574' title='bbox 1290 2043 1383 2069; x_wconf 83' lang='grc' dir='ltr'>Ζῶντα</span> <span class='ocrx_word' id='word_1_575' title='bbox 1394 2041 1439 2070; x_wconf 87' lang='grc' dir='ltr'><strong>οὖν</strong></span> <span class='ocrx_word' id='word_1_576' title='bbox 1450 2043 1589 2070; x_wconf 80' lang='grc' dir='ltr'>συλλαόὼν</span> <span class='ocrx_word' id='word_1_577' title='bbox 1601 2044 1696 2078; x_wconf 80' lang='grc' dir='ltr'>φιλανθ</span> <span class='ocrx_word' id='word_1_578' title='bbox 1701 2045 1814 2080; x_wconf 78' lang='grc' dir='ltr'>ρωπεύε-</span> 
     </span>
    </p>
   </div>
   <div class='ocr_carea' id='block_1_89' title="bbox 1028 2088 1813 2127">
    <p class='ocr_par' dir='ltr' id='par_1_89' title="bbox 1028 2088 1813 2127">
     <span class='ocr_line' id='line_1_90' title="bbox 1028 2088 1813 2127; baseline 0.005 -13"><span class='ocrx_word' id='word_1_579' title='bbox 1028 2096 1091 2115; x_wconf 83' lang='grc' dir='ltr'>ται-</span> <span class='ocrx_word' id='word_1_580' title='bbox 1110 2089 1157 2115; x_wconf 79' lang='grc' dir='ltr'><strong>καὶ</strong></span> <span class='ocrx_word' id='word_1_581' title='bbox 1171 2088 1271 2115; x_wconf 85' lang='grc' dir='ltr'>κτείνει</span> <span class='ocrx_word' id='word_1_582' title='bbox 1297 2089 1346 2123; x_wconf 86' lang='grc' dir='ltr'><strong>μὲν</strong></span> <span class='ocrx_word' id='word_1_583' title='bbox 1367 2089 1503 2124; x_wconf 78' lang='grc' dir='ltr'>οὐδαμῶς,</span> <span class='ocrx_word' id='word_1_584' title='bbox 1525 2091 1608 2116; x_wconf 76' lang='grc' dir='ltr'>οἰκεῖν</span> <span class='ocrx_word' id='word_1_585' title='bbox 1632 2090 1660 2116; x_wconf 82' lang='grc' dir='ltr'>δὲ</span> <span class='ocrx_word' id='word_1_586' title='bbox 1681 2090 1731 2127; x_wconf 83' lang='grc' dir='ltr'>τὴν</span> <span class='ocrx_word' id='word_1_587' title='bbox 1748 2092 1813 2118; x_wconf 77' lang='grc' dir='ltr'>Θεσ-</span> 
     </span>
    </p>
   </div>
   <div class='ocr_carea' id='block_1_90' title="bbox 1031 2133 1813 2172">
    <p class='ocr_par' dir='ltr' id='par_1_90' title="bbox 1031 2133 1813 2172">
     <span class='ocr_line' id='line_1_91' title="bbox 1031 2133 1813 2172; baseline 0.006 -13"><span class='ocrx_word' id='word_1_588' title='bbox 1031 2134 1173 2169; x_wconf 82' lang='grc' dir='ltr'>σαλονίκην</span> <span class='ocrx_word' id='word_1_589' title='bbox 1187 2133 1351 2168; x_wconf 78' lang='grc' dir='ltr'>προσέταξεν</span> <span class='ocrx_word' id='word_1_590' title='bbox 1363 2134 1543 2169; x_wconf 71' lang='grc' dir='ltr'>ἡσυχάζοντα.</span> <span class='ocrx_word' id='word_1_591' title='bbox 1563 2135 1593 2163; x_wconf 80' lang='grc'><strong>’0</strong></span> <span class='ocrx_word' id='word_1_592' title='bbox 1604 2136 1631 2162; x_wconf 73' lang='grc' dir='ltr'><strong>δὲ</strong></span> <span class='ocrx_word' id='word_1_593' title='bbox 1646 2137 1712 2172; x_wconf 83' lang='grc' dir='ltr'>πρὸς</span> <span class='ocrx_word' id='word_1_594' title='bbox 1729 2138 1813 2171; x_wconf 66' lang='grc' dir='ltr'>ὀλίγον</span> 
     </span>
    </p>
   </div>
   <div class='ocr_carea' id='block_1_91' title="bbox 1029 2178 1812 2216">
    <p class='ocr_par' dir='ltr' id='par_1_91' title="bbox 1029 2178 1812 2216">
     <span class='ocr_line' id='line_1_92' title="bbox 1029 2178 1812 2216; baseline 0.005 -12"><span class='ocrx_word' id='word_1_595' title='bbox 1029 2179 1180 2214; x_wconf 77' lang='grc' dir='ltr'>ἡσυχάσας,</span> <span class='ocrx_word' id='word_1_596' title='bbox 1211 2178 1323 2213; x_wconf 78' lang='grc' dir='ltr'>ὕστερον</span> <span class='ocrx_word' id='word_1_597' title='bbox 1358 2179 1512 2214; x_wconf 79' lang='grc' dir='ltr'>βαρϐάρους</span> <span class='ocrx_word' id='word_1_598' title='bbox 1540 2181 1617 2212; x_wconf 82' lang='grc' dir='ltr'>τινὰς</span> <span class='ocrx_word' id='word_1_599' title='bbox 1645 2183 1812 2216; x_wconf 74' lang='grc' dir='ltr'>συναγαγὼν,</span> 
     </span>
    </p>
   </div>
   <div class='ocr_carea' id='block_1_92' title="bbox 1030 2221 1814 2261">
    <p class='ocr_par' dir='ltr' id='par_1_92' title="bbox 1030 2221 1814 2261">
     <span class='ocr_line' id='line_1_93' title="bbox 1030 2221 1814 2261; baseline 0.005 -11"><span class='ocrx_word' id='word_1_600' title='bbox 1030 2223 1254 2258; x_wconf 78' lang='grc' dir='ltr'>ἀναμαχέσασθαι</span> <span class='ocrx_word' id='word_1_601' title='bbox 1271 2224 1319 2259; x_wconf 79' lang='grc' dir='ltr'><strong>τὴν</strong></span> <span class='ocrx_word' id='word_1_602' title='bbox 1338 2221 1422 2259; x_wconf 77' lang='grc' dir='ltr'>ἧτταν</span> <span class='ocrx_word' id='word_1_603' title='bbox 1443 2225 1617 2258; x_wconf 81' lang='grc' dir='ltr'>ἐσπούδαζεν.</span> <span class='ocrx_word' id='word_1_604' title='bbox 1634 2227 1718 2253; x_wconf 79' lang='grc' dir='ltr'>Τοῦτο</span> <span class='ocrx_word' id='word_1_605' title='bbox 1739 2230 1814 2261; x_wconf 74' lang='grc' dir='ltr'>γνοὺς</span> 
     </span>
    </p>
   </div>
   <div class='ocr_carea' id='block_1_93' title="bbox 188 2267 972 2307">
    <p class='ocr_par' dir='ltr' id='par_1_93' title="bbox 188 2269 972 2306">
     <span class='ocr_line' id='line_1_94' title="bbox 188 2269 972 2306; baseline -0.001 -8"><span class='ocrx_word' id='word_1_606' title='bbox 188 2278 316 2306; x_wconf 82' lang='lat' dir='ltr'><strong>reparare</strong></span> <span class='ocrx_word' id='word_1_607' title='bbox 335 2273 450 2297; x_wconf 85' lang='lat' dir='ltr'><strong>conatus</strong></span> <span class='ocrx_word' id='word_1_608' title='bbox 462 2274 513 2297; x_wconf 89' lang='lat' dir='ltr'><strong>est.</strong></span> <span class='ocrx_word' id='word_1_609' title='bbox 530 2269 589 2302; x_wconf 86' lang='lat' dir='ltr'><strong>Quo</strong></span> <span class='ocrx_word' id='word_1_610' title='bbox 611 2273 761 2304; x_wconf 86' lang='lat' dir='ltr'><strong>comperto,</strong></span> <span class='ocrx_word' id='word_1_611' title='bbox 780 2269 972 2297; x_wconf 74' lang='lat' dir='ltr'><strong>Constantinus</strong></span> 
     </span>
    </p>
   </div>
   <div class='ocr_carea' id='block_1_94' title="bbox 1038 2267 1812 2307">
    <p class='ocr_par' dir='ltr' id='par_1_94' title="bbox 1038 2269 1812 2307">
     <span class='ocr_line' id='line_1_95' title="bbox 1038 2269 1812 2307; baseline 0.005 -12"><span class='ocrx_word' id='word_1_612' title='bbox 1038 2271 1043 2295; x_wconf 58' lang='grc' dir='ltr'>ὸ</span> <span class='ocrx_word' id='word_1_613' title='bbox 1061 2269 1196 2304; x_wconf 82' lang='grc' dir='ltr'>βασιλεὺς,</span> <span class='ocrx_word' id='word_1_614' title='bbox 1223 2270 1399 2305; x_wconf 82' lang='grc' dir='ltr'>ἀναιρεθῆναι</span> <span class='ocrx_word' id='word_1_615' title='bbox 1425 2271 1505 2298; x_wconf 69' lang='grc' dir='ltr'>αὑτὸν</span> <span class='ocrx_word' id='word_1_616' title='bbox 1527 2272 1686 2307; x_wconf 84' lang='grc' dir='ltr'>προσέταξε.</span> <span class='ocrx_word' id='word_1_617' title='bbox 1703 2273 1755 2299; x_wconf 66' lang='grc' dir='ltr'>Καὶ</span> <span class='ocrx_word' id='word_1_618' title='bbox 1769 2283 1812 2300; x_wconf 82' lang='grc' dir='ltr'>κε-</span> 
     </span>
    </p>
   </div>
   <div class='ocr_carea' id='block_1_95' title="bbox 187 2315 977 2350">
    <p class='ocr_par' dir='ltr' id='par_1_95' title="bbox 187 2315 977 2350">
     <span class='ocr_line' id='line_1_96' title="bbox 187 2315 977 2350; baseline -0.003 -7"><span class='ocrx_word' id='word_1_619' title='bbox 187 2325 250 2343; x_wconf 91' lang='lat' dir='ltr'><strong>eum</strong></span> <span class='ocrx_word' id='word_1_620' title='bbox 268 2316 361 2343; x_wconf 83' lang='lat' dir='ltr'><strong>necari</strong></span> <span class='ocrx_word' id='word_1_621' title='bbox 381 2315 539 2342; x_wconf 86' lang='lat' dir='ltr'><strong>mandavit:</strong></span> <span class='ocrx_word' id='word_1_622' title='bbox 559 2316 674 2350; x_wconf 81' lang='lat' dir='ltr'><strong>ejusque</strong></span> <span class='ocrx_word' id='word_1_623' title='bbox 688 2316 764 2350; x_wconf 89' lang='lat' dir='ltr'><strong>jussu</strong></span> <span class='ocrx_word' id='word_1_624' title='bbox 790 2315 912 2343; x_wconf 80' lang='lat' dir='ltr'><strong>Licinius</strong></span> <span class='ocrx_word' id='word_1_625' title='bbox 934 2319 977 2342; x_wconf 89' lang='lat' dir='ltr'><strong>est</strong></span> 
     </span>
    </p>
   </div>
   <div class='ocr_carea' id='block_1_96' title="bbox 188 2359 976 2395">
    <p class='ocr_par' dir='ltr' id='par_1_96' title="bbox 188 2359 976 2395">
     <span class='ocr_line' id='line_1_97' title="bbox 188 2359 976 2395; baseline 0 -8"><span class='ocrx_word' id='word_1_626' title='bbox 188 2359 304 2387; x_wconf 81' lang='lat' dir='ltr'><strong>occisus.</strong></span> <span class='ocrx_word' id='word_1_627' title='bbox 318 2361 356 2387; x_wconf 88' lang='lat' dir='ltr'><strong>lla</strong></span> <span class='ocrx_word' id='word_1_628' title='bbox 368 2361 565 2387; x_wconf 86' lang='lat' dir='ltr'><strong>Constantinus</strong></span> <span class='ocrx_word' id='word_1_629' title='bbox 578 2360 660 2387; x_wconf 88' lang='lat' dir='ltr'><strong>totius</strong></span> <span class='ocrx_word' id='word_1_630' title='bbox 671 2361 746 2388; x_wconf 84' lang='lat' dir='ltr'><strong>orbis</strong></span> <span class='ocrx_word' id='word_1_631' title='bbox 760 2361 874 2388; x_wconf 80' lang='lat' dir='ltr'><strong>Romani</strong></span> <span class='ocrx_word' id='word_1_632' title='bbox 889 2362 976 2395; x_wconf 89' lang='lat' dir='ltr'><strong>impe-</strong></span> 
     </span>
    </p>
   </div>
   <div class='ocr_carea' id='block_1_97' title="bbox 190 2405 975 2442">
    <p class='ocr_par' dir='ltr' id='par_1_97' title="bbox 190 2405 975 2442">
     <span class='ocr_line' id='line_1_98' title="bbox 190 2405 975 2442; baseline 0.004 -10"><span class='ocrx_word' id='word_1_633' title='bbox 190 2407 260 2433; x_wconf 91' lang='lat' dir='ltr'><strong>rium</strong></span> <span class='ocrx_word' id='word_1_634' title='bbox 279 2406 405 2441; x_wconf 78' lang='lat' dir='ltr'><strong>adeptus,</strong></span> <span class='ocrx_word' id='word_1_635' title='bbox 418 2411 445 2433; x_wconf 89' lang='lat' dir='ltr'><strong>ct</strong></span> <span class='ocrx_word' id='word_1_636' title='bbox 465 2407 529 2441; x_wconf 87' lang='lat' dir='ltr'><strong>imp.</strong></span> <span class='ocrx_word' id='word_1_637' title='bbox 552 2410 633 2441; x_wconf 87' lang='lat' dir='ltr'><strong>atque</strong></span> <span class='ocrx_word' id='word_1_638' title='bbox 653 2405 791 2442; x_wconf 76' lang='lat' dir='ltr'><strong>Augustus</strong></span> <span class='ocrx_word' id='word_1_639' title='bbox 813 2409 975 2442; x_wconf 88' lang='lat' dir='ltr'><strong>appellatus,</strong></span> 
     </span>
    </p>
   </div>
   <div class='ocr_carea' id='block_1_98' title="bbox 189 2451 977 2486">
    <p class='ocr_par' dir='ltr' id='par_1_98' title="bbox 189 2451 977 2486">
     <span class='ocr_line' id='line_1_99' title="bbox 189 2451 977 2486; baseline 0.003 -8"><span class='ocrx_word' id='word_1_640' title='bbox 189 2451 280 2478; x_wconf 88' lang='lat' dir='ltr'><strong>denuo</strong></span> <span class='ocrx_word' id='word_1_641' title='bbox 296 2451 329 2478; x_wconf 86' lang='lat' dir='ltr'><strong>ad</strong></span> <span class='ocrx_word' id='word_1_642' title='bbox 344 2459 387 2478; x_wconf 90' lang='lat' dir='ltr'><strong>res</strong></span> <span class='ocrx_word' id='word_1_643' title='bbox 399 2451 619 2478; x_wconf 86' lang='lat' dir='ltr'><strong>Christianorum</strong></span> <span class='ocrx_word' id='word_1_644' title='bbox 637 2452 841 2486; x_wconf 86' lang='lat' dir='ltr'><strong>ampliﬁcandas</strong></span> <span class='ocrx_word' id='word_1_645' title='bbox 856 2453 977 2480; x_wconf 78' lang='lat' dir='ltr'><strong>stadim</strong></span> 
     </span>
    </p>
   </div>
   <div class='ocr_carea' id='block_1_99' title="bbox 190 2497 978 2532">
    <p class='ocr_par' dir='ltr' id='par_1_99' title="bbox 190 2497 978 2532">
     <span class='ocr_line' id='line_1_100' title="bbox 190 2497 978 2532; baseline -0.001 -7"><span class='ocrx_word' id='word_1_646' title='bbox 190 2505 270 2525; x_wconf 86' lang='lat' dir='ltr'><strong>suum</strong></span> <span class='ocrx_word' id='word_1_647' title='bbox 292 2497 419 2524; x_wconf 86' lang='lat' dir='ltr'><strong>contulit.</strong></span> <span class='ocrx_word' id='word_1_648' title='bbox 440 2497 517 2530; x_wconf 82' lang='lat' dir='ltr'><strong>Quod</strong></span> <span class='ocrx_word' id='word_1_649' title='bbox 541 2498 651 2532; x_wconf 89' lang='lat' dir='ltr'><strong>quidem</strong></span> <span class='ocrx_word' id='word_1_650' title='bbox 670 2499 756 2525; x_wconf 87' lang='lat' dir='ltr'><strong>variis</strong></span> <span class='ocrx_word' id='word_1_651' title='bbox 769 2499 858 2526; x_wconf 88' lang='lat' dir='ltr'><strong>modis</strong></span> <span class='ocrx_word' id='word_1_652' title='bbox 877 2499 912 2525; x_wconf 90' lang='lat' dir='ltr'><strong>ab</strong></span> <span class='ocrx_word' id='word_1_653' title='bbox 932 2498 978 2525; x_wconf 89' lang='lat' dir='ltr'><strong>illo</strong></span> 
     </span>
    </p>
   </div>
   <div class='ocr_carea' id='block_1_100' title="bbox 190 2543 979 2580">
    <p class='ocr_par' dir='ltr' id='par_1_100' title="bbox 190 2543 979 2580">
     <span class='ocr_line' id='line_1_101' title="bbox 190 2543 979 2580; baseline 0 -10"><span class='ocrx_word' id='word_1_654' title='bbox 190 2547 233 2570; x_wconf 88' lang='lat' dir='ltr'><strong>est</strong></span> <span class='ocrx_word' id='word_1_655' title='bbox 244 2543 395 2578; x_wconf 61' lang='lat' dir='ltr'><strong>prrestitum</strong></span> <span class='ocrx_word' id='word_1_656' title='bbox 406 2553 412 2570; x_wconf 72' lang='grc' dir='ltr'>ε</span> <span class='ocrx_word' id='word_1_657' title='bbox 423 2543 492 2571; x_wconf 89' lang='lat' dir='ltr'><strong>adeo</strong></span> <span class='ocrx_word' id='word_1_658' title='bbox 505 2548 534 2570; x_wconf 91' lang='lat' dir='ltr'><strong>ut</strong></span> <span class='ocrx_word' id='word_1_659' title='bbox 549 2545 609 2579; x_wconf 84' lang='lat' dir='ltr'><strong>ejus</strong></span> <span class='ocrx_word' id='word_1_660' title='bbox 617 2552 700 2580; x_wconf 89' lang='lat' dir='ltr'><strong>opera</strong></span> <span class='ocrx_word' id='word_1_661' title='bbox 709 2552 752 2572; x_wconf 89' lang='lat' dir='ltr'><strong>res</strong></span> <span class='ocrx_word' id='word_1_662' title='bbox 760 2544 979 2571; x_wconf 83' lang='lat' dir='ltr'><strong>Christianorum</strong></span> 
     </span>
    </p>
   </div>
   <div class='ocr_carea' id='block_1_101' title="bbox 1030 2315 1807 2351">
    <p class='ocr_par' dir='ltr' id='par_1_101' title="bbox 1030 2315 1807 2351">
     <span class='ocr_line' id='line_1_102' title="bbox 1030 2315 1807 2351; baseline 0.005 -9"><span class='ocrx_word' id='word_1_663' title='bbox 1030 2315 1174 2346; x_wconf 81' lang='grc' dir='ltr'>λεὺσαντος</span> <span class='ocrx_word' id='word_1_664' title='bbox 1188 2315 1269 2341; x_wconf 77' lang='grc' dir='ltr'>αὑτοῦ</span> <span class='ocrx_word' id='word_1_665' title='bbox 1281 2316 1411 2351; x_wconf 75' lang='grc' dir='ltr'>ἀνῃρέθη.</span> <span class='ocrx_word' id='word_1_666' title='bbox 1426 2317 1628 2349; x_wconf 81' lang='grc' dir='ltr'>Κωνσταντῑνος</span> <span class='ocrx_word' id='word_1_667' title='bbox 1643 2318 1732 2345; x_wconf 80' lang='grc' dir='ltr'>τοίνυν</span> <span class='ocrx_word' id='word_1_668' title='bbox 1751 2320 1807 2346; x_wconf 71' lang='grc' dir='ltr'>πάν»</span> 
     </span>
    </p>
   </div>
   <div class='ocr_carea' id='block_1_102' title="bbox 1030 2361 1812 2399">
    <p class='ocr_par' dir='ltr' id='par_1_102' title="bbox 1030 2361 1812 2399">
     <span class='ocr_line' id='line_1_103' title="bbox 1030 2361 1812 2399; baseline 0.005 -12"><span class='ocrx_word' id='word_1_669' title='bbox 1030 2370 1083 2387; x_wconf 84' lang='grc' dir='ltr'><strong>των</strong></span> <span class='ocrx_word' id='word_1_670' title='bbox 1095 2361 1237 2396; x_wconf 81' lang='grc' dir='ltr'>γενόμενος</span> <span class='ocrx_word' id='word_1_671' title='bbox 1248 2361 1393 2396; x_wconf 82' lang='grc' dir='ltr'>ἐγκρατὴς,</span> <span class='ocrx_word' id='word_1_672' title='bbox 1403 2363 1581 2398; x_wconf 62' lang='grc' dir='ltr'>αὺτοκράτωρ</span> <span class='ocrx_word' id='word_1_673' title='bbox 1589 2372 1616 2390; x_wconf 90' lang='grc' dir='ltr'><strong>τε</strong></span> <span class='ocrx_word' id='word_1_674' title='bbox 1628 2364 1812 2399; x_wconf 59' lang='grc' dir='ltr'>βασιλεὺςῌᾼ)</span> 
     </span>
    </p>
   </div>
   <div class='ocr_carea' id='block_1_103' title="bbox 1031 2406 1809 2442">
    <p class='ocr_par' dir='ltr' id='par_1_103' title="bbox 1031 2406 1809 2442">
     <span class='ocr_line' id='line_1_104' title="bbox 1031 2406 1809 2442; baseline 0.005 -10"><span class='ocrx_word' id='word_1_675' title='bbox 1031 2406 1207 2442; x_wconf 77' lang='grc' dir='ltr'>ἀναδειχθεὶς,</span> <span class='ocrx_word' id='word_1_676' title='bbox 1222 2406 1255 2433; x_wconf 78' lang='grc' dir='ltr'>τὰ</span> <span class='ocrx_word' id='word_1_677' title='bbox 1268 2407 1437 2442; x_wconf 75' lang='grc' dir='ltr'>Χριστιανῶν</span> <span class='ocrx_word' id='word_1_678' title='bbox 1449 2406 1527 2439; x_wconf 77' lang='grc' dir='ltr'>αὖθις</span> <span class='ocrx_word' id='word_1_679' title='bbox 1539 2408 1630 2440; x_wconf 77' lang='grc' dir='ltr'>αὔξειν</span> <span class='ocrx_word' id='word_1_680' title='bbox 1644 2409 1809 2442; x_wconf 78' lang='grc' dir='ltr'>ἐσπούδαζεν.</span> 
     </span>
    </p>
   </div>
   <div class='ocr_carea' id='block_1_104' title="bbox 1038 2452 1811 2492">
    <p class='ocr_par' dir='ltr' id='par_1_104' title="bbox 1038 2452 1811 2492">
     <span class='ocr_line' id='line_1_105' title="bbox 1038 2452 1811 2492; baseline 0.004 -14"><span class='ocrx_word' id='word_1_681' title='bbox 1038 2452 1139 2478; x_wconf 83' lang='grc' dir='ltr'>Ἐποίει</span> <span class='ocrx_word' id='word_1_682' title='bbox 1154 2461 1183 2478; x_wconf 91' lang='grc' dir='ltr'><strong>τε</strong></span> <span class='ocrx_word' id='word_1_683' title='bbox 1198 2452 1276 2479; x_wconf 77' lang='grc' dir='ltr'>τοῦτο</span> <span class='ocrx_word' id='word_1_684' title='bbox 1294 2453 1428 2488; x_wconf 74' lang='grc' dir='ltr'>διαφόρως</span> <span class='ocrx_word' id='word_1_685' title='bbox 1442 2461 1448 2468; x_wconf 84' lang='grc'><em>’</em></span> <span class='ocrx_word' id='word_1_686' title='bbox 1466 2454 1512 2480; x_wconf 83' lang='grc' dir='ltr'>καὶ</span> <span class='ocrx_word' id='word_1_687' title='bbox 1526 2452 1559 2489; x_wconf 81' lang='grc' dir='ltr'>ἧν</span> <span class='ocrx_word' id='word_1_688' title='bbox 1574 2455 1603 2480; x_wconf 81' lang='grc' dir='ltr'><strong>ἐν</strong></span> <span class='ocrx_word' id='word_1_689' title='bbox 1616 2454 1711 2490; x_wconf 75' lang='grc' dir='ltr'>βαθείᾳ</span> <span class='ocrx_word' id='word_1_690' title='bbox 1725 2457 1811 2492; x_wconf 77' lang='grc' dir='ltr'>είρήνῃ</span> 
     </span>
    </p>
   </div>
   <div class='ocr_carea' id='block_1_105' title="bbox 1032 2497 1810 2535">
    <p class='ocr_par' dir='ltr' id='par_1_105' title="bbox 1032 2497 1810 2535">
     <span class='ocr_line' id='line_1_106' title="bbox 1032 2497 1810 2535; baseline 0.005 -12"><span class='ocrx_word' id='word_1_691' title='bbox 1032 2497 1066 2524; x_wconf 75' lang='grc' dir='ltr'>τὰ</span> <span class='ocrx_word' id='word_1_692' title='bbox 1086 2497 1131 2523; x_wconf 76' lang='grc' dir='ltr'>τοῦ</span> <span class='ocrx_word' id='word_1_693' title='bbox 1153 2497 1368 2532; x_wconf 81' lang='grc' dir='ltr'>Χριστιανισμοῦ</span> <span class='ocrx_word' id='word_1_694' title='bbox 1394 2498 1428 2524; x_wconf 80' lang='grc' dir='ltr'><strong>δι’</strong></span> <span class='ocrx_word' id='word_1_695' title='bbox 1444 2498 1534 2525; x_wconf 83' lang='grc' dir='ltr'>αὐτόν.</span> <span class='ocrx_word' id='word_1_696' title='bbox 1562 2499 1642 2526; x_wconf 81' lang='grc' dir='ltr'>Ἀλλὰ</span> <span class='ocrx_word' id='word_1_697' title='bbox 1659 2500 1690 2534; x_wconf 75' lang='grc' dir='ltr'>δὴ</span> <span class='ocrx_word' id='word_1_698' title='bbox 1706 2501 1752 2535; x_wconf 84' lang='grc' dir='ltr'>τὴν</span> <span class='ocrx_word' id='word_1_699' title='bbox 1765 2510 1810 2535; x_wconf 86' lang='grc' dir='ltr'><strong>τη-</strong></span> 
     </span>
    </p>
   </div>
   <div class='ocr_carea' id='block_1_106' title="bbox 1033 2543 1809 2581">
    <p class='ocr_par' dir='ltr' id='par_1_106' title="bbox 1033 2543 1809 2581">
     <span class='ocr_line' id='line_1_107' title="bbox 1033 2543 1809 2581; baseline 0.003 -11"><span class='ocrx_word' id='word_1_700' title='bbox 1033 2543 1164 2578; x_wconf 78' lang='grc' dir='ltr'>λικαύτην</span> <span class='ocrx_word' id='word_1_701' title='bbox 1177 2544 1288 2579; x_wconf 79' lang='grc' dir='ltr'>εἰρήνην</span> <span class='ocrx_word' id='word_1_702' title='bbox 1306 2543 1434 2579; x_wconf 73' lang='grc' dir='ltr'><strong>ἐμφύλιος</strong></span> <span class='ocrx_word' id='word_1_703' title='bbox 1446 2544 1499 2570; x_wconf 84' lang='grc' dir='ltr'><strong>τῶν</strong></span> <span class='ocrx_word' id='word_1_704' title='bbox 1515 2545 1687 2579; x_wconf 78' lang='grc' dir='ltr'>Χριστιανῶν</span> <span class='ocrx_word' id='word_1_705' title='bbox 1703 2546 1809 2581; x_wconf 78' lang='grc' dir='ltr'>πόλεμος</span> 
     </span>
    </p>
   </div>
   <div class='ocr_carea' id='block_1_107' title="bbox 792 2611 1225 2640">
    <p class='ocr_par' dir='ltr' id='par_1_107' title="bbox 792 2611 1225 2640">
     <span class='ocr_line' id='line_1_108' title="bbox 792 2611 1225 2640; baseline 0.002 -2"><span class='ocrx_word' id='word_1_706' title='bbox 792 2611 928 2639; x_wconf 82' lang='lat' dir='ltr'><strong>VALESH</strong></span> <span class='ocrx_word' id='word_1_707' title='bbox 948 2611 1225 2640; x_wconf 77' lang='lat' dir='ltr'><strong>ANNOTATIONES.</strong></span> 
     </span>
    </p>
   </div>
   <div class='ocr_carea' id='block_1_108' title="bbox 228 2670 980 2707">
    <p class='ocr_par' dir='ltr' id='par_1_108' title="bbox 228 2670 980 2707">
     <span class='ocr_line' id='line_1_109' title="bbox 228 2670 980 2707; baseline 0 -9"><span class='ocrx_word' id='word_1_708' title='bbox 228 2670 284 2707; x_wconf 68' lang='grc' dir='ltr'><strong>(υ)</strong></span> <span class='ocrx_word' id='word_1_709' title='bbox 297 2671 490 2706; x_wconf 77' lang='grc' dir='ltr'>Αὐτοκράτωρ</span> <span class='ocrx_word' id='word_1_710' title='bbox 511 2671 559 2698; x_wconf 79' lang='grc' dir='ltr'><strong>καί</strong></span> <span class='ocrx_word' id='word_1_711' title='bbox 573 2671 733 2703; x_wconf 80' lang='grc' dir='ltr'>βασιλεύς.</span> <span class='ocrx_word' id='word_1_712' title='bbox 746 2670 776 2696; x_wconf 92' lang='lat' dir='ltr'><strong>ln</strong></span> <span class='ocrx_word' id='word_1_713' title='bbox 790 2670 883 2698; x_wconf 86' lang='lat' dir='ltr'><strong>codice</strong></span> <span class='ocrx_word' id='word_1_714' title='bbox 895 2671 980 2707; x_wconf 79' lang='lat' dir='ltr'><strong>Regio</strong></span> 
     </span>
    </p>
   </div>
   <div class='ocr_carea' id='block_1_109' title="bbox 192 2706 981 2740">
    <p class='ocr_par' dir='ltr' id='par_1_109' title="bbox 192 2706 981 2740">
     <span class='ocr_line' id='line_1_110' title="bbox 192 2706 981 2740; baseline -0.003 -6"><span class='ocrx_word' id='word_1_715' title='bbox 192 2711 221 2734; x_wconf 80' lang='lat' dir='ltr'><strong>et</strong></span> <span class='ocrx_word' id='word_1_716' title='bbox 243 2706 403 2734; x_wconf 86' lang='lat' dir='ltr'><strong>Florentino</strong></span> <span class='ocrx_word' id='word_1_717' title='bbox 425 2707 502 2734; x_wconf 86' lang='lat' dir='ltr'><strong>deest</strong></span> <span class='ocrx_word' id='word_1_718' title='bbox 523 2707 659 2740; x_wconf 85' lang='lat' dir='ltr'><strong>particula</strong></span> <span class='ocrx_word' id='word_1_719' title='bbox 679 2707 736 2737; x_wconf 73' lang='grc' dir='ltr'>καὶ,</span> <span class='ocrx_word' id='word_1_720' title='bbox 749 2713 830 2740; x_wconf 90' lang='lat' dir='ltr'><strong>quam</strong></span> <span class='ocrx_word' id='word_1_721' title='bbox 843 2706 981 2740; x_wconf 84' lang='lat' dir='ltr'><strong>supplevit</strong></span> 
     </span>
    </p>
   </div>
   <div class='ocr_carea' id='block_1_110' title="bbox 192 2714 979 2776">
    <p class='ocr_par' dir='ltr' id='par_1_110' title="bbox 192 2714 979 2776">
     <span class='ocr_line' id='line_1_111' title="bbox 192 2714 979 2740; baseline -0.003 -6"><span class='ocrx_word' id='word_1_722' title='bbox 192 2714 221 2734; x_wconf 80' lang='lat' dir='ltr'><strong>et</strong></span> <span class='ocrx_word' id='word_1_723' title='bbox 243 2714 403 2734; x_wconf 65' lang='lat' dir='ltr'><strong>ﬂorentino</strong></span> <span class='ocrx_word' id='word_1_724' title='bbox 425 2714 502 2734; x_wconf 82' lang='lat' dir='ltr'><strong>ueest</strong></span> <span class='ocrx_word' id='word_1_725' title='bbox 544 2714 659 2733; x_wconf 78' lang='lat' dir='ltr'><strong>anicula</strong></span> <span class='ocrx_word' id='word_1_726' title='bbox 679 2714 736 2737; x_wconf 84' lang='grc' dir='ltr'>και,</span> <span class='ocrx_word' id='word_1_727' title='bbox 749 2714 830 2740; x_wconf 90' lang='lat' dir='ltr'><strong>quam</strong></span> <span class='ocrx_word' id='word_1_728' title='bbox 843 2714 979 2740; x_wconf 73' lang='lat' dir='ltr'><strong>suppleri:</strong></span> 
     </span>
     <span class='ocr_line' id='line_1_112' title="bbox 192 2714 979 2776; baseline -0.003 -7"><span class='ocrx_word' id='word_1_729' title='bbox 192 2741 465 2776; x_wconf 86' lang='lat' dir='ltr'><strong>Christophorsonus.</strong></span> <span class='ocrx_word' id='word_1_730' title='bbox 488 2714 554 2768; x_wconf 50' lang='lat' dir='ltr'><strong>Milli</strong></span> <span class='ocrx_word' id='word_1_731' title='bbox 579 2749 635 2767; x_wconf 90' lang='lat' dir='ltr'><strong>non</strong></span> <span class='ocrx_word' id='word_1_732' title='bbox 656 2740 802 2767; x_wconf 88' lang='lat' dir='ltr'><strong>admodum</strong></span> <span class='ocrx_word' id='word_1_733' title='bbox 824 2741 979 2776; x_wconf 78' lang='lat' dir='ltr'><strong>necessaria</strong></span> 
     </span>
    </p>
   </div>
   <div class='ocr_carea' id='block_1_111' title="bbox 192 2775 978 2810">
    <p class='ocr_par' dir='ltr' id='par_1_111' title="bbox 192 2775 978 2810">
     <span class='ocr_line' id='line_1_113' title="bbox 192 2775 978 2810; baseline -0.001 -8"><span class='ocrx_word' id='word_1_734' title='bbox 192 2775 312 2804; x_wconf 46' lang='lat' dir='ltr'><strong>videtur:</strong></span> <span class='ocrx_word' id='word_1_735' title='bbox 325 2776 401 2810; x_wconf 83' lang='lat' dir='ltr'><strong>Quod</strong></span> <span class='ocrx_word' id='word_1_736' title='bbox 415 2777 437 2804; x_wconf 89' lang='lat' dir='ltr'><strong>si</strong></span> <span class='ocrx_word' id='word_1_737' title='bbox 457 2784 517 2804; x_wconf 87' lang='lat' dir='ltr'><strong>eam</strong></span> <span class='ocrx_word' id='word_1_738' title='bbox 533 2776 652 2802; x_wconf 78' lang='lat' dir='ltr'><strong>retinere</strong></span> <span class='ocrx_word' id='word_1_739' title='bbox 665 2776 844 2807; x_wconf 84' lang='lat' dir='ltr'><strong>voluerimus,</strong></span> <span class='ocrx_word' id='word_1_740' title='bbox 857 2781 914 2802; x_wconf 89' lang='lat' dir='ltr'><strong>tum</strong></span> <span class='ocrx_word' id='word_1_741' title='bbox 929 2775 978 2810; x_wconf 77' lang='grc' dir='ltr'><strong>βα-</strong></span> 
     </span>
    </p>
   </div>
   <div class='ocr_carea' id='block_1_112' title="bbox 196 2810 976 2848">
    <p class='ocr_par' dir='ltr' id='par_1_112' title="bbox 196 2810 976 2848">
     <span class='ocr_line' id='line_1_114' title="bbox 196 2810 976 2848; baseline 0 -10"><span class='ocrx_word' id='word_1_742' title='bbox 196 2810 285 2843; x_wconf 85' lang='grc' dir='ltr'>σιλεὺς</span> <span class='ocrx_word' id='word_1_743' title='bbox 296 2811 446 2848; x_wconf 74' lang='lat' dir='ltr'><strong>Augustum</strong></span> <span class='ocrx_word' id='word_1_744' title='bbox 458 2811 631 2848; x_wconf 73' lang='lat' dir='ltr'><strong>signiﬁcabit,</strong></span> <span class='ocrx_word' id='word_1_745' title='bbox 644 2818 700 2839; x_wconf 90' lang='lat' dir='ltr'><strong>non</strong></span> <span class='ocrx_word' id='word_1_746' title='bbox 719 2816 747 2838; x_wconf 91' lang='lat' dir='ltr'><strong>ut</strong></span> <span class='ocrx_word' id='word_1_747' title='bbox 759 2811 842 2839; x_wconf 86' lang='lat' dir='ltr'><strong>vertit</strong></span> <span class='ocrx_word' id='word_1_748' title='bbox 853 2811 976 2840; x_wconf 83' lang='lat' dir='ltr'><strong>Christu-</strong></span> 
     </span>
    </p>
   </div>
   <div class='ocr_carea' id='block_1_113' title="bbox 1033 2670 1809 2706">
    <p class='ocr_par' dir='ltr' id='par_1_113' title="bbox 1033 2670 1809 2706">
     <span class='ocr_line' id='line_1_115' title="bbox 1033 2670 1809 2706; baseline 0 -8"><span class='ocrx_word' id='word_1_749' title='bbox 1033 2671 1200 2706; x_wconf 86' lang='lat' dir='ltr'><strong>pborsonus,</strong></span> <span class='ocrx_word' id='word_1_750' title='bbox 1214 2679 1306 2706; x_wconf 80' lang='lat' dir='ltr'><strong>regem</strong></span> <span class='ocrx_word' id='word_1_751' title='bbox 1341 2670 1445 2698; x_wconf 82' lang='lat' dir='ltr'><strong>Alludit</strong></span> <span class='ocrx_word' id='word_1_752' title='bbox 1457 2675 1549 2698; x_wconf 86' lang='lat' dir='ltr'><strong>autem</strong></span> <span class='ocrx_word' id='word_1_753' title='bbox 1564 2671 1690 2699; x_wconf 88' lang='lat' dir='ltr'><strong>Socrates</strong></span> <span class='ocrx_word' id='word_1_754' title='bbox 1701 2671 1734 2698; x_wconf 90' lang='lat' dir='ltr'><strong>ad</strong></span> <span class='ocrx_word' id='word_1_755' title='bbox 1746 2671 1809 2698; x_wconf 90' lang='lat' dir='ltr'><strong>mili-</strong></span> 
     </span>
    </p>
   </div>
   <div class='ocr_carea' id='block_1_114' title="bbox 1034 2707 1807 2742">
    <p class='ocr_par' dir='ltr' id='par_1_114' title="bbox 1034 2707 1807 2742">
     <span class='ocr_line' id='line_1_116' title="bbox 1034 2707 1807 2742; baseline 0.003 -10"><span class='ocrx_word' id='word_1_756' title='bbox 1034 2710 1090 2733; x_wconf 94' lang='lat' dir='ltr'><strong>tum</strong></span> <span class='ocrx_word' id='word_1_757' title='bbox 1114 2707 1334 2738; x_wconf 78' lang='lat' dir='ltr'><strong>aeclamationes,</strong></span> <span class='ocrx_word' id='word_1_758' title='bbox 1355 2707 1401 2741; x_wconf 90' lang='lat' dir='ltr'><strong>qui</strong></span> <span class='ocrx_word' id='word_1_759' title='bbox 1423 2711 1485 2741; x_wconf 87' lang='lat' dir='ltr'><strong>post</strong></span> <span class='ocrx_word' id='word_1_760' title='bbox 1508 2707 1643 2742; x_wconf 84' lang='lat' dir='ltr'><strong>insignem</strong></span> <span class='ocrx_word' id='word_1_761' title='bbox 1665 2707 1807 2739; x_wconf 86' lang='lat' dir='ltr'><strong>victoriam,</strong></span> 
     </span>
    </p>
   </div>
   <div class='ocr_carea' id='block_1_115' title="bbox 1032 2742 1806 2777">
    <p class='ocr_par' dir='ltr' id='par_1_115' title="bbox 1032 2742 1806 2777">
     <span class='ocr_line' id='line_1_117' title="bbox 1032 2742 1806 2777; baseline 0.003 -10"><span class='ocrx_word' id='word_1_762' title='bbox 1032 2742 1183 2777; x_wconf 83' lang='lat' dir='ltr'><strong>principem</strong></span> <span class='ocrx_word' id='word_1_763' title='bbox 1201 2749 1280 2768; x_wconf 87' lang='lat' dir='ltr'><strong>suum</strong></span> <span class='ocrx_word' id='word_1_764' title='bbox 1302 2742 1497 2776; x_wconf 83' lang='lat' dir='ltr'><strong>imperatorem</strong></span> <span class='ocrx_word' id='word_1_765' title='bbox 1515 2746 1542 2769; x_wconf 86' lang='lat' dir='ltr'><strong>et</strong></span> <span class='ocrx_word' id='word_1_766' title='bbox 1557 2743 1707 2777; x_wconf 81' lang='lat' dir='ltr'><strong>Augustum</strong></span> <span class='ocrx_word' id='word_1_767' title='bbox 1723 2742 1806 2777; x_wconf 76' lang='lat' dir='ltr'><strong>appel-</strong></span> 
     </span>
    </p>
   </div>
   <div class='ocr_carea' id='block_1_116' title="bbox 1031 2776 1806 2813">
    <p class='ocr_par' dir='ltr' id='par_1_116' title="bbox 1031 2776 1806 2813">
     <span class='ocr_line' id='line_1_118' title="bbox 1031 2776 1806 2813; baseline 0.003 -11"><span class='ocrx_word' id='word_1_768' title='bbox 1031 2776 1088 2802; x_wconf 86' lang='lat' dir='ltr'><strong>lare</strong></span> <span class='ocrx_word' id='word_1_769' title='bbox 1101 2781 1308 2813; x_wconf 81' lang='lat' dir='ltr'><strong>consueverant.</strong></span> <span class='ocrx_word' id='word_1_770' title='bbox 1323 2776 1396 2813; x_wconf 82' lang='lat' dir='ltr'><strong>idem</strong></span> <span class='ocrx_word' id='word_1_771' title='bbox 1408 2777 1544 2813; x_wconf 76' lang='lat' dir='ltr'><strong>faciebant</strong></span> <span class='ocrx_word' id='word_1_772' title='bbox 1557 2776 1641 2810; x_wconf 79' lang='lat' dir='ltr'><strong>cives,</strong></span> <span class='ocrx_word' id='word_1_773' title='bbox 1660 2785 1720 2805; x_wconf 89' lang='lat' dir='ltr'><strong>cum</strong></span> <span class='ocrx_word' id='word_1_774' title='bbox 1739 2776 1806 2813; x_wconf 74' lang='lat' dir='ltr'><strong>priu-</strong></span> 
     </span>
    </p>
   </div>
   <div class='ocr_carea' id='block_1_117' title="bbox 1030 2812 1499 2845">
    <p class='ocr_par' dir='ltr' id='par_1_117' title="bbox 1030 2812 1499 2845">
     <span class='ocr_line' id='line_1_119' title="bbox 1030 2812 1499 2845; baseline 0.002 -8"><span class='ocrx_word' id='word_1_775' title='bbox 1030 2818 1094 2845; x_wconf 88' lang='lat' dir='ltr'><strong>ceps</strong></span> <span class='ocrx_word' id='word_1_776' title='bbox 1106 2812 1192 2840; x_wconf 80' lang='lat' dir='ltr'><strong>victor</strong></span> <span class='ocrx_word' id='word_1_777' title='bbox 1206 2812 1233 2840; x_wconf 92' lang='lat' dir='ltr'><strong>in</strong></span> <span class='ocrx_word' id='word_1_778' title='bbox 1253 2812 1350 2839; x_wconf 85' lang='lat' dir='ltr'><strong>urbem</strong></span> <span class='ocrx_word' id='word_1_779' title='bbox 1362 2812 1499 2840; x_wconf 82' lang='lat' dir='ltr'><strong>introiret.</strong></span> 
     </span>
    </p>
   </div>
  </div>
