1887 3058
83 142 122 170 53
593 141 758 170 HISTORIA
777 140 1055 170 ECCLESIASTICA.
1075 156 1109 161 —
1131 141 1196 169 LIB.
1216 141 1237 169 I.
1685 141 1720 170 55

84 199 331 236 μαρτυρήσαντος,
346 198 470 229 Μελίτιὸς
484 205 523 229 τις
538 202 550 215 ιι
565 198 629 232 μιᾶς
643 197 697 224 τῶν
713 197 741 224 ὲν
753 197 880 233 Αἰγύπτῳ

945 195 1048 224 litionis
1063 204 1096 224 ac
1115 196 1250 224 tumultus
1267 196 1415 231 participes
1438 196 1610 224 exstiterunt.
1632 196 1720 225 Caete-

83 246 194 272 πολεων
208 245 362 276 ἐπίσκοπος
374 243 524 280 καθῃρέθη,
539 243 571 269 δι’
587 242 669 275 ἄλλας
687 251 717 270 τε
730 242 829 275 πολλὰς
841 243 882 270 ai-

83 291 149 323 τίας
161 310 169 322 ,
186 291 234 317 καὶ
253 290 372 325 μάλιστα
385 290 425 316 ὅτι
443 291 472 316 ὲν
494 289 532 324 τῷ
554 289 666 324 διωγμῷ
695 289 883 324 ἀρνησάμενος

83 336 138 373 τὴν
159 337 268 367 πίστιν,
287 335 427 362 ἐπέουσεν.
449 331 534 366 Οὗτος
555 334 744 370 καθαιρεθεὶς,
770 335 883 366 πολλοὺς

88 391 121 409 τε
137 382 266 417 ἐσχηκὼς
279 382 346 412 τοὺς
362 380 510 417 ἑπομένους
524 381 608 415 αὐτῷ,
626 380 805 417 αἰρεσιάρχης
816 389 882 407 κατ-

84 427 155 462 έστη
171 426 226 453 τῶν
240 427 306 461 ἄχρι
319 425 366 453 νῦν
389 426 419 457 ἐξ
432 425 514 452 αὑτοῦ
527 426 598 452 κατὰ
610 425 658 461 τὴν
679 426 816 459 Αἴγυπτον
832 426 884 452 Με-

84 472 218 499 λιτιανῶν
234 472 421 507 καλουμένων.
443 471 603 506 Ἀπολογίαν
622 480 652 498 τε
676 472 736 499 οὐδὲ
762 471 824 506 μίαν
840 470 884 497 εὖ-

84 519 169 552 λογον
180 517 252 553 ἔχων
261 517 308 544 τοῦ
319 517 484 552 κεχωρίσθαι
495 517 544 552 τῆς
557 517 730 553 Ἐκκλησίας,
739 517 884 552 ἠδικῆσθαι

86 564 140 599 μὲν
158 564 252 598 ἔλεγεν
270 563 364 590 ἑαυτὸν
378 561 489 595 ἁπλῶς(
509 562 690 598 Ἐκακηγόρει
705 563 734 590 δὲ
747 563 793 590 καὶ
813 563 884 589 ἐλοι-

83 609 163 644 δόρει
179 609 226 636 τὸν
239 609 354 644 Πέτρον.
385 608 465 635 Ἀλλὰ
486 608 589 643 Πέτρος
605 609 655 644 μὲν
669 609 697 635 ὲν
711 609 750 644 τῷ
772 609 884 644 διωγμῷ

86 656 283 692 μαρτυρήσας.
300 654 484 690 ἐτελεύτησεν.
505 654 534 681 '0
548 654 578 681 δὲ
594 655 741 689 μεταφέρει
757 655 805 686 τὰς
830 655 884 682 λοι-

83 701 182 736 δορίας
193 701 243 727 ἐπὶ
267 700 403 735 Ἀχιλλᾶν,
423 700 453 732 ὃς
467 699 536 735 μετὰ
550 700 653 736 Πέτρον
667 701 816 733 ἐπίσκοπος
838 699 882 736 ἦν·

84 747 135 772 καὶ
155 744 235 777 αὖθις
250 746 297 772 ἐπὶ
309 745 355 772 τὸν
371 745 440 781 μετὰ
459 745 585 781 Ἀχιλλᾶν
604 746 786 780 γεγενημένον
806 746 883 773 Ἀλέ-

86 790 213 826 ξανδρον.
234 791 279 817 Ἐν
300 790 405 822 τούτοις
421 790 450 817 δὲ
471 790 650 817 καθεστώτων
672 790 772 823 αὐτῶν,
799 792 884 826 ὲπιγί-

86 845 165 863 νεται
180 836 212 862 τὸ
223 836 296 863 κατὰ
318 836 426 871 Ἄρειον
441 835 562 871 ζήτημα·
577 836 624 863 καὶ
647 837 661 863 ὁ
678 837 804 868 Μελίτιος
827 837 885 873 ἅμα

86 884 145 914 τοῖς
156 882 240 909 αὑτοῦ
263 881 480 917 συνελαμϐάνετο
492 881 531 917 τῷ
548 882 656 917 Ἀρείῳ,
672 882 744 909 κατὰ.
759 883 806 909 τοῦ
822 884 881 910 ἑπι-

87 929 193 954 σκόπου
210 927 426 963 συμφατριὰζων
438 926 511 962 αὐτῷ
523 927 589 962 (55).
606 927 661 954 Καὶ
672 928 745 959 ὅσοις
762 928 811 962 μὲν
825 928 882 954 ἆτο-

88 982 141 1005 πος
162 971 197 1008 ἦν
211 974 229 1008 ἡ
256 972 362 1008 ’Δρείου
376 972 450 1005 δόξα,
467 972 629 1007 ἀπεδέχοντο
643 972 690 999 τοῦ
705 973 880 1008 Ἀλεξάνδρου

89 1020 138 1056 τὴν
157 1021 204 1046 ἐπὶ
224 1019 322 1055 ’Δρείῳ
343 1019 443 1054 κρίσιν.
466 1018 513 1045 καὶ
535 1017 572 1049 ὡς
594 1018 686 1045 δικαία
705 1019 748 1054 είη
767 1020 783 1054 ἡ
811 1019 881 1046 κατὰ

89 1065 143 1091 τῶν
155 1064 228 1091 οὓτω
239 1063 407 1099 φρονούντων
418 1063 519 1098 ψῆφος.
534 1063 673 1097 Ἐγραφον
681 1063 710 1090 δὲ
721 1063 768 1090 καὶ
782 1064 808 1089 οἱ
817 1063 881 1099 περὶ

89 1111 134 1137 τὸν
147 1110 308 1145 Νικομηδέα
325 1109 463 1140 Εὐσέϐιον,
478 1109 526 1135 καὶ
539 1109 596 1135 ὅσοι
615 1109 664 1144 τὴν
685 1109 790 1144 Ἀρείου
804 1109 881 1142 δόξαν

90 1155 248 1190 ῆσμένιζον.
262 1154 333 1180 ὥστε
345 1154 417 1180 λύειν
427 1154 476 1188 μὲν
486 1153 535 1187 τὴν
546 1152 687 1186 φθάσασαν
701 1152 880 1188 ἀποκήρυξιν,

90 1202 239 1234 ἐπανάγειν
253 1200 282 1226 δὲ
297 1200 339 1231 είς
353 1199 402 1233 τὴν
422 1198 584 1232 Ἐκκλησίαν
598 1198 661 1230 τοὺς
677 1198 881 1234 ἀποκηρυχθέν-

91 1254 146 1278 τας·
166 1247 236 1281 μήτε
251 1244 306 1280 γὰρ
322 1243 443 1277 δοξάζειν
459 1244 560 1276 κακῶς.
575 1244 668 1275 Οὕτως
685 1244 815 1271 ἐναντίων
827 1245 881 1271 τῶν

91 1292 262 1327 γραμμάτων
281 1290 350 1326 πρὸς
366 1290 410 1316 τὸν
427 1289 576 1316 ἐπίσκοπον
596 1289 797 1324 Ἀλεξανδρείας
815 1299 883 1325 πεμ-

92 1338 226 1372 πομένων,
242 1337 404 1372 πεποίηνται
415 1335 467 1362 τῶν
480 1335 630 1362 ἐπιστολῶν
644 1334 746 1362 τούτων
763 1343 883 1370 συναγω-

92 1382 149 1416 γὰς,
174 1383 285 1417 Ἄρειος
303 1380 353 1416 μὲν
378 1380 432 1406 τῶν
452 1380 522 1415 ὑπὲρ
539 1379 632 1411 αὑτοῦ,
659 1379 833 1415 Ἀλέξανδρος
853 1380 881 1407 δὲ

91 1427 141 1454 τῶν
152 1427 294 1454 ἐναντίων·
310 1426 357 1453 καὶ
370 1425 449 1452 τοῦτο
461 1425 596 1460 πρόφασις
610 1425 722 1459 γέγονεν
735 1425 882 1459 ἀπολογίας

91 1474 148 1504 ταῖς
160 1472 209 1499 νῦν
222 1471 450 1503 ὲπιπολαζούσαις
467 1470 605 1506 αἱρέσεσιν
625 1469 781 1505 Ἀρειανῶν,
799 1470 881 1497 Εὐνο-

90 1518 205 1553 μιανῶν,
229 1518 277 1544 καὶ
301 1517 358 1544 ὅσοι
382 1516 433 1552 τὴν
455 1515 614 1551 ἐπωνυμίαν
636 1515 688 1543 ἀπὸ
714 1517 880 1544 Μακεδονίου

90 1564 206 1598 ἐχουσινε
220 1564 330 1590 ἕκαστοι
347 1562 401 1597 γὰρ
419 1562 537 1597 μάρτυσι
556 1562 616 1593 ταῖς
631 1562 787 1594 ἐπιστολαῖς
802 1563 881 1598 ὲχρή-

84 1618 171 1636 παντο
189 1609 240 1644 τῆς
254 1608 357 1640 οἰκείας
371 1607 511 1642 αἱρέσεως.

934 250 994 269 rum
1007 243 1117 270 Arianis
1129 251 1188 271 sese
1207 242 1393 278 adjunxerunt
1416 242 1557 275 Melitiani,
1568 244 1614 277 qui
1638 244 1719 278 paulo

933 292 997 315 ante
1009 288 1044 315 ab
1057 288 1180 315 Ecclesia
1192 288 1302 315 fuerant
1322 288 1468 323 segregati.
1491 287 1608 321 Quinam
1629 292 1718 315 autem

912 339 918 345 '
933 332 978 360 isti
990 333 1056 365 sint,
1070 340 1162 368 opera:
1173 334 1291 368 pretium
1310 333 1393 360 fuerit
1405 333 1507 361 dicere.
1521 333 1640 360 Mclitius
1660 334 1721 368 qui-

933 377 994 405 dam
1003 378 1147 413 episcopus
1158 379 1274 414 Egypti,
1284 387 1300 406 ιι
1310 379 1392 406 Petro
1403 378 1571 406 Alexandria:
1581 378 1721 413 episcopo,

933 424 981 458 qui
994 424 1045 451 sub
1058 424 1227 452 Diocletiano
1250 425 1414 460 martyrium
1432 424 1648 457 consummavit,
1663 428 1720 451 tum
1772 436 1775 440 <

936 470 987 504 15
997 469 1032 497 ob
1044 469 1112 497 alias
1123 477 1219 496 causas
1230 470 1372 505 depositus
1382 474 1433 502 est,
1449 474 1506 497 tum
1520 470 1673 505 praesertim
1686 476 1720 496 eo

934 516 1008 551 quod
1029 515 1232 551 persecutionis
1252 520 1375 550 tempore
1398 515 1479 543 fidem
1504 515 1651 548 inﬁciatus,
1675 522 1719 542 sa-

934 561 1094 590 crificasset.
1104 560 1156 594 Qui
1178 567 1241 588 cum
1253 560 1409 588 sacerdotio
1433 561 1530 595 pulsus
1551 564 1636 593 esset,
1648 560 1720 587 mul-

934 611 1033 642 tosque
1045 607 1160 635 haberet
1180 610 1342 638 sectatores,
1357 606 1455 634 ducem
1478 611 1559 641 atque
1581 609 1720 634 auctorem

934 659 964 679 se
977 652 1095 687 praebuit
1107 651 1220 679 hairesis
1230 658 1338 683 eorum,
1351 651 1398 685 qui
1412 651 1446 678 ab
1459 651 1520 686 ejus
1533 651 1644 678 nomine
1664 651 1720 678 Me-

934 698 1022 725 litiani
1036 697 1064 724 in
1076 697 1192 733 Egypto
1203 697 1354 724 etiamnum
1368 697 1550 731 appellantur.
1562 697 1647 724 Porro
1658 705 1720 724 cum

934 744 1038 771 nullam
1052 743 1167 770 haberet
1181 743 1306 769 idoneam
1321 749 1431 769 causam
1444 749 1495 769 cur
1507 749 1536 770 se
1553 742 1588 769 ab
1600 742 1720 769 Ecclesia

930 793 1115 824 segregasset,
1129 797 1158 816 se
1169 788 1282 823 quidem
1301 787 1431 815 affectum
1451 787 1552 822 injuria
1564 795 1623 814 esse
1645 787 1720 815 dice-

935 834 993 866 bat,
1006 834 1120 861 Petrum
1136 841 1202 860 vero
1219 831 1373 860 maledictis
1392 835 1420 859 et
1442 831 1575 860 conviciis
1599 831 1721 858 incesse—

903 867 922 893 Β
935 880 992 907 bat.
1005 879 1044 907 Ae
1054 880 1153 907 Petrus
1166 879 1277 913 quidem
1290 877 1491 913 persecutionis
1509 881 1633 912 tempore
1649 885 1721 904 mar-

933 925 1003 961 tyrio
1014 929 1057 953 est
1074 929 1232 952 coronatus.
1261 923 1381 951 Melitius
1402 931 1468 951 vero
1489 923 1639 951 calumnias
1660 931 1723 950 suas

932 971 1072 998 transtulit
1079 971 1197 1006 primum
1205 970 1231 997 in
1240 969 1373 997 Achillam
1383 969 1431 1004 qui
1438 970 1521 997 Petro
1529 970 1556 996 in
1563 970 1721 1004 episcopatu

931 1021 1113 1048 successerat,
1122 1015 1220 1043 deinde
1230 1016 1257 1042 in
1265 1014 1452 1043 Alexandrum
1462 1014 1575 1042 Achillae
1583 1021 1723 1041 successo-

933 1070 1001 1089 rem.
1014 1063 1083 1089 Dum
1098 1061 1156 1088 haac
1166 1061 1200 1088 ab
1212 1061 1266 1100 illis
1277 1065 1420 1095 geruntur,
1432 1064 1494 1089 orta
1513 1064 1556 1088 est
1577 1059 1636 1087 Arii
1655 1067 1723 1087 con-

925 1108 1080 1134 troversia:
1091 1112 1119 1134 et
1128 1107 1249 1135 Melitius
1257 1115 1311 1135 una
1325 1115 1389 1135 cum
1399 1106 1457 1134 suis
1466 1106 1525 1134 Arii
1540 1109 1633 1141 partes
1642 1104 1721 1137 fovit,

932 1162 994 1181 eum
1014 1154 1061 1181 illo
1077 1154 1238 1189 conspirans
1253 1154 1385 1181 adversus
1398 1153 1569 1188 episcopum.
1586 1151 1722 1179 Caeterum

932 1199 1036 1233 quibus
1048 1199 1106 1226 Arii
1119 1199 1214 1234 opinio
1224 1199 1344 1226 absurda
1356 1206 1418 1226 esse
1432 1198 1587 1229 videbatur,
1601 1197 1619 1223 ii
1633 1196 1723 1231 prola-

933 1249 987 1272 lain
1002 1245 1036 1271 ab
1048 1244 1202 1272 Alexandro
1213 1244 1345 1271 adversus
1355 1244 1432 1271 illum
1451 1243 1612 1271 sententiam
1625 1250 1727 1276 appro—

933 1290 1044 1323 barunt,
1056 1297 1158 1324 eosque
1168 1289 1215 1324 qui
1229 1290 1266 1316 ita
1278 1289 1414 1316 sentirent
1432 1289 1495 1324 jure
1504 1288 1646 1316 damnatos
1657 1294 1718 1315 esse

932 1340 1111 1363 censuerunt.
1126 1336 1262 1363 Eusebius
1280 1342 1346 1362 vero
1360 1333 1586 1366 Nicomediensis,
1599 1334 1628 1360 et
1640 1335 1721 1368 quot-

932 1387 998 1417 quot
1008 1381 1164 1416 opinionem
1173 1381 1231 1408 Arii
1239 1380 1483 1415 amplectebantur,
1495 1379 1529 1407 ad
1538 1378 1722 1406 Alexandrum

936 1427 1118 1462 scripserunt,
1133 1430 1164 1454 ut
1175 1426 1257 1454 latam
1275 1427 1331 1461 jam
1356 1424 1646 1453 excommunicationls
1659 1431 1722 1450 δρη-

933 1474 1046 1501 tentiam
1059 1473 1232 1506 dissolveret,
1245 1477 1273 1500 et
1295 1472 1548 1501 excommunicatos
1569 1470 1603 1498 ad
1626 1470 1722 1497 Eccle—

934 1521 1003 1547 siam
1017 1523 1160 1548 revocaret
1175 1529 1181 1546 :
1203 1527 1292 1554 neque
1311 1519 1384 1546 enim
1407 1518 1468 1546 illos
1482 1517 1551 1545 male
1566 1517 1678 1544 sentire.
1692 1516 1722 1543 In

936 1565 1009 1592 hunc
1022 1565 1132 1592 lnodum
1144 1572 1207 1592 cum
1218 1564 1364 1591 contraria:
1372 1563 1500 1598 utrinque
1508 1563 1606 1590 litterae
1617 1562 1651 1589 ad
1662 1561 1722 1596 epi-

938 1618 1051 1646 scopum
1074 1610 1245 1638 Alexandrite
1269 1612 1456 1640 mitterentur,
1476 1608 1619 1642 utriusque
1636 1607 1722 1641 partis

66 1668 71 1680 ι
91 1657 190 1684 littera:
200 1657 230 1683 in
243 1663 329 1684 unum
342 1663 443 1690 corpus
455 1655 575 1682 collectae
587 1659 661 1682 sunt.
676 1655 711 1682 Et
723 1655 806 1684 Arius
816 1658 927 1692 quidem
940 1667 986 1686 cas
999 1667 1059 1693 quae
1072 1666 1160 1686 causa:
1171 1666 1226 1685 suae
1237 1658 1363 1685 favebant
1374 1677 1380 1688 ,
1404 1656 1557 1684 Alexander
1578 1663 1644 1683 vero
1655 1663 1722 1682 cori-

92 1703 189 1730 trarias
200 1703 229 1729 in
241 1709 327 1729 unum
346 1701 474 1728 volumen
487 1701 601 1736 redegit.
615 1701 702 1735 Atque
715 1701 780 1730 hinc
793 1704 937 1732 sectaailla:
959 1713 1020 1739 qua:
1033 1710 1125 1732 nostra
1150 1708 1230 1731 aetate
1251 1704 1400 1739 plurimum
1423 1703 1524 1738 vigent,
1558 1703 1721 1730 Arianorum

91 1749 205 1781 scilicet,
229 1747 474 1779 Eunomianorum,
494 1751 522 1774 et
539 1755 635 1775 eorum
659 1747 707 1782 qui
730 1748 920 1777 Macedoniam
942 1742 1087 1781 vocantur,
1109 1749 1280 1776 defensionis
1305 1757 1360 1776 sua:
1370 1756 1463 1776 ansam
1487 1748 1642 1783 arripiunt:
1661 1749 1719 1776 sin-

91 1795 146 1830 guli
158 1795 234 1822 enim
256 1798 338 1822 secta:
351 1801 407 1821 sua:
418 1793 558 1828 epistolas,
574 1797 702 1828 tanquam
716 1798 800 1823 testes
814 1796 928 1825 idoneos
940 1797 1061 1824 laudant.

398 1849 523 1876 ΚΕΦΑΛ.
541 1851 576 1877 Z'.

97 1895 144 1928 Ὠς
167 1896 184 1922 ὸ
197 1894 348 1931 ,βασιᾼεὺς
369 1894 593 1931 Κωνστᾳντῐιᾴος
612 1895 758 1930 λυπηθείς
777 1896 825 1924 ἐπὶ
845 1897 882 1931 τῇ

126 1929 242 1965 ταραχῇ
256 1929 316 1957 τῶν
335 1929 516 1965 ἐκκλησιῶν,
540 1929 675 1965 ἐπεμψεν
688 1929 691 1930 ⁷
703 1931 809 1958 "Ocior
829 1929 883 1958 ινὸῦ

132 1965 273 2000 Ἱσπανρν
287 1966 331 1997 είς
346 1964 585 2000 Ἀλεξάνδρειαν,
595 1964 649 2000 εἰς
670 1965 811 2000 ὁμόνοιαν
825 1975 881 1994 πα-

122 1999 267 2034 ρακαλῶν
282 2001 335 2026 τὸν
346 1999 516 2026 ἐπίσκοπον
527 1999 575 2026 καὶ
590 1999 642 2027 τὸν
655 1999 776 2034 Ἄρειον.

127 2046 221 2073 Ταῦτα
245 2046 274 2072 δὲ
294 2045 443 2080 πυθόμενος
460 2047 473 2071 ὁ
500 2045 634 2080 βασιλεὺς,
662 2047 709 2073 καὶ
728 2047 777 2082 τὴν
793 2047 881 2083 ψυχὴν

96 2092 299 2126 δπεραλγήσας,
313 2090 454 2126 συμφοράν
472 2099 500 2117 τε
518 2091 621 2118 οἰκείαν
639 2090 708 2118 εἶναι
721 2092 751 2118 τὸ
765 2094 880 2128 πρᾶγμα

945 2094 1027 2119 ἰι1ευε
1037 2097 1089 2125 est,
1103 2100 1234 2127 suamque
1250 2099 1310 2119 esse
1322 2091 1425 2118 ducens
1442 2093 1512 2119 hanc
1527 2093 1718 2124 calamitatem,

97 2137 277 2172 ἡγησάμενος,
306 2136 475 2171 παραχρῆμα
497 2137 526 2162 τὸ
555 2137 678 2171 ἀναφθὲν
696 2138 779 2164 κακὸν
795 2147 878 2164 κατα-

945 2147 965 2165 κο
978 2139 1101 2166 incubuit
1119 2142 1148 2166 ut
1159 2139 1306 2166 excitatum
1329 2138 1429 2165 malum
1453 2139 1652 2173 quamprimum
1676 2147 1719 2165 rc-

97 2183 186 2210 σῧέσαι
205 2181 372 2214 σπουδάζων,
388 2182 541 2217 γράμματα
560 2181 626 2216 πρὸς
643 2182 816 2218 Ἀλέξανδρον
833 2183 880 2210 καὶ

945 2185 1096 2219 Llingucrct.
1117 2183 1235 2212 Proinde
1260 2183 1366 2210 litteras
1387 2184 1470 2211 mittit
1486 2185 1519 2212 ad
1538 2185 1718 2212 Alexandrum

694 2241 828 2268 VALESII
848 2242 1121 2270 ANNOTATIONES.

129 2290 182 2326 ('55)
202 2288 429 2324 Συμριιτριάζων
441 2289 529 2321 αὐτῷ.
546 2289 611 2317 Post
625 2289 683 2316 lucc
696 2289 778 2317 verba
791 2290 877 2318 codex

945 2291 996 2318 mis
1012 2291 1103 2318 Allatii
1117 2291 1173 2319 haec
1188 2291 1274 2323 addit,
1289 2291 1334 2317 καὶ
1348 2290 1506 2318 συλλυττῶν.

817 2359 1007 2388 VARIORUM.

129 2409 142 2423 υ
155 2404 293 2436 Malitch
311 2412 365 2435 τις.
383 2403 472 2435 Cadit,
490 2405 566 2439 juxta
591 2404 781 2436 Athanasium,
804 2405 885 2432 Melc—
934 2405 1090 2437 commissi,
1107 2413 1178 2433 anno
1197 2405 1245 2433 501
1271 2406 1393 2434 abdicari
1410 2409 1438 2432 et
1461 2405 1578 2433 schisma
1600 2405 1716 2435 efﬁcere.

98 2439 159 2467 tiani
180 2439 324 2466 exordium
345 2439 499 2466 schismatis
519 2439 546 2466 in
565 2447 667 2466 annum
680 2440 742 2471 501,
754 2440 797 2467 vel
810 2440 862 2467 302
876 2449 882 2466 τ
933 2441 1035 2468 Verum
1058 2448 1120 2467 eum
1138 2441 1264 2468 Socrates
1279 2441 1350 2468 hanc
1364 2441 1507 2468 historiam
1522 2448 1555 2467 ex
1568 2440 1718 2468 Athanasio

1253 1850 1329 1878 CAP.
1347 1849 1402 1877 VII.

932 1897 1066 1930 Quomodo
1088 1898 1152 1932 imp.
1166 1896 1405 1932 Constantinugob
1424 1894 1605 1932 Ecciiyiarnm
1617 1900 1720 1929 pertur—

968 1933 1100 1959 bationem
1117 1930 1207 1958 dolore
1219 1932 1334 1966 (ιιῖεειιιδ,
1349 1930 1458 1957 ΙΙοδὶηηι
1479 1930 1626 1966 Ιιίδραηηηι
1650 1932 1720 1956 misit

969 1967 1168 1999 Alexandriam,
1190 1963 1338 2002 episcopum
1360 1970 1384 1992 et
1405 1966 1498 1992 Arium
1510 1963 1543 1992 ad
1555 1966 1720 1993 concordiam

969 2003 1122 2028 exhortans.

969 2010 1122 2029 exhortans.

970 2047 1031 2074 Ilaec
1042 2055 1103 2075 cum
1124 2046 1246 2073 audisset
1269 2046 1346 2080 imp.,
1364 2045 1527 2080 gravissimo
1545 2046 1638 2073 dolore
1656 2054 1719 2081 pcr-

97 2475 132 2510 ait
151 2474 225 2501 enim
248 2473 356 2510 ipsein
380 2473 500 2510 Epistula
512 2474 701 2510 atlicpisenpos
723 2474 831 2510 )Egypti
855 2479 883 2502 et

99 2509 194 2544 Libya),
208 2517 281 2535 anno
299 2508 352 2535 536
365 2509 531 2543 conscripta.
546 2508 706 2536 Melctianos
718 2508 781 2537 ante
792 2508 883 2537 annos

97 2544 128 2571 55
145 2543 337 2571 Schismatieos
359 2543 489 2571 evasisse.
517 2543 603 2571 Secus
623 2548 712 2571 tamen
738 2545 881 2572 existima-

98 2583 156 2606 runt
176 2579 314 2614 Baronius
331 2578 442 2612 aliique,
463 2578 508 2613 qui
530 2586 592 2606 cum
615 2587 674 2606 eam
691 2580 833 2614 epistolam
845 2580 880 2607 ad

98 2621 194 2641 annum
207 2613 258 2641 561
274 2613 405 2644 referant,
416 2614 551 2641 Mclctiaui
563 2613 719 2641 schismatis
739 2615 818 2642 initio
829 2623 879 2642 an-

99 2656 157 2675 num
180 2649 232 2676 306
245 2653 446 2683 consequenter
466 2649 612 2683 assignant.
635 2649 687 2676 Sed
709 2657 770 2676 cam
793 2650 878 2684 ipsam

98 2683 234 2717 epistolam
246 2684 399 2711 certissime
413 2684 446 2710 ad
458 2691 559 2710 annum
571 2683 623 2710 356
636 2685 772 2719 pertinere
788 2683 814 2712 iii
828 2684 885 2711 Me.

99 2719 150 2745 nilo
168 2719 202 2745 ad
226 2719 351 2745 eamdem
375 2720 462 2753 palam
486 2719 625 2745 faciemus.
649 2720 778 2746 Nonnihil
794 2724 882 2747 Ianum

98 2753 192 2787 negotii
206 2754 309 2781 faciant
323 2754 442 2781 Socratis
456 2753 549 2784 verba,
562 2754 608 2787 qui
622 2755 660 2780 ait
673 2755 808 2781 Mclclium
823 2763 884 2789 per-

98 2789 241 2816 secutionis
254 2789 465 2823 tcmporeidolis
477 2789 629 2816 immolasse
641 2798 646 2814 :
660 2797 720 2816 eum
734 2790 806 2816 enim
820 2798 883 2823 per-

98 2824 196 2850 secutio
213 2832 286 2850 anno
302 2824 354 2850 505
363 2824 478 2855 grassari
494 2823 618 2857 coeperit.
635 2831 687 2851 non
703 2824 790 2858 potuit
804 2823 885 2850 ΜνΙο-

99 2858 146 2886 tius
161 2859 196 2886 oh
217 2859 284 2887 illud
307 2858 413 2894 ﬂagitii,
430 2858 631 2893 persecutionis
656 2858 738 2894 hujus
761 2864 884 2894 tempore

210 2898 227 2917 ,δ
719 2905 723 2909 .

932 2474 989 2502 fere
1003 2475 1037 2502 ad
1051 2476 1166 2503 verbum
1190 2475 1227 2502 sit
1245 2480 1401 2507 mutuatus.
1421 2476 1530 2503 videtur
1550 2483 1615 2502 sane
1638 2476 1715 2508 illud,

931 2511 960 2536 ὲν
980 2510 1018 2545 τῷ
1029 2510 1151 2545 διωγμῷ,
1169 2510 1241 2545 quod
1254 2511 1299 2538 illc
1316 2511 1350 2538 de
1365 2510 1471 2538 Meletio
1486 2510 1600 2545 loquens
1611 2510 1658 2542 ait,
1667 2519 1717 2538 suo

931 2537 1017 2572 marte
1044 2537 1198 2578 addidisse;
1212 2537 1374 2573 aliasreuim
1396 2537 1555 2580 saepissime
1574 2537 1715 2573 Alhanasii

934 2580 1096 2608 sententiam
1114 2581 1246 2613 referens,
1261 2581 1296 2608 ab
1308 2581 1446 2608 Athanasii
1459 2588 1541 2615 scopo
1553 2588 1606 2607 non
1621 2588 1716 2614 parum

933 2615 1052 2642 aberrat.
1068 2616 1140 2642 Nihil
1157 2620 1246 2643 tamen
1261 2620 1404 2650 repugnat,
1426 2616 1562 2643 Mclctium
1588 2619 1650 2642 ante
1669 2623 1718 2642 an-

933 2658 998 2677 num
1016 2650 1068 2688 50f
1082 2650 1162 2678 idolis
1174 2651 1334 2688 immolasse
1347 2659 1353 2676 ί
1366 2651 1428 2677 licet
1452 2651 1525 2677 enim
1554 2650 1648 2688 ingens
1672 2650 1715 2688 illa

933 2686 1088 2719 persecutio
1109 2686 1230 2713 nondum
1256 2686 1394 2720 cmpisset.
1411 2690 1530 2712 atlamen
1550 2685 1714 2720 quavisini-

933 2718 1006 2747 iiima
1026 2720 1088 2747 data
1109 2722 1262 2751 occasione,
1280 2718 1362 2747 ccrlis
1381 2721 1406 2746 in
1433 2721 1498 2747 locis
1522 2718 1714 2753 persecutiorin

933 2755 1065 2791 quosdam
1090 2756 1287 2782 concilahatur.
1311 2756 1431 2789 (Clarias.
1447 2752 1570 2781 monachi
1599 2752 1713 2791 Benedi-

934 2786 1010 2819 (ῖιῑηί.
1027 2791 1104 2817 Notis
1120 2791 1146 2816 in
1161 2792 1187 2817 S.
1206 2786 1342 2817 Athanasii
1359 2790 1511 2823 Apologia":
1534 2793 1623 2813 tonlra
1634 2786 1713 2813 Arin-

935 2833 990 2855 nos,
1005 2833 1065 2859 pag.
1091 2825 1162 2857 177.)
