1887 3058
180 128 215 156 59
913 124 1079 153 SOCRA'I‘IS
1781 122 1820 151 60

180 186 319 215 stionibus
330 186 403 213 inter
415 194 464 214 vos
478 185 617 214 subtiliter
627 185 782 221 disputatis,
795 185 860 212 licet
871 193 927 212 non
939 185 945 212 i

1033 184 1121 211 ‘oti-cmv
1132 183 1272 218 ζητήσεων
1285 183 1314 209 ὲν
1325 182 1449 218 ἀλλήλοις
1462 180 1693 218 ἁκριϐολογεῐσθε,
1707 179 1764 207 κᾶν
1780 181 1822 215 μὴ

178 232 305 260 eamdem
329 233 502 260 conveniatis
524 231 699 264 sententiam,
713 231 846 258 interiore
869 231 969 259 mentis

179 277 346 312 cogitatione
366 278 518 308 continere,
534 281 563 304 et
575 284 673 304 arcano
686 276 806 311 pectoris
819 277 969 304 recondere

179 323 296 351 debetis.
317 323 423 351 Maneat
445 323 521 349 ﬁrma
533 323 561 349 in
574 323 653 350 vobis
665 323 820 351 communis
841 323 970 351 amicitize

180 369 372 404 pratrogativa,
395 373 423 396 et
443 368 566 396 veritatis
580 367 658 400 ﬁdes,
672 372 700 395 et
712 368 760 395 Dei
774 369 898 404 legisque
917 369 968 396 ob-

180 415 315 442 servantia
328 423 335 448 ;
349 410 482 441 recurrite
494 414 528 441 ad
541 419 664 442 mutuam
678 414 853 443 dilectionem
866 419 894 444 et
905 416 969 443 cha-

180 460 304 492 ritatem;
328 459 435 486 reddite
457 459 588 488 universo
605 461 708 495 populo
728 469 793 489 suos
814 462 965 497 amplexus.

179 504 233 539 Ipsi
255 505 374 531 vicissim
397 506 565 540 expurgatis,
589 510 620 533 ut
640 506 676 534 ita
690 507 789 539 dicam,
808 508 907 535 animis
919 516 966 535 ve-

178 549 258 581 stris,
271 553 376 576 vosmet
388 550 461 584 ipsos
472 551 621 585 agnoscite.
635 550 711 586 Saepe
722 551 796 578 enim
810 556 871 586 post
881 552 966 586 depo-

176 595 243 622 sitas
263 596 422 625 inimicitias
444 598 621 626 reconciliata
645 599 744 626 iterum
758 599 854 634 gratia,
864 600 966 634 jucun—

174 642 236 669 dior
246 642 353 670 exsistit
364 644 495 672 amicitia.
510 645 626 673 Reddite
640 647 694 682 18
717 647 800 681 igitur
811 647 878 674 mihi
893 652 966 675 tran-

173 686 275 721 quillos
298 687 369 720 dies,
392 693 421 716 et
443 694 538 717 noctes
549 698 679 718 curarum
697 697 840 726 expertes;
856 693 965 720 utinihi

173 740 284 768 quoque
305 741 381 769 pune
402 735 471 763 lucis
483 736 608 771 voluptas
626 741 654 764 et
676 738 775 772 quietae
788 738 850 765 vitae
870 737 964 766 laetitia

173 777 201 805 in
213 783 355 813 posterum
366 785 555 809 conservetur.
569 781 647 815 Quod
661 782 712 810 nisi
726 787 892 811 consecutus
902 783 964 812 fue-

173 832 214 856 ro,
227 824 402 860 ingemiseam
421 835 534 854 necesse
547 832 599 859 est,
613 831 741 863 totusque
762 829 888 865 lacrymis
902 838 964 865 per-

172 867 272 896 fundar
284 877 290 896 :
305 877 357 897 nec
370 871 507 905 reliquum
520 871 584 898 vitae
605 875 713 906 tempus
724 872 831 907 placide
844 873 962 908 exigam.

129 910 138 918 ⁸
172 914 238 941 Nam
251 916 373 950 quandiu
396 917 515 952 populus
538 917 597 949 Dei,
621 925 769 946 conservos
791 927 867 946 meos
888 920 962 954 dico,

171 960 264 995 iniqua
285 969 317 989 ac
329 963 484 997 perniciosa
506 964 682 991 contentione
705 964 837 993 discissus
849 970 901 998 est,
915 967 963 1001 qui

171 1005 229 1033 ﬁeri
244 1011 333 1041 potest
345 1011 375 1034 ut
390 1016 440 1043 ego
451 1008 582 1044 deinceps
593 1010 685 1037 animo
697 1011 862 1038 consistam?
874 1012 963 1046 Atque

171 1055 202 1078 ut
213 1051 316 1080 doloris
329 1053 380 1080 hac
395 1054 428 1081 de
447 1062 476 1082 re
489 1055 543 1082 mei
557 1056 773 1090 magnitudinem
792 1057 961 1092 intelligatis,

171 1098 309 1133 paulisper
325 1100 470 1128 attendite.
485 1101 578 1136 Nuper
592 1109 654 1128 cum
668 1102 856 1130 Nicomediam
869 1104 961 1132 venis-

169 1150 238 1175 sem,
253 1144 378 1178 protinus
400 1145 427 1172 in
450 1145 590 1173 Orientem
602 1147 653 1174 iter
664 1147 756 1175 facere
774 1148 959 1176 decreveram.

168 1187 292 1223 Cumque
313 1189 512 1223 profectionem
533 1199 670 1226 urgerent,
695 1197 723 1220 et
745 1195 849 1228 majore
858 1194 913 1229 jam
927 1203 962 1221 ex

168 1237 245 1267 parte
257 1234 399 1262 vobiscum
412 1243 513 1269 essem,
528 1237 612 1272 hujus
625 1238 664 1264 rei
685 1239 801 1266 nuntius
813 1240 960 1267 consilium

168 1283 293 1306 nostrum
317 1284 392 1307 retro
414 1282 533 1315 avertit;
558 1290 592 1309 ne
604 1290 718 1318 cogerer
730 1292 762 1311 ea
776 1293 867 1312 coram
887 1286 961 1320 aspi—

167 1331 240 1357 cere,
255 1333 316 1360 qua:
327 1333 361 1353 ne
373 1326 466 1354 auditu
479 1328 590 1362 quidem
602 1333 682 1356 tenus
696 1331 813 1358 tolerare
824 1339 867 1358 me
881 1340 960 1366 posse

167 1369 368 1398 existimabam.
393 1372 509 1400 Posthac
531 1374 615 1409 igitur
633 1383 770 1402 consensu
784 1380 876 1403 vestro
888 1377 959 1404 viain

167 1413 234 1441 mihi
253 1415 281 1442 in
301 1415 442 1444 Orientem
460 1419 577 1452 aperite,
597 1427 679 1454 quam
692 1420 759 1447 mihi
772 1422 876 1448 mutuis
888 1422 959 1449 inter

167 1467 215 1487 vos
234 1461 454 1490 contentionibus
478 1463 664 1492 obstruxistis.
689 1465 755 1493 Date
774 1465 827 1493 hoc
838 1467 916 1498 mihi,
929 1471 958 1493 ut

1020 230 1089 266 πρὸς
1103 230 1167 266 μίαν
1177 226 1291 265 γνώμην
1304 229 1474 265 συμφέρητε,
1491 228 1582 264 μένειν
1594 227 1660 255 εἴσω
1673 227 1821 261 λογισμῶν

1020 277 1164 311 προσήκει,
1179 275 1218 311 τῷ
1234 276 1283 311 τῆς
1296 275 1416 306 διανοίας
1431 274 1580 310 ἀπορρήτῳ
1594 273 1764 308 τηρούμενα.
1779 273 1819 299 Τὸ

1020 322 1111 357 μέντοι
1123 321 1171 356 τῆς
1181 322 1274 356 κοινῆς
1285 321 1376 356 φιλίας
1389 319 1544 356 ἀπόρρητόν
1554 328 1584 346 τε
1596 319 1642 345 καὶ
1658 318 1816 352 ἐξαίρετον,

1019 368 1065 394 καὶ
1078 369 1094 403 ἡ
1112 367 1161 402 τῆς
1187 366 1315 402 ἀληθείας
1341 366 1442 398 πίστις,
1457 365 1475 400 ἡ
1492 374 1521 391 τε
1536 365 1600 400 περὶ
1615 363 1661 391 τὸν
1681 363 1752 390 Θεὸν
1767 364 1818 390 καὶ

1018 413 1067 448 τὴν
1082 412 1129 438 τοῦ
1146 413 1230 448 νόμου
1257 412 1406 447 θρησκείαν
1427 410 1505 446 τιμὴ.
1536 409 1640 445 μενέτω
1661 410 1729 443 παρ’
1745 409 1815 444 ὑμῖν

1017 458 1175 490 ἀσάλευτος·
1201 458 1364 485 ἐπανέλθετε
1378 458 1408 484 δὲ
1422 457 1490 493 πρὸς
1510 457 1560 491 τὴν
1580 456 1703 491 ἀλλήλων
1718 455 1814 490 φιλίαν

1016 512 1046 531 τε
1059 505 1106 532 καὶ
1122 505 1211 540 χάριν.
1229 504 1355 531 Ἀπόδοτε
1369 503 1408 539 τῷ
1420 503 1557 538 σύμπαντι
1572 502 1629 537 λαῷ
1642 502 1691 534 τὰς
1704 502 1815 532 οἰκείας

1017 551 1185 586 περιπλοκάς
1203 559 1210 566 ·
1232 550 1313 584 ὑμεῖς
1339 558 1369 576 τε
1386 549 1462 576 αὐτοὶ
1477 548 1604 584 καθάπερ
1628 547 1678 578 τὰς
1702 546 1814 573 ἑαυτῶν

1015 595 1106 630 ψυχὰς
1136 595 1358 630 ἐκκαθάραντες,
1390 592 1468 625 αὖθις
1497 593 1630 629 ἀλλήλους
1659 593 1811 626 ὲπίγνωτε.

1022 641 1118 668 Ἦδίων
1143 641 1198 676 γὰρ
1219 641 1350 673 πολλάκις
1373 640 1476 675 γίνεται
1493 640 1567 675 φιλία
1591 639 1661 675 μετὰ
1684 639 1735 675 τὴν
1758 641 1813 675 τῆς

1015 687 1116 723 ἔχθρας
1127 687 1257 713 ὑπόθεσιν
1275 686 1341 722 (58)’
1357 684 1435 717 αὖθις
1447 687 1487 717 είς
1505 685 1678 720 καταλλαγὴν
1692 683 1812 711 ἐπανέλ-

1015 733 1087 760 θετε.
1110 732 1236 759 Ἀπόδοτε
1250 731 1298 759 οὖν
1315 741 1360 768 μοι
1370 732 1490 767 γαληνὰς
1503 731 1553 766 μὲν
1571 731 1688 767 ἡμέρας,
1703 729 1811 761 νύκτας

1014 779 1042 806 δὲ
1057 780 1235 815 ἀμερίμνους,
1258 779 1302 806 ἵνα
1316 778 1400 814 κάμοί
1416 787 1458 810 τις
1477 778 1558 813 ἡδονὴ
1570 777 1691 812 καθαροῦ
1703 776 1808 810 φωτὸς,

1015 826 1062 853 καὶ
1083 825 1141 860 βίου
1156 825 1249 852 λοιπὸν
1272 825 1374 860 ἥσυχος
1401 823 1555 858 εὐφροσύνη
1585 822 1714 857 σώζηται·
1738 822 1764 848 εί
1778 821 1808 847 δὲ

1017 872 1064 907 μὴ,
1081 871 1185 898 στένειν
1196 871 1314 905 ἀνάγκη,
1322 870 1370 897 καὶ
1377 869 1505 906 δακρύοις
1518 869 1551 896 δι’
1561 868 1622 895 ὅλου
1633 868 1805 902 συνέχεσθαι,

1014 917 1061 944 καὶ
1075 917 1142 952 μηδὲ
1156 917 1201 943 τὸν
1212 916 1259 942 τοῦ
1271 915 1320 950 ζῇν
1334 915 1420 942 αἰῶνα
1434 915 1544 950 πραέως
1556 913 1730 948 ὑφίστασθαι.
1744 913 1806 939 Τῶν

1013 962 1109 997 γάρτοι
1125 961 1173 988 τοῦ
1198 961 1266 988 Θεοῦ
1286 960 1379 992 λαῶν,
1405 960 1459 986 τῶν
1480 959 1705 994 συνθεραπόντων
1732 958 1805 992 λέγω

1012 1007 1066 1033 τῶν
1081 1007 1166 1041 ὲμῶν,
1182 1007 1268 1038 οὕτως
1282 1006 1366 1041 ἀδίκῳ
1387 1006 1434 1032 καὶ
1453 1005 1574 1040 βλαϐερᾷ
1588 1004 1657 1040 πρὸς
1670 1003 1805 1039 ἀλλήλους

1013 1053 1164 1088 φιλονεικίᾳ
1196 1052 1408 1088 κεχωρισμένων
1426 1071 1433 1084 ,
1461 1051 1511 1086 ἐμὲ
1540 1051 1599 1082 πῶς
1625 1050 1742 1086 ἐγχωρεῖ
1763 1049 1804 1084 τῷ

1012 1099 1135 1134 λογισμῷ
1150 1098 1309 1125 συνεστάναι
1334 1097 1427 1124 λοιπόν
1439 1105 1446 1129 ;
1460 1097 1519 1123 Ἴνα
1538 1096 1567 1123 δὲ
1583 1096 1633 1131 τῆς
1657 1095 1703 1122 ἐπὶ
1716 1093 1804 1129 τούτῳ

1011 1144 1100 1179 λύπης
1117 1143 1167 1179 τὴν
1196 1143 1350 1178 ὑπερϐολὴν
1372 1142 1518 1178 αἴσθησθε,
1542 1141 1686 1169 ἀκούσατε.
1700 1139 1802 1175 Πρώην

1011 1190 1127 1222 ἐπιστὰς
1145 1191 1178 1226 τῇ
1193 1189 1370 1225 Νικομηδέων
1391 1189 1477 1219 πόλει,
1505 1188 1677 1224 παραχρῆμα
1690 1188 1730 1218 εἰς
1752 1186 1802 1221 τὴν

1011 1236 1081 1271 ἑῴαν
1100 1236 1256 1271 ἠπειγόμην
1274 1237 1307 1271 τῇ
1328 1235 1437 1271 γνώμῃ.
1454 1235 1600 1262 Σπεύδοντι
1616 1234 1644 1262 δέ
1668 1242 1712 1269 μοι
1729 1233 1798 1268 πρὸς

1011 1283 1082 1317 ὑμᾶς
1098 1283 1159 1318 ἤδη,
1169 1283 1216 1309 καὶ
1225 1282 1265 1318 τῷ
1279 1283 1382 1309 πλείονι
1394 1282 1472 1318 μέρει
1485 1283 1533 1309 σὺν
1543 1282 1606 1316 ὑμῖν
1618 1281 1710 1316 δντι,ή
1723 1278 1799 1306 τοῦδε

1010 1328 1056 1354 τοῦ
1065 1329 1227 1364 πράγματος
1236 1328 1361 1362 ἀγγελία,
1371 1327 1439 1364 πρὸς
1450 1327 1480 1354 τὸ
1492 1327 1610 1362 ἔμπαλιν
1617 1327 1662 1353 τὸν
1672 1324 1799 1360 λογισμὸν

1009 1374 1189 1410 ἀνεχαίτισεν·
1214 1375 1257 1401 ἵνα
1285 1375 1322 1410 μὴ
1346 1375 1402 1406 τοῖς
1422 1374 1570 1408 ὀφθαλμοῖς
1593 1374 1660 1408 όρᾷν
1681 1372 1799 1405 ἀναγκα-

1010 1420 1112 1454 σθείην,
1122 1419 1140 1447 ἃ.
1155 1420 1222 1455 μηδὲ
1238 1421 1299 1452 ταῖς
1316 1421 1412 1452 ἀκοαῖς
1430 1419 1578 1454 προσέσθαι
1592 1418 1704 1445 δυνατὸν
1717 1417 1798 1452 ἡγού-

1010 1474 1072 1500 μην.
1097 1465 1234 1497 Ἀνοίξατε
1246 1466 1278 1500 δή
1296 1474 1341 1500 μοι
1355 1465 1449 1492 λοιπὸν
1473 1466 1502 1491 ὲν
1515 1465 1547 1498 τῇ
1567 1463 1628 1490 καθ’
1649 1463 1722 1498 ὑμᾶς
1738 1463 1798 1497 ὁμο-

169 1509 194 1532 et
205 1513 254 1534 vos
274 1511 303 1534 et
324 1508 444 1543 reliquos
456 1517 552 1537 omnes
565 1511 681 1545 populos
699 1511 776 1538 lmtos
793 1516 875 1547 atque
889 1513 944 1540 hila

1033 1511 1068 1546 ›ίᾳ
1085 1512 1135 1546 τῆς
1153 1511 1224 1546 ὲῴας
1254 1511 1304 1545 τὴν
1330 1511 1400 1542 ὁδὸν,
1429 1511 1462 1546 ἣν
1488 1511 1548 1541 ταῖς
1572 1509 1641 1544 πρὸς
1669 1508 1798 1561 ἀλλήλους

166 1558 210 1579 res
222 1554 422 1588 quamprimum
444 1555 552 1589 videre,
575 1561 602 1584 et
621 1565 671 1592 pro
683 1559 820 1585 communi
833 1560 945 1586 omniun

1033 1557 1188 1589 ιλονεικίαις
1200 1557 1392 1583 ἀπεκλείσατε.
1419 1555 1473 1582 Καὶ
1492 1555 1689 1589 συγχωρήσατε
1701 1553 1798 1579 θᾶττον

167 1599 310 1628 concordia
322 1608 353 1628 ac
364 1601 491 1629 libertate
502 1601 609 1630 debitas
620 1603 676 1630 Deo
687 1604 798 1638 gratias,
811 1613 873 1632 cum
887 1613 945 1632 una

1033 1605 1084 1638 μᾶς
1096 1612 1124 1629 τε
1141 1602 1220 1638 δμοῦ,
1235 1603 1282 1629 καὶ
1302 1603 1365 1634 τοὺς
1382 1602 1477 1634 ἄλλους
1493 1602 1616 1632 ἅπαντας
1628 1600 1731 1635 δήμους
1750 1600 1798 1625 ἑπ-

167 1640 232 1669 nimi
243 1642 354 1672 laudum
367 1649 506 1680 concentu
514 1645 620 1673 referre
632 1647 742 1681 possim.

1033 1650 1076 1675 ῐείν
1086 1649 1240 1684 χαίροντας,
1260 1648 1307 1675 καὶ
1321 1648 1371 1684 τὴν
1385 1648 1456 1684 ὑπὲρ
1481 1649 1530 1683 τῆς
1554 1648 1647 1682 κοινῆς
1670 1645 1798 1672 ἁπάντων

167 1686 291 1723 ὕμσνοιας
304 1698 334 1716 τε
350 1690 397 1717 καὶ
410 1691 567 1727 ἐλευθερίας
589 1692 768 1729 ὀφειλομένην
788 1695 880 1729 χάριν,
897 1695 940 1722 ἐπ’
960 1695 1094 1731 εὐφήμοις
1109 1695 1196 1728 λόγων
1210 1694 1390 1731 συνθήμασιν,
1414 1695 1581 1730 ὁμολογῆσαι
1594 1693 1634 1729 τῷ
1653 1691 1795 1728 κρείττονι.

475 1790 551 1818 CAP.
574 1791 642 1819 Vili.

167 1831 203 1858 Do
223 1833 321 1869 synodo
339 1842 397 1874 qua;
417 1835 564 1874 habitae.“
582 1836 678 1874 Marem
688 1838 715 1864 in
727 1837 861 1874 Bithynia,
882 1843 907 1866 et
925 1839 957 1866 de

351 1869 404 1903 ﬁde
416 1878 475 1905 qui:
487 1871 521 1898 ibi
538 1872 708 1908 promulgata
721 1877 768 1900 est.

200 1924 234 1954 Et
255 1924 313 1952 haec
335 1925 446 1961 quidem
470 1927 621 1962 imperator
645 1929 799 1957 admirabili
824 1931 956 1966 sapientia

166 1971 296 2005 prazditus
309 1979 359 2006 per
371 1972 478 2000 litteras
490 1974 633 2001 suadebat.
648 1975 702 2002 Sed
715 1976 816 2004 "malum
830 1977 899 2005 adeo
912 1978 955 2006 in-

166 2016 302 2050 valnerat,
315 2022 345 2045 ut
361 2026 412 2046 nec
425 2019 600 2054 imperatoris
611 2021 761 2056 diligentia,
775 2030 826 2050 nec
838 2024 956 2051 auctori-

167 2065 207 2087 tas
219 2060 292 2089 illius
304 2063 351 2097 qui
361 2063 468 2092 litteras
481 2064 619 2098 attulerat,
634 2065 782 2101 quidquam
791 2067 953 2102 profecerit:

167 2113 228 2132 nam
240 2115 328 2142 neque
340 2108 503 2142 Alexander,
516 2118 605 2145 neque
617 2111 708 2144 Arius,
722 2112 766 2139 his
777 2113 877 2141 litteris
889 2115 956 2141 mol-

165 2151 207 2179 liti
219 2157 284 2180 sunt
297 2163 304 2180 :
319 2158 347 2181 et
370 2154 397 2182 in
421 2155 479 2190 ipsa
501 2156 580 2190 plebe
600 2157 694 2192 ingens
708 2159 840 2187 tumultus
851 2165 878 2188 et
890 2169 955 2188 cnn—

165 2199 252 2226 tentio
264 2201 446 2235 grassabatur.
460 2201 513 2229 Sed
525 2207 553 2229 et
566 2203 636 2230 alius
648 2204 760 2232 suberat
771 2206 866 2234 loculis
877 2209 951 2234 inor-

164 2242 227 2276 bus,
250 2244 297 2278 qui
321 2245 451 2272 eeclcsias
474 2254 528 2273 non
552 2248 727 2275 mediocriter
748 2251 950 2278 eontnrbabat:

165 2287 299 2316 dissensio
311 2289 414 2316 scilicet
425 2290 459 2317 de
472 2291 541 2318 festo
553 2292 663 2320 l’aselnn
678 2294 740 2327 die;
761 2303 821 2330 qua:
842 2297 952 2331 quidem

165 2334 192 2361 in
214 2334 335 2362 Orientis
356 2335 487 2363 duntaxat
511 2339 634 2372 partibus
655 2341 816 2368 versabatur
830 2351 836 2368 :
850 2343 892 2369 his
903 2343 953 2370 Ju-

163 2377 287 2407 dzeorum
300 2388 374 2407 more
387 2380 486 2409 festum
500 2383 572 2410 diem
585 2385 735 2417 celebrare,
757 2386 811 2413 illis
832 2387 953 2422 reliquos

164 2425 249 2453 totius
260 2426 335 2453 orbis
346 2426 515 2456 Christianos
538 2429 565 2456 in
587 2430 641 2457 hoc
653 2431 753 2458 imitari
766 2433 951 2461 studentibus.

164 2469 299 2497 (holerum
321 2471 446 2506 quamvis
470 2473 503 2499 de
527 2474 571 2501 die
590 2474 660 2502 festo
683 2476 754 2503 inter
765 2485 794 2504 se
809 2478 860 2505 hoc
872 2479 953 2506 modo

164 2515 340 2548 dissiderent,
353 2524 406 2543 non
426 2521 516 2546 tamen
530 2520 590 2547 ideo
609 2529 625 2548 a
645 2523 837 2550 communione
859 2529 953 2552 mutua

164 2560 348 2590 abstinebant.
358 2560 412 2589 Sed
420 2562 474 2590 diei
483 2563 544 2592 festi
553 2565 646 2593 laetitia
658 2566 711 2594 hoc
717 2567 897 2596 dissensionis
903 2577 954 2596 nu-

1304 1794 1430 1822 ΚΕΦᾹΛ.
1454 1794 1496 1821 H'.

1006 1840 1076 1874 Περὶ
1100 1840 1155 1873 τῆς
1174 1841 1376 1874 γεγενημένης
1401 1839 1535 1866 συνόδου
1554 1838 1590 1866 ἐν
1611 1836 1722 1872 Nman
1744 1836 1796 1872 τῆς

1024 1873 1233 1908 Βιθυνίας-,καὶ
1246 1873 1313 1909 περὶ
1323 1874 1376 1909 τῆς
1383 1875 1447 1901 ἐκεῖ
1456 1874 1630 1908 ἐκτεθείσης
1639 1873 1779 1906 πίστεως.

1042 1931 1163 1958 Τοιαῦτα
1187 1930 1236 1966 μὲν
1260 1928 1307 1957 οὖν
1335 1930 1480 1966 θαυμαστὰ
1511 1930 1558 1956 καὶ
1586 1929 1682 1963 σοφίας
1710 1928 1795 1963 μεστὰ

1007 1974 1125 2010 παρῄνει
1151 1976 1168 2010 ἠ
1200 1975 1247 2001 τοῦ
1279 1975 1413 2010 βασιλέως
1443 1974 1581 2010 ἐπιστολή.
1605 1974 1642 2000 Τὸ
1657 1974 1685 2000 δὲ
1712 1973 1794 2000 κακὸν

1005 2021 1235 2057 ὲπικρατέστερον
1255 2018 1289 2056 ἦν
1307 2022 1354 2048 καὶ
1371 2021 1420 2056 τῆς
1444 2021 1492 2047 τοῦ
1505 2020 1637 2055 βασιλέως
1665 2020 1792 2055 σπουδῆς,

1004 2067 1052 2094 καὶ
1064 2067 1236 2100 ἀξιοπιστίας
1245 2067 1292 2093 τοῦ
1310 2067 1542 2102 διακονησαμένου
1558 2067 1613 2096 τοῖς
1623 2066 1792 2101 γράμμασιν·

1004 2112 1066 2139 οὔτε
1076 2113 1131 2148 γὰρ
1148 2113 1331 2148 Ἀλέξανδρος,
1340 2113 1402 2139 οὕτε
1416 2114 1524 2148 ’Ἄρειος
1542 2112 1595 2139 ὑπὸ
1611 2112 1664 2139 τῶν
1677 2111 1794 2147 γραφέν-

1007 2166 1062 2185 των
1074 2158 1270 2193 ὲμαλάσσοντο,
1297 2158 1365 2186 ἀλλά
1389 2167 1430 2190 τις
1451 2156 1485 2193 ἦν
1513 2158 1625 2193 ἄκριτος
1650 2158 1696 2183 καὶ
1720 2157 1793 2192 παρὰ

1005 2205 1062 2236 τοῖς
1078 2204 1152 2236 λαοῖς
1166 2205 1224 2240 ἔρις
1244 2205 1293 2232 καὶ
1306 2205 1425 2240 ταραχή”
1444 2204 1604 2239 προῦπῆρχε
1617 2203 1644 2230 δὲ
1668 2203 1713 2229 καὶ
1728 2204 1791 2238 ἄλλη

1005 2258 1047 2282 τις
1062 2251 1183 2286 προτέρα
1205 2251 1282 2283 νόσος
1311 2251 1422 2286 τοπικὴ.
1455 2251 1504 2282 τὰς
1523 2250 1670 2284 ἐκκλησίας
1694 2249 1792 2284 ταράτ-

1005 2305 1097 2327 τουσα,
1117 2297 1134 2331 ή
1154 2297 1286 2331 διαφωνία
1301 2297 1351 2332 τῆς
1362 2297 1408 2323 τοῦ
1423 2297 1516 2332 Πάσχα
1538 2297 1643 2332 ἑορτῆς-
1656 2296 1716 2330 ἥτις
1732 2296 1792 2329 περὶ

1004 2341 1039 2368 τὰ
1060 2340 1109 2377 τῆς
1131 2335 1202 2377 ἑῴας
1219 2341 1289 2378 μέρη
1306 2342 1386 2376 μόνον
1410 2342 1527 2375 ἐγένετο·
1542 2341 1596 2368 τῶν
1613 2341 1661 2376 μὲν
1683 2341 1790 2367 Ἰουδαῖ-

1005 2387 1125 2422 κώτερον
1152 2388 1248 2423 ἑορτὴν
1274 2389 1362 2414 ποιεῖν
1381 2387 1596 2419 ἐσπουδακότων,
1621 2387 1676 2412 τῶν
1700 2386 1728 2412 δὲ
1751 2395 1791 2420 μι-

1005 2433 1147 2468 μουμένων
1161 2433 1321 2468 σύμπαντας
1331 2434 1393 2465 τοὺς
1409 2433 1478 2460 κατὰ
1488 2433 1537 2468 τὴν
1553 2433 1715 2466 οἰκουμένην
1727 2433 1791 2466 Χρμ

1004 2479 1139 2511 στιανούς.
1167 2480 1367 2514 Διαφωνοῦντες
1395 2480 1423 2506 δὲ
1448 2479 1519 2505 οὕτω
1536 2479 1600 2514 περὶ
1615 2478 1663 2511 τῆς
1677 2478 1788 2513 ἑορτῆς,

1004 2526 1052 2559 τῆς
1063 2524 1205 2556 κοινωνίας
1217 2525 1265 2560 μὲν
1276 2525 1400 2559 οὐδαμῶς
1418 2524 1590 2560 ὲχωρίξοντο,
1608 2524 1787 2558 στυγνοτέραν

1003 2569 1031 2596 δὲ
1047 2570 1095 2606 τὴν
1105 2570 1203 2606 ἑορτὴν
1216 2571 1249 2606 τῇ
1260 2571 1394 2606 διαφωνία
1412 2570 1580 2607 εἰργάζοντο.
1596 2570 1634 2596 Δι’
1648 2570 1787 2605 ἀμφότερα

765 2644 900 2672 VALESII
918 2645 1194 2674 ANNOTATIONES.

200 2693 254 2728 (58)
271 2694 328 2727 Τῆς
341 2695 448 2729 ἔχθρας
461 2699 614 2726 ὑπόθεσιν.
625 2700 653 2726 in
670 2700 899 2728 Annolationibns
911 2701 944 2728 ad

164 2729 265 2765 librum
277 2737 295 2756 ll
307 2730 418 2760 Eusebii
434 2733 466 2759 de
480 2734 538 2761 Vita
561 2734 743 2765 Constantini,
760 2736 852 2762 monui
875 2737 944 2762 sori—

165 2763 284 2804 bendnm
300 2765 393 2804 _videri
414 2768 550 2804 ἀπόθεσιν,
571 2775 600 2796 nt
621 2770 646 2796 in
669 2763 831 2804 quibusdam
851 2779 943 2797 exem-

164 2798 286 2836 [alaribus
300 2800 408 2836 legitur.
427 2802 479 2830 Sed
498 2798 559 2831 cum
582 2806 667 2831 nostri
679 2798 791 2832 'codiees
811 2806 944 2832 Florenti-

164 2841 226 2867 nu5,
242 2833 394 2865 Sfortianus
403 2842 430 2866 et
442 2838 543 2872 Allatii,
556 2839 624 2867 nihil
636 2840 679 2867 hic
694 2845 808 2873 mutent,
821 2841 885 2868 ferri
895 2849 942 2876 po-

999 2707 1052 2741 test
1068 2704 1177 2741 vulgata
1203 2705 1295 2741 lectio,
1320 2714 1399 2740 quam
1423 2706 1566 2733 conﬁrmat
1582 2712 1664 2734 etiam
1688 2706 1783 2741 Epiph.

998 2738 1191 2766 St-holasticus.
1215 2740 1258 2767 Sic
1272 2738 1343 2768 enim
1360 2743 1440 2768 vertit
1457 2751 1462 2768 :
1475 2741 1614 2768 Suuviorrs
1626 2738 1717 2767 crebro
1727 2738 1785 2767 sim!

998 2773 1120 2800 antirilid.‘
1144 2779 1200 2808 post
1223 2775 1422 2804 inimii‘iliarum
1445 2785 1539 2804 ("usus
1564 2778 1597 2803 ad
1622 2777 1784 2804 concordiam

998 2813 1130 2836 l‘csllmla'.
