1887 3058
67 119 100 148 οι
579 128 741 158 HISTORIA
762 131 1041 164 ECCLESIASTICA.
1064 153 1097 157 —
1116 137 1180 165 LIB.
1202 139 1222 166 Ι.
1677 141 1712 170 69

68 179 160 236 τοίνυν
173 180 251 236 ὀριῦν
262 184 279 210 ὁ
289 183 418 220 βασιλεὺς
426 190 629 225 ταραττομένην
637 190 685 226 τὴν
693 191 812 228 Ἑκκλησ

966 203 977 223 'J
986 195 1150 224 fuscabatur.
1162 198 1230 226 Cum
1241 198 1324 236 igitur
1332 198 1480 233 imperator
1487 199 1594 227 duobus
1606 200 1649 230 his
1655 207 1711 227 ma-

68 226 181 273 σύνοδον
201 228 404 267 οίκουμενικὴν
424 234 592 269 συνεκρότει,
616 237 680 268 τοὺς
703 226 872 273 πανταχόθεν

67 272 243 324 επισκόηπους
253 274 304 303 διὰ
315 279 483 312 γραμμάτων
498 280 538 311 είς
553 280 670 308 Νίκαιαν
684 282 734 317 τῆς
748 272 873 316 Βιθυνίας

67 323 231 353 ἀπαντῆσαι
271 323 450 358 παρακαλῶν.
484 325 613 361 Παρῆσάν
640 335 670 354 τε
709 328 743 355 ἐκ
768 329 873 356 πολλῶν

68 362 213 409 ἱπαρχιῶν
221 365 274 391 καὶ
284 367 390 394 πόλεων
397 369 421 394 οἱ
430 369 583 397 ἐπίσκοποι·
593 372 656 408 περὶ
664 368 701 399 ὧν
708 373 723 399 ό
731 374 873 409 Παμφίλου

68 406 204 440 Εὐσέϐιος
220 411 253 437 ὲν
273 411 317 447 τῷ
334 414 417 449 τρίτῳ
436 414 531 451 βιϐλίῳ
549 417 603 444 τῶν
615 406 654 449 είς
673 418 717 444 τὸν
730 406 875 446 Κώνσταν-

67 452 143 479 τίνου
158 453 232 488 βίον,
250 457 320 483 τάδε
342 459 413 485 κατὰ
437 459 509 491 λέξιν
531 461 628 496 φησίν·
655 462 715 488 Τῶν
737 461 802 496 γοῦν
826 463 873 489 ὲκ-

69 499 195 535 κλησιῶν
209 501 344 537 ἁπασῶν,
368 505 396 531 αἳ
412 504 461 541 τὴν
478 506 614 542 Εὐρώπην
629 507 749 540 ἅπασαν,
772 509 874 544 Λιϐύην

68 555 98 574 τε
116 546 166 574 καὶ
181 548 236 583 τὴν
265 549 361 577 Ἀσίαν
381 550 526 587 ἐπλήρουν,
541 553 608 587 ὁμοῦ
623 554 740 589 συνῆκτο
756 554 810 581 τῶν
827 555 873 581 τοῦ

69 592 140 621 Θεοῦ
182 593 362 631 λειτουργῶν
399 597 433 623 τὰ
455 596 620 639 [ἀκροθίνια.
654 597 701 631 Εἲς
734 608 765 626 τε
801 599 874 631 οἶκος

70 639 242 675 εὺκτήριος,
275 640 371 676 ὥσπερ
402 643 435 669 ἐκ
472 642 541 670 Θεοῦ
580 644 798 680 πλατυνόμενος,
832 645 874 673 ἐν-

70 683 116 710 δον
135 683 242 720 ὲχὼρει
267 686 342 713 κατὰ
358 686 389 713 τὺ
411 686 477 713 αὐτὸ
502 687 605 724 Σύρους
625 698 654 715 τε
678 690 725 716 καὶ
745 689 872 724 Κίλικας,

70 729 201 761 Φοίνικάς
219 738 253 757 τε
283 731 331 758 καὶ
351 732 504 767 Ἀραδίους,
531 734 579 761 καὶ
594 735 800 767 Παλαιστινοὺς,
827 737 874 762 καὶ⁸

72 773 120 800 ἒπὶ
131 774 244 806 τούτοις
259 775 439 810 Αἰγυπτίους,
464 776 606 812 Θηϐαίους,
637 778 748 810 Λίϐυας,
768 779 830 810 τούς
844 788 873 806 τε

75 819 108 844 ὲκ
120 818 211 853 μέσης
234 819 295 847 τῶν
322 821 452 856 ποταμῶν
478 823 664 858 ὁρμωμένους·
695 824 745 860 ἤδη
774 824 802 851 δὲ
827 825 873 851 καὶ

76 863 186 899 Πέρσης
203 865 360 898 ἐπίσκοπος
380 868 413 903 τῇ
439 868 539 903 συνόδῳ
558 869 659 904 παρῆν·
683 869 744 896 οὔτε
768 869 874 904 Σκύθης

75 909 291 944 ἀπελιμπάνετο
315 912 365 947 τῆς
386 913 505 948 χορείας.
533 914 632 946 Πόντος
658 923 688 941 τε
717 915 764 942 καὶ
787 915 873 947 Ἀσία,

76 955 182 990 Φρυγία
199 964 231 982 τε
245 958 298 984 καὶ
311 958 469 993 Παμφυλία,
481 960 545 992 τοὺς
560 960 625 995 παρ’
640 961 731 992 αὐτοῖς
746 963 875 997 παρεῖχον

77 1001 235 1037 ἐκκρίτους.
259 1003 342 1031 Ἀλλὰ
356 1005 404 1032 καὶ
417 1005 524 1041 Θρᾷκες
539 1007 587 1033 καὶ
594 1007 758 1039 Μακεδόνες,
772 1008 875 1043 Ἀχαιοί

77 1056 108 1074 τε
131 1049 180 1075 καὶ
210 1050 401 1087 Ἠπειρῶται,
428 1052 530 1079 τούτων
554 1061 584 1079 τε
607 1054 632 1079 οἱ
652 1052 692 1080 ἔτι
707 1054 875 1089 προσωτάτω

78 1093 220 1127 οἰκοῦντες
236 1096 379 1130 ἀπήντων.
394 1097 479 1129 Αὐτός
495 1106 525 1124 τε
547 1098 677 1126 Ἰσπανῶν
690 1100 703 1126 ό
723 1101 791 1127 πάνυ
809 1099 875 1134 βοώ-

81 1147 172 1173 μενος,
188 1137 230 1171 εἴς
249 1138 285 1176 ἦν
303 1143 358 1173 τοῖς
376 1142 483 1174 πολλοῖς
498 1143 556 1178 ἃμα
572 1143 749 1179 συνεδρεύων.
772 1145 828 1179 Τῆς
846 1145 875 1171 δέ

82 1193 112 1220 γε
127 1185 328 1221 βασιλευούσης
347 1187 459 1219 πόλεως,
470 1189 485 1214 ό
501 1189 548 1224 μὲν
562 1189 712 1223 προεστὼς,
730 1190 774 1216 διὰ
788 1190 875 1226 γῆρας

82 1231 200 1267 ὑστέρει·
217 1231 402 1267 πρεσϐύτεροι
416 1233 445 1259 δὲ
460 1233 541 1260 αὑτοῦ
558 1234 689 1269 παρόντες
700 1254 708 1266 ,
728 1235 776 1270 τὴν
792 1234 874 1261 αὑτοῦ

83 1275 157 1309 τάξιν
172 1277 323 1312 ἐπλήρουν.
338 1278 463 1304 Τοιοῦτον
478 1279 558 1314 μόνον
573 1279 602 1311 ἐξ
617 1279 724 1313 αίῶνος,
740 1277 780 1312 εἷς
797 1280 874 1315 βασι-

81 1322 143 1354 λεὺς
156 1323 374 1355 Κωνσταντῖνος,
389 1324 499 1360 Χριστῷ
512 1325 642 1360 στέφανον
652 1325 743 1361 δεσμῷ
755 1326 874 1361 συνάψας

84 1370 193 1405 εἰρήνης
204 1390 211 1401 ,
228 1369 270 1405 τῷ
287 1370 370 1397 αὑτοῦ
388 1371 494 1406 Σωτῆρι
509 1371 558 1406 τῆς
572 1372 630 1398 κατ’
645 1371 750 1407 ἐχθρῶν
763 1371 809 1398 καὶ¹
827 1380 876 1398 πο-

84 1414 183 1450 λεμίων
199 1415 280 1451 νίκης
295 1415 443 1452 θεοπρεπὲς
458 1417 568 1452 ἁνετίθη
585 1417 773 1452 χαριστήριον,
784 1417 875 1443 είκόνα

84 1461 190 1496 χορείας
200 1462 385 1497 ἀποπολικῆς
395 1462 495 1498 ταύτην
505 1462 567 1490 καθ’
578 1463 652 1498 ἡμᾶς
662 1462 874 1498 συστησάμενος.

92 1507 166 1534 Ἐπεὶ
188 1508 253 1534 κατ’
281 1508 401 1539 ἐκείνους
426 1507 555 1543 συνῆχθαι
577 1507 670 1541 λόγος,
695 1508 749 1534 ἀπὸ
775 1507 875 1538 παντὸς

86 1552 177 1584 ἔθνους
197 1552 256 1579 τῶν
280 1553 332 1579 ὑπὸ
363 1553 408 1579 τὸν
427 1553 541 1587 οὐρανὸν
565 1553 665 1588 ἄνδρας
692 1552 826 1585 εὐλαϐεῖς,
846 1553 875 1578 ὲν

87 1594 127 1628 οἷς
138 1597 289 1632 ἐτύγχανον
310 1598 417 1632 Πάρθοι
433 1597 482 1624 καὶ
507 1598 603 1632 Μῆδοι
625 1600 674 1626 καὶ
707 1599 875 1633 Ἐλαμῖται,

88 1642 134 1668 καί
150 1643 177 1669 οι
191 1643 408 1676 κατοικοῦντες
422 1644 664 1678 Μεσοποταμίαν,
683 1644 829 1671 Ἰουδαίαν
845 1653 878 1672 τε

90 1687 137 1713 και
161 1688 390 1720 Καππαδοκίαν,
413 1689 528 1715 Πόντον
549 1697 582 1715 τε
604 1689 654 1717 καί
674 1689 732 1723 τὴν
760 1690 875 1722 Ἀσίαν,

91 1735 219 1768 Φρυγίαν
241 1743 275 1761 τε
298 1734 347 1761 καί
367 1735 557 1769 Παμφυλίαν,
578 1735 729 1770 Αἴγυπτον
765 1736 815 1762 καί
842 1737 878 1764 τὰ

88 1782 161 1814 μέρη
176 1780 231 1815 τῆς
253 1781 376 1814 Λιϐύης,
397 1779 453 1815 τῆς
468 1781 543 1807 κατὰ
557 1780 708 1816 Κυρήνην-³
725 1781 755 1808 οἵ
773 1790 805 1808 τε
820 1782 878 1809 ἐπι-

91 1826 256 1861 δημοῦντες
271 1827 413 1862 Ῥωμαῖοι,
429 1827 567 1854 Ἰουδαῖοί
576 1836 608 1854 τε
617 1827 666 1854 καὶ
679 1828 876 1862 προσήλυτοι,

95 1872 202 1906 Κρῆτες
213 1873 266 1900 καὶ
278 1873 410 1908 Ἄραϐες.
420 1873 492 1909 Πλὴν
503 1873 564 1900 ὅσον
575 1873 687 1906 ἐκείνοις
701 1874 750 1909 μὲν
760 1874 877 1910 ὑστέρει,

94 1917 122 1943 τὸ
136 1918 171 1954 μὴ
188 1919 220 1945 ὲκ
235 1918 304 1946 Θεοῦ
323 1919 487 1955 λειτουργῶν
505 1920 664 1947 συνεστάναι
683 1920 746 1951 τοὺς
763 1919 877 1951 πάντας·

96 1963 138 1989 ἐπὶ
151 1964 178 1990 δὲ
188 1965 240 2000 τῆς
255 1965 395 2001 παρούσης
407 1965 527 2001 χορείας,
541 1965 698 1992 ἐπισκόπων
711 1965 760 2000 μὲν
776 1965 880 2001 πληθὺς

93 2012 257 2044 τριακοσίων
272 2011 386 2048 ἀριθμὸν
403 2011 652 2046 ὑπερακοντίζουσα
666 2008 714 2047 ἦν’
739 2011 879 2045 ἑπομένων

95 2055 122 2082 δὲ
135 2056 237 2089 τούτοις
252 2057 443 2093 πρεσϐυτέρων
461 2057 509 2084 καὶ
529 2057 669 2089 διακόνων,
685 2056 838 2084 ἀκολούθων
850 2065 879 2082 τε

97 2099 223 2128 πλείστων
241 2102 310 2128 ὅσων
325 2101 436 2138 ἑτέρων,
451 2103 511 2130 οὐδὲ
524 2100 558 2138 ἦν
572 2102 698 2138 ἀριθμός.
713 2102 773 2128 Τῶν
789 2101 818 2128 δὲ
832 2100 879 2128 τοῦ

95 2145 160 2173 Θεοῦ
174 2147 341 2183 λειτουργῶν
360 2149 385 2175 οἱ
402 2149 451 2184 μὲν
472 2146 625 2184 ’διέπρεπον
641 2148 737 2182 σοφίας
753 2147 834 2182 λόγῳ·
855 2147 880 2173 οι

98 2191 124 2218 δὲ
140 2192 194 2227 βίου
211 2194 387 2230 στερρότητι,
404 2194 451 2221 καὶ
475 2195 622 2230 καρτερίας
648 2195 781 2230 ὑπομονῇ
803 2193 828 2219 οί
851 2193 879 2219 δὲ

98 2236 133 2270 τῷ
149 2237 220 2274 μέσῳ
234 2239 327 2274 τρόπῳ
340 2238 568 2274 κατεκοσμοῦντο.
586 2237 676 2265 Ἦσαν
692 2238 721 2264 δὲ
742 2237 843 2265 τούτων
857 2239 880 2264 ot

101 2282 147 2316 μὲν
164 2280 275 2318 χρόνου
291 2285 373 2319 μήκει
392 2285 585 2320 τετιμημένοι·
612 2285 636 2311 οἱ
656 2285 684 2311 δὲ
712 2285 816 2319 νεότητι
835 2284 882 2310 καὶ

100 2327 181 2363 ψυχῆς
200 2331 278 2366 ἀκμῇ
292 2330 498 2365 διαλάμποντες·
512 2331 537 2357 οἱ
556 2330 584 2357 δὲ
610 2331 673 2365 ἄρτι
704 2330 882 2365 παρελθόντες

102 2374 143 2400 ἐπὶ
152 2375 193 2402 τὸν
204 2376 254 2411 τῆς
266 2376 435 2411 λειτουργίας
446 2376 553 2412 δρόμον.
565 2374 612 2408 Οἷς
627 2376 658 2412 δὴ
678 2377 745 2403 πᾶσι
758 2376 882 2411 βασιλεὺς

101 2418 140 2453 ἐφ’
155 2420 273 2456 ἑκάστης
287 2421 392 2457 ἡμέρας
412 2422 445 2448 τὰ
460 2422 602 2457 σιτηρέσια
622 2421 739 2456 δαψιλῶς
756 2422 882 2457 χορηγεῖ-

104 2464 158 2491 σθαι
169 2466 320 2499 διετάξατο.
333 2468 389 2494 Καὶ
403 2468 516 2495 τοιαῦτα
532 2468 580 2502 μὲν
597 2468 660 2502 περὶ
676 2458 729 2493 τῶν
746 2467 804 2492 ἐκεῖ
819 2474 880 2492 συν-

103 2509 224 2539 ελθόντων
253 2513 382 2544 Εὐσέϐιος
401 2513 466 2548 (59).
493 2512 666 2543 Ἐπιτελέσας
681 2511 709 2538 δὲ
723 2512 737 2537 ό
758 2511 883 2548 βασιλεὺς

104 2555 226 2584 ιπινίκιον
241 2558 312 2585 κατὰ
333 2559 468 2586 Λικιννίου
485 2558 591 2594 ἑορτὴν,
613 2558 722 2593 ἀπήντα
741 2556 788 2583 καὶ
803 2555 884 2587 αὐτὸς

137 2634 227 2666 ¹⁶,Αοι.
243 2644 273 2669 ιι,
285 2635 362 2664 9-H.

924 236 958 268 iis
966 241 1115 271 Ecclesiam
1128 245 1237 272 concuti
1254 244 1370 277 videret,
1383 244 1566 272 universalem
1579 245 1712 281 synodum

924 288 1107 321 congregavit,
1121 296 1216 316 omnes
1229 288 1411 324 undequaque
1423 289 1566 323 episcopos
1578 297 1626 324 per
1637 290 1712 317 litte-

924 337 971 357 ras
979 330 1106 364 invitans,
1117 337 1148 360 ut
1156 333 1271 361 Nicaeam
1280 334 1413 369 Bithynia:
1421 335 1610 361 convenirent.
1618 334 1714 361 Proin-

923 375 958 404 de
969 383 1003 403 ex
1014 377 1252 412 variisprovinciis
1263 387 1296 407 ac
1305 379 1465 407 civitatibus
1474 379 1553 406 multi
1566 379 1714 407 adfuerunt

924 422 1091 457 episcopi,de
1098 424 1338 458 quibusEusebius
1347 425 1480 460 Pamphili
1489 426 1516 452 in
1527 425 1648 453 tertiode
1654 426 1713 453 Vita

923 465 1095 494 Constantini
1107 468 1178 495 libro
1189 469 1247 496 haec
1259 470 1293 496 ad
1308 470 1423 497 verbum
1439 470 1536 497 scribit
1549 470 1605 497 :Ex
1623 470 1713 497 omni-

924 510 975 538 bus
985 512 1110 539 ecclesiis
1123 520 1184 547 quae
1199 514 1355 541 universam
1373 514 1522 549 Europam,
1538 514 1660 542 Africam
1673 518 1715 540 at-

924 563 977 590 que
983 556 1075 584 Asiam
1085 557 1297 592 impleverant,ii
1306 559 1352 593 qui
1360 557 1431 586 inter
1439 559 1487 587 Dei
1498 559 1639 586 ministros
1647 559 1715 587 emi-

924 601 1013 628 neban
1019 606 1038 634 t,
1046 602 1127 629 simul
1140 610 1304 630 convenere.
1314 603 1427 638 Unaque
1443 605 1516 632 aedes
1528 612 1615 637 sacra,
1626 604 1713 632 veluti

925 646 972 673 Dei
985 651 1053 674 nutu
1066 647 1188 680 dilatata,
1202 647 1284 683 Syros
1304 648 1386 675 simul
1401 653 1429 676 et
1439 648 1550 682 Cilices,
1563 648 1712 676 Phoenices

926 692 978 726 19
999 696 1026 719 et
1045 693 1158 725 Arabes,
1174 697 1202 720 et
1221 693 1389 726 Palaestinos,
1409 693 1550 729 {Egyptios
1567 697 1712 729 praeterea,

924 736 1056 764 Thebaeas
1067 745 1099 764 ac
1106 737 1215 773 Libyas,
1227 738 1349 773 aliosque
1370 745 1402 765 ex
1413 738 1606 772 Mesopotamia
1623 738 1715 772 profe-

924 787 983 810 ctos
996 783 1101 810 ambitu
1113 792 1163 811 suo
1175 784 1317 818 complexa
1328 787 1379 811 est.
1387 784 1502 817 Quidam
1511 784 1592 811 etiam
1605 791 1639 810 ex
1650 784 1715 811 Per-

924 829 983 857 side
1002 830 1147 869 episcopus
1156 831 1272 858 concilio
1290 830 1425 858 interfuit.
1438 830 1477 858 Ae
1485 838 1519 858 ne
1532 830 1633 866 Scytha
1652 831 1714 865 qui-

890 861 911 890 n
925 875 987 903 dem
994 861 1167 903 desideiatus
1175 880 1217 904 est
1228 876 1256 903 in
1270 876 1322 903 hoc
1332 876 1428 904 choro.
1440 876 1545 904 Pontus
1554 861 1716 907 item,Cala—

925 921 972 953 tia,
980 921 1140 957 Pamphylia
1147 926 1175 949 et
1181 921 1362 956 Cappadocia,
1372 922 1434 949 Asia
1441 929 1550 956 quoque
1559 925 1588 948 et
1598 921 1713 956 Phrygia
1741 932 1747 937 -

923 963 1103 1004 lectissimum
1121 972 1259 999 quemque
1283 973 1317 992 ex
1335 965 1392 993 suis
1414 965 1567 1000 prtebuere.
1593 965 1715 992 Thraces

924 1015 1056 1045 praetcrea
1072 1018 1103 1038 ac
1124 1010 1296 1043 Macedones,
1309 1010 1405 1038 Achivi
1426 1015 1455 1038 et
1473 1011 1602 1046 Epirotae,
1615 1015 1644 1038 et
1665 1011 1714 1045 qui

924 1055 1083 1090 longissimo
1094 1056 1167 1082 ultra
1181 1056 1232 1084 hos
1254 1055 1397 1083 intervallo
1415 1057 1498 1091 positi
1520 1059 1594 1088 sunt,
1609 1056 1713 1083 nihilo-

924 1101 1015 1128 minus
1032 1101 1157 1129 adfuere.
1173 1101 1214 1128 Ab
1236 1101 1294 1136 ipsa
1314 1108 1423 1136 quoque
1448 1101 1578 1136 Hispania
1600 1101 1643 1128 vir
1665 1101 1714 1128 illc

924 1147 1011 1174 multo
1022 1147 1144 1174 omnium
1164 1155 1293 1175 sermone
1319 1147 1475 1175 celebratus
1489 1154 1542 1173 una
1563 1154 1625 1174 cum
1647 1147 1714 1173 reli-

924 1192 986 1227 quis
998 1193 1057 1219 aliis
1068 1193 1202 1220 consedit.
1221 1192 1323 1220 Aberat
1334 1192 1445 1227 quidem
1458 1192 1540 1227 regite
1565 1191 1642 1219 urbis
1665 1199 1715 1218 an-

926 1237 1022 1264 tistes:
1042 1237 1091 1264 sed
1104 1240 1204 1271 prtesto
1225 1240 1304 1264 erant
1315 1236 1478 1272 presbyteri,
1491 1236 1539 1271 qui
1561 1236 1636 1264 vices
1656 1236 1716 1271 ejus

926 1282 1081 1317 implerent.
1100 1281 1261 1317 Huiusmodi
1275 1289 1405 1310 coronam
1426 1282 1502 1317 pacis
1518 1281 1628 1309 vinculo
1651 1289 1716 1309 con-

924 1332 1025 1355 sertam
1038 1332 1066 1354 et
1082 1335 1244 1360 connexam,
1258 1328 1332 1355 solus
1351 1327 1386 1355 ab
1399 1327 1472 1355 omni
1485 1335 1543 1355 aevo
1565 1327 1716 1362 imperator

924 1372 1130 1405 Constantinus,
1143 1372 1219 1399 velut
1231 1372 1354 1399 divinum
1367 1372 1437 1407 grati
1449 1372 1533 1399 animi
1553 1379 1716 1399 monumen-

925 1422 983 1445 tum
996 1425 1046 1453 pro
1058 1418 1183 1445 victoriis
1194 1425 1262 1452 quas
1273 1417 1307 1444 de
1325 1417 1453 1444 hostibus
1465 1421 1493 1444 ct
1504 1417 1624 1445 inimicis
1637 1421 1715 1445 retu-

925 1466 1004 1498 lerat,
1019 1465 1129 1493 Christo
1142 1464 1279 1492 Servatori
1294 1472 1344 1491 suo
1365 1463 1519 1496 dedicavit;
1533 1463 1586 1491 hoc
1604 1464 1716 1498 amplis-

926 1512 996 1539 simo
1017 1515 1107 1543 cmtu,
1133 1502 1262 1545 tanquam
1280 1509 1405 1544 .imagine
1429 1509 1547 1544 quadam
1569 1509 1712 1544 apostolici

926 1557 1015 1590 chori,
1029 1557 1132 1585 nostris
1152 1555 1323 1591 temporibus
1346 1558 1506 1582 convocato.
1522 1553 1664 1588 Siquidem
1687 1557 1716 1582 et

926 1603 1112 1638 apostolorum
1132 1601 1319 1636 temporibus,
1332 1600 1384 1627 viri
1401 1599 1522 1635 religiosi
1533 1607 1567 1626 ex
1583 1599 1658 1626 omni
1670 1607 1718 1626 na-

928 1649 1002 1676 tione
1015 1656 1075 1683 qum
1086 1647 1138 1675 sub
1150 1647 1219 1674 coelo
1232 1650 1284 1678 est,
1304 1646 1332 1673 in
1344 1653 1429 1673 unum
1442 1645 1603 1673 convenisse
1616 1644 1716 1672 dicun-

927 1699 981 1721 tur.
993 1694 1068 1723 lnter
1084 1701 1154 1728 quos
1166 1696 1246 1720 erant
1261 1691 1366 1724 Parthi,
1379 1691 1459 1722 Medi,
1479 1690 1614 1722 Elamitw,
1629 1695 1653 1717 et
1673 1691 1718 1726 qui

927 1740 1049 1767 habitant
1071 1739 1299 1774 Mesopotamiam,
1317 1738 1440 1765 Judaeum
1462 1741 1486 1764 et
1510 1736 1716 1772 Cappadociam,

927 1784 1051 1815 Pontum.
1064 1784 1155 1811 Asiam
1167 1788 1190 1810 et
1203 1783 1347 1818 Phrygiam
1372 1791 1403 1809 ac
1418 1781 1621 1817 Pamphyliam,
1634 1781 1718 1817 (Egy-

928 1834 1001 1866 ptum
1015 1835 1038 1856 ct
1046 1834 1134 1865 partes
1147 1828 1234 1864 Libym
1245 1836 1304 1863 qum
1315 1831 1353 1854 est
1361 1828 1441 1862 juxta
1453 1827 1581 1862 Cyrenem
1593 1835 1602 1854 :
1612 1827 1719 1854 aduente

927 1884 1029 1911 quoque
1052 1875 1176 1906 Romani,
1197 1874 1284 1901 Judari
1305 1877 1330 1901 et
1364 1873 1505 1909 proselyti,
1529 1872 1664 1900 Cretenses
1694 1878 1718 1900 et

927 1921 1026 1948 Arabes
1041 1921 1072 1947 ¹⁶.
1102 1921 1204 1948 Verum
1226 1919 1298 1954 apud
1326 1919 1395 1946 istos
1420 1918 1531 1953 quidem
1555 1918 1607 1946 hoc
1628 1919 1719 1946 minus

927 1967 990 2000 fuit,
1004 1967 1077 2002 quod
1089 1974 1143 1994 non
1163 1973 1259 1993 omnes
1271 1968 1349 1992 erant
1361 1965 1410 1992 Dei
1424 1964 1542 1991 ministri
1555 1964 1600 1998 qui
1621 1972 1719 1991 convc-

928 2016 1034 2039 nerant.
1050 2011 1080 2038 ln
1105 2010 1233 2046 prmsenti
1252 2014 1343 2037 autem
1356 2009 1441 2036 choro
1462 2008 1583 2043 episcopi
1606 2009 1715 2043 quidem

929 2057 1043 2084 trecenti
1057 2060 1084 2083 ct
1095 2056 1213 2090 amplius
1225 2055 1382 2086 adfuerunt,
1408 2053 1638 2089 presbyterorum
1653 2061 1719 2081 vero

928 2103 1034 2138 quieos
1054 2102 1176 2129 comitati
1199 2105 1272 2133 sunt,
1297 2100 1491 2132 diaconornm,
1514 2099 1718 2132 aeolutliorum,

929 2148 1101 2183 aliorumque
1114 2147 1297 2182 complurium
1318 2154 1448 2173 numerus
1462 2146 1526 2172 iniri
1549 2146 1594 2172 vix
1616 2149 1716 2180 potest.

897 2203 917 2230 ι)
929 2194 1015 2221 Porro
1027 2202 1060 2221 ex
1079 2193 1122 2220 his
1139 2192 1186 2220 Dei
1199 2192 1333 2219 ministris
1361 2192 1406 2219 alii
1429 2198 1555 2218 sermone
1568 2191 1718 2224 sapientiae,

930 2240 976 2267 alii
988 2239 1121 2274 gravitate
1144 2239 1206 2266 vita:
1218 2243 1245 2265 et
1257 2239 1380 2265 laborum
1392 2238 1535 2264 tolerantia
1544 2237 1717 2270 eminebant;

930 2285 977 2313 alii
991 2285 1125 2312 modestia
1147 2289 1175 2312 et
1196 2284 1325 2311 comitate
1348 2291 1456 2314 morum
1476 2288 1554 2311 erant
1575 2283 1674 2315 ornati,
1687 2290 1719 2309 ac

930 2330 1055 2358 nonnulli
1077 2330 1188 2364 quidem
1223 2336 1319 2356 eorum
1352 2328 1388 2355 ob
1422 2333 1579 2363 provectam
1609 2331 1718 2355 aetatem

930 2376 1049 2403 maximo
1062 2376 1088 2402 in
1106 2376 1210 2403 honore
1226 2378 1324 2402 erant:
1347 2374 1471 2401 nonnulli
1493 2378 1521 2401 et
1545 2373 1669 2408 corporis
1691 2377 1720 2400 et

931 2420 1016 2447 animi
1027 2420 1143 2455 juvenili
1157 2420 1250 2454 vigore
1260 2418 1419 2451 enitebant;
1437 2418 1549 2454 quidam
1564 2426 1660 2445 recens
1672 2417 1718 2444 ad-

931 2465 1043 2493 modum
1058 2465 1206 2493 ministerii
1220 2466 1263 2492 sui
1281 2465 1399 2493 stadium
1420 2468 1499 2492 erant
1514 2464 1639 2500 ingressi.
1652 2463 1718 2496 Qui-

931 2511 984 2538 bus
995 2512 1123 2539 omnibus
1135 2511 1259 2546 quotidie
1271 2518 1393 2537 annonas
1411 2510 1521 2544 copiose
1534 2509 1649 2544 praeberi
1671 2509 1719 2535 im-

932 2561 1042 2591 perator
1054 2557 1242 2585 mandaverat.
1255 2556 1294 2584 Ac
1311 2555 1345 2583 de
1357 2556 1401 2583 his
1414 2555 1524 2591 quidem
1537 2555 1583 2590 qui
1595 2563 1629 2583 eo
1652 2561 1717 2582 c0n-

696 2715 832 2742 VALESll
851 2714 1125 2742 ANNOTATIONES.

138 2762 187 2799 (39)
203 2764 272 2797 Περὶ
287 2763 346 2790 τῶν
360 2764 639 2799 ἐκεῖσιυπελθόντων
655 2764 806 2795 Εὐσέϐιος.
824 2762 881 2799 Hoc

108 2796 160 2834 loco
172 2796 276 2834 aliquot
294 2797 399 2826 vocalis
419 2800 526 2827 auctior
553 2803 594 2826 est
613 2799 697 2826 codex
714 2798 815 2826 Allatii.
835 2797 880 2834 Sic

109 2833 172 2860 enim
198 2832 291 2866 habet,
310 2834 374 2869 περὶ
392 2834 444 2860 τῶν
460 2835 518 2860 ἐκεῖ
541 2834 629 2860 συνελ.
647 2835 661 2860 ό
677 2833 820 2869 Παμφίλου
838 2832 877 2859 δι-

935 2761 1045 2796 εξῆλθεν
1055 2762 1190 2794 Εὐσέϐιος.
1206 2761 1285 2794 Quod
1303 2760 1414 2795 quidem
1437 2761 1564 2794 majorem
1577 2756 1658 2783 habet
1671 2756 1718 2790 ἔμ-

935 2805 1024 2829 φασιν.
