1887 3058
165 132 203 161 53

897 134 1066 163 SOCRATIS

1767 138 1801 166 65

169 204 279 230 venere,
291 196 429 224 Eusebius
446 196 484 224 ita
496 196 602 224 scribit.
616 196 769 231 Imperator
792 202 870 228 vero,
893 203 914 223 ει

1058 195 1107 233 τὴν
1115 196 1242 225 Νίκαιαν.
1257 197 1408 234 Διέπρεπον
1420 197 1447 224 δὲ
1459 197 1488 224 ὲν
1500 197 1557 229 τοῖς
1569 197 1730 230 ἐπισκόποις
1749 197 1802 223 Ha-

168 240 204 268 ob
221 241 364 268 victoriam
383 241 418 268 de
436 240 544 268 Licinio
563 244 669 276 partam
681 240 862 275 triumphales
878 239 957 267 ludos

168 285 312 318 edidisset,
325 287 384 321 ipse
397 293 507 321 quoque
525 286 643 313 Nicaeam
663 286 795 320 perrexit.
807 285 894 313 Erant
915 285 958 312 in-

168 336 211 358 ter
233 332 379 366 episcopos
402 331 458 358 duo
482 330 596 365 quidam
628 331 803 358 celeberrimi
826 330 958 362 nominis,

169 376 340 411 Paphnutius
352 385 384 404 ex
398 376 541 411 superiore
554 376 706 409 Thebaide,
720 380 748 403 et
760 376 896 412 Spyridon
908 375 960 412 Cy-

170 423 256 457 prius.
269 422 453 456 Quamobrem
475 429 541 449 vero
564 422 680 449 istorum
703 423 870 450 mentionem
884 422 958 450 fece-

171 468 232 500 rim,
245 469 334 496 dicam
349 468 432 503 paulo
454 472 525 503 post.
549 469 672 496 Aderant
693 469 777 496 etiam
801 469 959 504 complures

170 513 244 545 laici.
258 513 410 541 dialectica:
421 514 490 541 artis
502 514 595 550 periti,
609 522 665 542 sure
676 515 763 550 partis
774 516 957 550 patrocinium

170 558 258 593 parati
278 559 428 594 suscipere.
442 559 578 587 Caeterum
598 560 655 587 Arii
668 552 826 595 opinionem
842 561 957 588 tueban—

169 605 215 628 tur
227 606 283 630 tum
296 603 431 630 Eusebius
443 604 671 637 Nicomediensis,
686 609 716 632 ut
727 609 807 632 antea
818 605 885 639 dixi,
900 611 957 634 tum

169 645 307 682 Theognis
318 653 346 676 et
359 648 439 676 Maris
453 658 458 675 :
479 657 596 683 quorum
610 650 655 677 illc
667 651 778 685 quidem
793 651 898 684 Nicam,
915 653 960 680 hic

168 689 351 720 Chalcedonis
372 694 398 720 in
421 693 548 730 Bithynia
569 699 630 722 erat
649 697 804 732 episcopus.
819 697 959 726 Adversus

169 737 238 765 istos
248 738 414 766 Athanasius
436 741 546 768 fortiter
569 741 729 775 dimicabat,
747 743 793 778 qui
807 747 871 771 tunc
894 745 958 780 qui-

169 783 232 810 dem
262 785 452 813 Alexandrina:
475 787 605 815 Ecclesia:
638 788 774 816 diaconus
809 790 956 818 militabat.

168 829 306 857 Caeterum
326 839 424 866 magno
445 833 472 859 in
483 833 587 861 honore
601 835 674 869 apud
691 834 877 863 Alexandrum
898 842 959 864 erat

168 875 347 912 episcopum:
368 879 422 913 20
439 879 512 906 unde
524 880 608 907 etiam
633 881 746 908 invidia:
769 882 840 909 livor
864 887 960 910 contra

168 929 231 949 eum
250 924 362 957 exarsit,
383 926 455 953 sicut
477 931 571 961 postea
597 927 723 955 dicturus
748 937 819 955 sum.
845 929 960 957 interim

168 976 245 1001 vero,
258 970 339 1003 paulo
351 974 498 1006 antequam
520 972 547 999 in
572 981 656 999 unum
669 973 759 1000 locum
782 975 962 1001 convenirent

168 1013 302 1049 episcopi,
317 1014 454 1043 dialectici
468 1017 635 1051 quibusdam
650 1026 809 1045 sermonum
823 1019 960 1054 prolusio-

169 1058 252 1086 nihus
264 1064 359 1087 contra
372 1063 522 1089 nonnullos
534 1064 690 1097 volitantes,
704 1073 764 1092 sese
785 1066 959 1093 exercebant.

168 1103 292 1140 Cumque
304 1107 382 1134 multi
395 1109 543 1136 verborum
556 1111 689 1138 suavitate
710 1111 896 1144 allieercntur,
910 1111 961 1138 lai-

168 1158 218 1177 cus
231 1151 342 1185 quidam
357 1160 390 1180 ex
403 1154 592 1182 eonfessorum
607 1163 733 1187 numero,
754 1160 831 1182 recto
845 1164 875 1183 ac
898 1156 962 1183 sim-

168 1201 377 1235 piicipra‘ditus
390 1208 483 1232 sensu,
507 1209 569 1228 eum
595 1201 749 1229 dialecticis
771 1203 960 1237 congreditur,

169 1245 266 1280 hisque
280 1245 341 1273 illos
356 1246 449 1273 verbis
471 1247 646 1282 compellavit
667 1257 672 1274 :
695 1247 872 1276 Christuswt
893 1257 961 1283 apo—

168 1292 231 1319 stoli
240 1300 294 1319 nou
303 1296 390 1319 artem
402 1292 482 1320 nobis
492 1292 675 1326 dialecticam,
687 1302 738 1321 nec
750 1293 859 1321 inanem
869 1303 962 1321 versu-

170 1338 235 1364 tiam
249 1337 434 1370 tradiderunt,
449 1338 496 1365 sed
517 1342 641 1374 apertam
665 1347 698 1366 ac
721 1340 874 1375 simplicem
897 1348 961 1367 sen-

171 1385 304 1417 tentiam,
329 1392 390 1419 qtae
418 1384 471 1411 ﬁde
495 1384 631 1420 bonisque
656 1385 764 1413 actibus
793 1386 959 1413 custoditur.

168 1430 234 1464 Qum.
252 1439 314 1458 eum
328 1430 452 1462 dixisset,
466 1438 562 1458 omnes
574 1430 620 1464 qui
635 1431 759 1463 aderant,
780 1431 961 1459 admiratione

168 1476 300 1511 perculsi,
318 1475 343 1503 ei
368 1481 568 1509 assenscrunt;
592 1476 730 1504 dialectici
755 1485 822 1505 vero
844 1478 961 1513 simplici

169 1530 296 1549 sermone
315 1521 441 1549 veritatis
460 1522 566 1554 audito,
589 1522 704 1556 posthac
726 1523 847 1558 :equiore
870 1524 962 1551 animo

169 1568 367 1603 eonquievere.
381 1568 410 1594 in
432 1567 506 1594 hunc
523 1568 634 1595 modum
655 1569 789 1596 tumultus
811 1570 855 1597 ille
879 1578 960 1605 quem

169 1611 314 1641 dialectica
342 1614 545 1646 concitaverat,
572 1614 682 1649 penitus
704 1623 879 1650 compressus
909 1621 960 1643 est.

169 1660 284 1687 Postero
299 1660 342 1686 die
357 1660 479 1695 episcopi
492 1668 588 1687 omnes
601 1668 687 1687 unum
710 1661 736 1688 in
750 1662 839 1688 locum
860 1670 961 1689 conve-

169 1705 260 1733 niunt.
281 1706 351 1739 Post
375 1706 436 1733 illos
460 1706 571 1733 advenit
605 1706 689 1733 etiam
715 1707 875 1742 imperator.
909 1708 962 1741 Qui

170 1756 315 1787 postquam
329 1751 469 1787 ingressus
487 1756 539 1785 est,
555 1753 632 1779 stetit
646 1753 672 1780 in
687 1753 777 1780 medio
792 1763 797 1780 :
823 1762 873 1781 nec
886 1755 962 1790 prius

169 1797 267 1824 sedere
280 1797 423 1829 sustinuit.
440 1805 521 1831 quam
534 1798 656 1833 episcopi
679 1799 705 1825 id
725 1803 793 1826 nutu
812 1800 963 1834 significas-

169 1847 240 1869 sent.
261 1843 346 1870 Tanta
361 1843 422 1870 illos
444 1843 618 1872 observantia
641 1852 674 1872 ac
696 1846 850 1872 reverentia
875 1846 961 1881 impe-

171 1893 246 1915 rator
258 1889 485 1923 prosequebatur.
500 1890 582 1917 Facto
601 1891 711 1923 deinde,
725 1895 756 1918 ut
774 1899 823 1926 par
835 1896 904 1924 erat,
926 1893 962 1919 si-

170 1934 265 1967 lentio,
280 1935 431 1970 imperator
444 1945 477 1963 ex
499 1937 564 1964 sella
587 1937 673 1964 verba
695 1938 786 1964 facere
809 1939 902 1973 erepit,
927 1939 959 1966 ad

170 1990 335 2009 consensqu
364 1991 412 2010 eos
435 1984 586 2012 exhortans
610 1988 693 2019 atque
717 1986 911 2018 concordiam;
934 1990 962 2014 et

170 2027 291 2062 privatas
303 2029 414 2062 quidem
427 2029 581 2057 simultates
603 2034 634 2056 ut
656 2030 754 2065 singuli
780 2030 960 2064 deponerent,

169 2073 321 2101 admonuit.
333 2073 439 2109 Quippe
451 2075 607 2109 complures
627 2083 722 2102 eorum
735 2084 795 2103 sese
808 2080 903 2102 mutuo
914 2085 960 2104 ac-

170 2120 323 2147 cusabant:
342 2120 465 2147 nonnulli
481 2121 563 2148 etiam
582 2121 670 2156 pridie
693 2123 753 2156 ejus
776 2122 831 2148 dici
855 2122 962 2150 libellos

170 2166 309 2200 supplices
333 2167 492 2200 imperatori
523 2170 710 2201 perrexerant.
741 2168 801 2202 lpse
823 2176 904 2200 vero,
932 2173 962 2204 ut

978 869 998 895 li

1008 241 1133 276 φνούτιός
1148 250 1177 269 τε
1191 243 1206 269 6
1219 243 1251 269 ὲκ
1263 243 1313 278 τῆς
1331 242 1387 270 ἄνω
1403 242 1547 278 Θηϐαΐδος,
1562 242 1610 269 καὶ
1627 242 1803 279 Σπυρίδωνιό

1009 287 1041 314 ὲκ
1064 286 1189 322 Κύπρου.
1209 286 1293 314 Ὀτου
1315 287 1395 322 χάριν
1418 288 1447 314 δὲ
1467 287 1570 315 τούτων
1592 287 1802 324 ἐμνημονεύσα-

1010 340 1058 367 μεν
1077 332 1144 367 (40),
1163 333 1232 369 μετὰ
1256 333 1343 360 ταῦτα
1365 334 1429 370 ὲρῶ.
1445 334 1634 370 Συμπαρῆσαν
1659 334 1687 361 δὲ
1713 333 1804 360 λαῖχοὶ

1009 378 1100 404 πολλοὶ
1115 378 1288 413 διαλεκτικῆς
1304 378 1442 414 ἔμπειροι,
1466 379 1495 406 ὲν
1510 379 1634 415 ἑκατέρῳ
1647 379 1725 415 μέρει
1742 388 1804 406 συν-

1008 425 1118 459 ηγορεῖν
1129 424 1360 460 προθυμούμενοι.
1381 425 1463 452 Ἀλλὰ
1474 424 1523 460 τὴν
1539 425 1588 460 μὲν
1606 425 1712 461 ’Δρείου
1724 425 1806 458 δόξαν

1010 471 1188 506 συνεκρότουν
1212 471 1341 503 Εὑσέὸιός
1362 480 1392 497 τε
1417 471 1608 506 Νικομηδεὺς,
1628 471 1666 504 ὥς
1694 481 1739 506 μοι
1758 472 1807 498 καὶ

1009 517 1142 552 πρότερον
1159 516 1276 553 εἴρηται,
1291 517 1339 543 καὶ
1353 517 1475 551 Θέογνις,
1491 517 1537 544 καὶ
1552 517 1654 552 Μάρις·
1669 514 1707 544 ὢν
1721 517 1735 543 6
1755 517 1807 552 μὲν

1009 562 1126 593 Νικαίας
1137 562 1284 594 ἐπίσκοπος
1297 560 1341 597 ἦν,
1353 562 1444 598 Μάρις
1457 561 1484 588 δὲ
1496 563 1546 597 τῆς
1568 563 1596 588 ὲν
1613 562 1724 597 Βιθυνίᾳ
1737 562 1808 589 Χαλ-

1009 607 1130 643 κηδόνος·
1147 607 1252 640 τούτοις
1275 608 1302 634 δὲ
1321 609 1454 642 γενναίως
1471 608 1671 643 ἀντηγωνίζετο
1690 609 1807 636 Ἀθανά-

1011 660 1086 684 σιος,
1111 652 1233 684 διάκονος
1257 653 1307 688 μὲν
1323 653 1372 688 τῆς
1403 653 1600 688 Ἀλεξανδρέων
1628 653 1806 688 Ἐκκλησίας.

1010 698 1116 733 Σφόδρα
1131 699 1159 725 δὲ
1183 699 1264 726 αὐτὸν
1280 698 1324 725 διὰ
1337 699 1419 734 τιμῆς
1434 697 1501 734 ἦγεν
1521 699 1696 735 Ἀλέξανδρος
1708 701 1722 726 6
1744 699 1808 726 ἐπί-

1012 751 1122 775 axona:
1137 744 1178 770 διὸ
1202 745 1248 771 καὶ
1275 744 1371 779 φθόνος
1395 744 1533 771 ὡπλίσατο
1559 745 1618 772 κατ’
1641 744 1742 777 αὑτοῦ,
1769 745 1809 776 ὡς

1011 789 1124 825 ὕστερον
1143 790 1265 825 λέξομεν.
1287 791 1393 826 Μικρὺν
1408 788 1454 818 οὖν
1471 790 1524 826 πρὸ
1541 791 1590 826 τῆς
1607 792 1646 823 εἰς
1659 791 1708 817 ἕνα
1724 791 1810 818 τόπον

1013 835 1194 867 συνελεύσεως
1204 836 1258 862 τῶν
1269 836 1437 868 ἐπισκόπων,
1449 837 1474 863 ol
1483 836 1648 863 διαλεκτικοὶ
1663 837 1731 872 πρὸς
1743 837 1809 868 τοὺς

1013 881 1125 913 πολλοὺς
1143 881 1305 916 προαγῶνας
1328 881 1468 908 ἐποιοῦντο
1482 882 1536 909 τῶν
1557 882 1654 916 λόγων..
1678 881 1811 917 Ἐλκομέ-

1013 937 1064 953 νων
1078 927 1106 954 δὲ
1119 927 1223 954 πολλῶν
1239 928 1305 963 πρὸς
1315 928 1344 954 τὺ
1359 927 1406 954 τοῦ
1418 928 1497 962 λόγου
1513 937 1540 954 τε
1546 928 1637 963 ρπνὸν,
1651 925 1691 959 εἷς
1701 937 1743 958 τις
1753 927 1810 953 τῶν

1011 973 1184 1008 όμολογητῶν
1199 973 1292 1005 λαῖκὺς
1302 995 1308 1006 ,
1324 974 1452 1009 ἀκέραιον
1473 973 1542 1009 ἔχων
1557 973 1588 1001 τὸ
1603 974 1745 1010 φρόνημα,
1762 974 1811 1000 ἀν-

1011 1019 1132 1045 τιπίπτει
1154 1020 1209 1051 τοῖς
1226 1019 1421 1050 διαλεκτικοῖς,
1440 1020 1486 1046 καί
1509 1028 1576 1055 φησι
1598 1019 1666 1055 πρὸς
1690 1018 1808 1051 αὐτούς·

1012 1065 1050 1097 ὡς
1064 1066 1117 1101 ἄρα
1131 1066 1144 1091 ὀ
1160 1065 1288 1100 Χριστὸς,
1303 1066 1349 1092 καὶ
1367 1066 1391 1092 οἱ
1415 1065 1557 1092 ἀπόστολοι
1580 1065 1610 1092 οὐ
1633 1065 1811 1100 διαλεκτικὴν

1012 1112 1077 1146 ἡμῖν
1101 1111 1253 1147 παρέδοσαν
1272 1112 1385 1147 τέχνην.
1407 1112 1468 1138 οὐδὲ
1492 1111 1573 1148 κενὴν
1595 1113 1714 1147 ἀπάτην,
1738 1111 1810 1138 ἀλλά

1012 1157 1119 1193 γυμνὴν
1139 1157 1250 1193 γνώμην
1284 1158 1351 1190 (Mi,
1370 1158 1460 1184 πίστει
1476 1158 1522 1185 καὶ
1537 1158 1629 1189 καλοῖς
1647 1157 1738 1193 ἔργοις
1758 1166 1810 1191 φυ-

1012 1203 1188 1238 λαττομένην.
1201 1203 1293 1229 Ταῦτα
1308 1203 1441 1236 εἰπόντος,
1456 1204 1480 1230 οἱ
1493 1204 1541 1238 μὲν
1558 1203 1690 1238 παρόντες
1704 1203 1810 1234 πάντες

1012 1249 1170 1283 ἐθαύμασαν
1192 1249 1238 1275 καὶ
1258 1249 1430 1282 ἀπεδέξαντο·
1446 1251 1469 1276 οἱ
1484 1249 1511 1276 δὲ
1525 1249 1690 1276 διαλεκτικοὶ
1704 1249 1811 1282 εὐγνω-

1014 1295 1176 1329 μονέστερον
1202 1293 1342 1326 ποιοῦντες
1365 1294 1516 1330 ἡσύχασαν.
1542 1294 1587 1320 τον
1606 1293 1708 1320 ἁπλοῦν
1727 1293 1811 1327 λόγον

1012 1339 1062 1374 τῆς
1076 1339 1203 1374 ἀληθείας
1217 1339 1393 1371 ἀκούσαντες.
1419 1339 1486 1365 Τότε
1503 1339 1551 1374 μὲν
1573 1337 1619 1366 οὖν
1634 1338 1721 1370 οὕτως
1743 1339 1758 1364 6
1777 1339 1810 1365 ὲκ

1012 1384 1062 1419 τῆς
1077 1384 1247 1420 διαλεκτικῆς
1262 1385 1403 1419 γινόμενος
1417 1384 1530 1419 θόρυϐος
1546 1384 1707 1419 κατεστάλη.
1726 1384 1766 1419 Τῇ
1781 1383 1810 1410 δὲ

1013 1431 1076 1466 ἑξῆς
1105 1430 1203 1462 πάντες
1220 1430 1277 1466 ἅμα
1292 1432 1315 1456 οι
1332 1431 1476 1456 ἐπίσκοποι
1495 1431 1534 1461 εὶς
1548 1430 1596 1456 ἕνα
1610 1430 1690 1456 τόπον
1707 1430 1811 1465 συνήρ-

1014 1484 1099 1511 χοντο.
1120 1475 1233 1510 Παρῄει⁴
1244 1475 1271 1501 δὲ
1296 1474 1342 1501 καὶ
1357 1475 1370 1501 6
1392 1474 1517 1508 βασιλεὺς
1542 1474 1600 1510 μετ’
1618 1473 1727 1505 αὐτούς.
1754 1473 1810 1499 Καὶ

1015 1520 1075 1546 ἐπεὶ
1097 1520 1244 1555 παρῆλθεν,
1267 1521 1306 1551 εἱς
1326 1519 1425 1554 μέσους
1452 1519 1533 1554 ἔστη·
1553 1519 1600 1545 καὶ
1621 1519 1651 1544 οὐ
1675 1518 1810 1553 πρότερον

1015 1565 1136 1596 καθίζειν
1151 1566 1257 1600 ᾑρεῖτο,
1275 1565 1340 1598 πρὶν
1358 1563 1392 1591 ἂν
1406 1565 1429 1590 oi
1454 1564 1597 1590 ἐπίσκοποι
1622 1562 1807 1589 ὲπινεὺσειαν.

1013 1611 1136 1646 Τοσαύτη
1151 1620 1191 1641 τις
1202 1610 1330 1636 εὐλάϐεια
1344 1610 1390 1636 καὶ
1404 1609 1486 1641 αἰδὼς
1509 1609 1564 1635 τῶν
1578 1607 1683 1643 ἀνδρῶν
1699 1608 1746 1633 τὸν
1763 1607 1808 1641 βα-

1014 1657 1089 1683 σιλέα
1102 1658 1237 1691 κατεῖχεν.
1258 1655 1335 1681 Ἐπεὶ
1351 1655 1380 1681 δὲ
1405 1655 1452 1682 καὶ
1466 1656 1483 1691 ἡ
1505 1655 1648 1690 πρέπουσα
1663 1653 1702 1689 τῷ
1717 1653 1809 1688 καιρῷ

1012 1705 1111 1741 ἡσυχία
1127 1705 1246 1739 ἐγένετο,
1265 1703 1366 1739 ἤρξατο
1380 1704 1394 1730 6
1422 1702 1550 1738 βασιλεὺς
1573 1701 1686 1728 αὐτόθεν
1705 1701 1738 1727 ἐκ
1756 1700 1808 1735 τῆς

1013 1750 1147 1786 καθέδρας
1165 1750 1370 1785 παραινετικοῖς
1381 1748 1449 1783 πρὸς
1464 1747 1562 1779 αὐτοὺς
1576 1747 1693 1783 χρῆσθαι
1704 1747 1807 1780 λόγοις,

1014 1796 1082 1830 προς
1093 1795 1251 1829 συμφωνίαν
1263 1795 1310 1820 καὶ
1323 1794 1450 1829 ὁμόνοιαν
1462 1793 1624 1828 προτρέπων
1636 1792 1744 1823 αὐτούς’
1759 1793 1808 1818 καὶ

1012 1842 1061 1876 τὴν
1078 1841 1127 1874 μὲν
1143 1841 1259 1867 ἑκάστου
1287 1841 1441 1872 ἰδιάζουσαν
1454 1839 1543 1874 λύπην
1556 1839 1623 1874 πρὸς
1634 1839 1678 1865 τὸν
1692 1838 1808 1874 πλησίον

1013 1888 1189 1922 παραχωρεῖν
1212 1887 1402 1913 συνεϐούλευε·
1428 1886 1475 1912 καὶ
1500 1885 1555 1921 γὰρ
1575 1884 1808 1918 ἀντεγκαλοῦντες

1012 1931 1081 1968 ἦσαν
1097 1933 1220 1968 ἀλλήλοις
1233 1933 1258 1959 οἱ
1274 1932 1406 1963 πλείονες·
1420 1931 1511 1958 πολλοί
1524 1940 1552 1957 τε
1565 1930 1595 1962 ἐξ
1609 1929 1697 1956 αὐτῶν
1715 1930 1808 1964 βιϐλία

1011 1979 1128 2013 δεήσεων
1150 1978 1189 2013 τῷ
1215 1978 1318 2013 βασιλεῖ
1330 1979 1362 2014 τῇ
1385 1977 1533 2013 προτεραίᾳ
1557 1974 1627 2011 ἦσαν
1650 1976 1805 2010 όρέξαντες.

1017 2024 1080 2050 Ἐπὶ
1094 2024 1122 2051 δὲ
1137 2023 1168 2050 τὸ
1180 2024 1369 2059 προκείμενον,
1382 2024 1422 2050 διὸ
1438 2024 1484 2049 καὶ
1498 2021 1736 2057 συνεληλύθεισαν,
1753 2031 1807 2056 χω-

1013 2071 1070 2105 ρεῖν
1092 2069 1302 2105 παρακαλέσας,
1323 2069 1358 2095 τὰ
1381 2068 1471 2104 βιϐλία
1492 2067 1624 2102 καυθῆναι
1651 2066 1806 2097 ἐκέλευσεν,

1011 2116 1133 2143 ἐπειπὼν
1149 2116 1238 2152 μόνον·
1255 2115 1369 2143 Κελεύει
1383 2114 1500 2151 Χριστὸς
1513 2114 1621 2147 ἀφιέναι
1635 2112 1673 2148 τῷ
1698 2112 1807 2147 ἀδελφῷ

1012 2163 1057 2189 τὸν
1075 2163 1198 2197 ἀφέσεως
1215 2164 1304 2197 τυχεῖν
1319 2162 1504 2196 ἐπειγόμενον.
1519 2160 1585 2186 Τότε
1599 2157 1646 2186 οὖν
1661 2159 1722 2189 τοὺς
1740 2159 1804 2192 περὶ

171 2211 312 2245 proposito
334 2211 455 2246 negotio,
479 2212 557 2247 cujus
579 2211 666 2246 gratia
691 2217 894 2245 convenerant,

1055 2210 1136 2240 )voia;
1155 2209 1202 2235 καὶ
1220 2209 1331 2244 εἰρήνης
1347 2208 1442 2242 λόγους
1465 2208 1504 2237 εἰς
1525 2205 1624 2236 πλάτος
1649 2203 1800 2242 ἧιξξελθὼν,

169 2260 243 2283 stare
266 2257 359 2291 potius
371 2257 482 2289 vellent,
501 2265 549 2284 eos
574 2257 710 2289 hortatus,
735 2257 843 2285 libellos
865 2267 960 2286 omnes

169 2301 249 2328 exuri
265 2301 357 2336 jussit,
375 2301 482 2336 adjecto
505 2304 613 2327 tantum
635 2300 688 2327 hoc
710 2301 959 2335 elogio:Christus

170 2346 295 2380 prmcipit
308 2349 338 2372 ut
350 2346 458 2373 veniam
473 2345 551 2372 fratri
569 2345 626 2378 det,
639 2345 766 2380 quisquis
783 2346 835 2372 sibi
849 2346 900 2381 ipsi
913 2355 961 2374 ve-

171 2389 245 2419 niam
257 2390 316 2418 dari
327 2391 404 2418 velit.
418 2391 494 2419 Tunc
511 2391 595 2426 igitur
608 2398 671 2418 cum
694 2391 727 2418 de
750 2399 817 2426 pace
840 2395 868 2419 ct
891 2399 959 2420 con-

1013 2252 1092 2286 αὖθις
1109 2255 1172 2290 περὶ
1189 2255 1242 2281 τῶν
1263 2254 1405 2289 δογμάτων
1426 2253 1636 2287 ἐπιμελέστερον
1657 2250 1806 2284 ἐπισκέψα-

1013 2301 1074 2327 σθαι
1088 2302 1120 2336 τῇ
1144 2300 1233 2327 αὐτῶν
1253 2300 1349 2335 γνώμῃ
1372 2298 1531 2334 ἐπέτρεψεν.
1552 2294 1604 2324 υἷα
1623 2296 1651 2322 δὲ
1673 2296 1721 2322 καὶ
1742 2296 1805 2330 περὶ

1010 2345 1113 2372 τούτων
1131 2346 1159 2372 ἐν
1178 2345 1217 2380 τῷ
1238 2345 1312 2380 αὐτῷ
1334 2345 1418 2379 τρίτῳ
1435 2344 1530 2379 βιϐλίῳ
1550 2342 1604 2369 τῶν
1625 2342 1664 2373 εἰς
1679 2341 1724 2367 τὸν
1745 2341 1802 2375 βίον

1011 2391 1217 2419 Κωνσταντίνου
1239 2392 1254 2417 6
1274 2391 1356 2424 αὐτός
1382 2400 1463 2426 φησιν
1488 2389 1630 2420 Εὐσέϐιος,
1653 2387 1803 2414 ἐπακοῦσαι

775 2491 910 2520 VALESII
929 2491 1205 2521 ANNOTATIONES.

211 2568 264 2606 (40)
293 2571 406 2606 Τούτων
421 2571 695 2605 ἐμνημονεύσαμεν.
720 2571 778 2598 Hoc
797 2571 880 2598 etiam
902 2571 963 2598 loco

172 2605 245 2633 idem
266 2606 351 2633 codex
366 2605 458 2632 Allatii
473 2614 568 2633 vocem
581 2607 721 2634 interserit
736 2607 789 2634 hoc
805 2606 897 2637 modo,
915 2605 962 2632 τοῦ

171 2642 251 2676 χάριν
274 2639 302 2666 δὲ
327 2640 430 2667 τούτων
456 2641 545 2673 ἱδικώς
569 2642 778 2677 ἐμνημόνευσα,
795 2641 865 2676 μετὰ
877 2641 964 2667 ταῦτα

171 2677 239 2703 toﬁ).

189 2684 264 2745 ρῖῖι)
283 2710 376 2738 Ἀλλὰ
402 2710 520 2745 γυμνὴν
537 2711 665 2745 γνώμην.
682 2711 767 2746 Magis
787 2711 877 2746 placet
893 2710 963 2737 scri-

172 2750 254 2780 plura
265 2753 347 2780 quam
360 2746 469 2781 przel'ert
485 2746 570 2773 codex
587 2747 679 2774 Allatii
700 2745 807 2781 γυμνὴν
821 2745 964 2781 γνῷσινλὲν

176 2779 344 2816 ﬁnenem.
361 2779 462 2815 ’Atque
485 2781 522 2808 ita
540 2789 659 2816 prorsus
671 2779 773 2815 legerat
785 2779 964 2816 'Epiphanius

173 2815 369 2842 Scholastieus.
385 2816 429 2842 Sic
446 2818 519 2843 enim
536 2815 634 2844 vertit:
647 2815 698 2843 Sed
719 2823 813 2850 puram
827 2815 963 2841 scientiam

171 2849 223 2882 ﬁde
245 2853 268 2876 et
282 2850 352 2878 bonis
367 2852 486 2886 aper-ibus
501 2851 700 2880 observandam.
713 2849 847 2878 (lictorum
866 2849 956 2877 Socr-.1»

1011 2575 1053 2598 tes
1068 2571 1140 2598 hanc
1163 2570 1351 2598 narrationem
1378 2569 1489 2596 videtur
1514 2569 1638 2596 hausisse
1659 2577 1692 2596 ex
1710 2568 1799 2594 Rulini

1011 2606 1084 2633 libro
1098 2606 1216 2638 decimo,
1230 2606 1277 2632 ubi
1290 2606 1404 2633 Ruﬁnus
1423 2605 1479 2639 agit
1495 2604 1529 2631 de
1545 2604 1661 2632 concilio
1680 2603 1800 2639 Mea-no.

1013 2641 1066 2678 sed
1081 2640 1210 2668 Socrates
1220 2641 1344 2678 quatdam
1358 2641 1391 2667 de
1410 2638 1546 2666 industria
1574 2639 1699 2666 mutavit.
1721 2638 1802 2678 Gela-

1012 2676 1070 2703 sius
1081 2684 1146 2703 vero
1162 2683 1225 2702 eum
1248 2676 1301 2703 hoc
1319 2679 1511 2710 argumentum
1530 2679 1625 2701 nactus
1647 2678 1730 2710 esset.
1752 2676 1799 2699 iui-

1013 2718 1073 2737 ruui
1087 2710 1115 2737 in
1133 2710 1243 2737 modum
1254 2711 1330 2737 auxit
1343 2708 1423 2745 atque
1436 2709 1620 2744 amplificavit,
1633 2708 1801 2743 singulorum

1012 2745 1478 2781 philosophoruminterrogationes
1489 2745 1621 2781 referens.
1631 2748 1660 2770 et
1674 2750 1800 2781 responsa

1013 2777 1215 2814 episcoporum.
1237 2780 1301 2813 Quae
1329 2777 1420 2808 omnia
1443 2780 1548 2807 fabulas
1563 2779 1654 2814 potius
1678 2777 1801 2805 redolent

1013 2823 1095 2850 quam
1115 2815 1257 2843 historiam
1275 2824 1366 2845 rerum
1379 2821 1524 2851 gestarum.
