1887 3058
63 142 96 170 65
558 140 721 169 HISTORIA
742 141 1016 170 ECCLESIASTICA.
1037 159 1070 163 —
1091 144 1154 172 LIB.
1176 146 1195 173 ι.
1652 151 1687 178 68

63 198 150 225 καλόν·
166 197 226 223 ἐστι
237 197 268 225 δὲ
283 197 379 225 ταῦτα·
399 197 535 224 Πλείστων
550 198 582 233 δὴ
603 198 657 225 τῶν
671 199 717 233 ὑφ’
730 199 845 234 ἑκατέρη

904 200 999 228 cordia
1011 201 1120 229 abunde
1137 202 1323 236 disseruisset,
1338 203 1469 239 deinceps
1479 209 1509 232 ut
1525 205 1559 232 de
1576 206 1687 242 religio-

62 244 177 277 τάγματι
202 243 429 278 προτεινομένων,
450 243 551 278 πολλῆς
574 252 604 270 τε
623 244 788 279 ἀμφιλογίας
803 254 850 271 τα‹

62 289 153 324 πριῖπα
165 287 376 323 συνισταμένης,
394 287 563 320 ἀνεξικάκως
575 289 729 324 ἐπηκροᾶτο
742 291 758 316 ὁ
775 289 852 324 βασιυ

61 335 119 364 λεὺς
136 333 190 359 τῶν
214 333 336 364 πάντων¹
363 333 444 368 σχολῇ
461 342 491 360 τε
506 333 608 369 εὑτύνῳ
630 334 681 365 τάς
705 335 850 370 προτάσεις

62 380 212 414 ὑπεδέχετο.
250 380 295 406 Ἐν
329 379 407 414 μέρει
433 387 463 405 τε
499 378 765 414 ἀντιλαμϐανόμενος
796 379 850 406 τῶν

61 427 121 463 παρ’
147 425 284 460 ἑκατέρου
310 425 449 460 τάγματος
476 424 651 458 λεγομένων,
677 425 768 460 ἡρέμα
789 433 851 452 συν-

60 473 108 507 ἦγε
117 473 180 503 τοὺς
190 471 353 506 φιλονείκως
365 470 558 505 ἐνισταμένους
568 490 576 503 ,
594 471 703 506 πραέως
717 480 746 498 τε
762 471 850 498 ποιού-

62 526 138 553 μενος
155 516 206 548 τάς
235 516 306 552 πρὸς
321 516 437 542 ἕκαστον
456 515 573 550 ὁμιλίας·
594 516 757 552 Ἐλληνίζων
770 525 799 543 τε
816 519 848 553 τῇ

61 565 150 598 φωνῇ,
173 563 214 590 ὅτι
235 562 306 598 μηδὲ
330 561 432 597 ταῦτης
457 561 572 597 ἀμαθῶς
597 560 671 597 εἶχε,
685 562 850 598 γλυκύτερός

60 617 98 640 τις
116 606 149 643 ἦν
167 608 216 635 καὶ
231 608 308 643 ἡδὺς,
322 609 386 639 τοὺς
410 608 460 642 μὲν
482 607 649 641 συμπείθων,
671 608 733 640 τοὺς
756 609 784 635 δὲ
804 609 851 635 καὶ

60 653 187 680 δυσωπῶν
212 653 254 688 τῷ
277 653 359 688 λόγῳ·
383 653 444 684 τοὺς
465 652 494 680 δὲ
515 651 544 680 εὖ
570 653 698 688 λέγοντας
719 654 848 682 ἐπαινῶν.

61 699 163 730 Πάντας
173 699 202 725 δὲ
217 699 259 730 εις
274 699 400 733 ὁμόνοιαν
415 698 544 730 ἐλαύνων,
558 699 753 736 ὁμογνώμονάς
764 710 792 727 τε
803 702 850 728 καὶ

61 743 196 779 ὁμοδόξους
216 743 317 774 αὐτοὺς
332 743 377 769 ἐπὶ
393 743 449 774 τοῖς
466 743 733 780 ἀμφισϐητουμένοις
750 746 850 772 ἆπασιν

61 789 103 815 ἐπὶ
112 789 141 815 τὸ
153 788 220 815 αὐτὸ
232 789 432 824 κατεστήσατο,
444 789 481 821 ώς
491 790 641 825 ὁμοφώνως
654 793 702 827 μὲν
712 794 850 828 κρατῆσαι

62 834 106 868 τὴν
118 833 218 866 πίστιν,
232 835 284 869 τῆς
305 834 334 860 δὲ
348 834 481 870 σωτηρίου
502 836 598 871 ἑορτῆς
612 837 658 864 τὸν
677 838 757 864 αὑτὸν
775 838 849 873 παρὰ

61 880 112 910 τοῖς
126 880 207 906 πᾶσιν
223 878 426 916 ὁμολογηθῆναι
447 881 553 916 καιρόν.
577 883 723 918 Ἐκυροῦτὸ
742 893 772 911 τε
798 885 848 920 ἤδη

62 927 104 951 καὶ
118 925 266 960 ἐγγράφως
286 925 320 952 δι’
339 926 569 962 ὑποσημειώσεως
586 929 703 956 ἑκάστου
722 931 758 957 τά
771 933 847 967 κοινῇ

62 971 213 1005 δεδογμένα.
237 971 358 998 Τοιαῦτα
381 973 428 999 καὶ
451 974 517 1009 περὶ
541 974 645 1001 τούτων
669 977 729 1007 ταῖς
752 976 848 1004 ἑαυτοῦ

62 1017 156 1051 φωναῖς
175 1017 189 1043 ὁ
203 1017 337 1048 Εὐσέϐιος
353 1018 500 1054 ἐγγράφως
518 1020 674 1048 κατέλιπεν.
704 1013 799 1056 ’Ἡμεῖς
820 1023 848 1049 δὲ

62 1062 107 1088 οὐκ
117 1061 238 1096 ἀκαίρως
253 1062 347 1093 αὐτοῖς
362 1063 548 1098 ἐχρησάμεθα·
563 1065 630 1092 ἀλλὰ
648 1066 766 1100 μάρτυσι
778 1066 849 1102 χρώ-

64 1115 133 1142 μενοι
148 1107 203 1139 τοῖς
217 1107 264 1133 ὑπ’
276 1107 359 1134 αὑτοῦ
370 1108 499 1144 λεχθεῖσι,
508 1110 570 1146 τῇδε
582 1111 651 1138 αὐτὰ
662 1113 848 1148 κατετάξαμεν

64 1153 93 1187 τῇ
106 1153 214 1202 γραφῗη
234 1152 268 1179 ἵν’
283 1153 352 1202 ὅτανΔ
367 1155 439 1186 τινὲς
458 1156 507 1191 τῆς
521 1157 549 1182 ὲν
562 1156 665 1202 Νικῄᾳ
681 1158 790 1185 συνόδου
810 1159 848 1191 ὡς

63 1196 122 1232 περὶ
128 1196 174 1231 τὴν
184 1195 276 1223 πίστιν
289 1197 437 1235 σφαλείσης
446 1195 700 1235 Ρκαταγινώσκῖυσι,
712 1203 748 1238 μὴ
759 1204 848 1231 αὐτῶν

64 1239 215 1277 ἀνεχώμεθα
225 1260 232 1272 ,
255 1241 326 1276 μηδὲ
341 1244 530 1279 πιστεύσωμεν
550 1245 654 1282 Σαϐίνῳ
668 1247 707 1282 τῷ
724 1249 847 1275 Μακεδο-

64 1287 138 1323 νιανῷ
153 1288 221 1322 (42),
236 1289 347 1320 ἰδιώτας
359 1290 458 1321 αὐτοὺς
471 1291 518 1317 καὶ
528 1291 636 1325 ἀφελεῖς
648 1293 773 1320 καλοῦντι
786 1295 847 1327 τοὺς

65 1334 144 1360 ἐκεῖσε
157 1335 347 1366 συνελθόντας.
362 1335 473 1367 Σαϐῖνος
483 1336 546 1372 γὰρ.
562 1337 576 1363 ὀ
587 1337 641 1364 τῶν
654 1338 683 1364 ὲν
702 1338 848 1375 Ἡρακλείᾳ

65 1379 109 1413 τῆς
121 1379 229 1416 Θρᾴκης
241 1381 451 1409 Μακεδονιανῶν
463 1383 622 1416 ἐπίσκοπος,
640 1385 798 1420 συναγωγὴν
810 1383 847 1413 ὧν

66 1425 178 1460 διάφοροι
207 1427 368 1454 ἐπισκόπων
400 1428 504 1454 σύνοδοι
535 1430 681 1464 ἐγγράφως
714 1431 847 1464 ἐξέδωκαν

66 1472 252 1517 ποιησάμενος,
277 1473 343 1505 τοὺς
363 1474 413 1508 μὲν
436 1474 466 1500 ὲν
485 1474 602 1510 Νικαίᾳ,
616 1475 654 1507 ὡς
671 1477 780 1511 ἀφελεῖς
801 1479 846 1505 καὶ

901 246 944 273 nis
976 251 1077 274 nostra:
1107 247 1282 283 dogmatibus
1307 250 1464 277 accuratius
1491 250 1686 285 disquirerent,

900 299 998 319 eorum
1010 292 1126 320 arbitrio
1136 294 1322 329 potestatique
1333 295 1467 330 permisit.
1482 297 1584 324 Verum
1597 305 1687 331 operae

900 337 1020 370 pretium
1041 338 1126 366 fuerit
1147 339 1254 372 audire,
1278 340 1345 375 quid
1367 341 1402 368 de
1425 341 1468 369 his
1491 342 1573 369 rebus
1594 348 1687 370 narret

900 382 1036 410 Eusebius
1050 384 1077 411 in
1090 385 1172 412 tertio
1185 385 1232 413 illo
1241 387 1297 421 jam
1311 388 1438 422 superius
1448 395 1463 418 a
1475 388 1555 415 nobis
1569 395 1688 415 eomme.

900 433 1006 455 morato
1018 428 1090 456 libro
1104 429 1137 456 de
1161 430 1410 466 Vitaimpcratoris
1429 432 1615 460 Constantini.
1642 432 1687 460 Sic

899 477 990 500 autem
1004 474 1043 501 ait
1056 483 1062 500 :
1077 475 1169 502 Multis
1181 477 1264 511 igitur
1276 477 1349 505 hunc
1361 478 1388 505 in
1402 478 1513 505 modum
1525 486 1559 506 ex
1569 482 1686 513 utraque

899 522 977 553 parte
1000 519 1158 554 propositis,
1184 529 1336 556 magnaque
1359 523 1545 550 controversia
1577 523 1605 550 in
1627 523 1687 557 ipso

900 565 1036 600 principio
1048 565 1178 598 excitata,
1192 566 1341 601 imperator
1364 573 1462 596 cuncta
1485 569 1686 604 patientissime

900 611 1069 643 auscultans,
1094 612 1200 639 intento
1223 613 1315 640 animo
1341 615 1498 649 propositas
1518 615 1687 649 qumstioncs

899 656 1025 690 excepit;
1038 660 1066 683 et
1077 665 1138 691 qua:
1149 657 1184 684 ab
1198 661 1313 692 utraque
1325 663 1403 692 parte
1423 658 1594 691 dicebantur,
1606 659 1688 686 vicis-

900 701 950 728 sini
963 706 1090 729 astruens
1113 706 1196 737 atque
1219 702 1360 737 adiuvans,
1383 703 1551 737 pertinacius
1575 704 1686 731 certan-

900 750 942 773 tes
965 746 1096 781 paulatim
1120 748 1286 776 conciliavit.
1311 748 1434 783 Cumque
1463 756 1558 776 omnes
1581 749 1687 783 placide

899 791 1096 826 alloqueretur,
1116 796 1145 819 et
1157 792 1252 820 Graeca
1268 797 1392 820 uteretur
1404 793 1507 828 lingua,
1519 793 1620 828 quippe
1639 793 1687 828 qui

901 843 934 863 ne
947 837 1029 872 hujus
1040 837 1151 872 quidem
1172 838 1271 873 lingua).
1284 838 1394 873 ignarus
1414 842 1497 871 esset,
1510 838 1689 866 suavissimus

901 888 933 908 ac
943 882 1160 916 jucundissimus
1172 883 1240 915 fuit,
1263 883 1327 910 dum
1340 883 1409 910 alios
1432 883 1457 910 vi
1481 884 1618 910 rationum
1641 883 1690 910 ad-

901 926 998 955 ductos
1020 928 1048 956 iu
1071 936 1150 956 suam
1171 929 1334 957 sententiam
1360 929 1463 962 trahit,
1486 929 1555 956 alios
1577 933 1638 956 orat
1660 932 1689 956 ct

900 972 1000 1004 ﬂectit,
1014 980 1116 1008 eosque
1129 973 1175 1008 qui
1189 978 1262 1001 recte
1285 973 1427 1006 dixissent,
1440 974 1569 1001 laudibus
1585 973 1668 1000 aflicit
1678 993 1687 1007 ,

899 1022 927 1045 et
939 1019 1083 1047 universos
1094 1019 1127 1047 ad
1141 1020 1315 1047 concordiam
1337 1019 1442 1047 incitat.
1465 1020 1557 1047 Donec
1577 1020 1686 1047 tandem

899 1072 946 1092 eos
958 1066 1111 1093 concordes
1124 1067 1152 1093 in
1164 1066 1295 1093 omnibus
1317 1066 1351 1093 de
1376 1066 1476 1100 quibus
1498 1070 1578 1093 antea
1600 1070 1689 1093 certa-

899 1109 990 1143 batur,
1004 1115 1087 1145 atque
1101 1111 1245 1139 unanimes
1258 1111 1350 1138 eﬂ'eeit
1363 1119 1369 1137 :
1383 1111 1452 1138 adeo
1474 1115 1505 1138 ut
1527 1119 1583 1139 non
1606 1111 1688 1138 modo

899 1157 982 1184 unius
994 1157 1058 1184 ﬁdei
1070 1157 1249 1185 consonantia
1260 1157 1333 1193 apud
1346 1165 1442 1184 omnes
1459 1157 1599 1184 obtineret
1610 1177 1618 1189 ,
1641 1165 1688 1184 ve-

898 1211 960 1231 rum
973 1204 1055 1230 etiam
1068 1211 1153 1230 unum
1173 1203 1299 1238 idemque
1312 1207 1420 1238 tempus
1433 1203 1460 1230 in
1485 1204 1535 1238 21
1559 1204 1688 1232 salutaris

898 1249 960 1277 festi
974 1249 1159 1276 celebratione
1176 1248 1211 1276 ab
1223 1249 1352 1276 omnibus
1366 1248 1534 1276 ﬁrmaretur.
1547 1249 1632 1276 Porro
1654 1258 1687 1277 ea

897 1304 959 1331 quae
972 1297 1001 1323 in
1023 1303 1169 1323 commune
1182 1294 1354 1330 placuerant,
1378 1294 1489 1330 scriptis
1511 1295 1638 1321 mandata
1659 1299 1688 1322 et

898 1342 1069 1376 singulorum
1092 1341 1295 1375 subscriptione
1324 1340 1454 1367 roborata
1477 1343 1551 1367 sunt.
1574 1339 1609 1367 Et
1629 1340 1688 1368 haec

898 1387 1009 1422 quidem
1023 1386 1159 1414 Eusebius
1171 1385 1205 1413 ad
1223 1385 1339 1413 verbum
1362 1386 1465 1420 scripta
1476 1385 1536 1413 istis
1548 1385 1581 1412 de
1605 1386 1689 1413 rebus

898 1433 978 1460 nobis
990 1433 1109 1467 reliquit.
1129 1432 1183 1459 Nos
1196 1439 1262 1458 vero
1274 1439 1306 1459 ea
1331 1430 1383 1458 hoc
1397 1431 1458 1458 loco
1482 1430 1607 1466 proferre
1631 1439 1688 1459 non

898 1479 1018 1506 alienum
1030 1477 1159 1505 duximus
1174 1486 1179 1503 :
1206 1476 1254 1504 sed
1267 1483 1364 1504 eorum
1385 1476 1543 1504 testimonio
1566 1480 1686 1510 utentes,

67 1516 164 1549 ἰδιώτας
184 1518 314 1554 διέσυρε,
343 1519 380 1555 μὴ
404 1520 613 1556 αἰσθανόμενος,
636 1523 676 1549 ὄτι
696 1523 743 1550 καὶ
767 1524 845 1551 αὐτὸν

899 1524 964 1551 huic
981 1523 1108 1550 Historiae
1128 1526 1229 1550 nostra;
1252 1522 1378 1549 consulto
1401 1522 1587 1555 inseruimus,
1611 1526 1642 1549 ut
1663 1522 1686 1550 sl

66 1562 196 1594 Εὐσέϐιον,
222 1564 269 1590 τὸν
291 1564 361 1599 μετὰ
385 1565 484 1600 πολλῆς
503 1566 665 1601 δοκιμασίας
686 1569 735 1604 τὴν
755 1569 846 1596 πίστιν

66 1607 282 1644 ὁμολογήσαντα,
301 1610 338 1641 ὼς
355 1610 461 1646 ἰδιώτην
475 1612 622 1640 διαϐάλλει.
646 1615 700 1640 Καὶ
717 1615 777 1642 τινὰ
798 1616 846 1650 μὲν

68 1652 130 1680 ἑκὼν
144 1655 306 1689 παρέλιπεν,
324 1656 383 1682 τινά
395 1656 423 1683 δὲ
434 1658 613 1693 παρέτρεψεν.
630 1659 722 1686 Πάντα
738 1660 766 1687 δὲ
778 1661 846 1697 πρὸς

67 1699 106 1725 τὸν
113 1700 208 1726 οίκεῖον
220 1701 324 1728 σκοπὸν
337 1702 435 1736 μᾶλλον
448 1703 597 1738 ὲξείληφεν.
613 1705 668 1731 Καὶ
684 1706 789 1732 ἐπαινεῖ
798 1706 847 1742 μὲν

67 1743 107 1769 τὴν
126 1745 268 1780 Παμφίλου
296 1745 433 1779 Εὐσέϐιον,
457 1748 494 1779 ὡς
516 1748 679 1781 -ἀξιόπιστον
704 1750 846 1786 μάρτυρα’

67 1789 163 1815 ἐπαινεῖ
173 1790 200 1816 δὲ
213 1790 318 1818 καὶτὸν
334 1791 444 1826 βασιλέα
454 1813 461 1825 ,
475 1793 512 1824 ὡς
523 1793 556 1819 τὰ
568 1794 736 1829 Χριστιανῶν
747 1795 846 1830 δογμα-

67 1834 143 1866 τίζειν
158 1835 324 1872 δυνάμενον
342 1837 478 1872 μέμφεται
498 1839 526 1866 δὲ
544 1841 576 1875 τῇ
591 1840 730 1877 ἐκτεθείσῃ
747 1842 776 1870 ὲν
794 1843 845 1869 Νιε

67 1879 125 1914 uti;
138 1880 234 1913 πίστει,
251 1882 292 1913 ὡς
306 1882 358 1909 ὑπὸ
370 1883 480 1910 ίὸιωτῶν
504 1885 549 1911 καὶ
565 1886 641 1912 οὐδὲν
657 1887 845 1922 ἐπισταμένων

68 1922 227 1959 ὲκδεδομένῃ-
242 1926 293 1951 καὶ
312 1926 342 1951 ὃν
354 1926 391 1958 ὡς
405 1928 485 1961 σοφὸν
499 1929 544 1955 καὶ
558 1930 660 1965 ἀψευδῆ
683 1931 760 1958 καλεῖ
776 1933 845 1968 μάρ‹

67 1976 137 2003 rapa,
161 1969 255 1996 τούτου
276 1971 327 2001 τὰς
349 1973 439 2006 φωνὰς
463 1975 593 2007 ἑκουσίως
620 1976 750 2013 ὑπερορᾷ.
777 1979 846 2014 Φησὶ

68 2013 116 2049 γὰρ
127 2016 139 2040 ὁ
150 2015 288 2048 Εὐσέϐιος,
306 2018 346 2043 ὃτι
361 2018 414 2044 τῶν
431 2020 571 2054 παρόντι.ον
593 2022 621 2048 ἐν
636 2024 667 2057 τῇ
682 2023 783 2059 Νικαία
798 2013 845 2050 τοῦ

68 2057 127 2084 Θεοῦ
144 2058 310 2095 λειτουργῶν
327 2063 351 2088 οἱ
378 2063 426 2097 μὲν
451 2063 595 2100 διέπρεπον
609 2067 702 2101 σοφίας
717 2057 803 2103 λόγω,
821 2071 845 2096 ot

67 2101 92 2128 δὲ
106 2102 159 2137 βίον
175 2107 350 2142 στερρότητι·
368 2108 414 2134 καὶ
427 2109 466 2135 ὅτι
483 2111 497 2136 ὁ
515 2110 639 2144 βασιλεὺς
653 2101 757 2148 παρὼνς
774 2101 843 2141 στάν-

896 1570 941 1604 qui
956 1569 1025 1596 forte
1037 1568 1177 1596 Nieaenum
1196 1568 1344 1595 concilium
1363 1571 1491 1602 tanquam
1504 1568 1532 1594 in
1552 1575 1634 1596 causa
1656 1568 1688 1595 fi-

896 1614 940 1642 dei
952 1615 1058 1649 lapsum
1078 1614 1262 1641 condemnare
1276 1613 1425 1645 voluerint,
1448 1613 1483 1640 iis
1507 1613 1620 1641 minime
1642 1617 1686 1640 at-

896 1661 1054 1692 tendamus,
1077 1667 1128 1687 nec
1142 1659 1243 1686 Sabino
1255 1659 1450 1687 Macedoniano
1461 1659 1617 1691 credamus,
1639 1661 1687 1695 qui

897 1706 1039 1741 imperitos
1049 1714 1080 1733 ae
1094 1705 1232 1740 simplices
1245 1709 1325 1732 vocat
1336 1713 1383 1732 eos
1400 1705 1446 1740 qui
1465 1706 1492 1732 in
1516 1713 1549 1732 eo
1570 1706 1687 1734 concilio

901 1755 1098 1779 convenerunt.
1112 1751 1178 1777 Nam
1193 1750 1311 1778 Sabinus
1335 1750 1592 1778 Macedonianorum
1615 1751 1686 1786 apud

901 1797 1060 1825 lleraeleam
1074 1797 1197 1824 Thraciae
1211 1796 1309 1823 urbem
1324 1795 1480 1831 episcopus,
1494 1795 1540 1831 qui
1563 1796 1687 1824 diversa—

901 1852 962 1870 rum
987 1844 1153 1878 synodorum
1167 1846 1226 1869 acta
1239 1850 1323 1869 unum
1335 1842 1362 1869 in
1384 1850 1485 1877 corpus
1505 1843 1625 1877 collegit,
1639 1843 1686 1869 Ni-

900 1889 967 1917 cmni
989 1889 1098 1924 quidem
1129 1888 1236 1915 concilii
1262 1888 1429 1920 sacerdotes,
1451 1888 1529 1922 quasi
1551 1888 1632 1915 rudes
1655 1895 1687 1915 ac

900 1935 1041 1970 simplices
1053 1934 1179 1966 deridet;
1192 1942 1242 1961 nec
1259 1933 1452 1961 animadvertit
1469 1941 1497 1960 se
1511 1934 1598 1968 ipsum
1619 1941 1688 1968 quo-

900 1987 953 2014 que
965 1980 1124 2012 Eusebium,
1135 1980 1181 2014 qui
1194 1979 1274 2006 [idem
1289 1979 1361 2005 illam
1373 1982 1434 2013 post
1447 1978 1583 2005 diuturna:
1598 1978 1688 2012 inqui-

903 2026 1012 2054 sitionis
1023 2033 1137 2053 examen
1149 2025 1292 2060 amplexus
1307 2030 1359 2056 est,
1374 2028 1405 2051 ut
1427 2024 1584 2059 imperitum
1605 2023 1686 2052 simul

900 2071 1052 2098 criminari.
1068 2072 1106 2098 Ae
1119 2072 1249 2098 nonnulla
1261 2071 1372 2105 quidem
1383 2069 1416 2097 de
1429 2069 1563 2096 industria
1576 2073 1688 2104 prmter-

900 2117 975 2144 misit
993 2125 999 2142 :
1021 2116 1146 2151 quaedam
1171 2125 1238 2144 vero
1260 2116 1394 2152 pervertit
1415 2119 1498 2149 atque
1521 2114 1685 2142 immutavit.

658 2189 793 2218 VALESll
813 2191 1089 2222 ANNOTATIONES.

299 2247 339 2293 te
358 2249 576 2291 Μακεδονίαν-ᾧ.
592 2252 642 2293 llic
653 2252 773 2293 Sabinus
791 2257 845 2293 epi-

901 2258 957 2285 sius
967 2258 1091 2285 hazresim
1104 2258 1294 2293 pertinebant,
1311 2259 1439 2286 omittens
1450 2266 1516 2285 vero
1531 2258 1685 2287 contraria:

69 2286 157 2318 scopas
174 2281 224 2318 fuit
243 2281 557 2317 Macedonianorumjn'
569 2287 636 2314 urbe
653 2281 776 2317 Thracia:
793 2281 846 2318 lie—

69 2316 158 2358 raelea,
173 2317 218 2358 qui
236 2318 432 2358 collectionem
447 2316 570 2358 actorum
586 2323 756 2358 synodalium
767 2316 847 2352 coin-

68 2353 377 2392 posnerat,rnpns’_utile
399 2355 580 2392 admodum;
594 2353 672 2392 cujus
687 2360 846 2387 testimonio

69 2387 158 2428 saepius
182 2387 275 2428 utitur.
293 2387 426 2428 Socrates
442 2389 470 2428 in
494 2390 538 2417 his
554 2387 641 2428 libris.
659 2394 846 2428 Reprehendit

69 2423 167 2464 Laurea”
176 2429 237 2464 eum
258 2422 387 2464 Socrates
401 2424 583 2464 plerisque__i_u
602 2427 681 2464 locis,
699 2422 755 2455 tum
771 2431 845 2464 quod

69 2455 131 2498 mala
153 2455 292 2498 fideusus
308 2462 381 2498 esset
400 2455 429 2485 in
452 2455 522 2487 actis
544 2460 598 2498 illis
618 2455 799 2498 colligendis]:

69 2489 168 2522 quidem
191 2492 317 2520 Studiose
334 2493 455 2522 referens
475 2501 535 2530 qua:
555 2495 588 2523 ad
611 2489 794 2526 astru‘endaim’
808 2489 849 2535 ip:

901 2297 958 2319 tum
976 2293 1048 2328 quod
1061 2294 1222 2321 orthodoxis
1237 2294 1374 2328 episcopis
1386 2301 1495 2328 semper
1509 2293 1645 2321 infensum
1657 2302 1687 2321 se

901 2301 958 2319 tum
996 2301 1048 2320 uoo
1061 2301 1222 2321 ortuouoms
1237 2301 1374 2328 episcopis
1386 2301 1495 2328 semper
1509 2301 1645 2321 iniensum
1657 2302 1687 2321 se

898 2301 1065 2355 esten-(deret.
1086 2328 1246 2362 Cuiusmodi
1265 2329 1331 2355 illud
1351 2334 1393 2356 est
1412 2328 1485 2362 quod
1499 2329 1553 2356 hoc
1569 2329 1629 2356 loco
1644 2336 1688 2356 re-

896 2362 949 2390 fert
960 2362 1096 2395 Socrates,
1110 2363 1205 2398 Patres
1216 2363 1316 2391 Nicmni
1335 2363 1443 2391 concilii
1456 2363 1564 2398 ignaros
1580 2372 1612 2391 ac
1623 2364 1688 2391 sim-

895 2398 980 2431 plices
1003 2397 1096 2424 fuisse.
1123 2397 1176 2425 Sed
1200 2399 1321 2425 solemne
1336 2403 1379 2426 est
1396 2397 1542 2431 haereticis,
1555 2399 1688 2426 adversus

894 2432 1084 2472 sanctissimos
1112 2432 1242 2461 Ecclesia:
1269 2433 1363 2461 Patres
1384 2441 1416 2461 ac
1444 2433 1572 2462 doctores
1592 2434 1686 2461 convi—

894 2474 974 2494 Clal‘l.

778 2573 967 2604 VARIORUM.

101 2623 181 2664 P_'h:‘
201 2625 276 2664 ὅταν
293 2626 373 2659 τινὲς
392 2627 446 2661 τῆς
462 2629 497 2655 ἐν
513 2630 619 2663 Νικαίςι
644 2630 778 2658 συνόδου
800 2632 841 2664 ὡς

71 2657 126 2700 asp!
147 2659 201 2700 τὴν
215 2661 321 2700 πίστιν
335 2657 515 2700 σῲαλὲίᾳης.
528 2665 587 2692 Νοη
598 2657 657 2692 sine
678 2657 844 2700 indignatio:-

71 2699 109 2735 [ιθ.
129 2694 247 2735 adeoque
260 2694 375 2724 horrore
387 2694 503 2735 quod-ain
518 2700 609 2735 recolo
622 2694 784 2734 stupendam
795 2694 846 2729 eo-

72 2733 124 2770 rum
137 2733 268 2770 inscitiam
277 2751 285 2761 .
299 2739 347 2758 seu
358 2733 452 2770 potius
465 2733 576 2768 impiam
593 2733 744 2767 vesaniam,
757 2736 804 2770 qui
817 2737 844 2764 in

71 2764 228 2804 venerandos
241 2766 338 2794 Patres
358 2764 482 2804 Nicenos
505 2764 560 2795 non
582 2770 662 2797 veriti
676 2764 743 2797 sunt
755 2764 844 2804 palam

71 2795 242 2840 (ξξξίιιιοςξζιιιςί,⁵
256 2805 386 2840 tanquam
410 2803 467 2840 qui
484 2795 843 2839 επιιιοιίςῶἧᾱὲᾑέτξὲῖιίἦ

72 2829 126 2858 Iesu
146 2829 244 2863 Christi
266 2829 430 2870 doctrinam:
443 2839 478 2866 ab
490 2829 844 2874 ἓιρὸέὶόιῖζιῖειὶιιίέιίίιῖἓὲ

893 2642 943 2669 per
959 2634 1011 2670 tria
1034 2635 1123 2670 prima
1143 2635 1241 2662 saecula
1254 2636 1282 2662 in
1295 2635 1416 2663 Ecclesia
1428 2641 1627 2670 conservatam,
1641 2637 1685 2664 vel

894 2669 1042 2701 malitiose,
1052 2670 1094 2697 vel
1106 2675 1181 2697 certe
1195 2678 1244 2705 per
1271 2671 1436 2705 imperitiam
1459 2679 1491 2698 ac
1511 2675 1615 2698 temere
1636 2671 1687 2698 de-

893 2705 1083 2740 pravaverint,
1107 2706 1366 2740 novamqueriidem
1386 2705 1448 2733 orbi
1467 2706 1623 2733 Christiano
1635 2706 1686 2732 oh-

894 2740 1037 2775 struerint.
1060 2740 1126 2775 Hoc
1138 2739 1249 2767 nomine
1266 2739 1308 2775 (ut
1319 2746 1426 2768 veteres
1443 2744 1546 2767 taceam
1560 2740 1687 2775 Arianos)

893 2774 958 2801 olim
984 2774 1095 2801 infamis
1116 2774 1168 2802 fuit
1189 2775 1320 2806 Sabinus,
1345 2776 1544 2802 Macedoniam);
1561 2774 1687 2801 factionis

894 2809 1006 2837 assccla.
1024 2810 1074 2845 (Cl.
1089 2810 1182 2838 Bullus
1194 2810 1273 2838 initio
1285 2810 1448 2845 Defensinnis
1462 2809 1533 2837 Fidei
1544 2809 1614 2844 Nic.)
