1887 3058
205 151 241 180 ετ
937 147 1104 176 socnms
1801 152 1838 180 δε

204 209 339 238 Cancrum
362 210 459 234 cuncta
481 205 515 234 ad
547 206 702 233 institutum
731 211 811 232 suum
834 211 982 239 sensumqu

1070 213 1101 235 ας
1115 205 1155 235 εις
1167 203 1291 238 ὁμόνοιαν
1306 203 1390 237 ἄγων,
1417 204 1610 240 ὁμογνώμονας
1626 206 1673 232 καὶ
1691 205 1838 241 ὁμοδόξους

204 252 350 290 pertraxit.
364 252 398 279 Et
410 252 559 279 Eusebium
571 252 682 287 quidem
700 249 847 285 Pamphili,
862 254 992 285 tanquam

204 303 304 326 testem
317 298 370 324 ﬁde
381 297 570 333 dignissimum
584 296 676 323 laudat
689 305 695 322 :
710 295 902 330 imperatorem
922 303 992 330 quo-

203 353 258 380 que
271 345 360 379 ipsum
380 343 525 378 praeconiis
546 342 639 372 allicit,
653 345 749 375 utpote
761 342 808 376 qui
830 341 993 369 Christianm

1047 250 1222 284 κατέστησεν,
1247 249 1328 276 Ἀλλὰ
1347 249 1460 276 Σαϐίνου
1474 250 1535 284 μὲν,
1552 249 1580 276 εῐ
1594 259 1646 277 που
1661 252 1741 286 χρεία
1755 253 1838 280 καλέ-

1047 304 1098 327 σοι,
1115 295 1283 330 ποιησόμεθα
1305 295 1424 330 μνήμην.
1445 295 1478 322 Ἦ
1492 295 1520 322 δὲ
1533 297 1562 322 ὲν
1578 296 1680 332 Νικαίᾳ
1697 299 1774 334 παρὰ
1786 299 1836 335 τῆς

1048 340 1169 376 μεγάλης
1189 340 1298 366 συνόδου
1311 340 1510 375 μεγαλοφώνως
1522 341 1690 378 ἐξενεχθεῖσα
1699 343 1756 378 M5)
1771 353 1838 380 συμ-

205 390 269 418 tidei
281 390 406 424 dogmata
422 388 544 422 apprime
556 387 686 420 calleret;
706 387 788 414 ﬁdem
809 394 875 414 vero
896 387 985 414 Nicaza

1070 386 1133 413 ωνία
1141 386 1192 420 τῆς
1208 386 1324 417 πίστεως
1339 386 1412 413 ἐστιν
1425 387 1504 422 αὕτη·

203 439 355 470 expositam
381 433 568 468 reprehendit,
592 437 721 468 tanquam
748 433 783 461 ab
806 433 909 468 ignaris
932 437 961 460 et
983 432 1122 468 imperitis
1143 432 1297 460 hominibus
1317 433 1561 468 conscriptam;et
1580 441 1661 469 quem
1681 435 1836 469 sapientem

203 481 293 508 virum
304 488 335 507 ac
347 486 472 506 veraeem
486 481 584 505 testem
597 479 732 510 nominat,
749 479 809 514 ejus
829 478 913 506 verba
925 478 1016 505 sciens
1038 485 1070 505 ac
1082 477 1207 513 prudens
1230 477 1348 512 despicit
1367 481 1396 505 et
1418 479 1581 507 contemnit.
1604 479 1741 507 Eusebius
1761 481 1837 508 enim

203 526 310 556 scribit,
324 532 357 551 ex
382 522 518 551 ministris
538 523 587 551 Dei
610 524 657 558 qui
681 524 797 551 Nicaeum
822 523 928 559 synodo
951 522 1150 555 interfuerunt,
1173 522 1243 550 alios
1266 530 1393 550 sermone
1412 523 1564 558 sapientiae,
1591 524 1661 552 alios
1680 524 1745 552 vitae
1767 533 1837 552 eor.-

203 571 302 599 stantia
321 578 353 598 ac
375 570 540 597 fortitudine
563 571 742 602 excelluisse;
767 575 795 597 et
808 571 1003 605 imperatorem
1023 568 1112 603 ipsum
1135 568 1181 602 qui
1202 568 1307 600 aderat,
1322 568 1355 596 ad
1368 569 1542 597 concordiam
1563 573 1678 596 cunctos
1698 570 1836 598 reducen-

203 621 267 648 tem,
282 615 424 643 unanimes
438 620 467 643 et
484 616 694 643 consentientes
720 616 885 643 reddidisse.
910 616 1015 642 Verum
1034 614 1069 641 de
1090 614 1192 641 Sabino
1212 613 1334 648 Quidem,
1348 615 1435 642 sicubi
1452 615 1601 642 necessitas
1611 616 1744 651 exegerit,
1757 623 1837 643 men-

201 661 301 687 tionem
315 661 413 688 facturi
427 669 532 688 sumus.
552 661 627 688 Fidei
646 669 712 688 vero
731 662 875 689 consensio
897 661 993 688 Nicaeae
1011 667 1027 687 a
1051 667 1150 694 magno
1168 659 1286 687 concilio
1308 659 1451 695 magniﬁce
1474 660 1645 696 promulgata
1659 680 1666 693 ,
1686 661 1745 688 haec
1767 665 1834 688 est:

233 717 377 744 Credimus
389 718 416 745 in
431 726 516 745 unum
529 718 626 750 Deum,
639 718 747 745 Patrem
760 719 985 754 omnipotentem,

1078 715 1246 750 Πιστεύομεν
1265 716 1306 747 εις
1323 715 1371 742 ἕνα
1387 715 1452 742 Θεὸν
1465 715 1520 751 (44)
1530 736 1537 748 ,
1556 715 1665 752 Πατέρα
1681 717 1836 752 παντοκρά-

199 762 323 788 omnium
339 763 492 790 visibilium
517 768 545 790 et
568 763 749 790 invisibilium
769 763 985 796 Creatorem;el

1070 771 1118 798 ηρα,
1136 763 1244 790 πάντων
1265 762 1371 798 ὁρατῶν
1385 771 1414 788 τε
1430 762 1477 788 καὶ
1493 762 1616 798 ἀοράτων
1637 763 1767 798 Ποιητήνο
1787 765 1836 791 καὶ

200 808 228 834 in
242 816 326 834 unum
345 809 492 836 Dominum
513 809 605 836 Jesum
629 808 782 842 Christum,
806 809 905 836 Filium
926 809 984 841 Dei,

1070 818 1081 840 ;
1097 809 1145 835 ἕνα
1163 808 1263 844 Κύριον
1286 807 1389 844 Ἰησοῦν
1405 807 1521 843 Χριστὸν
1538 808 1583 835 τὸν
1606 808 1666 835 Υίδν
1681 809 1728 836 τοῦ
1745 809 1834 843 ΘεοιΤ,

199 853 321 887 genitura
335 861 368 879 ex
381 853 461 880 Patre
475 853 659 888 unigenitum,
673 852 727 880 hoc
737 856 790 885 est,
803 859 836 879 ex
855 852 985 880 substan-

1073 854 1204 890 ννηθὲντα
1230 855 1262 881 ἐκ
1278 854 1326 880 τοῦ
1343 854 1449 890 Πατρὸς
1473 855 1621 890 μονογενῆ,
1637 855 1778 882 τουτέστιν
1801 856 1834 883 ὲκ

201 897 237 924 tia
250 898 355 924 Patris:
370 898 455 925 Deum
469 898 502 925 de
517 899 583 930 Deo,
600 898 693 926 lumen
715 897 749 925 de
772 898 887 930 lumine,
901 898 985 925 Deum

1070 908 1088 933 ης
1109 895 1205 932 οὐσίας
1232 899 1279 926 τοῦ
1304 899 1410 935 Πατρὺς
1421 919 1429 933 ,
1452 900 1518 926 Θεὺν
1535 901 1568 926 ὲκ
1584 900 1651 927 Θεοῦ
1665 901 1711 928 καὶ
1727 901 1786 936 φῶς
1800 901 1835 928 ὲκ

198 951 293 970 verum
305 943 339 971 de
351 944 407 971 Deo
417 952 483 971 vero
495 953 501 971 ε
515 944 649 979 genitum,
663 952 719 971 non
733 943 853 976 factum;
865 944 987 971 consub-

198 990 353 1017 stantialem
365 991 441 1018 Patri
457 1000 462 1017 :
479 999 528 1026 per
540 998 622 1026 quem
636 991 728 1018 omnia
741 990 811 1017 facta
834 994 908 1022 sunt,
926 997 988 1024 quae

201 1037 229 1063 in
242 1037 312 1064 cmlo
324 1041 389 1064 sunt
400 1041 429 1064 et
450 1036 477 1063 iu
494 1040 577 1063 terra.
590 1036 641 1069 Qui
654 1039 766 1070 propter
789 1043 839 1062 nos
862 1035 988 1062 homines

198 1083 252 1118 22
272 1087 300 1111 et
321 1087 433 1118 propter
445 1083 562 1110 salutem
575 1087 697 1110 nostram
721 1081 874 1114 descendit,
899 1082 988 1109 incar-

196 1132 332 1162 natusque
343 1132 371 1155 et
384 1129 466 1155 homo
485 1128 574 1155 factus
593 1132 647 1159 est,
659 1131 687 1155 et
700 1135 813 1162 passus;
827 1127 873 1162 qui
894 1135 986 1154 resur-

197 1174 269 1201 rexit
281 1174 362 1201 tertia
381 1179 443 1210 post
457 1175 501 1201 die
516 1184 521 1201 :
541 1174 666 1201 ascendit
688 1173 722 1200 ad
744 1174 838 1206 cmlos,
852 1178 987 1200 venturus

195 1223 238 1246 est
250 1223 280 1246 ut
300 1220 377 1246 vivos
397 1220 502 1254 judieet
524 1228 556 1247 ac
578 1223 720 1247 mortuos:
745 1219 884 1246 credimus
906 1223 934 1246 et
958 1219 986 1246 in

195 1264 328 1299 Spiritum
344 1270 478 1292 sanctum.
493 1265 546 1292 Eos
559 1269 650 1292 autem
665 1265 712 1300 qui
725 1265 822 1292 dicunt
835 1273 841 1291 :
858 1265 919 1292 Fuit
937 1265 987 1292 ali-

196 1307 307 1342 quando
321 1312 429 1343 tempus
442 1317 504 1336 cum
530 1317 586 1336 non
609 1314 695 1342 esset,
719 1313 747 1336 et
768 1309 921 1344 Antequam
944 1309 985 1344 gi-

194 1357 325 1388 gneretur
348 1362 403 1381 non
426 1359 486 1381 erat
501 1363 506 1381 :
522 1355 563 1382 vel
580 1355 653 1390 quod
677 1355 711 1382 de
737 1363 793 1382 non
812 1355 987 1382 exstantibus

195 1399 285 1427 factus
296 1404 338 1427 est
351 1409 357 1426 :
372 1404 420 1427 aut
431 1401 478 1435 qui
489 1408 522 1427 ex
535 1401 621 1428 altera
634 1400 787 1427 substantia
809 1400 851 1427 vel
865 1400 984 1427 essentia

194 1444 291 1472 dicunt
303 1453 363 1472 esse
376 1445 474 1472 Filium
496 1446 554 1478 Dei,
568 1450 616 1473 aut
637 1450 770 1478 creatum,
795 1450 843 1473 aut
865 1453 984 1473 conver-

194 1490 267 1518 sioni
307 1491 509 1526 mutationique
552 1491 704 1518 obnoxium
726 1512 733 1524 ,

194 1539 290 1564 sancta
302 1536 435 1563 catholica
449 1541 477 1562 et
489 1537 639 1571 apostolica
653 1537 786 1564 Ecclesia.

231 1580 308 1607 lianc
322 1581 403 1608 iidem
417 1582 532 1608 trecenti
545 1582 657 1616 quidem
669 1586 698 1608 et
709 1582 863 1609 octodecim
876 1581 986 1609 antisti-

195 1629 237 1654 tes
248 1627 438 1662 probaverunt
451 1631 479 1654 et
490 1627 609 1662 amplexi
631 1631 695 1654 sunt
709 1636 715 1654 :
740 1631 834 1662 atque,
848 1632 879 1654 ut
900 1627 986 1654 Euse-

184 1671 258 1699 ‘bius
269 1672 378 1704 scribit,
393 1680 448 1699 uno
460 1680 558 1699 omnes
570 1680 618 1700 ore
631 1676 660 1700 et
672 1673 699 1700 in
718 1681 800 1700 unam
820 1673 984 1700 sententiam

193 1715 388 1750 conspirantes
405 1716 639 1751 conscripserunt.
659 1716 786 1751 Quinque
809 1720 914 1744 tantum
939 1725 984 1744 re-

165 1762 175 1773 ί
195 1761 266 1796 perti
279 1763 353 1792 sunt,
367 1761 413 1795 qui
428 1761 500 1788 illam
523 1762 649 1796 amplecti
664 1762 779 1795 nollent,
803 1771 897 1790 vocem
920 1772 984 1790 con-

193 1806 375 1833 substantialis
387 1807 641 1841 reprehendentes:
661 1808 797 1836 Eusebius
816 1809 920 1836 scilicet
931 1809 981 1836 Ni-

194 1852 379 1880 comediensis
402 1853 558 1887 episcopus,
593 1853 732 1888 Theognis
759 1854 866 1886 Nicaem,
903 1855 986 1882 Maris

193 1897 387 1929 Chalcedonis,
419 1897 546 1926 Tlieonas
575 1898 760 1931 Marmaricae,
784 1903 812 1926 et
842 1900 985 1928 Secundus

195 1941 382 1973 Ptolemaidis.
402 1941 469 1968 Nam
492 1942 623 1976 quoniam
646 1943 891 1976 eonsubstantiale.
916 1944 984 1972 illud

193 1994 254 2014 esse
267 1986 378 2014 aiebant
399 1988 515 2022 quodex
538 1988 592 2015 alio
617 1992 668 2020 est,
692 1989 735 2015 vel
757 1989 916 2023 partitione,
939 1991 982 2018 vel

194 2032 278 2064 ﬂuxu,
292 2032 333 2060 vel
346 2033 492 2068 eruptione
507 2042 513 2060 :
532 2034 678 2069 eruptione
692 2034 816 2069 quidem,
831 2039 861 2061 ut
879 2043 914 2062 ex
936 2035 982 2063 ra;

1039 944 1137 979 φωτὸς,
1146 944 1213 970 Θεὸν
1226 943 1352 979 ἀληθινὸν
1366 944 1398 970 ἐκ
1412 942 1479 969 Θεοῦ
1495 943 1638 979 ἀληθινοῦ·
1653 944 1833 978 γεννηθέντα,

1038 990 1069 1016 οὐ
1082 989 1228 1024 ποιηθέντα
1239 1010 1246 1022 ,
1264 988 1406 1024 ὁμοοὺσιον
1419 988 1458 1023 τῷ
1472 988 1570 1023 Πατρί·
1585 989 1620 1016 δι’
1636 986 1666 1016 οὗ
1687 988 1721 1016 τά
1741 990 1832 1015 πάντα

1038 1035 1156 1069 ἐγένετο,
1170 1035 1204 1062 τά
1215 1043 1244 1061 τε
1256 1035 1284 1061 ὲν
1296 1034 1336 1069 τῷ
1348 1034 1455 1069 οὐρανῷ
1466 1034 1512 1060 καὶ
1523 1033 1558 1060 τὰ
1570 1035 1598 1060 ὲν
1607 1035 1640 1069 τῇ
1653 1035 1699 1070 γῇ·
1712 1034 1746 1060 δι’
1756 1035 1834 1069 ἡμᾶς

1038 1081 1100 1112 τοὺς
1114 1080 1273 1116 ἀνθρώπους
1287 1081 1334 1106 καὶ
1348 1080 1392 1106 διὰ
1405 1080 1454 1115 τὴν
1466 1079 1603 1115 ἡμετέραν
1618 1080 1753 1115 σωτηρίαν
1765 1088 1831 1106 κατ-

1038 1126 1149 1152 ελθόντα
1162 1125 1208 1152 καὶ
1225 1125 1403 1160 σαρκωοέντα
1419 1126 1467 1152 καὶ
1485 1125 1735 1161 ὲνανθρωπήσαντα
1748 1134 1754 1141 ·
1775 1134 1831 1155 τα-

1038 1171 1118 1198 θόντα
1131 1172 1178 1198 καὶ
1192 1171 1344 1198 ἀναστάντα
1359 1172 1393 1206 τῇ
1414 1171 1493 1207 τρίτῃ
1505 1171 1611 1206 ὴμέρᾳξ
1625 1171 1772 1198 ἀνελθόντα
1791 1172 1832 1202 εἰς

1037 1214 1100 1245 τοὺς
1112 1213 1252 1248 οὐρανοὺς,
1265 1213 1410 1248 ἐρχόμενον
1422 1212 1514 1248 κρῖναι
1525 1213 1630 1246 ζῶντας
1640 1213 1687 1239 καὶ
1702 1213 1829 1248 νεκρούς·

1037 1258 1084 1284 καὶ
1099 1259 1138 1290 εἰς
1151 1258 1182 1284 τὸ
1195 1258 1272 1292 ἃγιον
1286 1258 1398 1293 Πνεῦμα
1405 1263 1430 1286 τι.
1447 1259 1516 1290 Τοὺς
1525 1258 1552 1285 δὲ
1567 1258 1707 1293 λέγοντας,
1719 1259 1760 1285 ὅτι
1774 1257 1830 1285 Ἦν

1037 1312 1103 1330 ποτε
1124 1305 1167 1330 ὅτε
1187 1304 1236 1330 οὐκ
1251 1302 1294 1339 ἦν,
1312 1303 1360 1330 καὶ
1376 1304 1442 1340 Πρὶν
1459 1304 1622 1340 γεννηθῆναι
1646 1305 1695 1331 οὐκ
1714 1303 1759 1339 ἦν,
1781 1305 1830 1331 καὶ

1036 1349 1078 1376 ὃτι
1097 1349 1143 1381 Ἐξ
1157 1349 1207 1376 οὐκ
1218 1349 1301 1376 ὅντων
1313 1349 1456 1384 ὲγὲνετο,ἢ
1471 1349 1499 1382 ὲξ
1515 1349 1611 1385 ἑτέρας
1619 1350 1794 1381 ὑποστάσεως
1810 1350 1827 1386 ἢ

1036 1395 1130 1427 οὐσίας
1143 1396 1296 1430 φάσκοντας
1309 1393 1388 1428 εἷναι,
1405 1396 1421 1431 ἢ
1442 1396 1559 1426 κτιστὺν,
1576 1397 1593 1432 ἢ
1612 1396 1741 1432 τρεπτδν,
1754 1397 1771 1432 ἦ
1785 1397 1829 1424 αλ-

1036 1442 1146 1469 λοιωτὸν
1156 1441 1202 1469 τὸν
1216 1442 1280 1469 Υἱον
1296 1443 1343 1469 τοῦ
1359 1442 1437 1474 Θεοῦ.
1451 1443 1646 1478 ἁναθεματίζει
1659 1443 1676 1478 ἡ
1692 1443 1758 1477 ἁγία
1777 1451 1828 1470 κα-

771 1492 986 1519 anathematizat
999 1496 1020 1527 ο
1038 1487 1131 1524 οολιχὴ
1151 1487 1198 1514 καὶ
1210 1487 1377 1522 άποστολικὴ
1395 1487 1552 1523 Ἐκκλησία.
1584 1490 1590 1496 ‘

1074 1579 1183 1613 Ταύτην
1197 1578 1246 1614 τὴν
1270 1579 1359 1605 πίστιν
1374 1578 1525 1614 τριακόσιοι
1549 1579 1599 1614 μὲν
1621 1580 1690 1616 πρὸς
1709 1581 1766 1612 τοῖς
1784 1580 1828 1607 δε-

1035 1624 1143 1652 καοκτὼ
1157 1625 1279 1659 ἔγνωσάν
1301 1633 1331 1651 τε
1349 1625 1394 1652 καὶ
1415 1624 1555 1660 ἔστερξαν,
1574 1627 1631 1657 καὶ,
1648 1626 1685 1658 ὡς
1707 1635 1792 1662 φησιν
1814 1628 1830 1653 6

1037 1671 1184 1702 Εὐσέϐιος,
1198 1671 1426 1706 ὁμοφωνήσαντες
1441 1671 1488 1697 καὶ
1510 1671 1723 1707 ὀμοδοξήσαντες
1742 1672 1830 1708 ἐγρα-

1035 1725 1094 1751 φον.
1106 1716 1190 1743 Πέντε
1205 1716 1233 1743 δὲ
1248 1716 1323 1752 μόνοι
1336 1716 1391 1751 (45)
1402 1717 1432 1743 οὑ
1448 1716 1652 1752 προσεδέξαντο,
1662 1718 1710 1753 τῆς
1726 1717 1829 1750 λέξεως

1034 1762 1088 1790 τοῦ
1109 1763 1273 1798 ὀμοουσὶου
1290 1763 1479 1798 ἐπιλαϐόμενοι
1490 1772 1496 1778 ·
1513 1763 1641 1796 Εὑσέϐιός
1657 1772 1685 1790 τε
1705 1765 1718 1790 ὁ
1745 1763 1828 1790 Νικο-

1037 1809 1150 1845 μηδείας
1159 1809 1319 1841 ἐπίσκοπος,
1333 1810 1379 1836 καὶ
1389 1810 1499 1844 Θέογνις
1510 1811 1636 1842 Νικαίας,
1650 1810 1741 1845 Μάρις
1753 1810 1829 1837 Χαλο

1035 1854 1156 1890 κηδόνος,
1176 1854 1284 1886 Θεωνᾶς
1299 1855 1504 1890 Μαρμαρικῆς,
1521 1855 1665 1886 Σεκοῦνδος
1677 1854 1830 1890 Πτολεμαῖ-

1034 1899 1088 1931 δος.
1115 1900 1190 1926 Ἐπεὶ
1205 1900 1259 1936 γὰρ
1277 1899 1381 1935 ἔφασαν
1402 1901 1545 1935 ὀμοούσιον
1564 1899 1634 1927 εἶναι
1646 1920 1654 1932 ,
1671 1900 1685 1927 ὃ
1704 1900 1736 1927 ἐκ
1753 1901 1828 1933 τινός

1033 1946 1116 1978 ἐστιν,
1132 1946 1149 1981 ἢ
1167 1946 1238 1972 κατὰ
1252 1946 1396 1982 μερισμὸν,
1413 1947 1430 1981 ἢ
1443 1946 1513 1973 κατὰ
1527 1946 1631 1982 ῥεῦσιν,
1644 1946 1660 1982 ἢ
1672 1946 1744 1973 κατὰ
1760 1955 1829 1982 προ-

1035 1991 1126 2027 ϐολήν·
1143 1991 1214 2018 κατὰ
1229 1991 1363 2027 προϐολὴν
1384 1993 1443 2028 μὲν,
1461 1992 1499 2024 ὡς
1515 1992 1547 2018 ἐκ
1564 1992 1645 2028 ῥιζῶν
1665 1992 1827 2028 βλάστημα·

1035 2036 1106 2063 κατὰ
1125 2036 1153 2063 δὲ
1168 2036 1274 2072 ρεὖσιν,
1293 2037 1330 2070 ὡς
1343 2039 1367 2065 cl
1386 2038 1514 2074 πατρικοὶ
1532 2038 1634 2071 παῖδες·
1655 2038 1725 2065 κατὰ
1748 2047 1828 2074 μερι-

805 2122 938 2151 VALESII
956 2123 1229 2154 ANNOTATIONES.

229 2202 285 2240 (ᾧ)
297 2202 531 2240 Μεγίεκιοξρρόνῳς
542 2201 746 2240 ἐξενεχθεῖσα».
758 2202 788 2240 In
800 2201 895 2240 codice
910 2202 981 2229 Leo-

1070 2201 1256 2240 situmnfuisse
1268 2210 1283 2230 a
1296 2202 1420 2235 Socrate.
1435 2207 1492 2230 tum
1511 2211 1544 2240 ex
1566 2203 1720 2240 Epiphanio
1737 2206 1826 2236 Scho-

191 2237 235 2264 nis
244 2237 336 2273 Allatii
347 2236 396 2273 hic
411 2237 489 2264 locus
501 2237 537 2264 ita
549 2237 651 2273 legitur
667 2238 702 2273 :3)
714 2238 746 2273 §.’-:
764 2237 912 2273 EVWNLXIlq.
928 2247 981 2264 πα-

196 2272 230 2306 ρὰ
251 2272 300 2307 τῆς
321 2272 440 2306 μεγάλης
456 2273 564 2298 συνόδου
578 2273 624 2298 καὶ
641 2272 694 2298 ὑπὸ
711 2272 840 2298 Εὑσεϐίου
862 2272 978 2307 μεγαλο-

191 2306 287 2340 φώνως
309 2307 480 2332 ἐπαινεθεῖσα
495 2307 648 2341 συμφωνία,
668 2310 721 2334 etc.
736 2306 867 2334 Eamdem
881 2307 979 2334 lectio-

193 2349 253 2368 nem
268 2345 379 2368 secutus
389 2345 431 2367 est
443 2341 614 2376 Epiphanius
632 2341 826 2369 Scholastieus.
844 2342 889 2370 Sic
905 2343 979 2371 enim

191 2376 276 2413 vertit
295 2385 301 2402 :
315 2376 467 2413 Concordig
486 2385 547 2413 ergo
558 2376 620 2413 ﬁdei
633 2385 648 2403 ιι
663 2385 760 2413 magno
772 2378 799 2413 in
811 2377 902 2404 Nicwa
915 2387 978 2413 pro-

190 2411 252 2438 lata:
263 2411 382 2442 concilio,
398 2411 429 2437 ab
445 2411 554 2438 Eusebia
567 2411 642 2438 clara
655 2411 715 2439 uoce
726 2412 847 2444 laudata,
862 2411 920 2440 [1ch
929 2418 976 2440 est.

191 2445 305 2483 Videtur
315 2446 429 2483 omnino
447 2446 545 2483 legisse
566 2446 737 2481 Epiphanius
752 2447 826 2482 παρὰ
845 2448 894 2482 τῆς
915 2457 980 2483 μεγ.

191 2481 298 2516 συνοδου
314 2481 483 2515 ἐξενεχθεῖσα
496 2481 553 2513 καί,
567 2485 594 2508 et
614 2485 723 2514 caetera,
736 2486 767 2509 ut
778 2481 870 2516 supra.

228 2515 283 2551 (M)
299 2517 483 2552 Πιστεύομεν
497 2517 537 2552 εὶς
557 2515 611 2542 ἕνα
625 2517 708 2552 Θεόν.
731 2515 891 2552 Symbolum
908 2518 982 2552 quod

191 2549 237 2587 hic
256 2549 391 2587 sequitur,
405 2549 482 2587 deest
506 2551 533 2587 in
551 2551 679 2579 omnibus
701 2549 803 2580 nostris
818 2549 982 2587 exemplari-

189 2585 276 2615 ribus.
290 2585 384 2620 Regio,
405 2585 562 2613 Florentino
576 2590 605 2613 et
618 2586 766 2615 Sfortiano.
784 2587 868 2615 Recte
891 2585 982 2615 tamen

188 2620 455 2656 Christophorsonus
475 2621 504 2649 id
525 2622 650 2657 reposuit
670 2623 724 2651 hoc
739 2623 809 2650 loco.
835 2623 886 2650 llic
908 2623 983 2650 enim

1032 2238 1128 2264 lastico
1143 2238 1286 2276 discimus,
1310 2243 1367 2276 tum
1391 2247 1424 2276 ex
1449 2239 1542 2267 verbis
1557 2238 1626 2276 quae
1639 2242 1763 2276 proxime
1780 2251 1826 2271 se-

1031 2277 1165 2309 quuntur,
1179 2273 1286 2307 Ταύτην
1303 2274 1352 2309 τὴν
1375 2274 1466 2300 πίστιν
1479 2273 1708 2309 τριακῦσιοι,”οιο.
1727 2277 1825 2305 Manu—

1030 2307 1125 2342 scripti
1146 2307 1369 2344 autemicmlic-es
1391 2307 1544 2344 symbolum
1566 2310 1638 2338 istud
1660 2311 1706 2339 hic
1720 2313 1826 2340 omise-

1031 2343 1355 2382 Emtteomquodpaulo
1371 2343 1434 2379 post
1456 2349 1630 2379 repeteretur
1652 2345 1681 2373 in
1704 2348 1825 2382 epistola

1030 2377 1141 2404 Eusebii
1154 2378 1299 2412 Pamphili.

1067 2413 1228 2453 (4⁵)μέντε
1250 2413 1284 2453 ἐξ
1303 2414 1400 2447 μόνοιν
1417 2414 1482 2453 lin?
1499 2415 1554 2453 931.0
1567 2416 1824 2453 ιπηιιιιιιβρῖεςορι,

1032 2447 1177 2475 Secundus
1199 2455 1232 2475 ac
1252 2448 1389 2480 'l‘heonas,
1415 2449 1477 2476 ﬁdei
1504 2449 1620 2478 Nicamae
1646 2447 1824 2480 subscribere

1032 2487 1204 2522 recusarunt,
1214 2488 1244 2510 ut
1256 2487 1329 2522 recte
1340 2484 1437 2522 scribit
1449 2485 1633 2522 Theodoritus
1641 2486 1671 2522 in
1684 2486 1755 2513 libro
1766 2488 1824 2522 pri-

1032 2518 1211 2557 mojlistoriae
1222 2518 1426 2557 ecclesiasticae1
1436 2524 1464 2557 et
1475 2524 1539 2547 ante
1553 2520 1629 2557 illum
1640 2518 1825 2557 Hieronymus

1033 2552 1059 2597 in"
1072 2553 1329 2597 Dialogoadvcrsus
1345 2553 1640 2597 Luciferianoszld‘que
1652 2552 1824 2597 aperte'con-

1033 2587 1124 2626 firmat
1147 2588 1267 2626 Epistola
1293 2585 1423 2624 synodica
1447 2590 1555 2617 concilii
1580 2585 1766 2626 Niemni,qu:e
1778 2592 1825 2619 hic

1033 2623 1151 2650 refertur
1161 2632 1176 2650 a
1191 2623 1311 2651 Socrate.

906 2703 1085 2731 VARIORUM
1091 2724 1097 2730 .

227 2773 248 2806 tt
262 2769 316 2795 Καὶ
337 2769 488 2806 εὶςλᾶγιον
505 2771 633 2806 Πνεῦμα.
660 2771 818 2806 Symbolum
847 2758 994 2805 originem‘

192 2803 263 2837 cepit
284 2812 317 2831 ex
338 2803 474 2839 agnitione
494 2806 556 2833 fidei
571 2803 589 2833 a'
600 2803 771 2840 baptiiandis
783 2806 864 2836 facta,
879 2803 908 2832 ut
922 2806 982 2832 l'use

191 2840 310 2866 ostendit
328 2840 438 2868 doctiss.
454 2841 609 2870 Pearsonus
626 2842 654 2868 in
672 2844 720 2869 s‘ua
733 2840 854 2876 Symboli
872 2845 981 2875 aposto—

1035 2769 1080 2806 lici
1091 2769 1269 2806 espositione,
1284 2777 1311 2804 p.
1324 2769 1374 2806 374,7
1383 2769 1427 2802 35,
1440 2769 1556 2806 ideoque
1567 2771 1631 2798 olim
1645 2771 1717 2800 haud
1731 2773 1824 2806 plures

1036 2805 1133 2847 habuit
1154 2805 1302 2847 articulos...
1315 2805 1386 2847 (γῆς.
1404 2805 1531 2847 eumdem
1540 2814 1600 2847 pagi.
1613 2807 1674 2847 5‘31,
1687 2812 1716 2835 et
1727 2805 1823 2836 Socra-

1037 2845 1090 2867 tem
1102 2845 1226 2868 nostrum
1241 2841 1322 2876 paulo
1336 2840 1406 2867 infra
1419 2841 1446 2868 in
1461 2841 1513 2868 hoc
1526 2840 1637 2876 capite.)
