1887 3058
65 133 94 160 σε)
559 136 722 166 HISTORIA
741 139 1019 169 ECCLESIASTICA.
1041 157 1074 161 —
1094 142 1157 169 LIB.
1179 143 1199 169 l.
1660 148 1694 176 -ιο

65 191 127 226 σμὺν
140 191 180 222 δὲ,
195 191 233 223 ὤς
246 191 334 226 βώλου
347 193 472 228 χρυσίδες
483 193 529 221 δύο
544 194 560 230 ἢ
571 196 656 231 τρεῖς·
665 196 726 223 κατ’
740 197 810 225 οὐδὲν

946 198 1014 226 :ibus
1034 199 1173 234 germina;
1198 199 1284 232 fluxu,
1305 203 1336 227 ut
1355 207 1390 227 ex
1412 201 1574 235 parentibus
1595 203 1691 238 liberi;

63 237 160 263 τούτων
179 238 255 264 ἐστὶν
269 238 284 264 ὁ
300 239 373 271 Υἱός·
395 239 439 266 διὰ
455 239 534 266 τοῦτο
554 240 584 267 οὐ
610 242 855 276 συγκατατίθεσθαι

62 285 93 319 τῇ
106 283 196 310 πίστει
213 284 319 319 ελεγον.
335 285 424 312 Πολλὰ
436 282 482 312 οῦν
496 287 546 321 τὴν
559 287 631 320 λέξιν
649 287 696 314 τοῦ
710 288 854 323 ὸμοουσίου

65 328 237 364 σκώψαντες,
257 332 292 366 τῇ
315 332 471 368 καθαιρέσει
500 333 604 369 Ἀρείου
626 334 784 370 ὑπογράψαι
804 336 854 362 οὐκ

63 374 263 410 ὴῦοολήοησαν.
276 377 378 413 Διόπερ
392 379 409 413 ἡ
421 378 529 411 σύνοδος
544 379 651 414 Ἀρειον
667 380 716 414 μὲν
732 381 779 407 καὶ
791 381 852 412 τοὺς

61 419 205 454 ὁμοδόξους
219 422 304 448 αὑτοῦ
323 423 518 458 ἀνεθεμάτισεν
537 424 670 457 ἅπαντας,
690 425 854 460 προσθέντες

63 466 129 500 μήτε
145 466 300 494 ἐπιϐαίνειν
312 469 362 503 τῆς
386 467 589 504 Ἀλεξανδρείας
607 470 699 496 αὐτόν·
723 470 853 505 βασιλέως

60 511 88 537 δὲ
105 511 271 547 πρόσταγμα
289 514 336 540 καὶ
355 514 435 541 αὑτὸν
449 514 496 542 καὶ
511 516 574 546 τοὺς
590 516 653 551 περὶ
667 516 795 542 Εὐσέειον
806 516 853 543 καὶ

60 557 184 591 Θέογνιν,
210 559 250 589 εἰς
271 559 381 594 ὲξορίαν
400 560 571 589 ἀπέστειλεν.
589 562 717 594 Εὐσέϐιος
737 562 787 598 μὲν
806 561 853 590 οὖν

61 603 107 629 καὶ
123 603 237 638 Θέογνις
251 605 349 640 μικρὸν
361 605 473 642 ὕστερον
483 607 552 641 μετὰ
566 607 615 643 τὴν
627 608 735 644 ἐξορίαν
752 608 853 644 βιϐλίον

61 650 208 684 μετανοίας
224 651 378 684 ἐπιδόντες,
395 654 428 688 τῇ
454 653 544 680 πίστει
556 653 604 680 τοῦ
625 655 767 689 ὀμοουσίου
792 663 853 682 συν-

59 695 164 728 έθεντο,
177 696 216 727 ὠς
231 697 376 731 προῖόντες-
389 696 553 733 δηλώσομεν.
572 699 638 726 Τότε
652 699 680 725 δὲ
699 701 728 726 ὲν
744 701 776 736 τῇ
790 709 853 727 συν-

58 741 111 776 όδῳ
127 741 268 774 Εὺσέὸιος,
288 744 303 769 ό
324 743 372 778 τὴν
391 738 534 778 Παμφίλου
556 745 748 780 προσωνυμίαν
771 746 850 781 έχων,

59 788 107 830 καὶ
122 788 172 823 τῆς
200 789 229 815 ὲν
246 788 415 825 Παλαιστίνῃ
438 790 607 825 Καισαρείας
630 791 679 822 τὴν
699 792 852 827 ἐπισκοπὴν

59 836 281 871 κεκληρωμένος,
297 837 394 872 μικρὸν
408 837 569 872 ἐπιστήσας,
581 837 627 864 καὶ
636 838 852 873 διασκεψάμενος

59 882 84 906 εὶ
98 881 138 907 δεῖ
153 880 352 916 προσδέξασθαι
364 883 410 909 τὸν
421 883 482 918 ὅρον
497 883 546 918 τῆς
559 883 687 916 πίστεως,
698 883 784 915 οὕτως
795 883 854 918 ἅμα
869 873 889 899 Β

57 929 115 958 τοῖς
131 927 240 959 πολλοῖς
261 928 329 954 πᾶσι
352 928 496 963 συνῄνεσέν
519 937 549 954 τε
569 929 616 955 καὶ
634 929 851 966 συνυπέγραψεν·

58 974 106 1000 καὶ
115 973 157 1008 τῷ
172 974 218 1000 ὑπ’
229 973 310 1001 αὐτὸν
321 973 378 1009 λαῷ
391 974 527 1009 ἔγγραφον
542 975 587 1000 τὸν
600 974 661 1010 ὅρον
675 974 724 1009 τῆς
737 974 854 1006 πίστεως

57 1020 238 1054 διεπέμψατο,
253 1020 302 1056 τὴν
315 1020 362 1047 τοῦ
373 1021 515 1055 όμοουσίου
528 1021 602 1054 λέξιν
615 1019 797 1056 ἑρμηνεύσας,
810 1020 853 1047 ἵνα

60 1066 129 1101 μηδὲ
141 1066 211 1098 ὅλως
225 1075 268 1098 τις
284 1066 413 1093 ὑπόνοιαν
425 1066 483 1093 ἀνθ’
498 1063 535 1093 ὧν
551 1065 703 1101 ἐπέστησεν
717 1065 766 1101 ἔχῃ
788 1065 854 1100 περὶ

57 1111 154 1138 αὑτοῦ.
171 1112 253 1139 Ἐστι
267 1111 296 1138 δὲ
310 1111 393 1138 αὐτοῦ
409 1112 444 1138 τὰ
457 1111 598 1147 γραφέντα
616 1111 672 1147 (46)
699 1111 769 1138 κατὰ
781 1111 853 1144 λέξιν

57 1157 132 1184 τάδε’
149 1157 192 1185 Τὰ
207 1157 273 1193 περὶ
285 1157 335 1192 τῆς
346 1157 575 1193 ἑκκλησιαστικῆς
591 1157 708 1189 πίστεως
721 1165 853 1192 πραγμα-

58 1203 191 1231 τευθέντα
207 1204 278 1230 κατὰ
300 1204 349 1239 τὴν
374 1204 495 1239 μεγάλην
511 1203 620 1230 σύνοδον
632 1203 682 1239 τὴν
700 1203 729 1230 ὲν
750 1202 853 1238 Νικαίᾳ

59 1240 305 1285 συγκρστηθεῖσαν,
318 1250 391 1282 eixh;
407 1250 458 1284 μὲν
481 1250 528 1276 καὶ
541 1250 625 1284 ὑμᾶς,
641 1249 790 1284 ἀγαπητοὶ,
807 1257 852 1283 με-

59 1296 226 1330 μαθηκέναι,
243 1297 293 1331 τῆς
310 1296 403 1332 φήμης
415 1296 577 1331 προτρέχειν
590 1295 718 1326 εἰωθυίας
730 1295 775 1322 τὸν
789 1295 853 1330 περὶ

57 1341 113 1368 τῶν
124 1341 321 1376 πραττομένων
331 1341 431 1377 ἀκριϐῆ
442 1341 531 1375 λόγον.
545 1340 613 1367 Ἀλλ’
622 1340 665 1368 ῑνα
679 1341 715 1376 μὴ
725 1341 757 1367 ἐκ
768 1340 852 1376 μόνης

57 1387 188 1421 τοιαύτης
217 1386 303 1421 ἀκοῆς
329 1387 362 1414 τὰ
394 1387 444 1421 τῆς
474 1387 605 1422 ἀληθείας
634 1386 761 1420 ὲτεροίως
787 1386 852 1422 ὑμῖν

58 1432 276 1467 ἁπαγγέλληται,
285 1432 441 1466 ἀναγκαίως
451 1432 661 1467 διεπεμψάμείὴ
671 1433 736 1468 ὑμῖν
745 1433 852 1468 πρῶτον

58 1476 179 1513 μὲν,τὴν
203 1477 249 1512 ὑφ’
268 1476 347 1512 ἡμῶν
369 1476 547 1512 προτεθεῖσαν
572 1477 637 1512 περὶ
661 1477 712 1511 τῆς
733 1477 852 1509 πίστεως

57 1523 180 1559 γραφὴν,
201 1522 298 1550 ἔπειτα
320 1523 369 1558 τὴν
396 1522 541 1559 δευτέραν,
566 1523 599 1558 ῆν
623 1524 683 1555 ταῖς
704 1523 852 1559 ἡμετέραις

58 1573 163 1605 φωναῖς
183 1571 341 1607 πφσθήκας
361 1570 536 1602 ἐπιϐαλόντες
552 1571 727 1598 ὲκδεδώκασι.
747 1571 784 1598 Τὸ
800 1571 850 1606 μὲν

56 1615 102 1643 οὖν
116 1617 185 1652 παρ’
202 1616 282 1651 ἡμῶν
297 1616 424 1652 γράμμα,
442 1616 489 1642 ἐπὶ
506 1616 643 1651 παρουσίᾳ
659 1616 706 1642 τοῦ
725 1616 850 1650 θεοφιλε-

57 1662 156 1689 στάτου
172 1662 252 1697 ἡμῶν
266 1662 397 1697 βασιλέως
418 1662 607 1696 ἀναγνωσοὲν,
623 1660 652 1689 εὖ
666 1670 696 1688 τε
712 1661 784 1697 ἔχειν
803 1662 850 1688 καὶ

55 1709 176 1744 δοκίμως
197 1708 365 1743 ἁποερανθὲν,
384 1709 478 1735 τοῦτον
491 1708 548 1743 έχει
562 1709 606 1734 τὸν
624 1708 733 1743 τρόπον·
752 1707 850 1738 Καθὼς

56 1753 247 1788 παρελάϐομεν
268 1752 345 1788 παρὰ
365 1752 419 1780 τῶν
435 1752 487 1788 πρὸ
507 1752 586 1787 ἡμῶν
604 1752 759 1779 ἐπισκόπων
771 1772 778 1785 ,
803 1752 850 1778 καὶ

56 1801 85 1825 ὲν
95 1800 129 1834 τῇ
140 1799 303 1834 κατηχήσει,
314 1799 360 1826 καὶ
372 1799 416 1825 ὅτε
427 1798 458 1825 τδ
468 1799 579 1834 λουτρὸν
593 1798 790 1833 ὲλαμῦάνομεν,
803 1797 850 1824 καὶ

56 1844 148 1876 καθὼς
159 1844 214 1870 ἀπὸ
228 1843 283 1870 τῶν
299 1843 379 1870 θείων
395 1843 510 1879 Γραφῶν
526 1842 736 1879 μεμαθήκαμεν,
752 1843 799 1870 καὶ
811 1843 850 1875 ὼς

59 1891 86 1916 ὲν
105 1890 145 1926 τῷ
158 1889 378 1926 πρεσϐυτερείῳ,
398 1890 443 1916 καὶ
458 1890 488 1916 ὲν
501 1890 570 1925 αὐτῇ
591 1890 624 1925 τῇ
638 1891 773 1926 ἐπισκοπῇ
790 1891 849 1916 ἐπι-

59 1935 212 1971 στεύσαμέν
237 1945 267 1962 τε
290 1936 338 1962 καὶ
358 1935 545 1971 ἐδιδάσκομεν,
567 1935 642 1963 οὕτω
669 1936 717 1963 καὶ
734 1935 781 1962 νῦν
805 1944 849 1962 πι-

59 1982 208 2014 στεύοντες,
232 1982 282 2017 τὴν
296 1982 434 2018 ἡμετέραν
449 1982 540 2010 πίστιν
561 1982 626 2017 ὑμῖν
645 1982 850 2018 προσαναφέρο-

59 2037 119 2063 μεν.
144 2029 224 2055 Ἐστι
239 2028 268 2054 δὲ
281 2027 369 2063 αὕτη·
389 2028 556 2063 Πιστεύομεν
573 2029 613 2059 είς
628 2028 676 2055 ἕνα
697 2028 778 2060 Θεὸν,
795 2028 851 2054 Πα-

56 2073 124 2109 τέρα
137 2073 357 2109 παντοκράτορα,
373 2074 418 2100 τὸν
429 2073 483 2101 τῶν
500 2074 626 2101 ἁπάντων
642 2073 748 2109 ὁρατῶν
760 2082 788 2100 τε
802 2073 850 2100 καὶ

54 2116 183 2153 ἀοράτων
208 2119 327 2154 Ποιητήν
338 2126 345 2134 ·
363 2119 410 2145 καὶ
424 2119 465 2150 εἱς
477 2118 524 2145 ἕνα
538 2118 640 2154 Κύριον
660 2118 764 2153 Ἰησοῦν
783 2118 850 2154 Χρι-

57 2164 136 2196 στὸν,
160 2164 208 2191 τὸν
224 2163 273 2190 τοῦ
298 2163 365 2191 Θεοῦ
383 2164 478 2199 Λόγον,
498 2164 563 2191 Θεὸν
587 2165 619 2191 ὲκ
640 2164 718 2195 Θεοῦ,
738 2163 796 2198 φῶς
817 2164 850 2190 ὲκ

905 245 1054 279 partitione
1066 252 1145 278 vero,
1159 250 1191 273 ut
1201 252 1234 272 ex
1248 246 1309 273 auri
1321 254 1411 274 massa
1421 247 1483 274 duae
1494 248 1536 275 vel
1552 252 1608 276 tres
1617 251 1696 284 phia-

904 291 938 318 ιω
951 299 958 317 :
972 291 1048 318 nullo
1059 299 1144 326 porro
1155 299 1190 319 ex
1203 292 1248 319 his
1260 293 1343 320 modo
1356 301 1417 321 esse
1440 293 1538 320 Filium
1561 294 1609 322 Dei
1621 304 1626 321 :
1651 296 1694 323 id-

904 337 979 364 circo
991 336 1019 364 in
1030 345 1091 364 eam
1103 337 1186 365 ﬁdem
1200 345 1230 365 se
1242 339 1399 366 consentire
1412 346 1466 366 non
1480 347 1560 373 posse
1584 347 1695 368 asseve—

904 381 1011 408 rabant.
1046 381 1146 409 Vocem
1180 383 1264 417 igitur
1297 383 1538 411 consubstantialis
1570 384 1696 419 plurimis

903 426 1009 453 cavillis
1021 434 1054 454 ac
1072 427 1197 455 dicteriis
1208 428 1348 462 insectati,
1362 429 1420 456 Arii
1441 429 1607 465 dcpositioni
1628 431 1694 458 sub-

903 472 1025 499 scribere
1038 472 1197 500 noluerunt.
1213 473 1298 506 Quam
1312 475 1347 502 ob
1360 482 1470 502 causam
1489 475 1612 511 synodus
1633 476 1695 511 qui-

904 517 966 545 dem
978 519 1075 546 Arium
1093 523 1122 546 et
1134 526 1230 547 omnes
1243 520 1290 554 qui
1308 528 1370 547 cum
1392 528 1425 548 eo
1437 521 1602 559 seruiebant,
1626 530 1693 549 ana-

904 564 1024 591 themate
1037 565 1175 599 percussit
1187 584 1194 597 ,
1208 565 1316 600 adjecto
1328 566 1441 601 insuper
1453 575 1487 594 ne
1499 568 1694 596 Alexandriam

903 610 1010 645 ingredi
1021 610 1046 637 ei
1059 610 1164 638 liceret.
1177 611 1329 645 Imperator
1340 620 1405 638 vero
1416 616 1472 639 tum
1485 613 1580 640 Arium
1592 614 1693 649 ipsum,

904 660 961 683 tum
980 655 1130 682 Eusebium
1152 663 1184 682 ac
1205 655 1347 690 Tlieognin
1359 657 1457 683 exsilio
1478 659 1633 686 mulctavit.
1660 660 1695 687 Et

903 701 1039 729 Eusebius
1052 701 1162 736 quidem
1176 709 1207 728 ac
1221 701 1369 736 Theognis,
1383 703 1465 736 paulo
1478 708 1541 738 post
1562 712 1644 739 quam
1665 705 1693 732 in

901 747 1034 774 exsilium
1051 746 1128 774 missi
1142 751 1244 778 essent,
1257 747 1349 773 oblato
1361 747 1530 781 paenitentia:
1549 749 1652 782 libello,
1665 749 1693 776 in

903 792 983 819 ﬁdem
996 791 1241 819 consubstantialis
1253 799 1428 824 consensere,
1442 792 1514 820 sicut
1525 793 1553 820 in
1566 801 1694 829 progres-

902 845 933 864 su
947 837 1081 865 orationis
1093 838 1232 865 ostensuri
1246 845 1352 865 sumus.
1366 838 1444 865 Tunc
1457 845 1524 865 vero
1546 838 1693 871 Eusebius,

904 884 928 911 is
939 884 985 918 qui
997 888 1209 918 cognomentum
1223 884 1358 918 Pamphili
1372 884 1488 911 sortitus
1499 887 1552 916 est,
1564 884 1695 912 Caesareae

903 930 932 957 in
951 931 1096 958 Palaestina
1109 931 1297 958 sacerdotium
1319 937 1429 965 gerens,
1451 937 1513 957 cum
1538 931 1567 957 in
1589 930 1695 966 synodo

902 976 1044 1010 paululqu
1053 975 1247 1008 haesitavisset,
1255 983 1403 1010 secumque
1412 976 1589 1010 expendissct
1601 980 1695 1004 utrum

902 1021 1074 1049 admittenda
1087 1026 1160 1049 esset
1172 1021 1237 1050 ﬁdei
1256 1021 1385 1054 formula,
1400 1021 1511 1049 tandem
1531 1026 1560 1050 et
1571 1022 1629 1058 ipse
1639 1031 1693 1051 una

902 1075 965 1095 cum
978 1067 1093 1102 reliquis
1106 1075 1236 1096 assensus
1253 1071 1295 1095 est
1308 1072 1336 1095 et
1347 1068 1515 1103 subscripsit
1529 1077 1535 1095 :
1558 1072 1587 1096 et
1605 1068 1693 1096 Caesa-

902 1113 1042 1142 riensibus
1062 1114 1120 1142 suis
1141 1114 1328 1149 conscriptam
1350 1114 1414 1141 ﬁdei
1436 1113 1581 1141 famulam
1606 1115 1692 1148 misit,

901 1167 998 1188 vocem
1014 1160 1259 1188 consubstantialis
1279 1160 1489 1195 interpretatus,
1513 1167 1548 1187 ne
1570 1160 1632 1195 quis
1653 1160 1692 1187 si-

901 1206 1019 1234 nistrum
1037 1206 1178 1241 quidpiam
1202 1206 1236 1233 de
1261 1206 1321 1240 ipso
1343 1205 1540 1240 suspicaretur,
1563 1213 1596 1233 eo
1618 1205 1693 1240 quod

901 1252 1104 1286 aliquantulum
1123 1251 1301 1279 substitisset.
1323 1251 1410 1279 Porro
1431 1258 1493 1286 quae
1515 1251 1550 1278 ab
1572 1251 1693 1278 Eusebio

902 1297 1005 1332 scripta
1018 1301 1092 1330 sunt,
1105 1297 1147 1325 sic
1163 1305 1193 1324 se
1205 1296 1310 1324 habent
1323 1305 1329 1323 :
1350 1296 1417 1329 Quae
1438 1296 1473 1323 de
1496 1295 1550 1323 ﬁde
1560 1295 1692 1323 ecclesia-

903 1343 971 1371 stica
983 1343 1012 1370 in
1024 1351 1124 1378 magno
1135 1343 1254 1370 concilio
1265 1343 1363 1370 Nicaea:
1387 1346 1554 1377 congregato
1576 1346 1693 1370 tractata

902 1392 977 1421 sunt,
999 1382 1149 1416 verisimile
1167 1389 1281 1424 quidem
1304 1391 1348 1415 est
1366 1388 1422 1423 jam
1444 1395 1494 1415 vos
1514 1387 1626 1415 aliunde
1647 1388 1692 1415 di-

902 1434 1023 1466 dicisse,
1049 1434 1151 1462 fratres
1180 1434 1354 1466 charissimi,
1379 1441 1442 1461 cum
1465 1437 1622 1460 accuratam
1645 1441 1692 1460 re-

903 1488 965 1508 rum
1009 1484 1149 1516 gestarum
1188 1480 1392 1508 narrationem'
1421 1479 1494 1506 fama
1536 1479 1692 1515 plerunque

903 1527 989 1554 soleat
1011 1533 1192 1560 prmcurrere.
1217 1526 1320 1553 Verum
1346 1532 1381 1552 ne
1403 1524 1558 1552 istiusmodi
1581 1532 1692 1553 rumore

902 1579 947 1599 res
959 1571 1011 1606 23
1025 1571 1104 1599 vobis
1122 1571 1202 1598 aliter
1220 1578 1302 1605 quam
1322 1578 1352 1598 se
1369 1570 1452 1597 habet
1468 1570 1623 1601 nuntietur,
1641 1577 1691 1597 nc-

901 1618 1052 1646 cessarium
1073 1617 1231 1653 putavimus
1248 1616 1283 1644 ad
1302 1624 1351 1644 vos
1368 1616 1478 1644 mittere
1491 1616 1610 1650 primum
1628 1615 1691 1651 qui-

901 1664 963 1691 dem
986 1663 1050 1691 ﬁdei
1079 1663 1222 1690 formulam
1244 1670 1260 1690 a
1283 1662 1364 1689 nobis
1384 1661 1568 1696 propositam,
1591 1661 1692 1688 deinde

901 1710 1025 1741 alteram,
1040 1717 1121 1744 quam
1135 1708 1256 1744 episcopi
1269 1707 1433 1742 quibusdam
1452 1706 1486 1734 ad
1503 1711 1624 1734 nostram
1641 1706 1691 1733 ad-

897 1754 979 1790 jectis
990 1753 1190 1789 appendicibus
1201 1753 1418 1788 promulgarunt.
1429 1752 1528 1779 Nostra
1540 1751 1624 1786 igitur
1635 1751 1691 1778 for-

900 1800 985 1832 mula,
997 1807 1058 1834 quaa
1076 1799 1104 1826 in
1117 1803 1264 1834 conspectu
1279 1797 1454 1833 imperatoris
1467 1797 1524 1824 Deo
1536 1797 1691 1825 charissimi

900 1844 984 1876 lecta,
997 1848 1071 1872 recte
1090 1851 1122 1871 ac
1137 1843 1224 1878 probe
1246 1851 1275 1870 se
1297 1843 1398 1870 habere
1417 1842 1546 1869 omnibus
1557 1842 1615 1869 visa
1633 1847 1691 1874 est,

900 1890 940 1918 sic
951 1890 1034 1917 habet
1047 1899 1053 1916 :
1067 1889 1144 1917 Sicut
1161 1889 1196 1916 ab
1207 1887 1429 1916 antecessoribus
1442 1887 1543 1915 nostris
1555 1887 1692 1922 episcopis

899 1935 1071 1970 aceepimus,
1093 1939 1158 1962 tunc
1179 1942 1241 1962 cum
1264 1933 1360 1968 primis
1380 1933 1443 1960 ﬁdei
1463 1933 1627 1960 rudimentis
1647 1933 1690 1959 in—

900 1981 1011 2013 structi,
1025 1985 1054 2009 et
1064 1989 1127 2008 eum
1149 1980 1262 2008 salutari
1276 1980 1384 2007 lavacro
1402 1979 1480 2006 tincti
1494 1987 1588 2006 sumus
1601 1988 1607 2005 :
1620 1979 1692 2006 sicut

900 2035 934 2055 ex
948 2027 1049 2054 divinis
1067 2026 1220 2061 Scripturis
1231 2025 1389 2058 didicimus,
1403 2028 1431 2053 et
1443 2025 1514 2052 sicut
1525 2024 1576 2060 ipsi
1592 2028 1648 2052 tum
1663 2025 1690 2052 in

899 2073 1088 2110 presbyterio,
1103 2076 1159 2099 tum
1179 2072 1208 2099 in
1226 2071 1375 2107 episcopali
1394 2071 1479 2106 gradu
1492 2070 1650 2103 constituti,
1663 2075 1692 2098 et

899 2119 1068 2147 credidimus
1079 2122 1108 2146 et
1120 2117 1273 2150 docuimus,
1287 2117 1323 2144 ita
1339 2125 1412 2144 nunc
1431 2116 1514 2144 etiam
1535 2116 1691 2148 credentes,

901 2165 981 2193 ﬁdem
1001 2169 1123 2192 nostram
1139 2164 1217 2191 vobis
1237 2163 1410 2198 exponimus.
1424 2163 1473 2190 Est
1489 2166 1580 2190 autem
1594 2161 1690 2196 hujus-

57 2211 161 2246 φωτὸς,
179 2210 254 2246 ζωὴν
272 2211 305 2237 ὲκ
326 2209 398 2246 ζωῆς
413 2215 442 2244 τ,
458 2210 522 2238 Υίδν
549 2210 697 2246 μονογενῆ,
713 2210 802 2246 πρωτό

944 2212 975 2239 ιάἰ
990 2211 1155 2240 :Credimus
1168 2211 1195 2238 in
1214 2219 1299 2238 unum
1317 2211 1413 2243 Deum,
1434 2211 1542 2238 Patrem
1564 2209 1689 2244 omnipo-

56 2265 103 2283 κον
119 2257 214 2292 πάσης
231 2256 357 2288 κτίσεως,
374 2257 427 2291 πρὸ
442 2257 550 2283 πάντων
562 2256 617 2283 τῶν
635 2257 739 2283 αἰώνων
755 2257 788 2283 ὲκ
801 2256 849 2283 τοῦ

56 2302 124 2328 Θεοῦ
143 2301 252 2336 [ἰατρὸς
265 2302 483 2336 γεγεννημένον·
509 2301 543 2328 δι’
565 2298 597 2329 οὗ
620 2302 668 2328 καὶ
685 2301 792 2335 ἐγένετο
816 2301 849 2328 τὰ

56 2348 156 2379 πάντα,
171 2348 219 2374 τὸν
232 2347 277 2374 διὰ
289 2348 339 2383 τὴν
354 2347 490 2384 ἡμετέραν
511 2347 647 2383 σωτηρίαν
663 2347 848 2383 σαρκωθέντα,

57 2396 103 2421 καὶ
116 2395 147 2420 ὲν
163 2393 319 2429 ἀνθρώποις
334 2392 571 2429 πολιτευσάμενον·
591 2396 638 2420 καὶ
657 2393 786 2424 παθόντα,
803 2392 850 2418 καὶ

57 2441 213 2468 ἀναστάντα
228 2441 261 2475 τῇ
277 2439 358 2477 τρίτῃ
371 2439 462 2475 ἡμέρᾳ
472 2448 478 2454 ·
495 2439 543 2465 καὶ
558 2439 703 2466 ἀνελθόντα
717 2438 785 2473 πρὸς
803 2439 848 2465 τὸν

57 2489 177 2524 Πατέρα,
193 2487 240 2514 καὶ
253 2485 353 2522 ἥξοντα
367 2486 448 2513 πάλιν
462 2487 491 2512 ὲν
504 2485 566 2521 δόξῃ
583 2487 673 2522 κρῖναι
687 2485 791 2518 ζῶντας
802 2484 848 2511 καὶ

58 2535 181 2570 νεκρούς.
202 2534 370 2570 Πιστεύομεν
387 2534 434 2562 καὶ
448 2534 486 2565 είς
501 2532 531 2559 ἓν
549 2531 659 2567 Πνεῦμα
675 2532 762 2566 ἅγιον.
780 2531 848 2557 Τού-

899 2261 1013 2289 tentem,
1026 2256 1178 2284 visibilium
1191 2255 1314 2283 omnium
1335 2260 1363 2283 et
1382 2254 1560 2282 invisibilium
1577 2253 1691 2281 Creato-

898 2311 956 2331 rem
972 2312 978 2330 :
993 2307 1022 2330 ct
1040 2303 1068 2330 in
1087 2310 1173 2329 unum
1194 2302 1340 2329 Dominum
1361 2301 1454 2329 Iesum
1475 2300 1627 2332 Christum,
1641 2298 1690 2326 Dei

897 2348 1030 2379 Verbum,
1043 2347 1129 2375 Deum
1142 2347 1176 2374 dc
1196 2347 1263 2379 Deo,
1275 2346 1368 2373 lumen
1381 2345 1414 2372 de
1428 2344 1543 2377 lumine,
1555 2344 1638 2370 vitam
1655 2350 1689 2370 ex

898 2394 965 2426 vita,
978 2393 1077 2420 Filium
1090 2393 1273 2428 unigenitum,
1287 2391 1499 2427 primogenitum
1512 2390 1602 2417 omnis
1613 2397 1691 2417 crea-

901 2444 980 2471 turrc,
992 2443 1054 2466 ante
1067 2439 1159 2466 omnia
1172 2438 1269 2465 secula
1281 2445 1315 2464 ex
1327 2438 1383 2464 Deo
1396 2437 1475 2464 Patre
1495 2435 1628 2471 genitum,
1642 2443 1692 2470 per

902 2494 984 2520 quem
995 2484 1087 2512 omnia
1107 2484 1177 2512 facta
1196 2488 1259 2511 sunt
1272 2493 1278 2510 :
1293 2483 1339 2519 qui
1357 2487 1469 2518 propter
1482 2486 1602 2509 nostram
1616 2481 1691 2509 salu-

903 2537 959 2560 tem
978 2532 1136 2560 incarnatus
1153 2535 1206 2563 est,
1218 2535 1246 2558 et
1259 2531 1331 2558 inter
1346 2529 1472 2557 homines
1482 2532 1608 2557 versatus
1623 2537 1629 2554 :
1643 2527 1691 2562 qui

661 2609 797 2638 VALESII
816 2608 1093 2638 ANNOTATIONES.

104 2672 148 2714 36)
169 2673 255 2714 ἐστι
280 2670 315 2714 διὲ
333 2669 427 2714 αὐτοῦ
449 2669 485 2697 τὰ
506 2668 664 2704 γραφέντα.
698 2667 729 2694 In
759 2666 849 2694 codice

945 2668 1033 2695 antino
1045 2671 1074 2694 et
1087 2666 1224 2694 Sfortiano
1244 2665 1345 2700 legitur
1364 2664 1424 2691 ἔστι
1444 2663 1474 2690 δὲ
1493 2661 1563 2690 αὐτὰ
1577 2660 1624 2689 τοῦ
1640 2661 1690 2704 Eo-

60 2706 148 2735 σεϐίσὺ
163 2708 198 2734 τὰ
210 2706 366 2742 γραφέντα,
384 2709 438 2732 etc.

94 2795 104 2808 τ
117 2789 206 2822 Ζωὴν
216 2788 252 2814 ἐκ
265 2786 350 2819 ζωῆς.
366 2785 444 2822 Sicut
454 2785 591 2822 Eusebius
600 2784 700 2822 Filium
714 2788 794 2822 vocat
805 2784 846 2810 υἱ-

57 2830 110 2852 tam
133 2825 167 2851 de
177 2819 265 2855 'vita;
289 2822 327 2849 ita
350 2821 396 2848 alii
421 2825 515 2856 postea
526 2821 649 2856 virtutem
659 2819 809 2856 gervirtute,
823 2823 848 2845 et

55 2861 215 2897 sapientiam
228 2854 261 2886 de
274 2854 460 2894 sapientiaKS.
478 2856 593 2891 August.
608 2855 646 2882 De
658 2854 729 2881 Trin.
743 2854 791 2881 lib.
800 2861 847 2886 vn,

787 2736 967 2765 VARIORUM
972 2757 978 2764 .

900 2791 960 2818 cap.
974 2783 992 2810 5
1007 2792 1012 2809 :
1026 2782 1087 2809 Ideo
1107 2782 1226 2810 Christus
1238 2782 1320 2818 virtus
1333 2784 1357 2807 et
1369 2779 1500 2818 sapientia
1513 2775 1690 2818 Dci,lqtt't:a‘de

1003 2808 1100 2845 uirtute
1111 2808 1151 2845 iet
1163 2808 1297 2853 Sapientia
1310 2821 1364 2848 est;
1378 2808 1444 2842 sicut
1467 2814 1554 2840 lumen
1566 2808 1596 2837 dé
1609 2808 1690 2836 Patre

915 2861 1012 2880 umme.
1027 2857 1082 2880 etc.

1006 2873 1012 2886 ,
1027 2873 1082 2880 μιν.
