1887 3058
43 113 73 139 97
547 112 708 140 lllSTORlA
728 111 1005 140 ECCLESIASTICA.
1027 128 1059 132 —
1079 113 1142 140 LIB.
1166 114 1184 140 Ι.
1645 119 1680 146 93

44 175 70 199 ἓν
86 173 134 199 καὶ
145 173 178 199 τὸ
191 173 262 200 αὐτὸ
280 173 454 204 συνελθόντες
464 193 470 202 ,
488 172 562 204 ἄξιόν
578 181 604 198 τι
620 172 667 198 τοῦ
681 173 841 208 πράγματος

928 180 943 199 o
961 172 1043 208 hujus
1058 173 1096 200 rei
1115 173 1246 209 dignitate
1273 173 1365 202 dicere
1390 175 1577 209 instituerent,
1593 185 1627 204 ne
1644 177 1680 203 ad

48 219 213 254 ἐθελήσωσιν
251 220 360 249 εἰπεῖν.
382 218 435 245 οὐδ’
463 219 496 244 ἂν
525 218 592 254 πρὸς
615 218 646 244 τὸ
673 217 841 253 βραχύτατον

48 264 230 299 ἁμιλληθῆναι
246 265 420 300 δυνὴτονταιο
432 264 478 290 ἐπὶ
501 263 620 297 τοσούτῳ
635 264 723 289 πᾶσαν
735 263 842 298 ἀνθρω-

50 312 126 337 πίνου
141 311 276 346 λογισμοῦ
305 310 460 346 χωρητικὴν
490 310 570 344 φύσιν
587 310 604 345 ἡ
629 309 675 335 τοῦ
705 309 843 344 θαύματος

50 358 143 384 τούτου
159 357 254 388 πίστις
268 357 439 392 ὑπερῦαίνει,
455 356 509 390 ὅσῳ
535 355 589 381 τῶν
610 355 786 390 ἀνθρωπίνων
809 354 844 381 τὰ

51 403 163 438 οὐράνια
176 403 344 437 συνέστηκεν
357 400 426 429 εἶναι
442 401 621 436 δυνατώτερα.
633 401 682 427 Διὰ
691 401 768 427 τοῦτο
778 400 843 434 γοῦν

51 446 124 479 οὗτος
137 448 183 474 ἀεὶ
199 447 249 474 καὶ
265 448 372 481 πρῶτος
385 447 432 473 καὶ
447 447 526 481 μόνος
543 446 601 472 ἐστι
621 455 668 480 μοι
685 445 795 477 σκοπὸς,
810 446 842 472 ἵν’

52 494 145 528 ὡσπερ
157 492 258 526 ἑαυτὴν
275 492 410 526 ὁσημέραι
425 491 589 525 καινοτέροις
604 490 749 524 θαύμασιν,
763 491 779 525 ἡ
794 490 844 525 τῆς

53 539 182 574 ἀληθείας
199 539 290 568 πίστις
305 537 478 568 ἐνδείκνυσιν,
492 537 563 562 οὕτω
576 537 622 562 καὶ
635 537 663 562 αἱ
677 535 762 570 ψυχαὶ
775 535 843 562 παν-

53 594 104 611 των
121 585 203 619 ἡμῶν
232 585 297 617 περὶ
320 584 364 609 τὸν
395 584 472 616 ἅγιον
497 583 588 616 νόμον,
620 581 779 618 σωφροσύνῃ
797 581 844 607 καὶ

52 631 251 665 ὁμογνώμονιν,
266 629 421 664 προθυμίᾳ,
459 627 663 662 σπουδαιότεραι
700 628 843 662 γίγνοιντο.

55 677 143 710 Ὀπερ
160 674 257 708 ἐπειδὴ
285 674 366 700 πᾶσιν
390 672 458 699 εἶναι
482 672 585 708 νομίζω
608 673 731 708 φανερὸν,
757 673 845 699 ἐκεῖνο

55 720 180 756 μάλιστα
195 728 225 746 σε
242 718 388 745 πεπεῖσθαι
403 718 542 752 βούλομαι,
557 717 593 749 ὡς
606 718 659 752 ἄρα
680 717 786 744 πάντων
799 726 844 751 μοι

54 766 132 800 μέλει
147 765 260 800 μᾶλλον,
272 765 345 795 ὅπως
358 763 402 789 τὸν
420 763 491 799 ἱερὸν
505 764 606 789 ἐκεῖνον
622 763 713 794 τόπον,
737 762 766 788 ὃν
777 762 844 788 Θεοῦ

53 811 249 846 προστάγματι
264 809 404 844 αἰσχίστης
429 808 537 835 εἰδώλου
561 808 730 843 προσθήκης,
750 807 844 840 ὥσπερ

53 857 126 888 τινος
156 855 330 891 ἐπικειμένου
358 854 457 890 βάρους
485 853 625 889 ὲκούφισα,
647 853 724 888 ἅγιον
755 853 803 888 μὲν
817 853 846 885 ἐξ

53 904 142 938 ἀρχῆς
166 901 233 928 Θεοῦ
252 901 342 937 κρίσει
356 900 548 936 γεγενημένον,
562 900 710 935 άγιώτερον
727 900 756 926 δὲ
777 900 845 926 ἀπο-

54 947 202 981 φανθέντα,
220 947 267 981 ἀφ’
281 944 311 973 οὗ
339 946 386 981 τὴν
406 946 454 972 τοῦ
478 947 611 981 σωτηρίου
640 945 742 976 πάθους
755 945 845 972 πίστιν

54 994 92 1025 rt;
106 993 166 1027 σῶς
178 994 347 1028 προήγαγεν,
362 993 584 1028 οἰκοδομημάτων
597 992 689 1019 κάλλει
700 992 845 1027 κοσμήτω-

55 1049 114 1075 μεν.
127 1040 264 1075 Προσήκει
279 1039 368 1065 τοίνυν
378 1039 426 1074 τὴν
436 1039 484 1074 σὴν
494 1039 633 1074 ἀγχίνοιαν
641 1039 710 1065 οὕτω
723 1038 844 1070 διατάξαι

54 1093 94 1115 τε,
109 1084 158 1110 καὶ
168 1083 286 1109 ἑκάστου
299 1083 353 1109 τῶν
363 1083 518 1117 ἀναγκαίων
530 1083 696 1118 ποιήσασθαι
705 1083 844 1118 πρόνοιαν,

54 1129 92 1161 ὡς
107 1130 139 1156 οὗ
159 1129 241 1164 μόνον
257 1128 397 1163 βασιλικὴν
413 1128 466 1154 τῶν
481 1129 618 1164 πανταχοῦ
634 1129 768 1164 βελτίονα,
779 1128 845 1154 ἀλλὰ

56 1176 102 1202 καὶ
111 1176 146 1202 τὰ
170 1176 264 1208 λοιπά,
291 1175 402 1203 τοιαῦτα
415 1175 550 1210 γενέσθαι,
577 1175 614 1206 ὡς
635 1174 722 1201 πάντα
741 1173 775 1200 τὰ
803 1173 845 1208 ἐφ’

56 1221 174 1256 ἑκάστης
190 1221 294 1252 πόλεως
318 1221 536 1250 καλλιστεύοντα,
553 1219 606 1246 ὑπὸ
626 1219 674 1245 τοῦ
697 1218 846 1253 κτίσματος

55 1265 151 1292 τούτου
163 1266 303 1293 νικᾶσθαι·
314 1267 360 1293 καὶ
379 1266 444 1302 περὶ
458 1266 507 1301 μὲν
529 1265 577 1300 τῆς
587 1265 642 1292 τῶν
652 1265 749 1300 τοίχων
762 1265 846 1300 ἐργα-

58 1312 116 1344 σίας
131 1321 160 1338 τε
180 1313 229 1339 καὶ
244 1312 428 1349 κσλλιεργίας,
455 1311 638 1349 Δρακιλλιανῷ
659 1311 697 1347 τῷ
721 1311 846 1346 ἡμετέρῳ

57 1358 125 1393 φίλῳ
157 1358 282 1385 διέποντι
326 1358 380 1385 τῶν
418 1358 617 1394 λαμπροτάτων
653 1359 779 1393 ἐπάρχων
812 1357 846 1384 τὰ

58 1404 126 1438 μέρη
138 1403 208 1438 (76),
222 1404 271 1430 καὶ
295 1403 334 1438 τῷ
350 1404 399 1438 τῆς
410 1403 544 1439 ἐπαρχίας
555 1402 674 1438 ἄρχοντι,
690 1402 754 1438 παρ’
769 1402 846 1438 ἡμῶν

56 1449 258 1485 ἐγκεχειρίσθαι
285 1449 334 1484 τὴν
360 1449 486 1484 φροντίδα
510 1449 637 1483 γίνωσκε.
664 1448 845 1475 Κεκέλευσται

56 1493 110 1528 γὰρ
140 1493 194 1519 ὑπὸ
216 1493 268 1528 τῆς
295 1494 364 1529 ἐμῆς
387 1492 545 1524 εὐσεϐείας,
571 1493 618 1519 καὶ
646 1493 769 1528 τεχνίτας
800 1492 846 1519 καὶ

56 1539 186 1574 ἐργάτας,
201 1538 249 1565 καὶ
266 1537 346 1565 πάνθ’
359 1539 409 1565 ὅσα
419 1538 482 1573 περὶ
494 1537 542 1573 τὴν
554 1537 696 1572 οἰκοδομὴν
709 1538 845 1571 ἀναγκαῖα
860 1529 880 1556 C

54 1583 211 1617 τυγχάνειν,
240 1582 318 1617 παρὰ
338 1583 386 1617 τῆς
410 1583 460 1617 σῆς
487 1582 669 1618 καταμάθοιεν
696 1582 844 1617 ἀγχιιοίας,

56 1628 227 1663 παραχρῆμα
239 1628 283 1654 διὰ
297 1628 346 1663 τῆς
362 1628 473 1654 ἐκείνων
496 1628 623 1663 προνοίας
650 1628 845 1662 ἀποσταλῆναι.

57 1674 124 1708 Περὶ
139 1673 170 1699 δὲ
185 1673 241 1699 τῶν
264 1673 370 1705 κιόνων,
386 1673 402 1707 ἦ
420 1672 474 1699 τῶν
501 1672 665 1708 μαρμάρων,
682 1673 700 1699 ἂ
719 1672 741 1698 δ’
756 1672 788 1699 ἂν
802 1681 847 1698 νο-

59 1719 141 1753 μίσῃς
157 1717 229 1744 εἶναι
255 1717 408 1753 τιμιώτερά
422 1726 450 1744 τε
477 1718 523 1744 καὶ
539 1717 744 1752 χρησιμώτερα,
767 1717 848 1749 αὐτὸς

59 1765 201 1798 σννὰᾲεωςΔ
215 1763 364 1798 γενομένης
382 1763 450 1798 πρὸς
475 1764 547 1798 ἡμᾶς
569 1763 672 1798 γράψαι
688 1762 846 1789 σπούδασον·

58 1811 89 1837 ἶν’
103 1811 176 1837 ὅσων
193 1810 217 1836 δ’
230 1810 264 1837 ἂν
277 1811 324 1836 καὶ
338 1810 437 1836 ὁποίων
453 1809 545 1845 χρείαν
558 1808 627 1836 εἶναι
640 1809 683 1835 διὰ
697 1809 742 1835 τοῦ
759 1810 849 1844 γράμ-

60 1864 143 1890 ματος
158 1855 326 1889 ὲπιγνῶμεν,
349 1854 434 1881 ταῦτα
462 1854 627 1888 πανταχόθεν
658 1853 848 1888 μετενεχθῆναι

58 1900 170 1935 δυνηθῇ.
189 1901 243 1926 Τὸν
254 1900 308 1935 γάρ
320 1900 366 1926 τοῦ
392 1901 494 1935 κόσμου
509 1899 731 1934 θαυμασιώτερον
758 1899 848 1931 τόπον,

61 1946 119 1974 κατ’
135 1947 214 1979 ἀξίαν
231 1946 423 1981 φαιδρύνεσθαι
447 1946 560 1973 δίκαιον,
586 1946 640 1981 Τὴν
665 1946 693 1972 δὲ
708 1946 754 1980 τῆς
772 1945 849 1981 βασι-

60 1991 138 2025 λικῆς
161 1990 305 2024 καμάραν,
332 1990 446 2024 πότερον
465 1990 645 2025 λακωναρίαν,
668 1989 684 2025 ἣ
714 1990 757 2016 διά
779 1998 850 2020 τινος

60 2036 156 2070 ἑτέρας
169 2035 301 2070 ἐργασίας
314 2035 440 2069 γενέσθαι
466 2035 549 2064 δοκεῖ,
575 2034 650 2068 παρὰ
679 2034 726 2060 σοῦ
750 2034 850 2068 γνῶναι

62 2081 201 2115 βούλομαι.
220 2081 250 2114 Εἰ
265 2081 319 2115 γὰρ
334 2080 490 2114 λακωναρίαι
509 2080 597 2115 μέλλοι
615 2077 693 2112 εἶναι,
708 2080 851 2115 δυνήσεται

62 2129 106 2154 καὶ
123 2126 218 2163 χρυσῷ
234 2125 464 2160 καλλωπισθῆναι.
484 2126 520 2151 Τὸ
542 2126 709 2161 λειπόμενον,
726 2126 769 2152 ἵνα
786 2127 802 2161 ὴ
820 2125 852 2161 σὴ

61 2170 169 2207 ὁσιότης
196 2174 253 2203 τοῖς
268 2171 477 2207 προειρημένοις
492 2171 632 2202 δικασταῖς
691 2172 772 2206 τάχος
784 2179 852 2204 γνω-

64 2218 190 2253 ριτθῆναι
206 2218 318 2252 ποιήσῃ,
331 2217 400 2243 ἕσων
412 2225 441 2243 τε
458 2217 503 2243 καὶ
520 2217 645 2251 ἐργατῶν
665 2217 711 2243 καὶ
725 2216 853 2252 τεχνιτῶν

62 2264 107 2290 καὶ
132 2263 321 2297 ἀναλωμάτων
345 2262 433 2298 χρείαν
460 2262 506 2288 καὶ
530 2262 595 2296 πρὸς
615 2262 665 2297 ἐμὲ
691 2262 790 2294 εὐθέως
809 2264 855 2289 ἁν-

62 2309 183 2342 ενεγκεῖν
199 2308 360 2346 σπούδασον,
374 2308 406 2334 οὔ
420 2307 498 2342 μόνον
512 2308 576 2343 περὶ
589 2307 642 2334 τῶν
660 2309 811 2343 μαρμάρων
825 2317 854 2334 τε

63 2354 228 2384 κα“ι,κιόνων,
243 2353 313 2379 ἀλλὰ
340 2354 387 2379 καὶ
408 2353 472 2386 περὶ
503 2353 555 2379 τῶν
582 2353 768 2389 λακωναριῶν,
797 2354 854 2388 εἴγε

63 2399 141 2425 τοῦτο
157 2399 267 2425 κάλλιον
297 2398 476 2432 ἐπικρίνειας.
499 2399 526 2424 '0
548 2399 613 2430 Θεός
630 2408 659 2425 σε
687 2399 853 2433 διαψυλάξοι,

64 2444 159 2478 άδελφὲ
177 2443 314 2479 άγαπητέ.
332 2444 387 2470 Καὶ
397 2444 478 2474 ἄλλοις
500 2444 526 2470 δὲ
543 2445 685 2476 ἐπιστολὰς
699 2446 712 2471 ὁ
729 2445 854 2480 βασιλεὺς

64 2490 134 2516 κατὰ
151 2490 256 2525 ’Λρείου
282 2489 329 2515 καὶ
343 2489 396 2515 τῶν
410 2489 543 2523 ὁμοδόξων
559 2489 640 2515 αὐτοῦ
663 2490 848 2525 πανηγυρικώ-

64 2546 140 2573 τερον
151 2538 272 2573 γράψας,
290 2536 428 2571 πανταχοῦ
441 2536 510 2562 κατὰ
527 2536 618 2567 πόλεις
629 2536 780 2572 προσέθηκε
793 2537 852 2571 (77)

893 218 1034 245 minimam
1050 219 1161 253 quidem
1185 220 1245 254 ejus
1261 224 1365 254 partem
1377 222 1498 256 aspirare
1516 230 1595 257 posse
1612 223 1680 249 mihi

893 263 1034 290 videntur.
1053 264 1161 300 Quippe
1181 265 1262 300 hujus
1282 266 1405 293 miraculi
1425 267 1492 303 ﬁdes
1507 275 1615 294 omnem
1628 268 1680 294 hu-

893 317 980 336 manm
1000 311 1115 338 rationis
1131 319 1258 346 capacem
1285 316 1411 339 naturam
1437 317 1542 339 tantum
1562 313 1681 346 excedit,

893 359 1026 389 quantum
1047 356 1176 384 humanis
1194 357 1285 384 divina
1307 358 1476 392 przecellunt.
1491 358 1626 391 Quocirca
1637 359 1684 386 hic

894 407 966 426 unus
974 400 1040 426 mihi
1051 408 1082 428 ac
1094 402 1246 436 praecipuus
1255 410 1363 438 semper
1372 407 1413 430 est
1424 411 1533 438 scopus,
1546 408 1575 431 ut
1585 412 1682 438 quem-

892 444 1039 471 admodum
1061 446 1186 473 veritatis
1209 446 1277 474 ﬁdes
1293 448 1371 474 novis
1393 448 1517 482 quotidie
1543 448 1684 476 miraculis

896 489 1064 522 inclarescit,
1082 491 1122 517 sie
1141 491 1224 518 etiam
1242 496 1348 519 mentes
1368 494 1491 520 omnium
1511 499 1636 521 nostrum
1648 493 1683 520 ad

894 536 1075 563 sanctissimae
1104 537 1173 571 legis
1197 537 1398 565 observantiam
1413 547 1474 566 cum
1496 540 1569 566 omni
1588 540 1683 567 mode-

897 580 947 606 stia
961 584 989 607 et
1001 581 1130 607 concordi
1140 581 1280 609 alacritate
1295 583 1453 610 incitentur.
1467 584 1542 617 Quod
1553 585 1684 619 quoniam

897 626 1026 653 omnibus
1050 628 1301 662 perspectissimum
1322 636 1382 655 esse
1403 630 1525 662 confido,
1543 631 1569 658 id
1591 631 1639 658 tibi
1655 631 1683 657 in

894 670 992 704 primis
1005 679 1165 705 persuasum
1179 672 1260 698 velim
1273 691 1280 704 ,
1296 672 1364 699 nihil
1382 673 1448 700 mihi
1466 675 1606 709 antiquius
1623 682 1683 702 esse

895 725 976 752 quam
993 721 1023 744 ut
1040 725 1147 744 sacrum
1163 718 1239 744 illum
1254 717 1356 750 locum,
1370 726 1449 753 quem
1466 720 1514 746 Dei
1532 721 1610 755 jussu
1627 725 1685 748 tur—

895 763 1006 797 pissima
1029 763 1179 797 adjectione
1206 764 1343 791 simulacri
1366 765 1440 791 velut
1464 766 1540 800 gravi
1563 766 1683 800 quodam

896 799 1016 840 pondere
1028 807 1191 840 exonerari;
1204 811 1232 834 et
1245 808 1292 842 qui
1307 808 1341 835 ab
1357 809 1436 836 initio
1451 799 1562 844 quidem
1572 799 1624 838 hei
1639 811 1685 845 ju-

863 853 883 881 Β
897 852 970 879 dicio
984 856 1094 879 sanctus
1105 852 1168 885 fuit,
1188 858 1281 888 postea
1298 862 1365 881 vero
1379 855 1464 881 multo
1481 855 1600 882 sanctior
1618 856 1686 882 etle-

896 903 956 926 etus
970 903 1022 931 est,
1038 906 1071 926 ex
1086 908 1140 934 quo
1155 900 1302 927 Dominicre
1316 901 1450 935 passionis
1462 901 1542 928 ﬁdem
1556 901 1583 928 in
1596 901 1686 928 lucem

895 945 1018 978 protulit;
1028 952 1102 977 eum,
1115 945 1238 980 inquam,
1250 945 1340 974 locum
1351 946 1518 974 fabricarum
1530 947 1686 982 pulchritu-

896 989 960 1016 dine
981 997 1155 1018 exornemus.
1181 991 1264 1018 Decet
1287 991 1379 1026 itaque
1402 992 1576 1027 prudentiam
1599 996 1686 1024 tuam,

896 1035 1001 1071 singula
1016 1036 1049 1063 ad
1063 1044 1132 1071 opus
1153 1038 1306 1064 necessaria
1318 1037 1355 1065 ita
1368 1038 1515 1073 disponere
1534 1042 1562 1065 et
1576 1046 1686 1071 curare,

896 1084 926 1107 ut
951 1089 1007 1107 non
1028 1081 1111 1108 modo
1134 1081 1248 1108 basilica
1268 1082 1325 1117 ipsa
1351 1083 1473 1110 omnium
1495 1091 1556 1118 qua:
1583 1083 1687 1118 ubique

896 1130 959 1153 sunt
972 1126 1174 1161 pulcherrima;
1189 1127 1237 1153 sed
1252 1131 1280 1154 et
1295 1127 1399 1162 reliqua
1411 1128 1535 1155 membra
1550 1128 1687 1163 ejusmodi

896 1173 963 1206 sint,
980 1177 1011 1199 ut
1033 1180 1130 1199 omnes
1147 1173 1315 1208 singularum
1336 1174 1445 1201 urbium
1465 1174 1576 1202 fabrica:
1597 1182 1687 1209 quan-

896 1218 997 1245 tumvis
1014 1218 1131 1250 eximize,
1149 1218 1184 1245 ab
1204 1219 1255 1245 hac
1275 1226 1329 1245 una
1348 1219 1429 1246 facile
1447 1224 1621 1254 superentur.
1648 1220 1688 1247 Ae

896 1263 930 1289 de
957 1263 1093 1297 parietum
1116 1263 1227 1299 quidem
1255 1264 1460 1292 substructione
1485 1269 1514 1292 et
1539 1266 1686 1300 elegantia.

897 1308 1049 1335 Draciliano
1078 1309 1167 1335 amico
1190 1312 1295 1341 nostro,
1313 1309 1404 1344 agenti
1424 1311 1498 1336 vices
1519 1310 1688 1337 clarissimo-

897 1361 958 1380 rum
981 1353 1172 1388 pragtectorum
1197 1354 1342 1389 prmtorio,
1358 1358 1386 1381 et
1408 1355 1518 1390 praesidi
1540 1356 1689 1394 provincia:

897 1400 968 1427 scias
983 1408 999 1427 a
1013 1407 1057 1427 me
1069 1407 1163 1427 curam
1176 1407 1236 1427 esse
1251 1401 1435 1428 commissam.
1453 1401 1539 1428 Jnssit
1551 1401 1688 1435 siquidem

897 1446 985 1481 pietas
1000 1449 1094 1472 nostra
1111 1449 1141 1472 ut
1157 1445 1277 1473 artiﬁces
1288 1450 1317 1473 et
1332 1446 1463 1481 operarii,
1476 1450 1505 1473 et
1519 1453 1690 1481 quaecunque

897 1491 931 1517 ad
950 1491 1003 1518 hoc
1024 1498 1094 1525 opus
1108 1491 1265 1518 necesSaria
1278 1498 1339 1519 esse
1357 1499 1392 1518 ex
1412 1491 1558 1526 prudentia
1575 1495 1621 1518 tua
1641 1499 1688 1518 co-

896 1536 1052 1572 gnoverint,
1076 1537 1203 1571 protinus
1225 1537 1345 1565 instante
1368 1537 1478 1564 illorum
1504 1537 1689 1565 sollicitudine

897 1580 1059 1616 dirigantur.
1076 1580 1114 1607 De
1131 1580 1266 1608 columnis
1280 1588 1346 1608 vero
1363 1584 1391 1608 et
1406 1581 1601 1614 marmoribus,
1615 1589 1691 1616 quae-

898 1635 1007 1662 cunque
1029 1631 1057 1654 et
1070 1627 1233 1662 pretiosiora
1258 1631 1286 1654 et
1301 1627 1412 1654 utiliora
1427 1635 1486 1654 esse
1504 1627 1562 1662 ipso
1578 1631 1690 1662 aspectu

895 1674 1072 1709 iudicaveris,
1089 1681 1154 1701 cura
1172 1678 1202 1701 ut
1215 1673 1249 1701 ad
1264 1681 1315 1701 nos
1330 1674 1506 1708 perscribas;
1530 1678 1561 1701 ut
1577 1682 1639 1701 cum
1657 1681 1691 1701 ex

898 1720 999 1746 litteris
1009 1720 1064 1747 tuis
1075 1720 1286 1754 cognoverimus
1297 1723 1364 1754 quot
1375 1723 1403 1746 et
1417 1719 1547 1754 qualibus
1561 1727 1631 1754 opus
1642 1720 1690 1751 sit,

899 1771 930 1790 ea
944 1763 1065 1798 undique
1076 1763 1181 1798 possint
1193 1763 1369 1798 comportari.
1382 1763 1499 1799 Equum
1512 1767 1554 1791 est
1565 1764 1637 1790 enim
1660 1769 1691 1791 ut

899 1811 945 1844 qui
956 1817 1011 1844 pm
1025 1811 1108 1837 totius
1119 1809 1194 1837 orbis
1206 1809 1274 1836 locis
1284 1811 1400 1837 maxime
1414 1809 1584 1837 admirabilis
1596 1813 1638 1837 est
1652 1810 1692 1836 lo-

899 1864 959 1888 cus,
972 1864 1021 1891 pro
1039 1856 1170 1890 dignitate
1183 1863 1231 1882 sua
1246 1860 1405 1882 exornetur.
1426 1855 1510 1882 Porro
1530 1856 1582 1890 37
1602 1863 1692 1882 eame-

900 1912 958 1931 ram
978 1903 1116 1934 basilicze,
1131 1906 1223 1929 utrum
1244 1902 1409 1936 laqueatam,
1425 1909 1460 1928 an
1488 1901 1541 1928 alio
1563 1901 1690 1936 quopiam

901 1950 992 1984 operis
1009 1956 1107 1983 genere
1123 1947 1275 1975 faciendam
1297 1955 1420 1979 censeas,
1435 1947 1536 1974 certior
1555 1955 1569 1973 a
1592 1951 1616 1973 te
1632 1946 1690 1974 ﬁeri

899 1995 992 2022 velim.
1010 1995 1078 2020 Nam
1098 1994 1120 2020 si
1136 1994 1262 2027 laqueata
1289 1992 1346 2024 ﬁet,
1371 2000 1439 2020 auro
1461 1999 1570 2027 quoque
1591 1993 1693 2027 poterit

901 2040 1039 2069 exornari.
1061 2040 1156 2066 Restat
1173 2039 1256 2075 igitur
1273 2043 1303 2065 ut
1316 2039 1446 2065 sanctitas
1463 2042 1508 2065 tua
1532 2046 1613 2072 supra
1633 2045 1692 2064 me-

902 2087 1015 2114 moratis
1045 2085 1186 2121 judicibus
1218 2085 1420 2120 quamprimum
1459 2083 1592 2119 signiticet
1625 2088 1693 2118 quot

903 2133 1046 2167 operariis,
1069 2119 1100 2158 ei
1111 2130 1275 2162 artiﬁcibus,
1291 2135 1318 2157 et
1343 2130 1498 2164 sumptibus
1526 2137 1596 2164 opus
1617 2129 1691 2156 erit:

905 2180 989 2211 utque
1007 2176 1040 2202 ad
1061 2183 1102 2202 me
1121 2175 1248 2202 celeriter
1265 2175 1375 2207 referat,
1392 2182 1446 2201 non
1464 2175 1546 2201 modo
1565 2174 1599 2201 de
1619 2182 1692 2201 mar-

905 2220 1028 2247 moribus
1046 2224 1074 2247 et
1089 2220 1234 2252 columnis,
1251 2220 1298 2247 sed
1312 2220 1394 2247 etiam
1413 2220 1446 2247 de
1462 2220 1654 2252 lacunaribus,
1671 2221 1692 2248 si

904 2267 956 2293 hoc
968 2274 1037 2301 opus
1055 2267 1198 2293 venustius
1212 2274 1271 2293 esse.
1284 2266 1433 2293 censueris.
1448 2265 1582 2293 Divinitas
1597 2270 1623 2293 te
1635 2274 1694 2293 ser-

904 2317 959 2344 vet,
975 2311 1060 2338 frater
1077 2311 1248 2338 charissime.
1265 2311 1338 2338 Alias
1351 2311 1431 2338 etiam
1450 2311 1580 2345 epistolas
1599 2315 1694 2339 contra

904 2357 999 2383 Arium
1023 2361 1228 2391 sretatoresque
1257 2357 1328 2391 ejus,
1353 2357 1380 2383 in
1402 2356 1513 2383 modum
1540 2357 1694 2384 orationum

907 2402 1023 2437 scriptas
1040 2410 1088 2437 per
1103 2402 1224 2437 singulas
1238 2402 1321 2429 urbes
1335 2402 1489 2436 proposuit,
1510 2403 1695 2437 perstringens

908 2448 1064 2480 hominem,
1084 2451 1111 2474 et
1140 2447 1226 2474 facete
1249 2447 1367 2482 iocando
1396 2447 1553 2482 suggillatis.
1580 2447 1696 2482 Scripsit

908 2497 1041 2528 praztcrea
1065 2493 1097 2520 ad
1117 2492 1340 2520 Nicomedienses
1357 2492 1488 2520 adversus
1500 2492 1650 2520 Eusebium
1669 2498 1697 2519 et

907 2539 1067 2574 Theognim.
1084 2529 1190 2571 Quibus
1205 2539 1232 2566 in
1246 2539 1346 2567 litteris
1362 2538 1565 2573 improbitatem
1582 2538 1695 2566 Eusebii

667 2616 800 2644 VALESII
820 2617 1096 2644 ANNOTATIONES.

100 2675 153 2709 (76)
175 2674 382 2709 Δρακιλλιανῷ
406 2674 444 2707 τῷ
464 2674 597 2701 διέποντι
614 2674 672 2700 τῶν
688 2673 855 2708 λαμπροτά-

68 2718 122 2736 των
145 2708 286 2744 ἐπάρχων
310 2709 347 2736 τὰ
370 2709 457 2743 μέρη.
475 2709 553 2736 Hunc
574 2708 794 2744 locumrabunde
810 2716 857 2744 ex-

80 2746 141 2771 osui
156 2746 183 2772 in
199 2743 435 2772 Annotationilms
449 2744 482 2771 ad
495 2744 597 2771 librum
621 2743 730 2771 tertium
743 2743 854 2770 Eusebii

82 2782 104 2806 te
121 2780 173 2807 vita
191 2779 371 2814 imperatoris
386 2779 568 2811 Constantini,
589 2786 648 2813 cap.
671 2779 714 2805 5t.
732 2779 785 2805 Eas
803 2778 854 2814 igi-

68 2819 110 2841 tur
122 2813 246 2843 consulet
260 2814 403 2842 studiosus
413 2814 508 2842 lector.
525 2814 548 2842 si
567 2813 648 2840 volet.
674 2813 740 2840 Nam
754 2817 781 2840 et
802 2813 854 2840 alia

911 2673 994 2709 hujus
1004 2673 1127 2708 epistola:
1147 2673 1206 2700 loca
1231 2673 1333 2709 ibidem
1349 2673 1477 2709 exposita?
1493 2672 1621 2709 reperiet,
1637 2679 1697 2705 quae

910 2708 963 2736 hoc
979 2709 1039 2744 loco
1054 2712 1178 2744 repetere
1194 2708 1362 2744 superﬂuum
1382 2716 1442 2735 esse
1463 2708 1538 2744 duri.
1620 2739 1636 2744 η
1673 2739 1678 2744 _

946 2743 1001 2779 (77)
1019 2739 1177 2779 Har-Ialm}
1194 2739 1268 2769 κιίτὰ
1293 2744 1397 2779 agitate
1412 2742 1591 2779 προσέθηκε.
1620 2739 1696 2778 Seri—

908 2777 1028 2813 bendum
1057 2778 1169 2805 omnino
1191 2782 1233 2805 est
1250 2778 1396 2813 προέθηκε,
1422 2777 1516 2813 idest,
1541 2777 1693 2813 proposuit.

909 2812 1038 2840 Solebant
1054 2813 1126 2840 enim
1150 2810 1329 2847 imperatores
1346 2810 1460 2840 Romani
1474 2810 1602 2846 epistolas
1619 2815 1694 2839 suas,
