1887 3058
49 147 99 176 105

549 143 715 171 HiSTORlA
734 142 1012 170 ECCLESIASTICA.
1034 158 1068 162 —-
1087 142 1151 169 LIB.
1172 142 1191 169 Ι.

1631 141 1679 168 108

51 204 97 232 καὶ
116 203 292 239 παραινέσας
315 204 347 229 ἐκ
373 201 486 229 δικαίων
512 201 599 228 πόνων
621 201 791 233 σπουδάζειν,
808 200 844 236 μὴ

936 201 964 228 :it
977 199 1004 227 id
1020 199 1094 234 quod
1105 202 1212 234 gestum
1225 198 1324 226 fuerat.
1339 197 1475 231 Factaque
1489 196 1613 224 oratione
1629 197 1680 223 ab-

53 252 106 287 μὴν
122 249 153 283 ἐξ
171 249 280 280 ἀδικίας
296 249 460 284 λαμϐάνειν·
479 247 555 283 κριόν
575 256 605 273 τε
623 247 712 278 αὐτοῖς
729 247 843 283 χαρισά-

53 301 132 328 μενος
145 292 269 319 ἀπέλυσε
279 312 287 325 ,
304 293 351 319 καὶ
365 292 514 327 χαριέντως
528 291 772 326 ἐπιφθεγξάμενος,
788 291 845 318 Ἴνα

52 340 107 375 μὴ,
125 339 208 374 φησὶ,
229 339 321 374 μάτην
335 338 542 373 ὴγρυπνηκότες
567 338 705 372 φανείητε.
727 338 774 364 Ἓν
796 337 846 372 μὲν

50 386 81 421 δὴ
95 385 177 411 τοῦτο
193 385 249 411 τῶν
264 385 330 420 περὶ
341 384 512 419 Σπυρίδωνος
523 383 679 419 θαυμάτων.
693 383 805 418 Ἕτερον
817 383 846 409 δὲ

51 430 158 458 τοιοῦτο
168 439 174 445 ·
186 428 222 466 ἦν
233 430 308 465 αὐτῷ
325 430 448 465 θυγάτηρ
465 429 609 465 παρθένος,
624 429 674 463 τῆς
688 428 734 454 τοῦ
745 428 846 462 πατρὸς

51 477 196 508 εὐλαϐείας
213 476 374 512 μετέχουσα,
384 475 501 510 τοῦνομα
514 475 626 510 Εἰρήνη.
643 474 734 509 Ταύτῃ
748 473 846 509 γνώρι-

52 524 101 559 μός
111 522 320 557 τιςιπολύτιμον
339 521 471 557 παρέθετο
478 521 600 556 κόσμιον·
613 521 629 556 ἡ
643 520 671 546 δὲ
685 520 848 554 ἀσφαλέστε-

52 577 97 604 ρον
113 567 242 599 ποιοῦσα,
258 568 293 602 γῇ
311 566 360 602 τὴν
372 565 607 601 παρακαταθήκην
622 564 723 600 ἔκρυψε
735 574 741 579 -
757 564 811 599 μετ’
822 567 853 593 οὐ

52 614 119 641 πολὺ
130 614 161 641 δὲ
176 614 222 640 τὸν
238 613 294 647 βίον
307 612 532 639 ἀπέλιπεν.Ἥκει
549 611 617 646 μετὰ
629 610 723 645 χρόνον
733 611 747 636 ὁ
757 618 847 644 παρα-

51 660 178 695 θέμενος.
205 659 252 694 Μὴ
284 658 373 693 εὑρών
400 666 429 684 τε
449 657 499 692 τὴν
520 656 665 692 παρθένον,
683 655 848 691 ἐμπλέκεται

52 706 90 741 τῷ
103 705 200 741 πατρὶ,
213 705 260 731 νῦν
277 704 327 739 μὲν
338 703 470 738 ἐγκαλῶν,
480 702 553 729 ἔστιν
564 702 591 728 δὲ
606 703 650 728 ὅτε
663 702 711 728 καὶ
723 709 844 737 παρακαε

51 751 115 778 λῶν.
139 750 218 777 Ἐπεὶ
234 749 262 776 δὲ
279 749 420 784 συμφορὰν
434 749 552 775 ἐποιεῖτο
567 748 616 783 τὴν
629 747 675 774 τοῦ
691 746 848 782 παραθεμέ-

51 805 98 824 νου
121 796 224 831 ζημίαν
248 795 262 821 ὁ
284 795 384 830 “Pw”
402 793 486 820 ἐλθὼν
504 793 549 820 ἐπὶ
566 793 597 819 τδ
614 794 708 829 μνῆμα
727 793 776 828 τῆς
802 792 849 817 ου-

52 842 167 878 γατρὸς,
196 842 356 868 ἐπεκαλεῖτο
386 840 431 868 τὸν
453 839 529 871 Θεὸν,
557 838 610 874 πρὸ
635 838 733 874 καιροῦ
763 837 848 870 δεῖξαι

52 876 128 921 αὐτῷ
145 885 195 921 τὴν
211 885 449 920 ὲπαγγελλομένην
462 883 620 911 ἀνάστασιν.
637 883 691 909 Καὶ
704 882 753 917 τῆς
769 882 845 908 ἐλπί-
864 876 883 904 Β

52 932 96 962 δος
111 931 162 965 οὺχ
181 930 300 965 ἥμαρτε.
321 929 400 955 Ζῶσα
426 928 480 964 γὰρ
498 927 576 960 αὖθις
591 929 608 963 ὴ
623 927 765 963 παρθένος,
783 927 846 961 φαί-

53 985 128 1002 νεται
147 976 188 1011 τῷ
204 975 298 1010 πατρί.
323 975 378 1001 Καὶ
398 975 441 1001 τὸν
456 974 538 1000 τόπον
555 974 700 1009 σημάνασα
711 993 718 1005 ,
739 972 802 999 ἔνθα
817 973 846 999 τὸ

53 1022 168 1058 κόσμιον
182 1021 385 1056 ἀπεκέκρυπτο,
402 1019 480 1052 αὖθις
502 1020 650 1055 ἀπεχώρει.
666 1019 787 1046 Τοιοῦτοι
803 1020 848 1046 ἄν·

52 1068 115 1106 δρες
128 1069 158 1094 ἐν
173 1069 229 1099 τοῖς
240 1068 346 1103 χρόνοις
356 1066 402 1093 τοῦ
415 1066 546 1102 βασιλέως
558 1066 763 1093 Κωνσταντίνου
776 1065 847 1091 κατὰ

53 1114 104 1145 τὰς
125 1114 291 1148 Ἐκκλησίας
304 1112 466 1148 ὲξέλαμπον.
480 1111 572 1138 Ταῦτα
586 1112 615 1138 δὲ
629 1111 684 1146 ἐγὼ
705 1112 752 1137 καὶ
779 1111 846 1146 ἀκοῇ

55 1159 132 1194 παρὰ
146 1159 252 1186 πολλῶν
279 1159 412 1195 Κυπρίων
427 1157 592 1194 παρέλαϐον,
615 1157 661 1184 καὶ
679 1157 849 1192 συντάγματι

61 1205 203 1239 Ῥουφίνου
226 1205 298 1236 τινὸς
323 1204 509 1240 πρεσϐυτέρου
538 1203 674 1238 ἐνέτυχον,
709 1202 848 1238 Ῥωμαϊκῇ

55 1250 125 1284 λέξει
139 1251 390 1286 συγγεγραμμένῳ.
413 1250 470 1284 Ἀφ’
482 1246 519 1277 ὦν
534 1249 620 1276 ταῦτα
636 1250 682 1275 καὶ
694 1249 777 1285 ἕτερά
790 1258 850 1276 τινα

56 1297 108 1323 τῶν
126 1298 186 1332 μετ’
203 1297 234 1323 οὐ
249 1297 318 1323 πολὺ
334 1295 528 1332 ῥηθησομένων
545 1295 706 1331 συνήγαγον.

895 246 1074 278 solvitfures,
1088 245 1239 272 admonens
1249 251 1297 271 eos
1315 247 1396 278 atque
1417 242 1574 274 exhortans,
1596 247 1627 269 ut
1648 250 1682 269 ex

893 291 975 326 justis
985 290 1136 322 laboribus,
1155 297 1210 317 non
1223 297 1271 324 per
1289 288 1415 316 fraudem
1436 291 1518 322 atque
1541 287 1682 322 iniuriam,

895 336 998 363 victum
1012 335 1064 362 sibi
1081 343 1177 370 parare
1199 335 1406 362 contenderent.
1432 334 1552 361 Arietem
1575 341 1684 368 quoque

897 380 937 407 eis
949 380 1070 412 donavit,
1084 380 1190 415 adjecto
1202 380 1254 407 hoc
1265 380 1352 407 facete
1366 379 1456 406 dicto:
1469 378 1508 405 Ne
1519 378 1621 409 frustra
1642 378 1684 404 vi-

897 427 993 461 gilasse
1018 426 1176 453 videamini.
1200 426 1288 460 Atque
1311 426 1348 452 ita
1372 425 1476 452 solutos
1498 431 1547 452 eos
1569 424 1683 451 dimisit.

897 472 955 500 Iloe
967 477 1010 500 est
1021 480 1106 499 unum
1118 480 1133 499 e
1147 471 1308 507 Spyridonis
1321 472 1470 498 miraculis.
1483 471 1606 498 Alterum
1617 479 1686 498 vero

897 522 940 545 est
971 518 1140 554 hujusmodi.
1164 518 1261 545 Filiam
1284 517 1381 545 habuit
1397 518 1542 553 virginem,
1565 520 1687 552 paterna:

897 565 1008 600 pietatis
1024 564 1160 596 aemulam,
1181 564 1293 591 nomine
1313 564 1429 591 Irenem.
1453 563 1522 591 Huic
1543 563 1688 590 familiaris

898 610 1010 645 quidam
1024 609 1175 645 pretiosum
1188 609 1282 636 nescio
1296 610 1368 644 quod
1382 614 1573 637 ornamentum
1592 612 1686 637 custo—

898 657 1029 685 diendum
1043 656 1203 683 tradiderat.
1216 655 1263 682 Illa
1279 663 1334 690 quo
1352 655 1437 682 tutius
1459 660 1582 682 servaret
1603 655 1686 690 depo-

899 702 992 733 situm,
1006 701 1034 728 in
1046 705 1148 728 terram
1161 700 1276 732 abdidit,
1296 707 1327 727 ac
1344 700 1426 734 paulo
1447 704 1508 734 post
1530 700 1648 727 decessit
1671 709 1687 727 ο

899 747 963 774 vita.
977 747 1125 782 Aliquanto
1138 750 1200 781 post
1211 750 1335 781 tempore
1354 746 1429 773 venit
1450 746 1473 772 is
1491 745 1538 779 qui
1557 753 1616 773 rem
1637 746 1687 773 de-

899 796 1038 826 posuerat.
1053 792 1162 818 Etcum
1181 792 1315 826 virginem
1336 798 1392 818 non
1414 791 1558 825 reperiret,
1581 795 1686 825 patrem

900 839 1012 866 adortus
1025 842 1084 871 est,
1103 846 1177 866 nunc
1190 838 1352 866 insimulans
1363 845 1437 868 eum,
1451 837 1686 864 nuncobsecrans.

898 884 998 916 Senex,
1010 892 1073 911 cum
1086 884 1217 910 damnum
1230 884 1289 919 ejus
1301 883 1348 917 qui
1360 891 1418 910 rem
1427 882 1601 917 deposuerat,
1612 890 1688 909 suam

899 929 986 963 ipsius
999 928 1113 956 duceret
1133 936 1194 956 esse
1212 930 1360 964 jacturam,
1381 927 1456 955 venit
1474 928 1509 955 ad
1532 928 1689 963 sepulcrum

900 974 971 1007 ﬁliai,
985 975 1127 1009 Deumque
1138 979 1266 1009 precatus
1285 977 1327 1001 est
1349 977 1380 1000 ut
1410 974 1572 1010 promissam
1596 981 1689 1000 resur-

899 1020 1052 1047 rectionem
1063 1020 1116 1047 sibi
1140 1024 1203 1047 ante
1224 1024 1334 1054 tempus
1357 1020 1526 1047 ostenderet.
1548 1020 1606 1047 Nec
1628 1027 1691 1054 spcs

900 1073 963 1092 eum
984 1065 1091 1092 fefellit.
1123 1065 1220 1093 Statim
1244 1066 1319 1093 enim
1341 1066 1432 1101 puella
1456 1065 1580 1092 rediviva
1602 1065 1691 1092 astitit

900 1113 983 1147 patri.
1000 1113 1124 1148 Cumque
1140 1113 1230 1140 locum
1255 1112 1404 1140 indicasset
1420 1112 1448 1139 in
1467 1120 1522 1147 quo
1543 1112 1691 1139 abscondi-

901 1163 959 1185 tum
972 1163 1032 1185 erat
1043 1163 1247 1190 ornamentum,
1262 1166 1358 1185 rursus
1368 1166 1402 1185 ex
1417 1159 1469 1185 hac
1478 1157 1539 1185 luce
1551 1158 1689 1193 migravit.

900 1195 1065 1241 Hujusmodi
1087 1205 1213 1232 homines
1233 1205 1407 1240 imperatoris
1428 1204 1601 1232 Constantini
1620 1208 1691 1231 tem-

899 1251 1015 1286 poribus
1030 1251 1058 1278 in
1072 1251 1195 1278 Ecclesia
1207 1250 1371 1278 floruerunt.
1393 1250 1481 1284 Atque
1493 1250 1551 1277 haec
1564 1258 1615 1284 ego
1633 1254 1691 1276 tum

901 1305 917 1324 a
929 1297 1023 1324 multis
1033 1296 1140 1332 Cypriis
1150 1296 1246 1323 auditu
1260 1296 1370 1331 accepi,
1390 1300 1448 1323 tum
1468 1296 1496 1322 in
1512 1296 1583 1322 libro
1600 1295 1691 1322 Rufini

55 1342 198 1377 cujusdam
209 1342 363 1378 presbyteri
376 1342 472 1369 Latina
482 1341 575 1376 lingua
588 1341 745 1376 conscripto
763 1340 852 1374 posita
871 1341 973 1369 inveni.
1003 1342 1042 1369 Ex
1070 1349 1124 1376 quo
1144 1341 1254 1376 quidem
1279 1341 1361 1373 libro,
1384 1344 1440 1367 tnm
1462 1341 1520 1368 haec
1543 1341 1611 1375 ipsa,
1635 1345 1692 1367 tum

56 1387 106 1416 alia
119 1395 182 1423 quae
192 1388 277 1423 paulo
288 1391 384 1423 postea
397 1387 534 1419 dicentur,
548 1387 654 1422 collegi.

355 1445 481 1471 ΚΕΦΑΛ.
502 1444 552 1471 il".

197 1491 271 1525 Περὶ
287 1490 475 1525 Εὐτυχιανοῦ
492 1490 546 1517 τοῦ
556 1490 705 1525 μοναχοῦ,

90 1536 220 1564 Ἤκουσα
235 1535 264 1562 δὲ
280 1534 336 1569 ἐγὼ
351 1535 399 1562 καὶ
422 1535 485 1570 περὶ
508 1535 686 1570 Εὑτυχιανοῧ,
710 1535 850 1572 θεοφιλοῦς

55 1583 152 1619 ἀνδρὸς
167 1582 242 1609 κατὰ
261 1582 325 1613 τοὺς
348 1581 446 1613 αὐτοὺς
462 1581 574 1617 χρόνους
597 1582 783 1618 ἀκμάσαντος.
803 1584 851 1615 ’ος

56 1631 103 1658 καὶ
110 1629 194 1660 αὐτὸς
204 1629 255 1664 τῆς
271 1627 434 1663 Ἐκκλησίας
443 1628 497 1654 τῶν
507 1628 686 1656 Ναυατιανῶν
696 1629 848 1664 τυγχάνων,

57 1674 237 1711 παραπλήσια
255 1673 323 1709 ἔργα
337 1673 422 1700 ποιῶν
444 1673 622 1709 ἐθαυμάζετο.
640 1675 688 1706 Τίς
705 1683 734 1701 τε
751 1676 765 1701 ὸ
789 1675 851 1709 περὶ

56 1721 151 1748 τούτου
176 1720 392 1756 διηγησάμενος,
411 1719 467 1753 ὲρῶ
479 1720 548 1755 μετὰ
569 1720 727 1755 ἀκριϐείας,
742 1721 851 1747 καὶούκ

55 1765 263 1801 ἀποιφύψομαι,
286 1765 336 1793 κᾶν
359 1765 427 1799 δόξω
449 1767 518 1793 τισὶν
541 1766 748 1801 ἀπεχθάνεσθαι.
763 1766 850 1798 Αὺξά-

57 1821 108 1839 νων
118 1821 169 1855 ὶτις
194 1813 245 1848 τῆς
270 1811 448 1839 Ναυατιανῶν
470 1811 633 1848 Ἐκκλησίας
657 1812 849 1848 πρεσϐύτερος,

59 1856 288 1892 μακροῦιώτατος
299 1857 410 1891 γέγονεν
420 1865 426 1872 ·
441 1856 470 1888 ὃς
482 1857 530 1883 καὶ
541 1858 574 1891 τῇ
591 1857 619 1882 εν
633 1856 736 1892 Νικαίᾳ
751 1857 851 1892 συνόδῳ

59 1903 158 1937 κομιδῇ
183 1903 282 1937 νήπιος
298 1901 346 1935 ὣν,
360 1902 418 1937 ἅμα
435 1902 475 1937 τῷ
495 1901 610 1937 Ἀκεσίῳ
625 1901 789 1936 παρέϐαλλε,
804 1903 852 1929 καὶ

62 1949 96 1975 τὰ
111 1948 184 1976 κατὰ
207 1948 330 1974 Ἀκέσιον
345 1948 406 1983 ἐμοὶ
420 1949 578 1984 διηγήσατο.
596 1945 678 1980 Οὗτος
697 1948 726 1981 ἐξ
741 1949 851 1976 ἐκείνων

59 1994 112 2021 τῶν
123 1994 242 2030 χρόνων,
259 1994 324 2028 ἄχρι
341 1993 391 2029 τῆς
410 1993 549 2028 βασιλείας
562 1993 609 2020 τοῦ
624 1993 694 2020 Νέου
709 1993 851 2020 Θεοδοσίου

60 2039 188 2072 ἐξέτεινε,
201 2039 249 2066 καὶ
259 2039 383 2074 νεωτέρῳ
396 2048 441 2074 μοι
452 2039 553 2074 σφόδρα
562 2039 730 2074 τυγχάνοντι,
743 2039 777 2065 τὰ
788 2039 852 2075 περὶ

60 2083 230 2119 Εὑτυχιανοῦ
244 2083 403 2119 διηγήσατο,
417 2084 502 2110 πολλὰ
514 2084 563 2119 μὲν
572 2084 720 2117 διεξελθὼν
732 2086 852 2121 περὶτῆς

61 2129 218 2165 προσούσης
230 2129 306 2164 αὐτῷ
317 2129 390 2162 θείας
402 2131 512 2166 χάριτος
522 2138 529 2145 ·
542 2130 571 2157 ἓν
582 2131 611 2157 δὲ
621 2131 730 2158 κάκεῖνο
744 2133 853 2167 μνήμης

61 2177 135 2210 ἀξιον
151 2177 201 2203 ἐπὶ
215 2177 262 2204 τοῦ
280 2176 412 2212 βασιλέως
432 2177 484 2213 ἔφη
497 2178 720 2213 δΚωνσταντίνου.
738 2178 798 2206 Τῶν
811 2179 854 2206 δο-

63 2223 188 2258 ρυφόρων
203 2231 245 2254 τις
255 2244 262 2255 ,
275 2222 322 2254 οὓς
338 2223 453 2255 οἰκείους
466 2223 543 2250 καλεῖ
560 2225 573 2250 ό
584 2223 711 2258 βασιλεὺς
725 2224 793 2259 (81),
808 2234 853 2251 τυ-

63 2269 177 2303 ραννικά
203 2278 265 2296 τινα
294 2270 423 2304 πράττειν
450 2270 644 2302 ὑποπτευθεὶς,
673 2272 745 2306 φυγῇ
773 2271 854 2306 ἐχρή-

62 2322 134 2341 σατο.
159 2315 189 2341 ’0
207 2314 336 2349 βασιλεὺς
356 2315 384 2341 δὲ
405 2315 548 2342 ἐκέλευσεν
566 2315 665 2351 ἀπειλῇ
688 2317 856 2352 ἀναιρεῖσθαι

61 2359 154 2391 αὐτὸν,
171 2359 236 2386 ἔνθα
249 2359 283 2387 ἂν
300 2360 462 2395 εὑρίσκοιτο.
481 2361 528 2392 Ὃς
541 2361 605 2396 περὶ
626 2361 671 2387 τὸν
684 2361 793 2388 Βιθυνὸν
807 2363 853 2387 '0-

61 2404 166 2440 λυμπον
187 2405 320 2441 εὑρεθεὶς,
342 2405 501 2441 βαρυτάτοις
526 2407 572 2432 καὶ
592 2407 719 2441 χαλεποῖς
735 2407 855 2442 σιδήροις

62 2452 90 2478 ὲν
107 2452 202 2486 εἱρκτῇ
224 2451 445 2485 κατεκέκλειστο,
465 2453 529 2488 περὶ
547 2452 580 2478 τὰ
596 2452 665 2488 μέρη
687 2451 734 2479 τοῦ
757 2453 855 2488 Ὀλύμ-

63 2505 123 2529 που,
133 2497 198 2523 ἔνθα
206 2494 241 2532 ἦν
253 2497 300 2524 καὶ
308 2498 322 2523 ὁ
333 2498 498 2533 Εὑτυχιανδς
508 2498 553 2524 τὸν
565 2499 668 2534 μονήρη
683 2498 740 2533 βίον
749 2499 853 2530 ἀσκῶν,

63 2543 168 2569 πολλῶν
191 2552 220 2570 τε
241 2544 277 2570 τὰ
295 2543 408 2578 σώματα
426 2544 472 2571 καὶ
493 2544 542 2575 τὰς
565 2544 652 2579 ψυχὰς
677 2544 853 2580 ἐθεράπευεν.

63 2587 147 2622 Συνῆν
167 2588 196 2614 δὲ
208 2588 285 2623 αὑτῷ
306 2589 353 2615 καὶ
369 2590 382 2615 ὀ
402 2588 624 2624 μακροϐιώτατος
640 2587 778 2621 Δὺξάνων,
795 2589 854 2621 νέος

63 2633 100 2659 ὢν
118 2634 208 2666 πάνυ,
220 2635 269 2661 καὶ
282 2634 316 2661 τὰ
332 2635 377 2661 τοῦ
394 2635 540 2670 μοναχικοῦ
559 2635 618 2670 βίου
638 2635 683 2661 ὑπ’
698 2635 773 2670 αὐτῷ
794 2643 855 2661 παι-

63 2679 213 2715 δευόμενος.
230 2680 311 2716 Παρὰ
324 2681 417 2707 τοῦτον
430 2681 476 2707 τὸν
491 2681 656 2716 Εὑτυχιανὺν
669 2678 736 2716 ἦχον
751 2680 852 2712 πολλοὶ,

1215 1444 1289 1472 CAP.
1303 1443 1374 1472 XIII.

1110 1491 1150 1518 De
1161 1490 1329 1525 Eulychiana
1341 1491 1478 1517 monac/io.

936 1537 1138 1573 Eutychianum
1150 1543 1259 1571 quoque
1268 1536 1357 1563 virum
1369 1537 1570 1565 sanctissimum
1594 1537 1692 1566 iisdem

901 1583 1071 1619 temporibus
1084 1581 1209 1609 ﬂoruisse
1219 1582 1351 1616 comperi.
1369 1581 1420 1615 Qui
1440 1589 1503 1609 cum
1526 1587 1554 1610 et
1577 1583 1635 1619 ipse
1659 1592 1692 1611 ex

901 1628 1024 1656 Ecclesia
1045 1627 1259 1654 Novatianorum
1283 1634 1356 1654 unus
1377 1631 1459 1659 esset,
1484 1628 1569 1655 multa
1601 1632 1692 1657 tamen

901 1681 983 1709 opera
1003 1673 1046 1700 his
1066 1672 1165 1700 similia
1186 1679 1247 1707 qua:
1268 1679 1351 1707 supra
1372 1674 1532 1706 memoravi,
1550 1682 1605 1702 non
1634 1676 1693 1704 sine

902 1725 999 1753 magna
1010 1717 1192 1745 admiratione
1204 1717 1298 1752 gessit.
1318 1717 1451 1750 Quisnam
1472 1723 1564 1746 autem
1587 1720 1622 1748 de
1646 1721 1694 1748 illo

905 1764 973 1791 mihi
997 1764 1135 1796 retulerit,
1157 1764 1247 1790 dicam
1269 1768 1410 1797 accurate;
1435 1773 1487 1792 nec
1515 1766 1694 1794 dissimulabo

902 1810 1061 1844 quidquam,
1089 1809 1196 1837 tametsi
1221 1809 1371 1845 intelligam
1402 1811 1474 1845 apud
1496 1813 1642 1840 nonnullos
1666 1814 1692 1840 id

902 1855 970 1882 mihi
983 1855 1129 1883 offensioni
1139 1855 1210 1883 fore.
1221 1856 1355 1883 Auxauon
1362 1856 1472 1891 quidam
1479 1857 1690 1886 Novatianorum

902 1900 1031 1929 Ecclesize
1042 1902 1197 1938 presbyter,
1208 1902 1355 1929 admodum
1371 1903 1508 1937 longaevus
1517 1904 1582 1931 fuit:
1599 1905 1646 1940 qui
1658 1906 1691 1932 ad

903 1948 1041 1983 synodum
1055 1948 1194 1975 Nicaenam
1208 1955 1263 1974 una
1277 1955 1339 1974 cum
1350 1947 1448 1975 Acesio
1460 1949 1535 1975 venit
1546 1949 1636 1978 adhuc
1643 1951 1692 1978 ad-

903 1994 1016 2021 modum
1028 1993 1199 2025 adolescens,
1214 1997 1242 2019 et
1254 2000 1314 2027 qua:
1332 1993 1366 2020 de
1384 1993 1482 2020 Acesio
1501 1995 1628 2029 superius
1649 1996 1693 2023 di-

903 2044 947 2067 cta
955 2039 1099 2071 sunt,mihi
1107 2038 1343 2066 commemoravit.
1355 2038 1406 2065 Hic
1415 2038 1449 2066 ab
1458 2039 1511 2066 illis
1521 2041 1694 2075 temporibus

904 2085 937 2113 ad
950 2085 1135 2120 principatum
1146 2092 1232 2119 usque
1245 2076 1392 2111 Theodosii
1404 2084 1526 2112 Junioris
1535 2085 1619 2113 vitam
1632 2095 1692 2122 pm-

903 2131 994 2164 duxit,
1016 2131 1140 2165 mihique
1162 2131 1311 2158 admodum
1339 2131 1434 2166 juveni
1460 2131 1494 2158 de
1523 2132 1694 2168 Eutychiano

904 2176 1042 2203 narravit:
1057 2176 1141 2203 multa
1153 2176 1264 2211 quidem
1281 2175 1404 2203 referens
1422 2177 1456 2204 de
1473 2177 1566 2204 divina
1588 2186 1648 2213 qua:
1666 2179 1693 2206 in

906 2223 953 2250 illo
974 2223 1033 2249 viro
1056 2222 1146 2250 inerat
1167 2222 1267 2257 gratia:
1292 2230 1377 2249 unum
1400 2226 1491 2250 tamen
1513 2231 1569 2259 prae
1589 2225 1696 2252 caneris

906 2269 1037 2296 memoria
1050 2268 1162 2303 dignum
1174 2269 1276 2301 aiebat,
1288 2269 1361 2303 quod
1373 2268 1553 2297 Constantino
1564 2276 1695 2305 regnante

907 2318 1013 2349 gestum
1024 2319 1074 2341 est.
1088 2314 1205 2346 Quidam
1217 2322 1232 2341 e
1244 2321 1359 2342 numero
1378 2315 1541 2350 stipatorum
1559 2324 1628 2350 quos
1646 2317 1696 2343 im—

906 2364 1017 2394 perator
1030 2360 1194 2387 domesticos
1204 2367 1303 2388 vocare
1324 2361 1401 2393 solet,
1426 2369 1488 2388 cum
1511 2362 1539 2388 in
1560 2362 1695 2397 suspicio-

905 2413 969 2432 nem
981 2405 1114 2432 affectata:
1126 2406 1279 2440 tyrannidis
1289 2407 1420 2438 venisset,
1438 2406 1500 2442 fuga
1522 2406 1575 2434 sibi
1598 2415 1697 2434 consu—

904 2451 964 2478 luit.
977 2451 1129 2486 Imperator
1139 2451 1191 2486 41
1209 2459 1275 2479 vero
1295 2452 1336 2479 ira
1358 2453 1491 2487 percitus,
1514 2454 1643 2490 praecepit
1666 2457 1697 2480 ut

907 2497 1067 2532 ubicunque
1080 2497 1269 2531 deprehensus
1282 2497 1388 2531 fuisset,
1403 2499 1586 2527 occideretur.
1595 2500 1696 2536 Captus

907 2551 973 2578 ergo
997 2543 1070 2570 circa
1083 2543 1226 2579 Olympum
1239 2549 1360 2572 montem
1372 2545 1515 2581 Bithyniae,
1527 2547 1697 2582 gravissimis

906 2590 1017 2616 vinctus
1028 2589 1133 2616 catenis
1144 2590 1172 2616 in
1185 2597 1321 2617 carcerem
1333 2591 1488 2626 conjicitur,
1509 2593 1582 2620 haud
1599 2592 1694 2627 procul

906 2633 940 2660 ab
952 2642 985 2660 eo
998 2638 1085 2660 tractu
1098 2633 1204 2670 Olympi
1217 2635 1244 2661 in
1256 2643 1311 2669 quo
1326 2635 1522 2672 Eutychianus,
1545 2637 1694 2664 solitariam

907 2680 1009 2715 degens
1021 2680 1116 2713 vitam,
1131 2681 1279 2708 multorum
1291 2681 1433 2709 hominum
1453 2690 1568 2717 corpora
1590 2686 1617 2707 et
1636 2681 1692 2708 ani-

664 2759 799 2787 V'ALESII
818 2757 1094 2787 ANNOTATIONES.

98 2816 152 2853 (Si)
165 2816 371 2853 OquoigcrelOt/‘C
394 2817 484 2844 κα.ίεῖ
494 2819 510 2843 ὁ
521 2818 686 2853 ,ϐασιλεύῃ
695 2816 850 2844 Domestica

936 2821 1062 2845 tectores
1078 2816 1217 2853 intelligit,
1236 2817 1270 2845 de
1284 2817 1385 2853 quibus
1399 2817 1497 2852 scripsi
1521 2816 1550 2844 in
1570 2816 1689 2844 Annolav

66 2849 184 2880 tionibus
198 2849 233 2880 ad
259 2851 361 2878 librum
375 2859 418 2878 xw
435 2852 523 2879 Amm.
539 2852 699 2879 Marcellini.

219 2898 360 2927 PATROL.
383 2897 440 2927 Gn.
463 2896 536 2928 LXV
545 2898 580 2927 ll.

1460 2894 1477 2925 4
