1887 3058
68 147 116 175 I29

592 145 758 172 HISTORIA
780 144 1057 173 ECCLESIASTICA.
1079 160 1111 163 —
1134 145 1196 172 LIB.
1218 145 1240 172 l.

1672 147 1722 175 150

65 206 175 238 διδάξας
196 205 233 232 τά
245 213 275 231 τε
293 206 343 240 τῆς
360 203 456 231 ἑαυτοῦ
469 203 634 239 ἀποδημίας,
649 205 696 230 καὶ
712 205 749 236 ὡς
767 204 868 236 ἐλπίδας

956 203 1121 231 lexandriam
1131 203 1250 236 delatus,
1261 203 1412 231 Athanasio
1421 204 1549 239 episcopo
1556 205 1602 240 qui
1614 210 1670 232 tum
1680 214 1724 234 ro-

66 252 175 287 ἐχουσιν
212 251 292 278 Ἰνδοὶ
325 251 371 276 τὸν
406 249 620 286 Χριστιανισμδν
653 250 874 284 παραδέξασθαι·

67 296 222 324 ἐπίσκοπον
239 306 270 323 τε
302 297 349 323 καὶ
364 296 466 332 κλῆρον
481 296 658 322 ἀποστέλλειν
681 296 749 331 (16),
763 296 809 322 καὶ
826 305 876 331 μη-

66 342 162 377 δαμῶς
172 343 311 378 περιορᾷν
320 342 384 373 τοὺς
395 340 561 376 δυναμένους
572 340 702 375 σωθῆναι.
718 339 875 372 Ἀθανάσιος

65 388 94 414 δὲ
111 387 206 414 λαϐὼν
219 388 260 419 εἰς
273 388 378 414 ἔννοιαν
390 387 421 413 τὸ
429 387 580 419 λυσιτελὲς,
595 386 676 412 αὐτὸν
693 386 875 421 Φουρμέντιον

67 434 113 469 τὴν
126 434 290 468 ἐπισκοπὴν
305 433 487 466 ἀναδέξασθαι
505 432 722 468 παρεσκεύασεν,
737 432 821 458 εἰπὼν
837 431 874 467 μὴ

67 481 142 516 ἔχειν
164 480 252 506 αὑτοῦ
268 479 498 515 ἐπιτηδειότερον.
527 479 634 505 Γίνεται
656 478 688 514 δὴ
707 478 797 505 τοῦτο.
818 478 874 505 Καὶ

65 526 254 562 Φουρμέντιος
261 525 388 558 ἀξιωθεὶς
396 525 445 560 τῆς
451 525 606 559 ἐπισκοπῆς
613 525 636 559 (I
643 526 679 558 7),
688 523 765 556 αὖθις
771 525 817 551 ἐπὶ
824 524 873 560 τὴν

72 573 168 600 Ἰνδῶν
184 572 368 608 παραγίνεται
380 570 483 606 χώραν,
509 570 556 596 καὶ
572 569 660 605 κήρυξ
678 569 726 596 τοῦ
744 570 873 605 Χριστια-

67 617 172 650 νιτμοῦ
187 617 305 651 γίνεται,
316 615 450 651 εὐκτήριά
466 624 495 642 τε
517 615 603 641 πολλὰ
619 615 715 650 ἱδρύει.
736 614 873 647 ’Δξιωθείς

82 673 96 691 ι
113 665 194 696 θείας
213 664 335 699 χάριτος,
351 662 436 689 πολλὰ
459 661 509 697 μὲν
532 662 643 696 σημεῖα,
659 660 764 688 πολλῶν
779 661 808 687 δὲ
824 661 872 687 σὺν

68 711 98 745 τῇ
113 710 190 745 ψυχῇ
204 710 253 736 καὶ
267 710 301 736 τὰ
316 709 430 743 σώματα
443 707 603 742 ἐθεράπευε.
620 707 713 734 Ταῦτα
730 707 759 733 δὲ
769 709 783 734 ό
797 708 872 733 Ῥου-

69 756 146 789 crvo;
154 755 233 790 παρὰ
243 754 290 781 τοῦ
299 754 432 787 Αίόεσίου,
442 753 554 788 ὕστερον
567 753 613 779 καὶ
622 753 705 780 αὑτοῦ
721 752 871 788 ἱερωσύνης

71 800 237 833 ἀξιωθέντος
252 800 301 835 τῆς
318 800 346 826 ὲν
359 799 450 834 Τύρῳ,
470 799 619 833 ἀκηκοέναι
635 798 727 834 φησιν.

928 257 995 276 cens
1006 249 1139 277 honorem
1152 249 1230 276 illum
1239 249 1356 284 adeptus
1370 249 1420 284 51
1431 249 1532 282 fuerat,
1542 258 1600 277 rem
1612 258 1723 278 omnem

928 296 1032 328 refert,
1047 296 1277 331 peregrinationis
1289 303 1345 323 suae
1357 300 1486 323 eventum
1499 303 1630 324 narrans:
1645 304 1723 332 spem

927 350 1004 374 esse,
1043 342 1125 369 Indos
1146 342 1249 369 Christi
1282 341 1363 369 ﬁdem
1389 346 1576 377 suscepturos.
1604 342 1724 370 Proinde

926 393 989 415 orat
1001 392 1033 415 ut
1051 388 1212 424 episcopum
1228 393 1257 416 et
1277 389 1381 416 clerum
1397 388 1431 416 ad
1450 395 1497 415 eos
1515 388 1653 420 mitteret,
1671 395 1724 415 nec

926 435 1065 462 ullatenus
1087 435 1240 470 negligeret
1260 436 1387 462 homines
1416 435 1465 470 qui
1487 435 1521 462 ad
1539 434 1636 462 salutis
1650 435 1722 461 viam

924 481 1005 508 facile
1027 481 1127 508 deduci
1147 487 1269 516 possent.
1288 481 1453 508 Athanasius
1473 480 1539 516 quid
1564 480 1636 507 facto
1652 487 1723 515 opus

924 531 997 555 esset
1014 527 1201 559 considerans,
1216 528 1306 562 ipsum
1325 527 1516 554 Frumentium
1533 527 1721 562 episcopatum

924 573 1065 608 suscipere
1086 573 1224 604 hortatur,
1242 580 1370 600 asserens
1389 573 1492 600 nullum
1511 581 1541 600 se
1564 572 1668 600 habere
1687 573 1720 600 ad

924 619 977 646 hoc
994 627 1096 646 munus
1116 619 1252 654 aptiorem
1275 618 1345 653 ipso.
1369 618 1459 653 Atque
1483 619 1520 646 ita
1541 619 1645 646 factum
1667 623 1720 645 est.

923 664 1103 693 Frumentius
1116 672 1195 699 ergo,
1212 664 1360 699 episcopali
1372 664 1447 698 apice
1458 664 1614 696 decoratus,
1627 664 1661 691 ad
1675 672 1720 691 rc-

923 711 1031 746 gionem
1054 711 1185 738 Indorum
1203 710 1370 742 revertitur;
1387 713 1415 736 et
1433 709 1537 737 Christi
1558 711 1720 745 religionem

922 757 979 783 illic
1000 756 1165 791 praedicans,
1181 756 1283 783 multas
1299 756 1401 790 passim
1424 755 1555 782 ecclesias
1573 756 1719 784 construit.

921 799 1046 835 Cumque
1059 800 1151 827 divina
1164 800 1188 827 ei
1200 800 1310 827 adesset
1322 799 1420 834 gratia,
1433 799 1579 826 innumera
1588 799 1720 827 miracula

71 848 170 880 edidit,
191 851 221 874 et
240 847 423 882 plurimorum
447 846 636 881 languentium
656 846 763 874 animos
785 846 866 873 simul
885 847 992 874 curavit
1007 853 1036 875 et
1057 856 1183 883 corpora.
1198 848 1261 875 Ilaec
1294 847 1411 874 Ruﬁnus
1425 847 1461 874 ab
1488 847 1617 880 Edesio,
1631 847 1679 882 qui
1691 851 1720 874 ct

70 895 130 929 ipse
142 894 208 929 Tyri
223 893 366 929 presbyter
381 893 557 928 postmodum
571 892 660 921 factus
677 897 730 925 est,
746 900 775 920 se
787 893 926 928 accepisse
942 899 1046 922 narrat.

373 952 487 978 ΚΕΦᾹΛ
493 972 500 979 .
522 953 564 979 κ’.

181 999 252 1025 Τίνα
264 999 376 1033 τρόπον
393 999 505 1032 Ἴϐηρες
519 998 755 1032 expianda-war.

106 1054 212 1090 Καιρὸς
230 1054 258 1081 δὲ
284 1055 334 1090 ἠδη
355 1054 456 1089 λέγειν,
475 1055 548 1086 ὅπως
560 1055 607 1081 καὶ
626 1056 736 1091 ’16ηρες
751 1056 803 1082 ὑπὸ
822 1056 868 1082 τὸν

70 1101 155 1127 αὐτὸν
180 1101 276 1136 χρόνον
299 1101 512 1136 ὲχριστιέινισαν,
544 1102 613 1137 Γυνὴ
626 1110 668 1133 τις
690 1102 746 1137 βίον
771 1102 868 1137 σεμνὸν

71 1147 120 1174 καὶ
147 1146 275 1182 σώφρονα
303 1147 506 1182 μετερχομένη,
532 1147 592 1182 θείᾳ
622 1148 675 1174 τινὶ
690 1148 807 1184 Προνοίᾳ
823 1148 869 1175 ὑπ’

78 1192 194 1228 Ἰϐήρων
222 1192 397 1228 αἰχμάλωτος
422 1193 538 1226 γίνεται.
571 1193 680 1228 Ἴϐηρες
709 1193 738 1220 δὲ
768 1190 865 1220 οὗτοι*

70 1237 254 1274 προσοικοῦσι
269 1239 318 1273 μὲν
332 1237 377 1264 τὸν
391 1237 517 1270 Εὔξεινον
533 1239 634 1266 Πόντον
645 1248 651 1254 ’
667 1240 774 1266 ἄποικοι
793 1239 822 1266 δέ
836 1241 874 1266 εἰ-

74 1293 119 1310 σιν
150 1283 265 1319 Ἰϐήρων
293 1284 348 1310 τῶν
373 1285 401 1311 ἐν
428 1284 560 1319 Ἱσπανίᾳ.
587 1284 619 1310 Ἦ
646 1284 715 1319 γυνὴ
740 1285 828 1311 τοίνυν
856 1285 872 1320 ὴ

71 1330 246 1366 αξχμάλωτος
259 1350 266 1362 ,
291 1331 320 1356 ἐν
345 1331 438 1366 μέσοις
455 1329 523 1357 οὖσα
538 1331 595 1362 τοῖς
619 1330 768 1366 βαρϐάροις
782 1330 872 1366 ἐφιλὼ

73 1376 169 1411 σόφεν
184 1377 232 1403 σὺν
249 1375 304 1410 γὰρ
318 1377 351 1411 τῇ
377 1376 461 1411 πολλῇ
478 1376 526 1411 τῆς
545 1377 722 1412 σωφροσύνης
743 1377 870 1411 ἀσκήσει,

71 1422 188 1458 νηστείᾳ
206 1430 236 1448 τε
256 1421 394 1457 βαθυτάτῃ
418 1422 464 1447 καὶ
480 1421 617 1453 συντόνοις
636 1422 795 1457 προσέκειτο
811 1422 871 1452 ταῖς

72 1468 177 1503 εὐχαῖς.
191 1467 278 1495 Τοῦτο
294 1467 321 1493 δὲ
343 1467 459 1503 ὁρῶντες
479 1468 503 1494 οἱ
527 1467 670 1502 βάρϐαροι,
683 1467 727 1493 τὸν
743 1467 869 1502 ξενισμὸν

1259 954 1311 982 AP.
1333 954 1393 981 XX.

1259 954 1280 982 Δ
1306 976 1311 981 .
1333 954 1393 981 XX.

975 1000 1110 1033 Quomodo
1125 1001 1195 1028 Iberi
1210 955 1355 1028 adCCIFristi
1370 1000 1451 1035 ﬁdem
1470 1000 1588 1026 conversi
1601 1000 1664 1026 sint.

956 1057 1016 1084 Jam
1038 1064 1103 1084 vero
1129 1060 1237 1091 tempus
1262 1060 1305 1082 est
1326 1059 1356 1082 ut
1376 1063 1429 1091 qua
1452 1055 1558 1082 ratione
1577 1054 1649 1082 Iberi
1667 1054 1718 1082 sub

923 1101 995 1129 idem
1015 1105 1123 1137 tempus
1143 1101 1177 1128 ad
1199 1101 1303 1128 Christi
1324 1100 1406 1127 ﬁdem
1423 1099 1548 1127 conversi
1566 1100 1621 1126 sint
1637 1107 1720 1134 expo-

923 1155 996 1174 nam.
1017 1147 1115 1174 Mulier
1139 1147 1264 1182 quaedam
1288 1150 1392 1173 castam
1417 1152 1448 1172 ac
1471 1145 1599 1172 sobriam
1614 1144 1718 1172 ducens

923 1194 1026 1226 vitam,
1052 1193 1146 1220 divina
1172 1192 1335 1227 disponente
1364 1190 1539 1218 Providentia
1568 1189 1603 1217 ab
1631 1190 1719 1218 Iberis

923 1245 1002 1274 capta
1014 1243 1065 1266 est.
1081 1239 1129 1266 Isti
1142 1238 1194 1273 52
1210 1246 1293 1273 porro
1310 1237 1382 1264 Iberi
1401 1236 1433 1263 ad
1448 1237 1586 1264 Euxinum
1599 1236 1718 1264 Pontum

923 1285 1061 1311 habitant.
1083 1284 1226 1311 lberorum
1248 1283 1295 1318 qui
1318 1286 1382 1309 sunt
1405 1282 1433 1309 in
1454 1282 1594 1317 Ilispania.
1616 1282 1719 1309 coloni.

922 1330 1019 1357 Mulier
1040 1329 1124 1364 igitur
1142 1328 1259 1363 captiva,
1274 1327 1344 1354 inter
1362 1327 1436 1362 ipsos
1449 1327 1581 1354 barbaros
1595 1327 1718 1362 philoso-

922 1375 1034 1410 phicum
1061 1373 1172 1401 vivendi
1202 1381 1288 1408 genus
1318 1372 1474 1399 sectabatur
1499 1381 1505 1399 :
1528 1380 1591 1399 nam
1619 1377 1720 1407 przctcr

922 1421 1103 1448 arctissimam
1132 1420 1301 1447 castimonim
1328 1419 1520 1453 disciplinam,
1551 1418 1719 1454 longissimis

923 1467 1007 1495 etiam
1032 1465 1144 1502 jejuniis
1171 1469 1200 1493 et
1227 1465 1365 1493 continuis
1389 1464 1562 1492 orationibus
1591 1464 1717 1492 vacabat.

686 1556 823 1584 VALESII
842 1556 1119 1584 ANNOTATIONES.

109 1616 167 1653 (I6)
181 1615 236 1642 Καὶ
251 1615 366 1649 κλῆρον
380 1614 593 1642 ἀποστέλλειν.
610 1613 775 1641 Addendum
792 1614 868 1641 vidc-

956 1621 978 1641 ac
992 1614 1107 1653 epistola
1123 1622 1196 1653 anno
1208 1614 1310 1653 Christi
1401 1613 1454 1653 Sed
1468 1613 1602 1653 Beronqu
1619 1615 1646 1642 in
1659 1615 1718 1642 An-

74 1657 123 1680 tur
139 1652 206 1678 δεῖν.

111 1687 169 1722 (17)
188 1684 387 1722 Φουρμέντιος
405 1684 537 1722 ἀξιωθεὶς
552 1683 608 1722 τῆς
620 1684 802 1722 ἐπισκοπῆς.
829 1684 868 1722 De

75 1720 131 1750 hoc
156 1720 318 1749 Frumentio
342 1720 471 1755 episcopo
501 1720 624 1755 loquitur
649 1720 816 1747 Athanasius
842 1720 870 1746 in

74 1757 258 1798 Apologeticq
266 1755 300 1783 ad
313 1756 380 1798 imp.
393 1755 585 1798 Constantium
598 1764 603 1781 :
621 1755 870 1798 '159b_ﬁé2.t_v_1pitq

81 1790 126 1824 τῖς
141 1790 291 1819 κᾶτέλαϐεν
307 1791 384 1825 ἀκοὴ,
398 1791 438 1817 ὅτι
458 1791 612 1825 γέγραπται
625 1791 681 1821 τοῖς
692 1792 720 1816 ἐν
735 1790 870 1823 Λὺξούμει

75 1828 229 1860 τυράννοις,
246 1826 317 1852 ὥστε
335 1826 516 1860 Φρουμέντιον
529 1826 574 1851 τὴν
588 1826 736 1852 ἐπίσκοπον
748 1826 799 1859 τῆς
817 1826 870 1851 Αὑ-

75 1860 201 1896 ξούμεως
221 1860 326 1888 ἐκεῖθεν
352 1861 477 1896 ἀχθῆναι.
491 1861 525 1887 Ει
539 1861 621 1895 paulo
635 1865 697 1896 post
708 1860 792 1888 refert.
808 1860 868 1895 epi-

75 1899 174 1925 stolam
193 1896 349 1924 Constantii
372 1896 405 1923 ad
424 1896 554 1922 Aizanam
576 1901 603 1923 et
629 1896 761 1923 Sazanam
777 1899 870 1931 tyran—

73 1941 126 1961 nos
160 1931 379 1966 Auxumis,qna
403 1931 436 1957 iis
462 1930 588 1965 praecipit
612 1934 642 1957 ut
666 1931 868 1963 Frumentium,

72 1976 155 2003 quem
168 1967 338 2003 Athanasius
358 1966 492 2003 Auxutnis
507 1966 668 2003 episcopum
682 1966 868 2003 ordinaverat,

71 2001 271 2031 Alexandriam
285 2002 396 2029 mittant
415 2002 450 2028 ad
464 2001 610 2037 Georgium
629 2001 703 2028 illius
719 2001 797 2028 urbis
809 2002 869 2036 epi-

71 2046 198 2072 sr-opum,
214 2041 247 2064 ut
266 2037 302 2064 ab
323 2037 370 2064 illo
391 2044 464 2064 verae
481 2037 544 2064 ﬁdei
561 2037 716 2064 doctrinam
738 2037 866 2071 accipiat.

72 2074 109 2100 “lx
131 2079 188 2107 quo
209 2076 323 2107 apparet
341 2072 530 2099 Frumentium
546 2075 612 2099 tunc
624 2072 756 2106 temporis
772 2079 869 2099 recens

71 2110 104 2133 ιι)
118 2108 275 2135 Athanasio
287 2107 444 2135 ordinatum
468 2107 562 2134 fuisse.
592 2107 700 2142 Scripta
723 2110 815 2134 autem
826 2111 869 2134 est

919 1649 1108 1676 notationibus
1122 1649 1156 1677 ad
1170 1649 1390 1685 Martyrologium
1404 1649 1567 1685 Romanum,
1581 1650 1717 1678 Frumen-

920 1685 990 1711 tium
1008 1685 1082 1712 hunc
1093 1685 1226 1712 Auxumis
1241 1684 1407 1719 episcopum
1420 1684 1644 1719 distinguendum
1656 1693 1716 1713 esse

920 1719 988 1747 dicit
999 1720 1034 1747 ab
1046 1720 1134 1747 altero
1147 1720 1307 1747 Frumentio
1318 1720 1450 1747 Indorum
1460 1720 1600 1755 episcopo,
1613 1721 1647 1748 de
1660 1729 1716 1755 quo

919 1755 1036 1782 Ruﬁnus
1065 1759 1093 1782 et
1117 1756 1245 1782 Socrates
1270 1756 1432 1790 loquuntur.
1459 1755 1516 1789 Ego
1538 1763 1604 1783 vero
1630 1764 1716 1783 unum

920 1790 1106 1825 eumdemquc
1123 1791 1314 1818 Frumentium
1332 1798 1391 1817 esse
1404 1790 1556 1822 contendo,
1583 1799 1645 1818 eum
1670 1791 1717 1826 qui

919 1825 1063 1858 Auxumis,
1088 1830 1116 1853 et
1127 1833 1190 1853 eum
1215 1826 1262 1860 qui
1286 1826 1416 1852 Indorum
1442 1826 1589 1860 cpiscopus
1601 1825 1716 1853 dicitur.

919 1861 1053 1888 Anxumis
1074 1861 1147 1888 enim
1166 1861 1327 1895 metropolis
1342 1864 1385 1887 est
1395 1860 1552 1894 Ethiopiae.
1567 1860 1716 1896 fEthiopcs

919 1901 1012 1923 autem
1035 1896 1070 1923 ab
1092 1896 1213 1930 antiquis
1226 1895 1358 1922 confundi
1375 1896 1466 1922 solent
1481 1904 1544 1922 cum
1565 1895 1649 1922 Indis.
1668 1895 1717 1924 Sic

919 1931 1120 1966 Philostorgius
1133 1931 1298 1962 Iloineritas,
1312 1930 1357 1963 qui
1373 1930 1530 1966 Anxumitis
1541 1930 1624 1957 vicini
1638 1936 1713 1962 sunt.

918 1966 1000 1994 Indos
1013 1965 1102 1993 vocat.
1115 1966 1168 2000 Ipsi
1184 1973 1293 2000 quoque
1306 1965 1449 2000 [Ethiopes
1471 1965 1518 1999 qui
1538 1973 1612 1992 nunc
1627 1965 1715 2000 Abys-

919 2001 972 2028 sini
987 2001 1129 2033 dicuntur,
1143 2009 1203 2028 sese
1216 2001 1297 2028 Indos
1310 2005 1418 2032 vocant,
1433 2004 1460 2027 et
1477 2001 1631 2035 apostolum
1647 2009 1714 2036 gen—

923 2037 959 2063 tis
971 2045 1026 2064 sute
1038 2036 1230 2064 Frumentium
1255 2039 1422 2070 agnoscunt,
1448 2039 1479 2062 ut
1496 2040 1613 2063 testatur
1627 2036 1716 2064 Lucas

924 2071 1084 2107 Holstenius
1100 2071 1126 2098 in
1139 2072 1218 2098 Notis
1232 2071 1266 2098 ad
1279 2071 1500 2107 Martyrologium
1514 2071 1636 2105 Baronii,
1654 2080 1718 2107 qua:

923 2114 1012 2142 nuper
1026 2106 1119 2134 Romre
1136 2106 1309 2141 prodierunt.

805 2183 958 2212 VARIORU
963 2185 986 2212 Μ
991 2206 997 2212 .

72 2243 233 2270 ordinatum
249 2243 340 2270 redire
352 2242 431 2277 jubet
450 2251 455 2268 :
473 2251 504 2270 ex
517 2251 567 2278 quo
579 2243 606 2269 in
618 2243 702 2270 India:
715 2243 833 2278 partibus
845 2248 869 2270 et

72 2277 163 2313 populi
180 2278 393 2305 Christianorum
410 2284 434 2303 et
459 2277 573 2304 εεείέιςὶιε
590 2278 666 2312 factm
681 2282 752 2310 sunt,
778 2282 802 2304 et
823 2287 868 2305 sa-

72 2313 221 2340 cerdotium
236 2314 312 2347 recpit
325 2321 333 2339 :
348 2313 386 2339 ita
402 2313 527 2340 Ruﬁnus.
542 2313 609 2340 Cum
623 2321 688 2340 vero
705 2313 732 2340 S.
748 2313 869 2340 Athana-

71 2348 128 2375 sius
151 2355 247 2375 mensc
271 2348 414 2375 Decembri
437 2348 502 2374 anni
524 2347 575 2374 526
591 2349 736 2382 cpiscopus
752 2348 870 2375 Alexan-

71 2383 171 2410 drinus
195 2383 372 2411 renuntiatus
389 2383 482 2414 fuerit,
496 2383 583 2417 liquet
596 2383 649 2410 hoc
667 2383 778 2410 circiter
797 2387 867 2410 tem—

71 2426 149 2452 pore,
164 2423 195 2445 ut
209 2422 286 2445 recte
303 2418 372 2445 vidit
388 2418 533 2449 Baronius,
550 2418 740 2445 Frumentium
758 2419 867 2453 episco-

72 2461 135 2487 pum
150 2453 178 2480 in
195 2453 377 2488 Aithiopiam,
403 2453 508 2480 [adiam
531 2461 545 2479 a
570 2453 671 2481 Ruﬁno
692 2454 866 2488 appellatam,

71 2488 187 2515 missum
211 2496 283 2519 esse,
299 2488 516 2523 Meropiumque,
533 2495 595 2523 cum
619 2488 730 2516 {Etlesio
753 2493 781 2515 et
798 2489 867 2515 Fru—

72 2524 187 2555 mentio,
206 2523 267 2557 eius
284 2522 466 2558 propinquis,
479 2531 551 2550 anno
570 2522 671 2550 Christi
689 2524 801 2551 circiter
817 2523 869 2550 516

72 2559 323 2594 peregrinationem
339 2559 412 2585 illam
428 2559 591 2593 suscepisse,
605 2562 633 2585 et
648 2567 704 2586 uno
716 2563 764 2586 aut
780 2559 869 2585 altero

71 2593 152 2625 antea
169 2602 243 2621 anno
266 2593 464 2626 Metrodorum,
484 2595 563 2628 cujus
587 2595 714 2628 exemplo
738 2594 869 2621 invitatus

71 2628 132 2660 fuit,
156 2637 250 2656 veram
268 2628 383 2661 India‘m,
406 2638 488 2664 quam
505 2627 621 2656 Ruﬁnus
637 2627 781 2664 perperam
797 2629 867 2656 cite-

73 2664 175 2691 riorem
202 2669 294 2695 vocat,
322 2669 490 2699 penetrasse.
523 2664 617 2696 Neque
647 2665 720 2691 enim
750 2672 865 2699 parvum

72 2704 181 2734 tempus
207 2700 235 2726 in
256 2700 349 2726 eundo
360 2704 387 2726 et
404 2700 556 2731 redeundo,
576 2703 604 2726 et
626 2699 727 2726 ibidem
744 2707 867 2726 commo—

73 2735 169 2770 rando,
186 2735 276 2762 donec
303 2735 376 2761 ﬁlius
406 2736 479 2770 regis
503 2735 683 2766 adolesceret,
707 2734 819 2762 Edesio
840 2738 869 2761 et

72 2769 232 2797 Frumentio
250 2769 467 2798 consumendum
490 2770 551 2797 fuit.
578 2771 639 2798 Non
663 2771 756 2804 itaque
772 2773 868 2797 contra

70 2805 291 2841 ehronologiam,
305 2805 351 2832 scd
363 2811 457 2833 contra
470 2806 663 2841 geographiam
676 2805 792 2841 Ruﬁnus
805 2812 868 2841 pec-

71 2841 150 2868 cavit.
176 2841 201 2868 Is
223 2841 300 2867 enim
316 2840 464 2868 Historiam
492 2840 579 2868 suam,
597 2840 811 2868 ecclesiasticam
839 2840 867 2866 in

72 2875 146 2902 Italia
163 2876 276 2910 scripsit
294 2881 354 2910 post
377 2884 480 2904 annum
497 2876 563 2904 Chr.
583 2876 652 2908 400;
668 2875 786 2910 ideoque
804 2882 866 2902 cum

920 2242 1032 2270 Parthia
1051 2242 1131 2269 limes
1148 2242 1230 2269 fuerit
1245 2242 1353 2277 imperii
1367 2239 1493 2273 Romani,
1509 2242 1653 2277 mediaque
1671 2243 1715 2270 in.

922 2283 964 2305 ter
993 2278 1062 2304 duas
1079 2277 1187 2309 Indias,
1205 2277 1281 2304 India
1303 2285 1385 2311 quam
1413 2278 1568 2305 citeriorem
1596 2278 1713 2312 appellat

921 2313 1047 2342 Ruﬁnus.
1072 2313 1150 2340 India
1172 2312 1289 2340 ulterior
1312 2313 1374 2343 fuit,
1403 2316 1431 2339 et
1447 2320 1528 2347 quam
1552 2313 1715 2340 ulteriorem

921 2349 997 2379 dicit,
1016 2348 1128 2375 citerior
1145 2348 1304 2382 appellanda
1322 2352 1390 2375 erat.
1406 2348 1540 2374 Praeterea
1561 2348 1663 2375 fallitur
1686 2349 1714 2376 in

921 2391 954 2410 eo
981 2384 1054 2418 quod
1070 2383 1254 2410 Metrodorum
1271 2383 1374 2409 Indiam
1389 2390 1469 2417 quam
1487 2383 1646 2410 ulteriorem
1662 2391 1712 2417 ap—

920 2419 1014 2453 pellat,
1032 2426 1080 2445 seu
1092 2418 1260 2452 [Ethiopiatn
1276 2417 1448 2453 hodiernam,
1466 2422 1625 2452 penetrasse
1642 2419 1712 2445 scri-

918 2452 968 2480 bit.
990 2454 1162 2481 Mctrodorus
1178 2453 1251 2480 enim
1273 2460 1327 2479 non
1348 2452 1526 2487 tEthiopiam,
1544 2461 1593 2479 seu
1607 2453 1712 2480 Indiam

918 2493 1043 2523 respectu
1065 2492 1160 2515 nostro
1181 2488 1348 2519 citeriorem,
1366 2488 1413 2515 scd
1429 2496 1522 2515 veram
1534 2488 1650 2521 Indiam,
1664 2497 1712 2515 seu

918 2522 1022 2550 Indiam
1045 2523 1205 2550 ulteriorem
1233 2522 1275 2558 (ut
1296 2531 1311 2550 a
1335 2523 1395 2549 viro
1418 2523 1463 2557 qui
1482 2523 1509 2549 in
1522 2523 1639 2558 imperio
1655 2524 1711 2551 Ro<

918 2567 998 2586 mano
1024 2559 1173 2589 scribebat,
1193 2558 1284 2585 vocari
1305 2558 1412 2592 debuit)
1430 2558 1618 2592 perlustravit.
1635 2558 1709 2593 (Ant.

917 2594 981 2629 Pagi
996 2594 1029 2620 ad
1047 2593 1227 2629 ann.527,_n.
1245 2593 1360 2629 IBJG.)

956 2625 970 2648 ἶ
987 2630 1102 2662 Ἴϐηρες
1114 2628 1148 2654 δὲ
1165 2625 1258 2655 οὗτοι.
1290 2625 1388 2660 Iberia,
1406 2628 1480 2663 regio
1495 2627 1567 2656 Asiae
1584 2627 1710 2663 Straboni

920 2667 947 2691 et
959 2664 1116 2696 Ptolen'neo,
1141 2664 1212 2691 inter
1225 2663 1368 2690 Albaniam
1389 2664 1423 2691 ad
1439 2662 1542 2695 crtum,
1558 2667 1587 2690 et
1601 2662 1711 2689 Colchi-

917 2700 979 2726 dem
1010 2699 1043 2726 ad
1073 2706 1211 2730 occasura,
1236 2699 1372 2726 Armeniae
1403 2699 1501 2733 majori
1518 2698 1551 2725 ad
1567 2697 1709 2734 meridiem

917 2734 1098 2763 contermina.
1114 2734 1147 2761 ad
1164 2735 1381 2768 septentrionem
1398 2731 1539 2760 montibus
1562 2731 1709 2768 Caucaseis

916 2778 931 2796 a
944 2769 1079 2797 Sarmatia
1092 2766 1224 2803 Europae'a
1235 2773 1370 2804 separata,
1383 2776 1457 2804 nuch
1468 2766 1707 2804 Georgiapropria

916 2805 1028 2835 dicitur,
1049 2805 1148 2831 incolis
1164 2802 1352 2835 Clzurlul'loba,
1370 2803 1498 2830 Asiaticis
1512 2802 1708 2837 Gurgjstan,_et

916 2839 1001 2901 gallis
1026 2839 1051 2866 ίτι
1076 2839 1200 2875 Géorgie,
1226 2843 1322 2874 estque
1336 2846 1400 2874 pars
1417 2835 1705 2871 orientalisCeox'giaa.

938 2883 1069 2901 AL‘DRAND.

938 2883 1069 2902 AUDRAND.
