1887 3058
78 141 128 169 153

75 202 137 232 τοὺς
155 201 271 233 στύλους
289 201 422 237 ἀνορθοῦν
437 200 597 236 ἐπειρῶντο,
613 201 750 235 οἰκονομεῖ
767 208 793 226 τι
812 199 881 235 πρὸς

79 249 170 274 πίστιν
190 248 253 279 τοὺς
282 247 457 278 ἐνοικοῦντας
473 247 490 281 ἡ
503 245 551 272 τοῦ
580 245 649 272 Θεοῦ
671 245 787 271 ἕλκουσα
813 245 883 280 Πρό-

78 302 148 320 νοια.
172 290 221 325 Εἷς
247 293 304 329 γὰρ
321 293 376 320 τῶν
390 293 494 320 στύλων
510 292 639 327 ἀκίνητος
659 292 738 327 ἔμενε
753 300 759 306 ”
776 291 823 318 καὶ
837 291 883 317 οὑ-

77 339 160 374 δεμὶα
183 339 331 376 εὑρίσκετο
352 339 473 374 μηχανὴ,
497 337 635 373 δυναμένη
659 338 768 371 κινῆσαι
788 331 887 364 αὑτό-δῖ

83 385 166 412 Ἀλλὰ
182 385 217 412 τὰ.
239 386 289 420 μὲν
307 385 425 412 καλώδια
442 385 639 420 διερρήγνυτο,
657 384 691 410 τὰ
713 384 742 410 δὲ
758 383 883 418 μηχανή-

79 439 154 465 ματα
172 431 343 464 κατεάγνυτο
355 439 361 444 ·
386 429 576 463 ἀπεγνωκότες
590 427 636 455 οὖν
650 429 675 455 οἱ
691 427 881 464 ἐργαζόμενοι,

77 476 253 512 ἀπεχώρουν.
266 476 334 502 Τότε
348 475 487 502 δείκνυται
499 475 548 509 τῆς
559 474 734 510 αἰχμαλώτου
748 475 764 510 ἡ
778 474 880 505 πίστις.

76 522 189 554 Νυκτὸς
211 522 279 558 γὰρ,
298 521 412 558 μηδενὸς
429 521 590 556 ἐγνωκότος,
615 521 820 556 καταλαμϐάνει
837 519 882 546 τὸν

76 569 174 601 τόπον,
202 569 251 595 καὶ
264 567 468 603 διανυκτερεύει
482 568 514 602 τῇ
536 567 602 602 εὐχῇ
620 567 799 602 σχολάζουσαι.
814 567 881 602 Προ-

77 614 139 650 νοίᾳ
152 623 183 641 τε
195 614 264 641 Θεοῦ
276 614 290 641 ὁ
301 614 395 645 στύλος
408 613 580 649 ἀνοροοῦται,
593 614 640 640 καὶ
655 613 819 648 ὑψηλότερος
834 613 882 648 τῆς

78 661 188 695 βάσεως
197 661 226 686 ὲν
235 660 273 696 τῷ
283 661 346 695 ἀέρι
363 660 521 695 ἐστήρικτο,
542 659 675 695 μηδαμῶς
688 660 737 695 τῆς
751 659 882 694 κρηπῖδος

77 707 248 741 ἁπτόμενος.
281 706 388 742 ’Πιμῲα
408 706 436 732 δὲ
453 704 498 741 ἦν,
516 706 563 732 καὶ
585 706 599 731 ὁ
620 705 746 741 βασιλεὺς
769 705 882 741 ἔμφρων

69 744 120 785 ἕτις
141 753 181 780 ὢν
203 753 272 787 (18),
291 754 338 779 ἐπὶ
354 752 403 788 τὴν
427 751 571 787 οἰκοδομὴν
589 752 681 787 παρῆν
694 760 700 766 ·
716 752 768 786 ὁρᾷ
791 760 820 777 τε
837 751 881 778 τὴν

68 786 179 826 Ιστύλον
194 799 244 825 ἐπὶ
259 798 308 833 τὴν
327 798 396 825 ἰδίαν
408 797 583 834 κρεμάμενον
596 797 689 832 βάσιν
707 798 753 825 καὶ
767 798 883 832 ἐκπλήτ-

76 855 156 873 τεται
175 846 226 881 μὲν
245 845 328 876 αὐτὸς
349 844 396 870 ἐπὶ
413 843 452 876 τῷ
467 843 601 878 γεγονότι.
625 843 838 878 Ἐκπλήττονται
853 843 881 869 δὲ

77 892 167 920 καὶοί
191 891 326 927 παρόντες
351 891 399 917 σὺν
425 889 509 924 αὐτῷ.
532 890 598 916 Μετ’
626 889 656 916 οὐ
675 889 742 916 πολὺ
758 889 813 925 γὰρ
836 889 879 915 ἐπ’

76 939 233 975 ὀφθαλμοῖς
256 937 359 969 αὐτῶν,
387 938 419 973 τῇ
440 937 493 972 ἰδία
512 936 589 972 βάσει
613 937 626 962 ὁ
649 936 744 968 στύλος
767 935 880 966 κατιὼν,

79 985 215 1022 ἱδρύεται.
239 984 294 1020 Βοὴ
317 993 347 1010 τε
361 982 484 1019 ἐντεῦθεν
498 983 552 1009 τῶν
573 981 726 1017 ἀνθρώπων
745 981 879 1016 βοώντων,

78 1032 126 1058 καὶ
149 1030 238 1066 ἀληθῆ
255 1029 304 1065 τὴν
326 1029 426 1055 πίστιν·
437 1027 647 1055 ἀνακαλούντων
666 1027 713 1054 τοῦ
736 1027 879 1062 βασιλέως,

77 1077 124 1104 καὶ
137 1076 296 1113 ὑμνούντων
310 1075 355 1102 τὸν
367 1076 415 1110 τῆς
428 1073 604 1110 αἰχμαλώτου
617 1073 696 1100 Θεὸν.
723 1074 881 1100 Ἐπίστευόν

77 1133 107 1151 τε
121 1123 227 1157 λοιπὸν,
245 1124 294 1150 καὶ
310 1123 358 1149 σὺν
373 1121 512 1157 προθυμίᾳ
527 1121 612 1156 πολλῇ
630 1121 694 1152 τοὺς
711 1120 878 1152 ὑπολοίπους

78 1170 194 1201 στύλους
205 1168 355 1203 ἀνώροουν,
365 1168 411 1194 καὶ
420 1168 470 1194 οὐκ
482 1168 522 1199 εἰς
533 1167 641 1203 μακρὰν
649 1167 680 1193 τὸ
689 1167 768 1202 ἔργον
776 1167 882 1193 τετέλε-

79 1226 137 1244 στο.
150 1215 290 1252 Πρεσΰεία
307 1214 432 1242 ἐντεῦθεν
449 1214 520 1249 πρὸς
544 1213 590 1240 τὸν
606 1213 719 1249 βασιλέα
735 1214 882 1240 Κωνσταν-

77 1265 152 1290 τῖνον
167 1262 277 1297 ἐγένετο
292 1270 298 1277 ·
316 1260 490 1297 παρεκάλουν
511 1269 540 1286 τε
556 1259 602 1286 τοῦ
629 1259 724 1286 λοιποῦ
746 1259 881 1286 ὑπόσπον-

79 1310 119 1337 δοι
139 1308 284 1344 Ῥωμαίων
301 1307 434 1342 γίνεσθαι,
455 1306 604 1342 λαμϐάνειν
619 1315 650 1333 τε
664 1306 813 1333 ἐπίσκοπον
834 1306 880 1332 καὶ

79 1355 152 1391 ἱερὸν
177 1355 290 1390 κλῆρον,
315 1353 454 1381 πιστεύειν
469 1353 524 1387 γὰρ
550 1352 706 1388 εἰλικρινῶς
733 1352 826 1386 ἔλεγον
841 1351 881 1387 τῷ

77 1401 203 1437 Χριστῷ.
236 1400 332 1427 Ταῦτά
360 1408 442 1435 φησιν
466 1400 480 1426 ὁ
509 1399 648 1434 Ῥουφῖνος
677 1398 752 1433 παρὰ
778 1398 881 1424 Βακου-

79 1449 140 1484 ρίου
157 1448 213 1483 (19)
226 1453 239 1467 ι
254 1445 455 1482 μεμαθηκέναι,
468 1445 496 1476 ὃς
511 1445 643 1481 πρότερος
661 1445 710 1479 μὲν
725 1442 758 1479 ἦν
776 1443 880 1478 βασιλί-

79 1503 146 1526 σκος
180 1493 310 1529 Ἰϐήρων·
345 1492 458 1528 ὕστερον
482 1492 511 1518 δὲ
536 1491 682 1526 Ῥωμαίοις
711 1489 880 1525 προσελθὼν,

77 1541 228 1577 ταξίαρχος
255 1539 303 1567 τοῦ
332 1540 360 1566 ἐν
388 1538 554 1573 Παλαιστίνῃ
584 1536 781 1573 στρατιωτικοῦ
811 1545 878 1563 κατ-

78 1587 146 1622 ἔστη
164 1585 238 1622 (Ξο)·
259 1584 307 1611 καὶ
331 1583 489 1619 μεταταῦτα
518 1582 723 1618 στρατηλατῶν,
746 1581 791 1608 τὸν
808 1581 879 1608 κατὰ
893 1577 912 1605 C

78 1632 210 1668 Μαξίμου
222 1631 269 1658 τοῦ
287 1631 420 1666 τυράννου
442 1629 559 1665 πόλεμον
577 1628 632 1664 (21)
648 1628 685 1663 τῷ
703 1627 808 1663 βασιλεῖ
819 1627 880 1653 Θεο-

77 1678 163 1713 δοσίῳ
193 1677 408 1713 συνηγωνίσατο.
433 1675 533 1702 Τοῦτον
561 1675 609 1710 μὲν
635 1675 682 1701 τὸν
712 1674 812 1709 τρόπον
833 1673 880 1700 καὶ

82 1724 193 1760 Ἴϐηρες
208 1723 411 1760 ὲχριστιάνισαν
424 1721 535 1749 ἐπὶτῶν
546 1720 751 1748 Κωνσταντίνου
764 1720 878 1755 χρόνων.

604 139 766 168 HISTORIA
791 140 1069 170 ECCLESIASTICA.
1090 158 1123 163 —
1144 143 1208 170 LIB.
1230 144 1250 171 l.

1679 148 1730 176 151

899 204 918 233 Α
935 201 1110 229 mulieribus.
1124 203 1182 230 Rex
1194 209 1277 237 porro
1290 209 1353 229 cum
1371 210 1405 230 ex
1425 203 1532 238 captiva
1547 204 1663 231 muliere
1676 206 1731 232 Inr-

934 254 1006 274 mam
1026 248 1207 275 ecclesiarum
1227 256 1290 284 quae
1312 249 1386 284 apud
1406 248 1546 276 Romanos
1567 255 1631 277 sunt
1655 250 1729 278 didi-

934 291 1028 323 cisset,
1041 293 1185 320 ecclesiam
1203 294 1326 321 c'onstrui
1344 295 1437 330 jussit,
1454 298 1483 322 et
1501 299 1601 322 cuncta
1618 302 1678 329 quae
1695 295 1730 322 ad

934 345 1005 372 opus
1026 340 1182 366 necessaria
1208 344 1298 372 erant,
1317 341 1462 368 confestim
1484 341 1585 376 parari.
1608 341 1730 368 Ecclesia

934 392 1000 419 ergo
1013 386 1194 412 construitur.
1208 386 1276 414 Cum
1290 396 1357 415 vero
1371 388 1513 415 columnas
1527 390 1610 415 etiam
1625 387 1731 423 erigere

934 435 1103 458 conarentur
1125 431 1255 464 artiﬁces,
1274 433 1367 460 divina
1390 434 1566 461 Providentia
1589 433 1731 468 quidpiam

933 476 1129 511 molitur,,quo
1151 477 1304 505 incolarum
1321 479 1428 507 animos
1445 480 1568 507 alliceret
1583 480 1616 507 ad
1637 480 1730 508 ﬁdem.

933 523 992 551 Una
1006 524 1081 550 enim
1098 531 1132 550 ex
1154 524 1289 551 columnis
1307 527 1408 553 mansit
1429 527 1577 553 immobilis
1591 547 1598 559 ,
1612 534 1664 554 nec
1677 527 1732 555 ulla

934 569 1127 596 inveniebatur
1139 570 1267 597 machina
1292 579 1352 605 quae
1365 577 1458 606 posset
1472 580 1531 600 eam
1544 581 1729 600 commovere.

933 615 1002 642 Nam
1021 620 1050 642 et
1069 615 1150 642 funes
1170 615 1424 650 disrumpebantur,
1441 621 1469 644 et
1492 618 1550 652 ipsa
1572 618 1730 653 confringe-

934 661 1035 688 bantur
1057 662 1279 690 macbinamenta
1301 671 1306 688 :
1326 663 1441 697 proinde
1464 664 1584 698 operarii
1607 665 1730 691 animum

933 706 1137 741 despondentes
1157 708 1354 735 abscedebant.
1377 708 1428 735 liic
1448 716 1514 736 vero
1533 710 1647 743 captivtc
1667 717 1730 736 mu-

933 753 1009 780 lieris
1027 754 1095 780 ﬁdes
1113 754 1252 781 declarata
1269 759 1320 781 est.
1334 754 1422 781 Noctu
1435 755 1519 786 enim,
1540 756 1650 782 nemine
1666 763 1731 782 con-

933 800 1002 832 scio,
1019 799 1054 827 ad
1073 808 1137 827 eum
1159 801 1250 828 locum
1273 800 1403 832 accessit,
1426 800 1519 834 ibique
1542 801 1662 827 orationi
1685 808 1732 827 va-

933 852 1008 877 cans,
1022 849 1106 872 totam
1121 850 1230 873 noctem
1242 846 1342 881 exegit.
1356 846 1433 872 Tunc
1442 854 1508 872 vero
1518 846 1609 872 divina
1623 846 1730 873 favente

899 900 916 925 υ
931 893 1119 924 Providentia,
1139 893 1266 920 columna
1289 893 1357 928 erigi
1379 893 1472 927 cmpit,
1489 896 1517 919 et
1540 899 1623 926 supra
1644 892 1731 926 ipsam

933 936 1021 964 basim
1048 938 1125 965 stetit
1153 938 1179 964 in
1205 946 1267 965 aere
1294 946 1438 972 suspensa,
1460 938 1496 965 ita
1521 942 1551 964 ut
1574 937 1732 964 nullatenus

932 983 1021 1010 basim
1033 984 1214 1019 contingeret.
1232 983 1299 1011 Orto
1314 992 1377 1011 mox
1391 984 1446 1015 die,
1464 992 1511 1011 rex
1531 987 1626 1018 utpote
1638 983 1731 1010 archi-

933 1034 1045 1057 tectura!
1064 1031 1181 1065 peritus,
1199 1031 1232 1057 ad
1251 1030 1383 1058 fabricam
1402 1032 1478 1058 venit
1495 1040 1501 1057 :
1519 1034 1601 1065 atque
1621 1031 1659 1058 ibi
1684 1038 1732 1058 co-

932 1076 1055 1103 lumnam
1072 1084 1154 1112 supra
1168 1076 1255 1104 basim
1270 1078 1297 1104 in
1311 1077 1422 1104 sublimi
1438 1077 1602 1111 pendentem
1621 1078 1732 1112 conspi-

932 1127 1026 1155 catus,
1046 1126 1104 1150 tum
1127 1123 1195 1157 ipse,
1217 1128 1274 1150 tum
1292 1131 1388 1151 omnes
1410 1124 1458 1158 qui
1479 1123 1604 1155 aderant,
1624 1123 1731 1158 ingenti

932 1168 1116 1196 admiratione
1138 1170 1259 1204 perculsi
1281 1173 1354 1197 sunt.
1377 1170 1462 1196 Paulo
1484 1173 1547 1204 post
1567 1169 1642 1196 enim
1664 1169 1731 1203 ipsis

932 1216 1121 1250 spectantibus
1143 1216 1271 1243 columna
1293 1215 1475 1248 descendens,
1492 1215 1551 1242 basi
1566 1223 1622 1242 sua:
1637 1215 1731 1242 innixa

931 1262 1017 1289 stetit.
1040 1262 1150 1289 Clamor
1169 1262 1233 1289 inde
1254 1262 1290 1289 ab
1308 1263 1437 1289 omnibus
1458 1262 1605 1293 excitatur,
1624 1260 1731 1288 cunctis

932 1308 1097 1335 testantibus
1115 1316 1209 1336 veram
1226 1316 1286 1336 esse
1298 1309 1370 1343 regis
1386 1308 1479 1340 ﬁdem,
1496 1311 1523 1335 el.
1537 1307 1652 1342 captivae
1667 1314 1730 1334 mu-

931 1355 1007 1382 lieris
1033 1355 1119 1382 Deum
1151 1355 1366 1382 celebrantibus.
1396 1354 1456 1382 Jam
1487 1361 1553 1388 ergo
1586 1352 1731 1380 credentes

930 1400 1051 1433 Christo,
1065 1402 1150 1428 alacri
1165 1401 1258 1428 animo
1274 1401 1395 1435 reliquas
1411 1400 1553 1428 columnas
1570 1403 1730 1431 erexerunt,

933 1452 1075 1482 totumque
1091 1455 1160 1482 opus
1175 1447 1252 1474 brevi
1265 1447 1422 1474 absolutum
1437 1451 1488 1473 est.
1506 1446 1570 1472 Post
1587 1446 1645 1472 haec
1658 1446 1732 1480 lega—

932 1494 971 1522 tio
987 1494 1108 1521 mittitur
1124 1494 1158 1521 ad
1176 1495 1371 1529 imperatorem
1390 1493 1600 1521 Constantinum
1615 1513 1622 1524 ,
1636 1500 1689 1526 qua
1704 1496 1732 1518 et

932 1540 1022 1568 iunius
1038 1541 1091 1568 sibi
1111 1541 1138 1567 in
1157 1544 1299 1576 posterum
1314 1547 1374 1567 esse
1389 1547 1450 1569 cum
1469 1539 1600 1566 Romanis
1611 1559 1618 1569 ,
1631 1543 1658 1565 et
1671 1538 1730 1572 cpi-

931 1594 1043 1620 scopum
1056 1594 1118 1612 cum
1131 1585 1239 1614 clericis
1253 1585 1285 1612 ad
1300 1593 1328 1612 se
1342 1585 1414 1611 mitti
1427 1584 1578 1619 postulant,
1594 1583 1731 1610 afﬁrman-

932 1636 973 1658 tes
992 1640 1020 1658 se
1039 1640 1072 1658 ex
1091 1632 1183 1658 animo
1196 1631 1224 1658 in
1241 1631 1382 1658 Christum
1397 1630 1520 1658 credere.
1538 1629 1601 1656 llaec
1616 1628 1732 1656 Ruﬁnus

932 1684 961 1704 se
981 1685 995 1703 a
1008 1677 1123 1704 Baeurio
1141 1677 1272 1704 didicisse
1287 1677 1393 1709 scribit,
1408 1676 1454 1711 qui
1470 1676 1547 1710 prius
1560 1675 1671 1710 quidem
1684 1683 1730 1702 re-

934 1722 1014 1757 gulus
1035 1722 1126 1750 fuerat
1151 1723 1293 1750 lbcrorum
1331 1726 1426 1757 postea
1444 1730 1510 1749 vero
1527 1721 1568 1750 ,ad
1592 1722 1731 1748 Romanos

80 1775 288 1807 transgressus,
313 1771 369 1798 dux
382 1770 520 1798 Palatstini
539 1769 640 1802 Jimitis
657 1773 700 1796 est
730 1768 918 1802 constitutus;
944 1770 1053 1798 tandem
1075 1779 1141 1799 vero
1171 1772 1301 1806 magister
1319 1771 1437 1798 militum
1467 1769 1572 1802 factus,
1599 1769 1628 1796 in
1658 1769 1730 1796 bello

81 1825 179 1849 contra
210 1820 357 1848 Maximum
382 1824 530 1855 tyrannum
561 1817 717 1846 Theodosio
747 1817 906 1853 imperatori
920 1819 1057 1855 egregiam
1082 1827 1196 1855 operam
1223 1818 1345 1846 navavit.
1375 1818 1405 1845 In
1433 1818 1507 1845 hunc
1525 1817 1637 1845 modum
1657 1817 1729 1844 lberi

81 1868 257 1904 temporibus
282 1866 458 1895 Constantini
483 1865 670 1894 Christianam
699 1864 783 1892 ﬁdem
812 1870 1004 1900 susceperunt.

374 1913 500 1940 ΚΕΦΛΛ.
522 1913 587 1939 KA'.

239 1968 311 2002 Περὶ
333 1968 488 1995 Ἀντωνίου
505 1968 559 1995 τοῦ
573 1969 721 2002 μοναχοῦ.

123 2024 234 2057 Ὀποῖος
251 2024 279 2051 δὲ
293 2022 327 2060 ἦν
340 2024 386 2050 ἐπὶ
402 2024 457 2051 τῶν
473 2024 563 2051 αὐτῶν
577 2025 682 2060 χρόνων
710 2025 756 2051 καὶ
772 2027 786 2052 ὁ
802 2034 884 2061 μονα-

73 2071 120 2106 χδς
158 2071 302 2103 Ἀντώνιος
316 2072 345 2097 ἐν
360 2072 392 2106 τῇ
408 2071 504 2106 ἐρήμῳ
519 2071 568 2104 τῆς
584 2071 734 2105 Αἰγύπτου,
752 2072 781 2103 ὃς
802 2081 883 2107 φανε-

76 2117 131 2153 ρῶς
153 2118 211 2149 τοῖς
225 2117 351 2153 δαίμοσιν
364 2117 553 2150 ἀντεπάλαιεν,
565 2117 735 2153 ἐφευρίσκων
748 2127 777 2144 τε
789 2118 883 2151 ἁπλῶς

1214 1913 1268 1949 54,
1285 1911 1361 1939 car.
1382 1911 1453 1938 χχι.

1173 1968 1212 1995 Dc
1224 1968 1338 1995 Antonio
1352 1967 1488 1994 monac/to.

958 2026 1017 2054 Jam
1030 2033 1096 2052 vero
1112 2025 1200 2060 qualis
1218 2025 1246 2051 in
1260 2024 1409 2050 solitudine
1421 2022 1529 2058 [πεπιιί
1551 2022 1646 2048 iisdem
1662 2026 1729 2048 lem—

931 2072 1047 2107 poribus
1061 2070 1200 2098 exstiterit
1217 2070 1353 2097 Antonius
1366 2069 1519 2096 monachus
1531 2067 1577 2102 qui
1596 2075 1658 2094 cum
1672 2068 1728 2094 da:-

932 2118 1063 2145 monibus
1085 2117 1174 2152 palam
1192 2116 1344 2148 dimicavit,
1365 2119 1441 2142 astus
1451 2122 1547 2142 eorum
1563 2117 1645 2149 atque
1660 2114 1728 2141 insi-

691 2206 826 2233 VALESII
847 2205 1126 2234 ANNO'I‘ATIONES.

120 2263 177 2299 (18)
200 2263 255 2290 Kal
277 2264 291 2290 ὁ
307 2263 458 2296 ,ϐασιλεὺς
483 2263 602 2298 ἔμφρων
625 2272 670 2296 τις
694 2263 745 2299 dir.
771 2264 880 2291 Mallem

82 2298 177 2334 legere
200 2299 348 2333 ἔμφροντις
364 2298 411 2325 ὢν.
426 2299 483 2326 Nec
502 2299 599 2326 dubito
618 2299 685 2333 quin
702 2298 828 2326 Socrates
845 2299 881 2326 ita

84 2333 239 2369 scripserit.
257 2334 339 2361 Certe
356 2333 481 2369 Ruﬁnus,
499 2342 532 2361 cx
547 2342 601 2368 quo
615 2333 742 2361 Socrates
759 2335 816 2362 haec
832 2335 881 2361 dc-

85 2368 215 2404 sumpsit,
233 2369 273 2396 sic
291 2369 376 2396 habet
392 2378 399 2395 :
418 2368 485 2396 Cum
510 2377 566 2396 cccc
583 2370 730 2396 matutinus
746 2375 770 2396 ct
788 2370 884 2397 anxius

85 2413 146 2431 cum
162 2405 216 2431 suis
230 2405 350 2431 omnibus
369 2404 520 2440 ingrediens
535 2411 591 2435 rex,
606 2409 661 2432 etc.

122 2439 178 2475 (19)
213 2439 515 2473 Baxmvpi’ovﬁNostri
545 2440 656 2468 codices
690 2439 884 2470 Florentinus,

85 2474 242 2503 Sfortianus
257 2479 285 2502 et
312 2474 415 2507 Allatii,
431 2475 563 2508 scriptum
581 2475 684 2502 habent
703 2476 881 2509 βακκουρίου.

85 2509 138 2537 Sed
157 2511 260 2538 rectius
284 2510 418 2537 Bacurius
445 2510 577 2537 scribitur
602 2510 673 2545 apud
699 2511 829 2537 Ruﬁnum
857 2514 885 2537 et

86 2546 164 2573 alios.
181 2546 250 2573 Vide
273 2553 334 2580 qua:
351 2545 385 2572 de
412 2545 465 2572 hoc
490 2545 605 2573 Bacurio
628 2546 719 2572 notavi
733 2546 766 2572 ad
782 2545 884 2572 librum

85 2589 147 2607 χχχι
178 2581 316 2608 Ammiani
333 2580 494 2608 Marcellini.

124 2617 178 2652 (‘20)
200 2617 364 2650 Ίϊιξιάρχος
378 2616 430 2643 τοῦ
453 2616 488 2642 ἐν
507 2617 693 2650 Παλαιστίνῃ
710 2623 883 2650 στρατιωτι-

935 2264 991 2290 κοῦ
1006 2264 1147 2295 κατέστη.
1167 2263 1224 2290 Hoc
1240 2263 1301 2290 loco
1316 2261 1443 2290 Socrates
1459 2270 1514 2290 non
1533 2266 1675 2289 assecutus
1688 2266 1730 2288 est

935 2307 1047 2326 sensum
1076 2299 1178 2326 Ruﬁni.
1196 2299 1263 2326 Nam
1285 2298 1401 2325 Ruﬁnus
1421 2298 1565 2325 Bacuriqu
1592 2297 1729 2324 Palaestini

935 2335 1032 2362 limitis
1048 2335 1145 2362 ducem
1163 2334 1248 2361 fuisse
1263 2334 1369 2364 scribit,
1393 2338 1459 2360 tunc
1475 2341 1535 2360 cum
1552 2333 1603 2359 ista
1621 2332 1646 2359 ci
1665 2340 1730 2358 nar-

901 2373 924 2402 D
938 2374 1021 2397 rarel.
1034 2370 1162 2397 Socrates
1177 2377 1244 2396 vero
1257 2369 1356 2404 legisse
1372 2369 1485 2396 videtur
1498 2368 1527 2395 in
1543 2368 1654 2400 Ruﬁno,
1672 2367 1728 2394 Pu-

938 2405 1035 2432 lwstim‘
1055 2404 1145 2432 militis
1166 2405 1269 2431 ducem.

971 2440 1027 2476 (2|)
1054 2441 1109 2467 Τὸν
1135 2440 1209 2476 κατὰ
1237 2440 1374 2476 Μαξίμου
1397 2439 1451 2466 τοῦ
1471 2438 1620 2476 τυράννου
1639 2437 1729 2476 ἀξιόλο-

931 2473 1000 2510 μοι».
1018 2473 1067 2503 llic
1079 2476 1161 2502 etiam
1179 2475 1271 2509 lapsus
1283 2473 1325 2502 est
1338 2475 1474 2502 Socrates.
1491 2474 1585 2508 Neque
1608 2473 1728 2510 enim_iu

935 2508 1007 2538 bello
1024 2515 1119 2538 contra
1132 2508 1279 2537 Maximum
1297 2518 1348 2545 pro
1365 2510 1520 2537 Theodosio
1532 2509 1663 2544 pugnavit
1679 2508 1731 2534 Ba-

934 2547 1039 2578 curius,
1058 2547 1104 2573 sed
1122 2546 1150 2572 in
1173 2546 1245 2572 bello
1260 2551 1356 2573 contra
1378 2545 1542 2580 Eugenium.
1560 2547 1729 2580 uttestalur

937 2582 1054 2609 Ruﬁnus
1066 2582 1093 2608 in
1106 2581 1154 2608 lib.
1173 2589 1209 2613 χι,
1226 2589 1285 2616 cap.
1301 2581 1346 2613 55,
1360 2585 1388 2608 et
1403 2581 1528 2608 Zosimus
1544 2580 1573 2606 in
1590 2579 1638 2607 lib.
1656 2586 1692 2606 IV.

816 2692 1006 2720 VARIORUM.

123 2760 135 2773 ι
158 2752 338 2785 Βακουρίου.
364 2751 443 2778 Ilunc
469 2750 616 2777 oriundum
637 2750 675 2776 ait
697 2749 822 2778 Zosimus
845 2757 880 2777 ex

88 2788 226 2819 Armenia,
243 2795 305 2822 qum
321 2787 416 2813 lberi-.c
428 2786 543 2812 conﬁnis
559 2785 628 2822 fuit;
649 2791 677 2812 et
689 2785 779 2822 virum
792 2785 882 2812 omnis

88 2824 196 2851 malitia:
217 2819 322 2850 ae'doli
338 2826 487 2855 expertem.
500 2821 598 2847 bellica
609 2824 700 2846 autem
719 2819 797 2846 laude
811 2828 883 2854 pra:-

88 2863 214 2886 stantcm.
239 2858 295 2885 Sed
315 2857 429 2884 Ruﬁnus
453 2857 479 2883 in
507 2856 555 2883 lib.
573 2864 581 2883 ι
598 2856 679 2887 llist.,
694 2863 753 2889 cap.
772 2855 814 2886 i0,
832 2855 882 2881 Ra-

933 2749 1041 2776 eurium
1057 2749 1181 2784 regulum
1197 2748 1338 2776 [berorum
1352 2749 1391 2776 ait
1402 2747 1485 2784 fuisse
1495 2747 1584 2784 virum
1600 2743 1727 2784 ﬁdelissi-

937 2793 1022 2815 mum,
1049 2782 1102 2811 cuii
1110 2792 1215 2811 summa
1231 2789 1289 2811 erat
1306 2792 1372 2811 cura
1389 2783 1529 2817 religionis
1549 2786 1577 2808 et
1592 2782 1725 2817 veritatis:

939 2812 1074 2855 (Valesius
1091 2820 1117 2846 in
1137 2819 1273 2847 Ammian.
1295 2819 1414 2846 Mareell.
1438 2812 1486 2845 Ῑίι).
1507 2825 1579 2848 xxxr,
1593 2823 1651 2849 cap.
1670 2812 1726 2846 12.)
