1887 3058
160 93 211 120 H3

894 91 980 119 SOCli
984 92 1028 118 A'I'
1033 92 1063 121 IS

1761 94 1816 122 ΙΗ

160 156 262 183 bellum
283 156 482 183 excitaverunt.
509 156 601 190 anue
625 163 668 181 res
692 158 831 180 nocturna:
854 160 944 188 pugna

1016 153 1134 188 ξομὲνους
1145 153 1279 188 ἐνόμιζον.
1289 154 1343 180 Καὶ
1353 153 1396 179 δια
1405 153 1483 179 τοῦτο
1492 153 1667 189 βλασφήμους
1677 154 1813 185 ἐκάλουν,

159 202 374 238 haudquaquam
395 202 538 230 dissimilis
548 205 618 228 erat.
639 200 733 234 Neque
751 199 825 226 enim
844 199 954 234 utrique

160 249 228 276 satis
239 249 393 285 intelligere
405 249 569 276 videbantur
584 255 634 274 cur
647 253 706 274 sese
719 245 837 272 invicem
852 246 955 272 calum-

160 294 216 322 niis
228 299 360 330 appetere
371 294 565 322 instituissent.
579 292 687 320 Etenim
705 291 754 326 qui
774 291 955 318 consubstan-

162 341 234 367 tialis
243 348 337 368 vocem
350 340 557 372 aversabantur,
567 338 678 366 Sabellii
686 345 718 365 ac
726 337 845 364 Montani
856 336 954 372 dogma

160 385 195 412 ab
208 386 242 413 iis
251 386 298 420 qui
310 392 404 413 vocem
418 385 491 411 illam
503 383 667 419 probabant,
678 382 772 410 induci
783 381 955 409 arbitraban-

160 437 224 464 tur;
237 436 320 466 atque
332 430 435 458 idcirco
445 430 544 465 impios
566 429 629 457 illos
640 429 786 461 vocabant,
799 431 895 464 utpote
906 428 953 463 qui

119 476 129 487 ‘
159 477 219 507 Filii
233 477 280 504 Dei
292 476 479 504 exsistentiam
500 466 639 503 tollerent.
651 475 755 504 Contra
766 482 834 502 vero
846 474 887 502 illi
906 474 952 510 qui

157 521 400 550 consubstantialis
417 529 514 550 vocem
534 521 695 554 tuebantur,
719 529 781 549 cum
803 521 953 549 multorum

157 569 271 595 deorum
285 567 391 595 cultum
404 567 578 595 adversarios
591 567 646 602 58
663 567 840 595 introducere
856 574 952 594 cense-

156 618 227 645 rent,
245 621 293 641 eos
313 617 444 648 tanquam
465 613 690 648 superstitionem
712 612 855 648 gentilium
876 613 953 641 invc-

155 660 254 687 hentes
265 659 475 687 aversabantur.
498 660 534 687 Et
549 659 711 687 Eustathius
728 659 839 694 quidem
857 659 953 686 Antio-

155 705 261 733 chenus
283 705 431 741 episcopus
452 705 603 733 Eusebium
627 705 799 740 perstringit,
822 708 951 740 tanquam

154 759 218 779 eum
230 751 277 786 qui
287 751 426 779 Nicaeuam
439 750 521 778 ﬁdem
534 750 712 778 adulteraret.
726 750 862 778 Eusebius
872 758 949 783 vero,

155 804 184 824 se
196 796 308 831 quidem
327 804 343 824 a
355 796 465 824 Nicaena
482 796 536 823 ﬁde
557 795 716 823 nullatenus
732 797 771 823 ait
788 795 948 824 discedere:

1005 199 1043 230 ὡς
1058 199 1236 234 ἀναιροῦντας
1249 200 1299 234 τὴν
1315 198 1432 234 ὓπαρξιν
1447 198 1494 225 τοῦ
1512 198 1578 225 Υίοῦ
1601 198 1649 226 τοῦ
1672 199 1768 225 Osuiu
1787 200 1813 226 ot

1004 246 1033 272 δὲ
1044 245 1125 271 πάλιν
1139 245 1178 280 τῷ
1197 245 1331 280 ὁμοουσίῳ
1344 246 1538 280 προσκείμενοι
1553 266 1559 278 ,
1582 245 1733 272 πολυοεῖαν
1751 246 1809 272 εἰσ-

1004 293 1082 323 άγειν
1096 293 1159 323 τοὺς
1181 292 1292 328 ἑτέρους
1317 291 1484 326 νομίζοντες,
1502 291 1540 323 ὡς
1565 291 1731 327 ὲλληνισμὸν
1749 292 1812 318 εἰσ-

1005 339 1120 372 άγοντας
1131 337 1318 373 ιεετρέποντο.
1339 337 1395 365 Καὶ
1412 337 1561 369 Eundem;
1587 338 1636 373 μὲν
1658 338 1673 364 ὸ
1701 338 1813 364 Ἀντιο-

1004 385 1080 420 χείας
1092 385 1251 417 ἐπίσκοπος,
1265 384 1388 420 διασύρει
1402 384 1448 411 τὸν
1461 383 1604 419 Παμφίλου
1613 384 1761 414 uectem,
1771 383 1812 415 ὡς

1003 431 1053 466 τὴν
1069 432 1097 458 ἑν
1113 431 1214 467 Νικαίᾳ
1230 431 1322 458 πίστιν
1336 430 1594 466 παραχαράττοντα.
1619 430 1756 461 Εὐσέϐιος
1769 430 1811 462 δὲ,

1004 477 1053 512 τὴν
1068 477 1117 512 μὲν
1129 477 1158 503 ὲν
1169 477 1270 512 Νικαίᾳ
1287 477 1378 503 πίστιν
1391 476 1425 503 οὗ
1445 485 1512 511 φησι
1530 475 1714 511 παραϐαίνειν
1724 482 1734 490 ο
1749 476 1813 503 δια-

1004 522 1096 548 ϐάλλει
1111 522 1138 549 δὲ
1163 522 1312 549 Εὑστάθιον
1325 542 1333 554 ,
1349 521 1387 554 ὡς
1401 521 1451 557 τὴν
1472 521 1617 548 Σαϐελλίου
1640 520 1724 553 δόξαν
1749 523 1812 548 εἰσ·

1004 568 1114 602 ἀγοντα.
1130 567 1265 594 Διαταῦτα
1280 568 1401 600 ἕκαστοι,
1419 567 1456 599 ὡς
1476 567 1546 594 κατὰ
1560 567 1720 594 ἀντιπάλων
1744 568 1812 599 τοὺς

1003 613 1099 647 λόγους
1119 613 1299 649 συνέγραφον.
1325 613 1488 649 ’Δμφὸτεροί
1512 622 1541 640 τε
1561 614 1687 648 λέγοντες
1703 614 1811 640 ὲνυπό-

1005 657 1100 685 στατόν
1111 667 1141 684 τε
1154 658 1201 685 καὶ
1214 658 1402 694 ἐνυπάρχοντα
1420 658 1465 684 τὸν
1480 657 1544 684 Υίὸν
1564 656 1632 684 εἶναι
1651 657 1700 684 τοῦ
1723 657 1810 689 Θεοῦ,

1003 705 1052 731 ἕνα
1067 713 1097 731 τε
1111 704 1178 732 Θεὸν
1198 707 1228 732 ὲν
1259 706 1349 741 τρισὶν
1364 705 1545 732 ὑποστάσεσιν
1554 702 1622 730 εἶναι
1637 702 1810 739 ὁμολογοῦν-

1003 759 1058 782 τες,
1073 751 1196 787 ἀλλήλοις
1206 752 1256 778 οὐκ
1269 750 1318 778 οἵδ’
1328 752 1402 784 ὅπως
1413 751 1592 786 συμφωνῆσαι
1608 750 1657 777 οὐκ
1672 750 1770 784 ἴσχυον
1781 748 1809 769 ἀ-

1003 797 1048 823 xui
1064 796 1196 823 δια-ταῦτα
1211 797 1358 833 ἡσυχάζειν
1375 797 1463 824 οὐδενὶ
1479 797 1572 832 τρόπῳ
1585 795 1740 830 ἠνείχοντο.

156 841 332 868 Eustathium
350 847 418 867 vero
439 839 613 873 criminatur,
634 844 765 874 tanquam
783 839 880 875 dogma
901 839 1015 867 Sabellii
1034 845 1214 869 astruentem.
1237 842 1284 869 His
1303 841 1337 869 de
1350 841 1441 869 causis
1456 841 1557 876 singuli
1577 841 1712 876 episcopi,
1727 841 1808 868 velut

155 893 252 916 contra
263 889 436 916 adversarios
444 887 555 923 scriptis
564 887 752 915 voluminibus
763 888 948 915 decertarunt.
962 887 1066 915 Etcum
1077 889 1188 924 utrique
1200 889 1323 917 dicerent
1331 889 1430 916 Filium
1442 889 1490 916 Dei
1503 887 1641 924 propriam
1653 895 1807 923 personam

155 940 238 971 atque
249 936 438 962 exsistentiam
458 935 573 967 habere,
593 935 736 969 Deumque
748 934 776 961 in
790 934 878 961 tribus
891 935 1017 969 persentis
1028 943 1113 962 unum
1132 944 1191 963 esse
1204 935 1413 969 conﬁterentur,
1427 942 1518 965 tamen
1531 928 1625 965 nescio
1637 945 1694 973 quo
1705 940 1804 971 pacto,

155 985 314 1012 nullatenus
334 984 406 1013 inter
417 992 446 1012 se
467 984 624 1012 consentire
637 988 800 1019 potuerunt,
815 991 865 1011 nec
884 983 937 1010 ulla
953 984 1058 1012 ratione
1085 985 1228 1014 quiescere
1258 985 1458 1013 sustinuerunt.

458 1078 533 1106 CAP.
556 1077 650 1106 XXIV.

156 1124 193 1151 De
204 1124 302 1160 synodo
324 1124 497 1157 Antiochum,
511 1125 538 1151 in
560 1133 612 1159 qua
633 1124 765 1160 depositus
788 1129 825 1151 est
848 1123 949 1151 Eusta—

190 1159 258 1195 thius
272 1159 452 1195 Antiochensis
465 1160 604 1195 episcopus
615 1167 623 1186 :
636 1164 745 1195 propter
756 1167 836 1194 quam
857 1162 950 1186 exorta

189 1194 282 1220 seditio
294 1198 376 1221 totam
389 1194 444 1228 fere
457 1195 547 1221 urbem
561 1194 666 1221 delevit.

189 1275 358 1311 Congregata
368 1274 452 1310 igitur
469 1275 621 1302 Antiochiae
643 1275 757 1311 synodo,
776 1274 950 1302 Eustathium

154 1322 307 1356 deponunt,
320 1321 408 1356 utqui
422 1321 535 1349 Sabellii
548 1321 668 1356 dogmati
691 1321 784 1355 potius
806 1329 887 1355 quam
901 1321 949 1348 Ni-

155 1375 237 1395 (πλειιπ
254 1367 351 1403 synodi
363 1367 482 1394 decretis
493 1366 642 1394 insisteret.
663 1365 733 1393 Sunt
756 1366 802 1401 qui
826 1367 862 1393 ob
883 1367 951 1394 alias

155 1413 238 1439 etiam
250 1419 348 1440 causas
357 1411 450 1439 minus
460 1412 592 1439 honestas
604 1412 758 1447 depositum
770 1419 830 1439 esse
842 1412 948 1445 dicant;

155 1465 224 1493 quas
236 1462 327 1485 tamen
340 1458 369 1485 in
379 1457 501 1485 medium
512 1465 567 1485 non
579 1457 733 1493 proferunt.
748 1457 842 1485 Solent
857 1461 948 1485 autem

154 1504 287 1539 episcopi,
301 1504 329 1531 in
341 1503 470 1531 omnibus
483 1503 510 1530 id
522 1503 611 1530 facere
619 1510 689 1538 quos
701 1503 854 1538 deponunt,
863 1508 892 1530 ut
902 1511 950 1532 eos

155 1550 266 1585 quidem
277 1549 388 1585 probris
398 1555 524 1582 onerent,
537 1554 564 1577 et
577 1550 675 1585 impios
684 1558 744 1577 esse
753 1551 947 1585 pronuntient,

155 1603 255 1623 causas
266 1603 334 1623 vero
347 1595 496 1631 impietatis
517 1603 571 1622 non
594 1600 742 1631 exponant.
765 1596 853 1623 Porro
874 1595 947 1631 quod

154 1641 316 1669 Eustathius
328 1645 457 1676 tanquam
480 1641 637 1668 Sabelliano
655 1640 774 1676 dogmati
797 1641 899 1673 favens,
913 1642 947 1669 ab

154 1687 292 1722 episcopis
303 1686 446 1722 depositus
456 1687 502 1719 sit,
514 1691 659 1714 accusante
671 1687 747 1714 illum
759 1686 830 1722 Cyro
845 1687 947 1715 Beroeaa

1293 1079 1418 1106 ΚΕΦΑΛ.
1449 1078 1506 1108 KA'.

1001 1124 1072 1161 Περὶ
1087 1124 1143 1159 τῆς
1153 1124 1314 1160 γινομένης
1325 1126 1459 1153 συνόδου
1467 1126 1502 1152 ἐν
1513 1126 1684 1161 Ἀντιοχείᾳὶ
1695 1125 1715 1160 ἢ
1732 1128 1806 1153 καθ-

1036 1159 1121 1195 εῖλεῖ
1141 1159 1311 1188 Εὑστέάθιον
1338 1161 1392 1187 τὸν
1410 1161 1588 1195 Ἀντιοχείας
1608 1159 1802 1188 ἐπίσκοπον·

1035 1192 1118 1257 ιιιςὲᾉῷ
1128 1195 1266 1229 στάσεως
1285 1196 1460 1230 γενομένης,
1476 1192 1587 1231 μὶὶιροῦ
1604 1195 1759 1230 ἀνετράπη
1782 1197 1801 1229 ἠ

1035 1238 1057 1256 π
1100 1239 1136 1262 ις.

1036 1275 1148 1304 Σύνοδον
1162 1273 1209 1304 οὖν
1220 1277 1250 1303 ὲν
1267 1276 1417 1312 Ἀντιοχείᾳ
1428 1276 1601 1311 ποιήσαντες,
1619 1275 1802 1312 καθαιροῦσιν

1001 1321 1162 1353 Εὑστάθιον.
1189 1322 1228 1354 ὡς
1249 1322 1284 1349 τὰ
1300 1321 1444 1349 Σαϐελλίου
1471 1321 1571 1357 μᾶλλον
1596 1321 1760 1357 φρονοῦντα,
1781 1321 1799 1357 ἢ

1000 1367 1074 1402 ἅπερ
1088 1368 1105 1402 ὴ
1118 1369 1147 1394 ιν
1161 1368 1265 1403 Νικαίᾳ.
1281 1367 1389 1399 σύνοδος
1403 1367 1592 1402 ὲδογμάτισεν.
1618 1367 1664 1399 Ὠς
1683 1368 1733 1403 μὲν
1751 1365 1801 1395 οὖν

1000 1414 1073 1446 τινές
1087 1423 1182 1448 φασιν,
1198 1413 1231 1440 δι’
1250 1413 1333 1445 ἄλλας
1352 1413 1402 1439 οὐκ
1418 1413 1525 1447 ἀγαθὰς
1543 1412 1632 1445 αἰτίας
1642 1421 1649 1427 ·
1670 1413 1802 1449 φανερῶς

1000 1460 1054 1495 γὰρ
1069 1460 1119 1487 οὐκ
1133 1461 1269 1496 εἰρήκασι.
1288 1459 1373 1486 Τοῦτο
1385 1459 1414 1486 δὲ
1426 1459 1473 1486 ὲπὶ
1487 1459 1596 1486 πάντων
1611 1459 1726 1487 εἰώθασι
1742 1459 1799 1486 τῶν

999 1506 1223 1541 καθαιρουμένων
1241 1507 1328 1532 ποιεῖν
1344 1506 1369 1532 οι
1396 1505 1550 1536 ἐπίσκοποι,
1578 1505 1799 1541 κατηγοροῦντες

1001 1549 1050 1584 μὲν
1062 1549 1109 1576 καὶ
1124 1549 1232 1576 ἀσεϐεῖν
1246 1549 1382 1583 λέγοντες,
1396 1549 1446 1581 τὰς
1462 1549 1489 1576 δὲ
1500 1549 1591 1581 αἰτίας
1603 1549 1652 1585 τῆς
1665 1550 1798 1581 ἀσεϐείας

998 1595 1028 1622 οὐ
1042 1595 1243 1630 προστιῦέντες.
1260 1595 1322 1622 Ὅτι
1350 1594 1442 1630 μέντοι
1457 1594 1495 1626 ὡς
1510 1594 1701 1627 σαὸελλίζοντα
1727 1595 1796 1622 καθ-

998 1641 1067 1667 εῖλον
1077 1640 1235 1674 Εὐστάθιον,
1253 1640 1343 1676 Κύρου
1359 1641 1405 1667 τοῦ
1423 1641 1553 1685 Βερροίας
1562 1641 1711 1667 ἐπισκόπου
1729 1649 1796 1667 κατ-

996 1686 1161 1722 ηγοροῦντος
1174 1686 1269 1719 αὑτοῦ,
1280 1686 1438 1722 Γεώργιοςὸ
1455 1686 1615 1718 Λαοδικείας
1631 1686 1681 1721 τῆς
1696 1687 1726 1712 ὲν
1741 1686 1794 1712 Συ-

157 1732 235 1760 urbis
247 1732 387 1768 episcopo,
399 1732 532 1768 Georgius
543 1732 685 1760 Laodiceae
701 1739 762 1767 qua),
773 1733 800 1760 in
815 1732 891 1769 Syria
905 1737 944 1760 est

1018 1732 1045 1767 ίᾳ
1059 1732 1217 1764 ἐπίσκοπος,
1231 1729 1272 1764 εἷς
1284 1731 1322 1758 ὢν
1340 1731 1394 1758 τῶν
1414 1731 1565 1767 μισούντων
1583 1731 1614 1758 τὸ
1637 1730 1792 1766 ὀμοούσιον,

154 1778 310 1814 cpiscopus,
324 1786 396 1806 unus
416 1786 450 1806 ex
472 1786 566 1806 eorum
580 1786 696 1806 numero
712 1779 760 1814 qui
773 1786 867 1806 vocem
880 1786 947 1806 con-

154 1823 343 1852 substantiaiis
354 1823 481 1856 oderant,
495 1823 522 1851 in
534 1823 690 1851 laudatione
699 1823 810 1851 Eusebii
823 1823 945 1851 Emiseni

999 1778 1027 1804 ὲν
1040 1777 1079 1812 τῷ
1095 1777 1226 1812 ἐγκωμίῳ
1240 1777 1278 1812 τῷ
1294 1778 1334 1809 είς
1347 1777 1475 1804 Εὑσέὃιον
1492 1777 1537 1804 τὸν
1555 1777 1700 1813 Ἐμισηνδν
1710 1776 1792 1812 ἔγρα-

999 1823 1049 1858 ψεν
1065 1823 1205 1860 εἰρηκέναι
1218 1823 1285 1859 (28).
1298 1823 1354 1851 Καὶ
1369 1823 1433 1858 περὶ
1447 1823 1496 1859 μὲν
1511 1822 1559 1850 τοῦ
1577 1822 1723 1858 Ἐμισηνοῦ
1741 1823 1792 1849 Εὐ-

755 1900 891 1928 VALESil
909 1900 1186 1929 ANNOTATIONES.

189 1948 243 1987 (28)
264 1950 418 1986 Ἔτφαψεν
429 1951 589 1987 strinxerat.
607 1950 705 1987 Mirum
721 1953 764 1987 est
775 1954 946 1987 quantopere

152 1984 272 2014 errarint
288 1984 457 2021 interpretes
467 1986 495 2013 in
512 1986 596 2021 hujus
612 1985 665 2012 loci
680 1985 818 2021 versione,
828 1984 876 2019 qui
889 1992 943 2012 non

153 2022 284 2050 viderunt
313 2021 438 2048 ultimam
461 2020 557 2048 vocem
573 2020 783 2056 expungendam
799 2027 872 2053 esse,
899 2024 943 2047 ut-

1000 1954 1063 1991 pote
1076 1950 1254 1991 supertluam.
1271 1939 1340 1991 Nam
1360 1959 1422 1991 cum
1447 1951 1526 1991 initio
1542 1955 1703 1991 annotaturn
1719 1955 1790 1979 esset

1000 1986 1028 2012 in
1055 1986 1187 2022 margine,
1216 1994 1267 2022 pro
1298 1986 1440 2021 ἔγραψεν,
1459 1987 1526 2014 alias
1551 1987 1635 2014 scribi
1659 1987 1787 2020 ειρηκεν.

998 2025 1094 2055 postea
1111 2021 1169 2048 haec
1179 2029 1233 2049 vox
1251 2022 1279 2049 in
1292 2025 1396 2049 textum
1408 2022 1518 2057 irrepsit
1535 2030 1551 2049 e
1567 2022 1701 2058 margine.

885 2098 1038 2128 VARIORU
1043 2100 1067 2128 M
1072 2122 1078 2128 .

189 2145 203 2165 ιι
213 2144 417 2180 Συμςρωνῆσαι
432 2146 488 2172 οὐκ
495 2145 731 2180 laxum-Diverso
737 2145 838 2180 quippe
847 2152 939 2178 sensu,

153 2181 199 2208 alii
217 2181 349 2208 strictiori
375 2181 409 2207 de
424 2188 604 2215 personarum
629 2181 797 2211 differentia,
826 2180 873 2207 alii
897 2181 939 2207 la-

153 2217 216 2243 tiori
234 2216 268 2243 de
286 2216 343 2251 ipsa
360 2215 475 2242 Deitatis
487 2216 649 2248 substantia,
670 2223 766 2243 vocem
790 2215 939 2251 Qudezamv

153 2249 434 2287 intelligebantZVidc
456 2251 527 2287 Bulli
548 2251 762 2287 nostriVDefeus.
791 2249 839 2284 ῥά.
855 2251 935 2287 Nic,

152 2290 220 2314 sect,
235 2285 264 2318 ti,
277 2294 337 2321 cap.
352 2286 378 2318 9,
393 2293 454 2321 pag.
469 2286 530 2318 “5,
545 2287 579 2314 de
594 2285 708 2322 antiquo
731 2293 782 2313 usu
806 2285 937 2313 ecclesia-

152 2322 222 2349 stico
236 2329 334 2349 vocum
348 2322 426 2348 οὐσία
438 2326 466 2348 et
482 2322 639 2353 ὑπόστασις.

130 2360 137 2381 ξ
190 2363 201 2375 ἐ
220 2357 353 2383 Σύνοδον
369 2354 426 2383 οὖν
446 2357 481 2384 ἐν
498 2357 668 2391 Ἀντιοχείᾳ.
694 2355 840 2383 Existimat
869 2356 934 2383 Ant.

151 2392 215 2427 Pagi
228 2391 298 2419 hanc
310 2391 445 2427 synodum
461 2399 533 2419 anno
545 2392 611 2419 Chr.
626 2392 687 2424 52'],
701 2391 872 2427 autineunte
885 2391 937 2427 528

151 2425 275 2454 coactam
288 2425 358 2454 esse.
373 2427 440 2454 Vide
451 2429 552 2454 Annot.
569 2427 603 2454 ad
627 2426 676 2453 lib.
702 2434 730 2453 ιιι
755 2425 868 2453 Eusebii
898 2426 936 2453 De

996 2155 1074 2180 mus,
1099 2146 1238 2178 Socrates,
1264 2145 1443 2178 Sozomenus,
1464 2151 1491 2173 et
1505 2146 1698 2178 Theodontus,
1713 2148 1783 2181 quod

994 2189 1093 2216 nempe
1110 2189 1125 2208 a
1149 2181 1314 2208 muliercula
1330 2181 1438 2209 delatus
1452 2181 1545 2213 fuerit,
1571 2189 1632 2216 quae
1655 2189 1685 2208 se
1700 2182 1781 2209 tilium

993 2224 1028 2243 ex
1050 2216 1198 2244 Eustathio
1213 2217 1367 2251 suscepisse
1397 2216 1594 2244 mentiebatur.
1611 2217 1697 2244 Aiunt
1720 2218 1781 2244 item

993 2251 1121 2279 Socrates
1132 2257 1161 2278 et
1183 2252 1353 2279 Sozomenus
1380 2252 1457 2279 illum
1478 2251 1681 2279 Sabellianismi
1701 2251 1781 2280 fuisse

990 2291 1159 2322 accusatum.
1175 2287 1214 2314 Dc
1232 2294 1286 2321 quo
1299 2287 1335 2314 ita
1350 2287 1479 2314 dominus
1493 2287 1598 2318 Bullus,
1613 2286 1719 2322 Dareus.
1734 2287 1779 2320 ﬁll.

989 2321 1060 2354 Nic.,
1083 2326 1150 2349 sect.
1166 2330 1195 2354 ιι,
1210 2329 1270 2357 cap.
1295 2322 1320 2353 l,
1336 2331 1362 2357 p.
1382 2322 1417 2349 28
1433 2331 1439 2348 :
1455 2321 1533 2355 Quod
1560 2322 1594 2349 ad
1608 2322 1780 2349 Eustathiam

990 2357 1105 2388 attinet,
1125 2365 1282 2392 quanquam
1318 2358 1419 2384 nollem
1451 2362 1555 2384 temere
1576 2357 1639 2388 viri,
1660 2365 1675 2383 a
1697 2357 1780 2392 pluri-

991 2392 1043 2419 mis
1060 2391 1215 2419 Cathblicis
1234 2393 1262 2419 in
1281 2393 1372 2427 prctio
1390 2392 1495 2424 habiti,
1513 2392 1660 2427 magnique
1687 2392 1778 2419 itidem

991 2427 1133 2454 Athanasii
1160 2427 1282 2455 amicitia
1307 2427 1443 2455 nobilitati
1463 2448 1470 2459 ,
1485 2427 1563 2454 fama:
1578 2431 1661 2462 atque
1685 2428 1778 2455 existi—

151 2461 212 2489 Vita
225 2461 332 2495 Const.,
345 2469 404 2497 cap.
423 2462 466 2490 59.
481 2462 519 2490 De
542 2461 687 2489 Eustathio
709 2461 754 2497 sic
772 2461 939 2497 Athapasius
956 2463 977 2491 D
993 2462 1107 2490 mationi
1122 2462 1272 2497 quidquam
1285 2462 1446 2490 detrahere:
1459 2462 1577 2497 ingenue
1591 2461 1682 2489 tamen
1695 2462 1778 2490 fateor

151 2497 179 2524 in
204 2497 323 2532 Historia
345 2496 521 2530 Arianorum,
541 2497 596 2524 vol.
615 2497 635 2528 Ι,
655 2496 791 2532 ριιεηὸιϐ
810 2505 816 2523 :
837 2496 941 2532 Egna-

151 2532 207 2564 ῡιός
229 2541 270 2563 τις
289 2531 322 2566 ἦν
346 2532 494 2564 ἐπίσκοπος
524 2533 572 2566 τῆς
602 2531 764 2566 Ἀντιοχείας
787 2546 823 2552 —-
845 2531 941 2558 Eusto-

150 2568 219 2594 t/eius
240 2568 349 2602 quidam
374 2567 422 2602 fuit
443 2567 617 2594 Amice/tenus
639 2567 784 2602 episcopus,
809 2566 941 2601 confessor

150 2611 182 2629 uc
203 2601 255 2635 ﬁde
278 2603 345 2638 pius.
365 2603 391 2629 Is
410 2611 470 2630 cum
494 2602 632 2638 veritatem
655 2609 757 2638 suprmo
778 2601 864 2638 studio
884 2605 940 2628 tue-
989 2602 1183 2638 assertoribus,
1198 2607 1226 2628 ut
1239 2601 1333 2637 qui’Sa

988 2636 1102 2665 Nicamw
1116 2638 1210 2673 synodi
1219 2635 1507 2673 decretisicomentiret,
1520 2635 1683 2665 acctisarent
1693 2635 1776 2672 ;'pro-
1787 2635 1792 2645 '

149 2643 240 2671 retur,
263 2636 380 2671 essetque
404 2638 513 2665 Arianae
534 2637 627 2664 hwresi
652 2636 859 2671 infantissimus,
884 2638 938 2664 haz-

150 2647 240 2671 retur,
263 2647 328 2665 esset
348 2647 380 2664 ue
404 2647 513 2665 artam:
534 2647 627 2664 nwrest
652 2647 859 2671 milianuntius,
884 2647 937 2664 rue-

150 2647 365 2709 reticoaqueilﬂts
378 2681 430 2700 non
455 2672 615 2709 admitteret,
637 2672 710 2709 _apud
732 2670 937 2709 constantinum

149 2706 337 2743 imperatorem
362 2707 534 2736 insimulatur
549 2727 556 2739 ,
581 2706 693 2743 conﬁcta
724 2707 913 2743 criminatione
928 2727 936 2739 ,

995 2505 1038 2533 me
1066 2498 1172 2525 nescire
1198 2497 1337 2532 quomodo
1360 2497 1420 2525 ﬁeri
1449 2498 1581 2532 potuerit,
1600 2502 1631 2524 ut
1659 2497 1776 2533 episcopi

993 2532 1317 2568 Antiochizarcongregati
1341 2532 1457 2568 (fuerint
1470 2533 1534 2560 licet
1546 2533 1694 2568 maximam
1717 2540 1776 2567 par-

991 2571 1046 2594 tem
1063 2567 1169 2601 Ariani)
1183 2568 1259 2594 illum
1285 2575 1335 2602 pro
1357 2568 1408 2599 rie,
1425 2575 1459 2595 ex
1475 2567 1605 2595 omnibus
1625 2568 1775 2595 homoousii

991 2602 1183 2630 assertoribus.
1198 2607 1226 2628 ut
1239 2603 1284 2630 oui
1297 2575 1407 2630 sagum
1432 2603 1518 2630 notius
1544 2602 1673 2630 doamati.
1701 2610 1775 2630 quam

1352 2591 1408 2629 ἐὶᾶέ
1427 2591 1775 2638 ἷόιῐπὶῖ’”ῐοῇἲγιᾶἆζ’”ἠὶιῖιῆ
1786 2591 1793 2638 3

1009 2676 1138 2707 tereaqne
1167 2673 1257 2707 ipsum
1292 2672 1358 2700 sede
1395 2673 1568 2700 Antiochcna
1607 2672 1775 2707 deponerent

999 2707 1072 2742 quod
1094 2706 1215 2735 testatur
1242 2706 1375 2735 Socrates
1399 2715 1433 2734 ex
1455 2707 1573 2735 aliorum
1596 2706 1772 2740 narratione,

169 2741 220 2770 ιιὸά
233 2743 330 2771 scilicet
346 2743 427 2770 matri
441 2743 498 2778 ejus
515 2741 700 2778 contumeliam
717 2741 930 2778 fecissetaAliam
979 2741 1045 2778 licet
1057 2743 1116 2778 ipse
1132 2741 1272 2778 levissima
1286 2742 1321 2778 de
1337 2749 1420 2778 causa
1433 2741 1467 2770 de
1478 2750 1575 2770 eorum
1590 2742 1643 2769 ﬁde
1656 2742 1772 2774 dubitet,

169 2751 219 2770 ιιοα
233 2751 330 2771 ιαιιιτει
346 2751 427 2770 mam
441 2751 498 2778 81148
515 2751 700 2769 contumenam
717 2751 827 2776 18618881.
841 2758 846 2769 Α

149 2751 292 2819 ‘(Jinquiunt
317 2777 471 2819 doctissimi
507 2777 628 2804 editores
662 2777 846 2819 Qenedicti'n'i)

148 2811 294 2848 positionis
329 2813 467 2842 Eustathii
496 2820 605 2841 causam
643 2811 761 2840 atterunt
796 2812 932 2849 Hierony-

881 2776 931 2804 (ἰθ-
979 2777 1029 2804 lib.
1045 2776 1137 2812 I,'cap.
1152 2777 1209 2812 24),
1222 2777 1275 2804 nisi
1287 2776 1347 2812 ipse
1361 2777 1482 2812 aliquam
1497 2778 1594 2805 saltem
1620 2785 1716 2804 ansam
1732 2781 1773 2804 at-

979 2819 1034 2852 que
1050 2811 1224 2842 oswisionem
1239 2811 1395 2841 istiusmodi
1408 2811 1582 2841 accusationi
1599 2812 1773 2848 praebuisset.
