1887 3058
170 195 222 222 Mi

903 198 1037 226 SOCltA'l‘
1042 200 1072 226 ts

1758 199 1809 227 “8

168 261 232 280 nam
243 258 334 280 autent
352 254 432 281 modo
450 254 478 282 id
498 256 535 282 illi
559 255 732 290 perfecerint,
751 260 779 283 et
810 265 864 291 qua
886 257 992 284 ratione
1012 257 1172 293 imperatori
1194 261 1381 295 persuaserint
1405 266 1434 288 ιιι
1465 261 1561 288 Arium
1581 263 1608 288 et
1628 258 1763 287 Euzoium
1783 258 1809 286 in

168 307 346 336 conspectum
364 310 444 330 suum
467 304 560 331 venire
578 308 729 338 pateretur,
752 312 826 331 nunc
852 309 960 339 tempus
978 309 1021 332 οιςι
1035 314 1263 335 commemorare.

440 362 496 397 eo
513 362 588 389 CAP.
610 362 691 390 xxv.

1308 369 1432 395 ΚΕΦΔΛ.
1460 369 1522 396 KE’.

206 406 245 433 De
267 407 426 442 presbytero,
448 408 493 442 qui
524 416 633 443 operam
657 410 762 436 navavit
792 415 821 436 ut
849 410 929 437 Arius

1058 413 1088 447 ρὶ
1099 413 1152 440 τοῦ
1169 414 1385 448 πρεσϐυτέρου,
1413 414 1466 441 τοῦ
1481 413 1717 444 σπουδάσαντος
1742 412 1811 439 ἁνα-

478 447 656 470 reuocaretur.

208 487 490 529 Constantinugimp.
505 497 630 516 sororem
644 491 751 523 habuit,
769 491 879 518 nomine
894 490 966 518 Con-

172 534 309 561 stantiam.
322 534 411 569 Nupta
426 534 485 563 haec
500 535 567 563 olim
580 536 670 564 fuerat
689 537 808 569 Licinio,
823 537 872 572 qui
889 536 966 572 prius

171 579 281 614 quidem
302 588 356 607 una
370 588 433 607 cum
446 581 628 610 Constantino
642 583 825 618 imperaverat
841 602 850 614 .
869 587 966 617 postea

171 633 237 652 vero
252 625 286 653 ad
308 627 483 662 tyrannidem
496 629 652 664 prolapsus,
667 637 727 658 eam
743 629 780 656 ob
794 637 905 657 causam
926 629 967 656 in—

171 671 303 699 terfectus
315 677 368 713 est.
385 674 457 701 Huic
468 674 613 702 familiaris
625 679 685 703 erat
694 675 839 710 presbyter
854 674 967 710 quidam

171 717 279 745 Arianae
293 717 390 746 favens
409 724 508 753 sectae;
530 720 654 755 adeoque
669 721 742 748 inter
754 721 815 756 ejus
833 720 967 748 domesti-

172 770 220 789 cos
240 763 417 791 censebatur.
440 765 494 792 Iste
511 765 596 800 igitur
612 766 647 793 ab
669 766 790 794 Eusebio
805 770 834 793 et
854 766 970 801 reliquis

172 808 298 844 ejusdem
319 809 447 837 factionis
474 810 618 846 impulsus,
645 812 673 839 in
694 811 877 839 familiaribus
905 819 969 839 cum

173 853 333 882 Constantia
343 855 498 890 colloquiis,
509 864 665 884 sermonem
676 857 837 884 interseruit
845 856 879 885 de
886 857 967 890 Ario;

175 899 253 927 illum
266 900 369 936 injuria
384 901 513 928 affectum
526 909 586 930 esse
596 903 693 931 dicens
707 910 722 930 a
739 903 854 938 synodo,
871 910 923 931 nec
933 903 971 931 ita

175 945 279 973 sentire
300 950 331 974 ut
354 954 465 974 rumore
486 947 560 982 vuigi
584 947 734 976 ferebatur.
756 948 823 982 Quae
841 955 903 976 cum
918 956 969 977 au-

175 991 262 1019 disset
272 991 443 1024 Constantia,
460 993 624 1028 presbytero
648 995 762 1029 quidem
778 995 858 1024 facile
878 996 970 1024 credi-

175 1037 216 1064 dit
228 1046 234 1064 :
247 1037 296 1065 sed
311 1038 471 1073 imperatori
485 1039 578 1067 dicere
594 1040 708 1068 minime
723 1049 789 1074 ausa
799 1046 851 1070 est.
865 1042 971 1070 Accidit

175 1084 282 1112 interea
295 1089 324 1112 ut
334 1085 494 1114 Constantia
508 1086 537 1113 in
551 1095 663 1123 gravem
681 1089 808 1116 morbum
824 1090 967 1117 incideret.

175 1130 243 1158 Eam
259 1131 408 1167 imperator
421 1137 600 1168 aegrotantem
613 1133 722 1162 assidue
742 1135 887 1163 invisebat.
901 1135 970 1163 Cum

176 1181 269 1205 autem
299 1178 414 1206 morbus
439 1179 564 1213 quotidie
586 1179 802 1214 ingravesceret,
824 1185 853 1208 et
870 1181 970 1209 mulier

139 1224 141 1227 '
176 1226 295 1249 mortem
319 1223 376 1258 jam
406 1227 589 1258 exspectaret.
613 1225 774 1260 imperatori
796 1226 972 1254 commendat

176 1267 380 1302 presbyterum,
397 1267 562 1295 industriam
576 1270 636 1304 ejus
653 1278 685 1297 ac
703 1270 873 1305 religionem,
886 1271 971 1298 devo-

177 1315 288 1347 tamque
300 1312 434 1348 principis
451 1313 584 1349 obsequio
601 1313 682 1342 fidem
701 1323 733 1342 ac
749 1315 972 1344 benevolentiam

178 1357 339 1385 testimonio
372 1365 423 1385 suo
451 1358 625 1387 conﬁrmans.
650 1360 684 1387 Et
706 1360 750 1387 illa
774 1360 887 1395 quidem
918 1368 974 1388 non

178 1403 266 1430 multo
283 1408 344 1439 post
356 1404 412 1431 fato
425 1403 520 1431 functa
534 1408 587 1432 est.
608 1405 755 1440 Presbyter
765 1413 830 1433 vero
844 1406 917 1433 inter
932 1405 973 1432 fa-

179 1449 378 1478 miliarissimos
403 1450 580 1486 imperatoris
602 1450 734 1486 deinceps
760 1451 857 1479 haberi
880 1451 972 1487 coepit.

179 1495 231 1529 Qui
245 1496 374 1530 paulatim
387 1497 517 1532 majorem
527 1500 625 1524 nactus
633 1497 836 1529 auctoritatem,
847 1497 974 1525 eumdem

180 1541 214 1568 dc
227 1541 293 1569 Ario
308 1549 464 1571 sermonem
478 1542 599 1577 suggerit
614 1543 785 1577 imperatori,
801 1550 883 1578 quem
896 1546 988 1571 antea

180 1595 242 1614 cum
264 1595 358 1615 sorore
385 1588 446 1623 ejus
468 1588 616 1619 habuerat,
637 1588 734 1615 Arium
758 1588 896 1617 alﬁrmans
920 1597 975 1617 non

180 1633 254 1660 aliud
271 1634 375 1661 sentire
387 1641 470 1668 quam
481 1633 556 1668 quod
569 1641 585 1660 a
593 1634 698 1668 synodo
710 1634 852 1662 decretum
860 1635 974 1667 fuisset;

181 1679 243 1706 etsi
260 1679 288 1705 in
300 1683 481 1714 conspectum
494 1679 582 1714 ipsius
597 1679 802 1712 admitteretur,
817 1680 914 1716 synodi
929 1681 977 1708 de-

1251 449 1403 483 κληθῆναι
1433 451 1556 483 Ἀρειον.

1052 493 1107 521 Ἦν
1125 495 1227 530 ἀδελφὴ
1251 495 1290 531 τῷ
1318 495 1424 531 βασιλεῖ
1450 495 1664 530 Κωνσταντίνῳ,
1694 493 1812 528 τοῦνομα

1018 541 1204 567 Κωνσταντία.
1225 540 1295 576 Γυνὴ
1308 541 1336 571 δὲ
1353 541 1474 575 ἐγεγόνει
1486 539 1632 572 Λικιννίου,
1649 538 1699 565 τοῦ
1714 538 1807 573 7:961:-

1019 595 1064 621 ρον
1079 586 1128 621 μὲν
1140 586 1406 621 συμϐασιλεύσαντος
1418 586 1492 621 αὐτῷ
1503 585 1711 620 Κωνσταντίνῳ,
1729 593 1810 619 μετα-

1017 631 1103 657 ταῦτα
1117 632 1145 658 δὲ
1158 632 1387 666 τυραννήσαντος,
1412 631 1460 658 καὶ
1477 629 1599 657 διατοῦτο
1610 629 1811 664 ἀναιρεθέντος.

1018 676 1112 713 Ταύτῃ
1127 676 1313 712 πρεσϐύτερός
1329 685 1370 708 τις
1391 676 1430 711 τῷ
1451 675 1596 712 ’Δρειανῶν
1614 675 1813 710 προσκείμενος

1018 720 1144 754 δόγματι,
1161 720 1298 755 γνώριμος
1308 718 1353 755 ἦν,
1374 720 1421 747 καὶ
1435 721 1464 746 ὲν
1475 721 1530 751 τοῖς
1543 721 1654 750 οἰκείοις
1673 720 1813 746 ἐτάττετο.

1026 766 1222 798 ’Υποὸαλόντος
1235 764 1281 793 οὖν
1293 766 1424 793 Εὑσεϐίου
1439 766 1549 793 καὶτῶν
1561 767 1608 792 σὺν
1621 766 1706 801 αὐτῷ,
1719 766 1815 799 λόγους

1020 813 1084 848 περὶ
1103 812 1208 848 Ἀρείου
1220 812 1288 848 πρὸς
1303 811 1352 848 τὴν
1366 814 1483 847 γυναῖκα
1495 812 1693 847 παρέσπειρεν,
1718 811 1814 846 ἠδικῆ-

1021 859 1082 886 σθαι
1097 858 1209 893 φάσκων
1224 858 1304 885 αὑτὸν
1316 859 1368 885 ὑπὸ
1384 859 1433 893 τῆς
1447 857 1567 890 συνόδου,
1587 858 1634 884 καὶ
1651 857 1688 893 μὴ
1703 858 1814 891 φρονεῖν

1020 904 1058 936 ὡς
1081 903 1145 938 περὶ
1166 902 1248 930 αὑτοῦ
1274 903 1353 937 λόγος
1383 902 1502 938 κατέχει.
1527 902 1620 929 Ταῦτα
1642 902 1813 936 ἀκούσασαή

1021 947 1208 980 Κωνσταντία,
1231 947 1270 982 τῷ
1288 947 1337 982 μὲν
1359 947 1536 983 πρεσϐυτέρῳ
1552 948 1696 974 ἐπίστευσε
1710 955 1717 962 ·
1735 946 1774 982 τῷ
1788 946 1816 973 at

1023 993 1126 1028 βασιλεῖ
1140 993 1231 1027 λέγειν
1244 993 1294 1019 οὐκ
1305 993 1415 1028 ἐτόλμα,
1425 993 1572 1028 Συμὸαίνει
1587 993 1615 1019 δὲ
1627 992 1733 1028 χαλεπῇ
1746 993 1816 1026 νόσῳ

1023 1040 1180 1075 περιπεσεῖν
1189 1038 1240 1074 τὴν
1252 1039 1456 1065 Κωνσταντίαν.
1473 1038 1502 1064 '0
1512 1038 1539 1064 δὲ
1553 1037 1679 1073 βασιλεὺς
1695 1038 1815 1072 συνεχῶς

1021 1084 1216 1120 ἀρρωστοῦσαν
1231 1083 1317 1119 αὐτὴν
1328 1083 1524 1111 ἐπεσκέπτετο.
1545 1083 1655 1119 Ἐίιτειδὴ
1670 1082 1698 1109 δὲ
1716 1083 1733 1118 η
1747 1082 1815 1116 γυνὴ

1022 1131 1054 1157 ὲκ
1067 1130 1115 1165 τῆς
1127 1130 1204 1157 νόσου
1216 1129 1405 1165 χαλεπώτερον
1418 1129 1534 1165 διετέθη,
1545 1129 1672 1164 θνήσκειν
1685 1128 1713 1154 δὲ
1728 1136 1815 1163 προσ-

1022 1175 1111 1206 εδόκα,
1125 1175 1378 1210 παρακατατίθεται
1395 1175 1434 1210 τῷ
1450 1174 1555 1209 βασιλεί
1565 1175 1610 1201 τὸν
1618 1173 1815 1210 πρεσσύτερον,

1024 1220 1202 1258 μαρτυροῦσα
1213 1221 1286 1256 αὐτῷ
1304 1221 1420 1255 σπουδὴν
1432 1221 1481 1248 καὶ
1491 1220 1644 1252 εὐλάϐειαν,
1660 1220 1708 1247 καὶ
1723 1220 1761 1251 ὡς
1776 1219 1817 1246 εὓ-

1023 1275 1083 1298 νους
1098 1266 1140 1301 εἴη
1159 1267 1222 1302 περὶ
1235 1266 1284 1302 τὴν
1304 1266 1442 1301 βασιλείαν
1458 1265 1551 1293 αὑτοῦ.
1581 1266 1612 1292 Ἡ
1630 1265 1680 1300 μὲν
1693 1262 1741 1292 οὖν
1757 1266 1816 1300 μετ’

1023 1312 1052 1338 οὐ
1065 1312 1130 1338 πολὺ
1140 1311 1275 1346 τεθνήκει.
1293 1312 1322 1338 ’0
1331 1312 1359 1338 δὲ
1371 1312 1557 1348 πρεσσύτερος
1572 1312 1600 1338 ὲν
1615 1313 1671 1343 τοῖς
1681 1311 1816 1338 οἰκειοτά-

1023 1365 1079 1388 τοις
1095 1356 1142 1383 τοῦ
1162 1356 1294 1391 βασιλέως
1314 1357 1449 1384 ἐτάττετο,
1466 1357 1521 1383 Καὶ
1541 1357 1573 1392 δὴ
1591 1356 1752 1392 καταϐραχὺ
1768 1356 1817 1391 τὴν

1025 1402 1180 1438 παρρησίαν
1202 1403 1334 1438 αὐξήσας,
1359 1403 1423 1434 τοὺς
1439 1403 1539 1435 αὐτοὺς
1567 1403 1696 1438 ἀναφέρει
1721 1402 1817 1437 λόγους

1025 1449 1089 1484 περὶ
1105 1448 1151 1475 τοῦ
1170 1449 1274 1485 Ἀρείου
1290 1449 1330 1484 τῷ
1344 1449 1465 1484 βασιλεί,
1487 1447 1527 1481 οἷς
1550 1449 1618 1484 πρὸς
1632 1449 1684 1484 τὴν
1698 1449 1817 1483 ἀδελφὴν

1025 1494 1162 1530 ἐχρήσατο
1195 1495 1341 1530 πρότεροψ
1378 1495 1490 1528 φάσκων
1519 1495 1556 1530 μὴ
1583 1495 1671 1526 ἄλλως
1704 1496 1817 1530 φρονεῖν

1027 1541 1135 1574 Ἀρειον
1145 1560 1152 1573 ,
1164 1540 1180 1575 ἢ
1195 1540 1251 1576 δτῇ
1268 1540 1368 1575 συνόδῳ
1381 1540 1470 1572 δοκεῖ,
1483 1540 1594 1567 ἐλθόντα
1610 1549 1640 1567 τε
1655 1541 1738 1567 αὐτὸν
1746 1541 1818 1567 κατὰ

1026 1587 1182 1622 πρόσωπον,
1200 1585 1369 1613 συντίθεσθαι
1384 1586 1499 1618 τούτοις,
1513 1586 1559 1613 καὶ
1572 1586 1608 1622 μὴ
1622 1586 1728 1620 ἀλόγως
1742 1595 1818 1613 συκο-

1026 1632 1185 1667 φαντεῖσθαι
1194 1632 1300 1664 τούτοις
1314 1632 1381 1667 (35).
1393 1631 1462 1659 Ξένα
1475 1633 1672 1667 καταφαίνεται
1690 1632 1730 1667 τῷ
1743 1633 1819 1667 βασι-

1026 1679 1068 1706 λεῖ
1090 1679 1124 1705 τὰ
1140 1677 1215 1714 παρὰ
1238 1677 1286 1704 τοῦ
1319 1677 1506 1713 πρεσὸυτέρου
1533 1678 1685 1713 λεγόμενα·
1715 1679 1761 1705 καὶ
1787 1678 1818 1704 Et

181 1724 265 1751 cretis
283 1723 500 1752 εοιιεθιιδιιηιιιιί
500 1732 578 1756 esse,
600 1728 627 1752 et
646 1725 705 1752 sine
725 1733 807 1752 causa
827 1734 890 1753 eum
906 1726 972 1754 falso

1058 1733 1147 1760 .ρειος,
1159 1724 1223 1760 ἔφη,
1238 1723 1389 1751 συντίθεται
1403 1726 1436 1760 τῇ
1449 1724 1559 1760 συνόδῳ,
1570 1725 1618 1751 καὶ
1632 1725 1656 1751 εἰ
1667 1725 1700 1751 τὰ
1710 1725 1818 1758 ἐκείνης

183 1769 344 1797 insimulari.
365 1769 441 1796 Nova
459 1773 542 1804 atque
557 1769 719 1797 admiranda
738 1770 896 1805 imperatori
914 1772 972 1799 visa

1027 1771 1130 1805 φρονεῖ,
1148 1769 1257 1805 δέξομαί
1265 1778 1293 1796 τε
1306 1770 1387 1796 αὑτὸν
1403 1771 1442 1801 είς
1458 1770 1613 1804 πρόσωπον,
1631 1771 1677 1796 καὶ
1691 1770 1741 1796 σὺν
1751 1771 1817 1805 τιμῇ

182 1820 247 1842 sunt
267 1823 329 1850 quae
344 1823 360 1843 a
382 1816 546 1851 presbytero
566 1815 740 1844 dicebantur.
765 1816 810 1844 Sic
826 1817 909 1852 igitur
927 1817 972 1844 ille

1058 1815 1162 1850 πέμψω
1177 1815 1223 1841 ἐπὶ
1244 1815 1293 1849 τὴν
1315 1814 1526 1850 Ἀλεξάνδρειαν.
1550 1814 1643 1842 Ταῦτα
1658 1815 1747 1849 ἔλεγε,
1772 1816 1819 1841 καὶ

181 1860 323 1894 respondit
336 1860 513 1896 presbytero:
530 1860 558 1888 Si
568 1861 650 1888 Arius
660 1861 780 1889 decretis
795 1862 892 1897 synodi
907 1862 973 1890 sub-

1027 1861 1126 1888 αὑτίκα
1140 1860 1208 1896 πρὸς
1225 1861 1306 1888 αὑτὸν
1322 1861 1424 1896 ἔγραφε
1436 1861 1499 1888 τάδε
1509 1868 1516 1875 ·

181 1906 286 1938 scribit,
306 1910 334 1933 et
349 1906 445 1934 eadem
461 1908 545 1935 sentit
568 1915 631 1936 cum
666 1909 780 1944 synodo,
806 1917 871 1936 eum
892 1911 921 1936 in
940 1913 1116 1944 conspectum
1132 1916 1223 1936 meum
1245 1908 1387 1936 admittam
1405 1909 1504 1942 libens,
1529 1912 1557 1936 et
1571 1915 1633 1936 cum
1652 1907 1760 1935 honore
1774 1915 1818 1935 re-

182 1952 286 1979 mittam
299 1952 501 1980 Alexandriam.
515 1953 578 1982 Hzec
589 1954 708 1987 loeutus,
724 1955 869 1983 confestim
885 1956 919 1983 ad
933 1956 1009 1983 illum
1027 1954 1138 1990 scripsit
1150 1955 1177 1982 in
1190 1955 1263 1982 hunc
1276 1954 1387 1982 modum
1403 1964 1410 1981 ;

269 2006 354 2034 Victor
376 2007 575 2070 Constantinus;
593 2008 736 2050 Maximus.
756 2010 900 2045 Augustus,

578 2052 626 2070 rw.

578 2052 626 2070 ηο.

217 2086 385 2122 Iampridem
406 2088 533 2123 gravitati
555 2092 608 2116 tuae
626 2089 810 2124 significatum
823 2095 875 2123 est,
897 2096 927 2118 ut
943 2091 978 2118 ad

183 2133 344 2160 comitatum
361 2137 486 2160 nostrum
499 2134 620 2166 venires,
640 2143 694 2170 quo
713 2137 862 2171 maiestatis
877 2142 977 2164 nostrae

183 2179 333 2210 conspectu
348 2175 452 2211 perfrui
468 2184 573 2211 posses.
593 2177 646 2205 Sed
659 2179 753 2206 mirari
765 2180 831 2207 satis
846 2188 900 2208 non
911 2189 976 2216 pos-

183 2228 279 2247 sumus
301 2220 376 2255 quod
400 2221 545 2248 confestim
570 2222 598 2248 id
627 2230 682 2250 non
706 2225 876 2258 prmstiteris.
906 2226 978 2253 Con-

184 2272 281 2292 scenso
294 2265 378 2300 igitur
390 2265 520 2293 vehiculo
541 2266 663 2301 publico,
681 2267 716 2294 ad
742 2269 902 2297 comitatum
924 2279 976 2299 no-

184 2314 272 2337 strum
291 2311 387 2338 venire
409 2312 544 2347 accelera,
568 2315 598 2339 ut
616 2316 736 2340 nostram
754 2314 928 2344 clementiam
945 2325 978 2345 ac

186 2356 395 2384 beneﬁcentiam
418 2361 559 2391 expertus,
581 2357 610 2384 in
631 2360 746 2393 patriam
762 2361 863 2388 reverti
876 2363 974 2396 possis.

186 2395 320 2428 Divinifas
338 2406 364 2428 te
388 2405 490 2434 servet,
511 2402 598 2430 frater
615 2404 802 2433 dilectissime.
824 2395 891 2435 Data
914 2411 976 2435 ante

1030 2010 1163 2045 Νικητὴς
1184 2011 1412 2072 Κωνσταντῖνῗξ·
1422 2032 1428 2043 ,
1444 2010 1603 2072 [Μέγιστος
1617 2031 1623 2043 ,
1655 2010 1818 2043 Σεϐαστὸς,

1410 2054 1442 2072 οε
1455 2054 1487 2072 ω.

1383 2047 1487 2080 Ἀρείῳ.

1064 2092 1151 2118 Πάλαι
1167 2092 1216 2127 μὲν
1236 2091 1356 2127 ἐδηλώθη
1381 2093 1414 2127 τῇ
1432 2092 1589 2128 στερρότητι
1609 2100 1667 2124 σου,
1695 2092 1769 2122 ὅπως
1786 2092 1818 2118 ἂν

1027 2138 1067 2168 είς
1079 2137 1109 2164 τὺ
1120 2138 1185 2172 ἐμὸν
1203 2137 1384 2172 στρατόπεδον
1408 2137 1526 2172 ἀφίκοιο,
1551 2138 1596 2164 ἵνα
1614 2138 1664 2173 τῆς
1681 2137 1819 2173 ἡμετέρας

1026 2183 1090 2214 θέας
1117 2183 1269 2210 ἀπολαῦσαι
1281 2183 1433 2219 δυνηθείης.
1451 2184 1634 2219 Θαυμάζομεν
1647 2184 1676 2210 δὲ
1692 2184 1794 2219 σφόδρα
1809 2203 1818 2215 ,

1029 2229 1066 2264 μὴ
1077 2229 1247 2264 παραχρῆμα
1260 2229 1338 2255 τοῦτο
1353 2229 1533 2264 πεποιηκότα.
1546 2229 1646 2265 Διόπερ
1656 2229 1705 2255 νῦν
1722 2229 1820 2261 ἐπιϐὰς

1026 2274 1163 2309 ὀχήματος
1191 2273 1340 2309 δημοσίου,
1368 2275 1408 2306 εἰς
1425 2275 1454 2301 τὸ
1482 2275 1614 2310 ἡμέτερον
1640 2275 1820 2310 στρατόπεδον

1027 2319 1173 2352 ἀφικέσθαι
1188 2319 1343 2355 ὲπείχθητι·
1356 2320 1430 2351 ὅπως
1446 2320 1478 2346 ἂν
1493 2321 1543 2355 τῆς
1555 2320 1619 2356 παρ’
1634 2321 1714 2356 ἡμῶν
1736 2321 1819 2356 εὐμε-

1027 2365 1100 2396 νείας
1118 2374 1147 2391 τε
1159 2365 1206 2391 καὶ
1221 2365 1380 2400 ἐπιμελείας
1388 2365 1488 2401 τυχὼν,
1504 2367 1550 2393 ἐπὶ
1564 2366 1614 2402 τὴν
1625 2367 1745 2402 πατρίδα
1768 2367 1819 2400 ἀφ-

1029 2410 1134 2437 ικέσθαι
1151 2411 1276 2446 δυνηθῇς.
1301 2412 1331 2438 ’0
1347 2411 1413 2443 Θεός
1431 2421 1460 2438 σε
1481 2412 1664 2447 διαφυλάττοι,
1683 2414 1817 2447 ἀγαπητέ.

786 2484 919 2512 VALESII
940 2485 1216 2517 ANNOTATIONES.

222 2522 284 2570 iii).
297 2522 540 2570 ’Ξῗίλέῇἐένέίῖτίθε
561 2528 816 2570 ίξρξίοφανῐεῖσίίαι
842 2531 971 2570 retirem-

1064 2533 1208 2570 presbyter
1224 2534 1270 2570 ille
1283 2535 1371 2570 gratia
1383 2539 1411 2562 et
1426 2535 1589 2563 auctoritate
1611 2539 1719 2563 tantum
1732 2537 1819 2564 valuit

185 2557 287 2586 Ultima
303 2566 356 2585 vox
366 2557 489 2587 delenda
501 2557 551 2587 est.
571 2557 657 2594 Quam
681 2563 764 2590 etiam
777 2564 834 2592 Leo
857 2557 973 2594 Allatius

185 2593 282 2634 deesse
299 2593 406 2634 monuit
419 2593 447 2621 in
464 2602 515 2628 suo
531 2595 634 2624 codice.
650 2597 703 2625 Sed
715 2603 808 2626 utrum
831 2604 894 2634 post
909 2593 972 2628 νει-ὲ

187 2629 250 2654 bum
265 2627 450 2667 συντίρεσβοιι,
466 2638 500 2658 an
527 2635 589 2665 post
606 2627 840 2666 συκοφαντεῖσθαι.
851 2627 973 2667 deesset,

186 2671 241 2704 non
255 2663 372 2690 notavit.
383 2662 616 2704 A'lterutro'certe
626 2667 667 2704 _in
680 2662 745 2695 loco
768 2669 906 2704 superﬂua
921 2662 972 2698 est:

186 2697 273 2724 Porro
287 2698 487 2739 “narrationem
512 2700 650 2739 istamﬂde
676 2697 835 2739 presbytero
861 2697 973 2738 Ariano,

186 2739 267 2770 queui
285 2732 444 2770 constantia
455 2734 575 2770 Augusta
591 2732 771 2765 Constantino
795 2739 873 2766 fratri
899 2732 976 2766 coni:

187 2767 336 2802 inendavit,
350 2767 442 2795 hausit
460 2767 587 2798 Socrates
601 2780 635 2798 ex
652 2772 743 2799 Rufini
759 2774 830 2800 libro
854 2774 970 2802 decimo.

187 2801 252 2842 Eam
269 2807 360 2842 tamen
373 2808 528 2842 suspectam
541 2806 646 2833 habeo:
664 2807 784 2841 primum
799 2809 864 2842 quia
887 2801 973 2836 Atha-

186 2837 461 2878 nasius,quiomrn’es_
480 2837 770 2878 Arianorumfrandes
791 2837 917 2878 detegere
941 2852 972 2871 ac

189 2871 332 2911 traducere
345 2873 498 2911 solet,_gcjus
511 2875 562 2911 rei
577 2877 703 2910 nuspiam
718 2878 843 2904 meminit
853 2871 973 2910 deinde

188 2908 252 2943 quia
276 2915 376 2938 nomen
400 2908 474 2937 illius
492 2908 647 2946 presbyteri
671 2908 873 2945 supprimitur:
896 2915 972 2947 atqui

1026 2568 1100 2608 apud
1111 2568 1334 2608 (_Ionstan_t_inum,
1349 2573 1587 2608 ut_testamentum
1601 2578 1683 2598 suum
1698 2572 1820 2599 moriens

1026 2603 1052 2630 ei
1066 2603 1202 2645 traderet,
1220 2603 1320 2645 dignus
1330 2605 1456 2645 profecto
1468 2605 1520 2632 fuit
1533 2607 1612 2645 cujus
1627 2613 1732 2645 nomen
1747 2614 1821 2645 coin-

1025 2643 1236 2676 memoraretur.
1245 2639 1337 2676 Ruﬁni
1346 2647 1422 2671 vero,
1431 2647 1492 2676 meo
1503 2639 1615 2675 quidem
1624 2641 1743 2676 judicio,
1753 2641 1821 2669 leris

1026 2677 1069 2700 est
1083 2674 1249 2715 auctoritas,
1267 2675 1375 2710 quippe
1391 2675 1438 2715 qui
1456 2674 1606 2715 Historiam
1625 2674 1708 2703 suam
1733 2677 1821 2711 negli-

1027 2712 1124 2743 genter
1135 2709 1504 2744 admodum'conscripserit,
1518 2719 1573 2738 non
1595 2719 1630 2738 ex
1651 2709 1818 2738 monumen-

1028 2743 1064 2770 tis
1076 2751 1168 2771 rerum
1182 2749 1330 2779 gestarum,
1344 2745 1392 2772 sed
1406 2743 1440 2772 ex
1455 2745 1587 2773 fabulosis
1599 2746 1817 2778 narrationibus,

1027 2782 1065 2809 et,
1080 2782 1108 2805 ut
1123 2779 1216 2806 Grazce
1231 2780 1331 2816 dicam,
1343 2781 1375 2816 tu
1390 2781 1639 2816 παρακουσμάτων.
1653 2781 1728 2808 Pene
1747 2781 1818 2808 omi—

1027 2821 1116 2850 seram
1132 2821 1245 2841 monere
1260 2815 1405 2842 delendam
1424 2815 1486 2843 esse
1501 2816 1553 2843 hoc
1565 2816 1625 2842 loco
1650 2816 1818 2850 particulam

1027 2848 1262 2886 negativamnPro
1284 2857 1337 2884 qua
1359 2849 1480 2878 Savilius
1501 2855 1529 2878 et
1547 2848 1818 2886 Christophorsonus

1027 2882 1119 2918 legunt
1132 2884 1177 2910 καὶ
1195 2884 1225 2919 δὴ
1239 2882 1352 2919 ἀλόῨως,
1368 2889 1421 2913 etc.
