1887 3058
165 105 215 134 171

882 107 1051 138 SOCRATIS

1748 112 1803 140 173

165 164 302 192 dicentem
323 163 453 191 audiisse.
473 162 620 191 Enimvero
638 163 784 191 maximam
798 164 854 191 vim
870 164 953 192 habet

1037 165 1132 198 εόπους.
1143 165 1223 193 Ἀλλὰ
1233 165 1288 200 γὰρ
1299 166 1384 202 ἰσχύει
1395 166 1506 203 διαϐολὴ
1517 166 1582 204 (60),
1592 168 1654 194 ὅταν
1666 169 1680 195 ὁ
1691 169 1803 196 διαϐάλ-

164 211 313 243 nalumnia,
326 211 373 238 ubi
386 210 438 238 fide
455 210 553 246 dignus
566 211 682 238 habetur
694 211 886 238 calumniator.
900 211 956 240 llac

166 257 272 285 ratione
286 257 491 285 circumventus
506 257 666 291 imperator,
685 260 714 283 ct
734 256 767 284 ad
790 256 955 292 indignatio-

164 312 228 332 nem
239 308 416 339 provocatus,
433 302 612 330 Athanasium
631 302 659 328 in
676 302 803 330 exsilium
814 303 955 338 relegavit,

165 355 194 378 et
204 350 305 378 Gallias
323 350 442 377 incolere
454 348 593 384 pratcepit.
608 348 678 375 Sunt
695 348 742 383 qui
766 348 859 376 dicant
872 349 957 384 impe-

165 401 286 423 ratorem
297 403 330 422 eo
341 394 455 422 consilio
467 393 540 420 istud
550 393 649 428 egisse,
662 397 692 419 ut
704 393 825 421 Ecclesia
840 393 873 420 ad
891 394 953 420 uni-

166 446 248 469 tatem
271 445 299 469 et
318 439 494 468 concordiam
516 443 709 472 revocaretur,
732 438 954 474 quandoquidem

166 488 329 516 Athanasius
341 487 543 515 communicare
556 494 619 513 cum
633 485 700 513 Ario
712 487 826 521 ejusque
839 490 958 514 sectato-

1004 213 1058 239 λων
1072 212 1226 246 ἀξιόπιστος
1277 213 1370 249 Τούτῳ
1379 214 1433 249 γὰρ
1442 215 1626 250 συναρπαγεὶς
1635 217 1649 242 ὁ
1661 215 1802 250 βασιλεὺς,

1005 258 1052 285 καὶ
1070 260 1109 290 είς
1132 259 1218 294 θυμὸν
1233 259 1337 294 ἀχθεὶς,
1358 260 1450 296 ὲξορῖᾳ
1469 261 1613 288 ὑποϐάλλει
1626 262 1672 288 τὸν
1688 262 1803 290 Ἀθανά-

1006 313 1062 331 σιον
1075 309 1100 337 1,
1117 305 1166 337 τὰς
1185 305 1300 338 Γαλλίας
1324 306 1456 338 κελεύσας
1479 308 1574 335 οἰκεῖν.
1590 309 1657 335 Φασὶ
1679 308 1709 335 δέ
1730 318 1801 341 τινες

1005 350 1085 377 τοῦτο
1101 352 1281 387 πεποιηκέναι
1292 352 1337 378 τὸν
1353 351 1474 386 βασιλέα,
1487 354 1581 389 σκοπῷ
1597 354 1644 381 τοῦ
1666 354 1802 390 ἑνωθῆναι

1006 397 1056 431 τὴν
1067 396 1241 432 Ἐκκλησίαν,
1253 398 1347 434 ἐπειδὴ
1360 399 1517 431 ’Λθανάσιος
1531 401 1618 436 πάντη
1638 401 1803 436 κοινωνῆσαι

1009 443 1064 474 τοῖς
1075 442 1139 478 περὶ
1154 443 1262 478 Ἀρειον
1277 444 1448 479 ὲξετρέπετο.
1466 445 1535 471 Ἀλλ’
1546 443 1621 478 οὗτος
1635 446 1685 482 μὲν
1698 447 1728 472 ὲν
1744 446 1804 482 Τρι-

1009 488 1086 523 ὂέρει
1103 489 1153 524 τῆς
1170 489 1286 521 Γαλλίας
1302 494 1313 508 ι
1329 489 1469 525 διήγαγεν.

164 536 240 564 ribus
258 542 372 570 prorsus
390 533 544 561 recusabat.
565 533 619 561 Sed
639 534 685 561 ille
706 534 818 569 quidem
840 534 867 561 in
886 534 954 562 urbe
973 535 1065 563 Gallias
1077 536 1205 564 Treveris
1216 542 1402 565 commoratus
1413 543 1464 565 est.

410 593 464 628 72
488 592 563 622 CAP.
589 593 709 621 xxxvi.

232 639 271 668 De
283 639 411 667 Marcello
424 639 536 674 Ancyra:
546 640 677 701 ῗῃίῗτορο,
697 644 720 666 et
740 640 772 666 de
783 639 887 667 Asteria

498 683 544 701 son
555 683 585 701 ns
599 684 625 701 a.

498 683 625 709 sap/usta.

196 721 326 758 Episcopi
344 729 412 749 vero
432 721 479 756 qui
499 721 737 756 Constantinopoli
760 727 956 755 convenerant,

163 769 321 797 Marcellum
334 776 445 804 quoque
457 768 616 802 episcopum
630 767 754 803 Ancyrae,
769 776 831 803 quae
843 769 957 796 minoris

163 815 275 843 Galatiae
288 814 384 842 civitas
396 818 448 846 est,
458 813 505 841 tali
518 813 552 840 de
565 821 647 841 causa
658 813 846 849 deposuerunt
857 824 862 842 ι
875 815 955 842 Aste-

164 862 222 889 rius
242 861 353 896 quidam
371 860 399 887 in
419 859 591 895 Cappadocia
612 865 699 888 artem
723 861 890 888 rhetoricam
906 861 956 889 do-

163 915 239 939 cens,
249 915 281 935 ea
289 907 394 938 relicta,
403 905 587 934 Christianam
599 906 759 942 religionem
769 907 891 942 profiteri
900 915 957 935 cm-

163 954 214 988 pit.
227 953 327 980 Libros
338 952 421 980 etiam
440 952 563 979 scribere
575 961 720 988 aggressus
735 958 777 981 est
794 954 841 989 qui
859 954 957 981 etiam-

162 1007 230 1027 num
247 999 384 1026 habentur
393 1018 401 1031 ,
413 998 515 1034 quibus
525 998 584 1026 Arii
596 998 694 1034 dogma
712 1000 864 1032 asserebat,
876 999 957 1027 Chri-

163 1050 236 1073 stum
254 1045 350 1073 dicens
370 1052 431 1072 esse
453 1044 584 1072 virtutem
607 1044 654 1072 Dei
677 1045 775 1072 eodem
796 1045 878 1073 modo
903 1053 958 1081 quo

163 1091 268 1118 locusta
280 1094 309 1118 et
321 1090 424 1117 brucus
437 1089 508 1125 apud
523 1089 641 1126 Moysem
656 1090 745 1118 virtus
756 1091 804 1118 Dei
816 1099 876 1118 esse
888 1091 958 1119 dici-

164 1142 210 1165 tur
220 1137 253 1170 “,
266 1136 376 1171 aliaque
388 1136 432 1164 his
440 1135 550 1164 similia.
561 1136 729 1164 Versabatur
742 1141 835 1164 autem
847 1137 959 1165 assidue

164 1185 237 1212 idem
249 1183 375 1212 Asterius
387 1191 449 1211 cum
463 1182 609 1218 episcopis,
624 1190 656 1210 ac
673 1183 809 1218 praecipue
825 1191 887 1211 cum
905 1183 960 1211 illis

164 1230 212 1265 qui
224 1229 382 1265 opinionem
394 1228 453 1255 Arii
470 1227 582 1255 minime
599 1227 772 1262 rejiciebant.
785 1226 856 1259 Quill
875 1227 958 1254 etiam

164 1276 200 1304 ad
218 1275 338 1311 synodos
355 1274 487 1310 frequens
498 1273 637 1305 ventabat,
655 1273 688 1300 ad
701 1272 889 1308 episcopatum
908 1281 958 1301 cu-

123 1312 130 1317 .
161 1321 282 1358 juspiam
294 1321 414 1349 civitatis
434 1319 548 1348 studens
568 1326 707 1354 al'rcpere.
728 1318 829 1345 Verum
851 1318 896 1346 ille
914 1327 958 1346 sa-

164 1366 320 1395 cerdotium
332 1365 445 1401 quidem
463 1364 576 1392 minime
594 1368 636 1391 est
654 1368 812 1396 assecutus,
832 1372 866 1390 eo
885 1364 959 1399 quod

164 1411 366 1446 persecutionis
391 1413 514 1444 tempore
538 1408 730 1436 saeriticasset.
758 1407 845 1435 Urbes
866 1413 958 1436 autem

1290 595 1417 622 ΚΕΦΑΛ.
1449 596 1517 629 [ις’.

1008 642 1077 677 Περὶ
1090 641 1268 676 Μαρκέλλου
1283 642 1336 670 τοῦ
1351 642 1492 682 Ἀγκύρας
1509 641 1565 673 σαὶ
1584 642 1736 676 Ἀστερίου
1751 642 1805 670 τοῦ

1324 686 1486 704 σοςτιστου.

1045 722 1074 749 Οἱ
1085 722 1113 749 δὲ
1126 723 1154 749 ἐν
1164 723 1368 749 Κωνσταντὶνου
1382 722 1457 748 πόλει
1467 722 1644 758 συναχθέντες
1656 723 1804 751 ἐπίσκοποι

975 785 995 812 Β
1009 769 1056 796 καὶ
1072 768 1231 804 Μάρκελλον
1250 768 1296 794 τὸν
1314 767 1450 804 Ἀγκύρας
1465 768 1515 803 τῆς
1529 768 1557 794 ἐν
1576 769 1662 804 μικρᾷ
1683 768 1804 804 Γαλατίᾳ

1009 813 1151 844 καθεῖλον,
1180 813 1213 840 δι’
1238 814 1329 840 αἰτίαν
1355 813 1495 849 τοιαύτην·
1519 814 1656 849 ’Λστέριὸς
1677 820 1690 834 ι
1710 823 1752 846 τις
1776 815 1804 841 ἐν

1009 859 1193 895 Καππαδοκίᾳ
1209 859 1369 895 σοφιστικὴν
1388 859 1499 895 μετιὼν,
1512 861 1562 896 τὴν
1577 861 1626 896 μὲν
1641 861 1804 888 κατέλειπε·

1009 906 1206 942 χριστιανίζειν
1222 906 1251 933 δὲ
1267 906 1462 941 ἐπηγγέλλετο.
1477 907 1630 942 Ἐπεχειρει
1652 907 1680 934 δὲ
1696 908 1743 934 καὶ
1761 908 1805 934 λό-

1009 959 1076 985 γους
1092 952 1277 986 συγγράφειν,
1302 952 1326 978 οἳ
1345 952 1426 987 μέχρι
1438 951 1486 979 νῦν
1507 953 1651 988 φέρονται,
1668 953 1701 979 δι’
1718 950 1756 980 ὧν
1775 953 1805 979 τὸ

1016 997 1122 1032 ’Δρείου
1154 997 1266 1033 συνίστη
1295 997 1399 1032 δόγμα,
1422 998 1466 1024 τὸν
1486 998 1603 1034 Χριστὸν
1626 999 1697 1025 οὕτω
1717 999 1804 1033 λέγων

1010 1039 1079 1069 εἶναι
1099 1042 1167 1069 Θεοῦ
1186 1043 1312 1078 δύναμιν,
1336 1044 1373 1076 ὡς
1395 1044 1501 1080 εἴρηται
1529 1045 1605 1080 παρὰ
1625 1045 1731 1080 Μιυῡσῇ
1755 1045 1804 1080 τὴν

1010 1088 1110 1124 ἀκρίδα
1121 1089 1168 1115 καὶ
1179 1088 1228 1124 τὴν
1239 1089 1353 1125 κάμπην
1368 1089 1481 1125 δύναμιν
1492 1088 1562 1116 εἷναι
1576 1090 1655 1123 Θεοῦ,
1665 1090 1712 1117 καὶ
1722 1092 1804 1127 ἕτερα

1009 1133 1114 1165 τούτοις
1130 1134 1319 1169 παραπλήσια.
1345 1135 1431 1169 Συνῆν
1451 1136 1480 1162 δὲ
1496 1137 1509 1163 ὁ
1529 1136 1667 1172 Ἀστέριος
1684 1138 1805 1173 συνεχῶς

1010 1179 1058 1206 καὶ
1079 1180 1135 1211 τοῖς
1150 1180 1321 1211 ἐπισκόποις,
1336 1181 1391 1212 τοῖς
1404 1181 1520 1216 μάλιστα
1531 1182 1581 1217 τὴν
1599 1182 1746 1218 Ἀρειανῶν
1760 1183 1804 1210 66-

1010 1225 1059 1258 ξαν
1076 1225 1113 1261 μὴ
1125 1224 1262 1252 ἁθετοῦσι.
1282 1227 1337 1252 Καὶ
1353 1226 1384 1260 δὴ
1409 1227 1449 1258 εὶς
1467 1227 1516 1259 τὰς
1534 1227 1659 1259 συνόδους
1684 1229 1804 1264 ἀπήντα,

1012 1271 1142 1298 ὑποδῦναι
1166 1272 1232 1307 μιᾶς
1256 1272 1357 1303 πόλεως
1383 1272 1536 1309 ἐπισκοπὴν
1565 1273 1803 1310 προθυμούμενος·

1011 1317 1068 1344 ἀλλ’
1085 1317 1236 1353 ἱερωσύνης
1254 1318 1304 1353 μὲν
1325 1317 1470 1354 ἠστόχησε,
1497 1319 1542 1346 διὰ.
1563 1319 1595 1346 τὸ
1616 1320 1804 1348 ὲπιτεθυκέναι

1011 1363 1082 1391 κατὰ
1094 1363 1139 1390 τὸν
1155 1364 1284 1398 διωγμόν.
1302 1364 1420 1400 Περιῐὼν
1441 1365 1470 1392 δὲ
1487 1366 1536 1398 τὰς
1552 1367 1580 1393 ἐν
1600 1367 1685 1402 Συρίᾳ
1701 1367 1804 1399 πόλεις,

1011 1409 1059 1440 οὓς
1076 1409 1205 1442 συνέταξε
1223 1409 1318 1443 λόγους
1341 1410 1514 1437 ἐπεδείκνυτο
1528 1411 1595 1446 (61).
1611 1412 1704 1439 Ταῦτα
1724 1414 1804 1446 γνοὺς

166 1457 252 1494 Syrias
270 1463 431 1492 peragrans,
443 1455 530 1482 libros
547 1462 617 1490 quos
635 1460 838 1489 composuerat,
852 1455 958 1490 publice

1043 1454 1204 1490 Μάρκελλος
1216 1455 1240 1487 δ,
1253 1455 1446 1491 ἀντιπράττειν
1465 1456 1538 1491 αὑτῷ
1550 1456 1719 1492 βουλόμενος,
1734 1457 1805 1484 κατᾶ

165 1503 310 1532 recitabat.
331 1502 389 1530 Hoc
408 1505 549 1537 comperto
569 1501 725 1533 Marcellus,
745 1509 807 1528 cum
828 1501 960 1530 adversus

166 1557 230 1577 eum
243 1549 325 1577 vellet
342 1548 475 1581 scribere,
490 1548 574 1575 nimia
588 1548 794 1576 contradicendi
808 1548 960 1584 cupiditate

166 1595 194 1622 in
206 1595 377 1624 contrarium
390 1602 512 1622 errorem
526 1595 655 1629 delapsus
666 1598 718 1622 est.
731 1594 872 1622 Christum
885 1595 959 1622 enim

167 1642 282 1678 perinde
298 1649 330 1670 ac
348 1641 450 1670 Paulus
469 1640 679 1673 Samosatensis,
695 1640 800 1668 nudum
819 1640 959 1668 hominem

203 1703 224 1719 ²¹
239 1701 326 1731 Exod.
343 1709 370 1734 ι,
391 1700 434 1728 12.

1012 1501 1160 1536 διάμετρον
1179 1501 1246 1527 πολὺ
1262 1501 1317 1536 (6‘2)
1335 1503 1374 1532 εἰς
1394 1502 1424 1528 τὸ
1441 1502 1560 1528 ἐναντίον
1576 1502 1694 1536 ἐξέπεσε
1720 1503 1806 1530 Ψιλὸν

1013 1549 1068 1582 γὰρ
1081 1547 1223 1582 ἄνθρωπον
1234 1547 1270 1579 ὼς
1281 1548 1295 1574 ὁ
1311 1548 1486 1583 Σαμοσατεὺς
1501 1548 1648 1583 ἐτόλμησεν
1660 1550 1748 1576 εἰπεῖν
1759 1550 1804 1576 τὸν

1014 1593 1142 1629 Χριστόν.
1169 1592 1263 1620 Ταῦτα
1282 1593 1393 1627 γνόντες
1417 1595 1442 1620 οἰ
1470 1594 1530 1621 τότε
1550 1595 1578 1620 ὲν
1609 1587 1806 1631 Ἰεροσολύμοις

1015 1639 1196 1671 συνελθόντες,
1228 1639 1366 1675 ’Δστερίου
1383 1639 1432 1674 μὲν
1459 1640 1552 1667 οὐδένα
1571 1640 1649 1675 λόγον
1675 1640 1803 1673 ἐτίθεντο,

770 1746 905 1774 VALESII
923 1746 1198 1776 ANNOTATIONES.

205 1793 366 1831 (60)“.le
379 1792 434 1831 γὰρ
451 1792 549 1831 (plus;
561 1791 797 1831 dra6o_.1ri._Codex
811 1792 901 1831 Allatii
916 1801 963 1831 vo:

169 1827 229 1859 cem
243 1827 289 1860 hic
300 1828 441 1856 interserit
458 1827 526 1854 ἀλλὰ
543 1827 597 1862 γὰρ
614 1827 684 1862 μέγα
702 1827 798 1862 ἰσχύει,
817 1832 869 1854 etc.
884 1827 961 1860 Quod

170 1874 224 1894 non
235 1864 372 1900 displicet.
389 1863 473 1891 Paulo
488 1867 550 1898 post
561 1863 672 1889 mallem
689 1863 780 1897 legere
791 1862 879 1898 τούτῳ
897 1862 962 1896 γοῦν

172 1899 370 1934 συναρπαγείς,
388 1903 441 1926 etc.

198 1932 253 1972 (61)
331 1933 480 1972 συζέταξε
493 1933 604 1972 ,λζᾴγους
614 1932 818 1972 ἐξιεδείκγυτοἶ
839 1932 962 1972 Athana-

169 1967 228 1999 sius
244 1967 272 1998 in
286 1970 356 1997 libro
372 1969 410 1996 De
431 1967 551 2004 synodis,
568 1968 607 2004 ait
631 1968 706 2004 hunc
731 1967 869 1995 Asterium
887 1968 959 2004 inter

170 2007 287 2034 clericos
298 2003 451 2032 sedentem
463 2004 492 2031 in
506 2003 633 2035 ecclesia,
655 2003 741 2031 libros
758 2011 823 2030 suos
849 2003 958 2038 publice

170 2042 308 2069 recitasse.

1048 1794 1103 1828 (62)
1117 1795 1198 1821 Κατὰ
1210 1793 1369 1827 διάμετρον
1382 1792 1488 1823 πολύς,
1502 1797 1556 1819 etc.
1571 1793 1600 1820 lu
1618 1793 1757 1823 Sfortiano
1776 1800 1804 1823 et

1011 1827 1148 1856 Allatiano
1168 1829 1264 1857 codice
1286 1828 1387 1863 legitur
1414 1827 1491 1854 πολύ.
1520 1828 1691 1863 Epiphanius
1711 1835 1804 1858 autem

1012 1863 1200 1891 Scholasticus
1216 1863 1314 1898 legisse
1333 1863 1442 1890 videtur
1465 1863 1508 1899 digit
1528 1865 1702 1899 τὸηᾶμετρον
1724 1866 1802 1893 πολύ.

1012 1899 1100 1926 Vertit
1112 1899 1185 1926 enim
1201 1907 1207 1925 :
1224 1899 1286 1926 Ηαεε
1305 1906 1448 1933 agnoscens
1466 1898 1619 1930 Marcellus,
1639 1898 1731 1927 contra
1746 1909 1804 1928 eum

1011 1934 1123 1961 scribere
1141 1934 1248 1965 volens.
1273 1941 1426 1960 mensuram
1458 1934 1655 1960 rontrarietatis
1684 1937 1802 1964 excessit.

1012 1968 1064 1996 Ubi
1077 1969 1155 1997 vides
1165 1978 1216 2004 pro
1230 1969 1423 2004 ἀντιπράττειν
1437 1968 1623 2004 Epiphanium
1636 1969 1737 2004 legisse
1757 1972 1803 1997 ἁν-

1011 2003 1224 2039 τισυγγράφειν,
1246 2011 1302 2039 quo
1325 2003 1407 2030 modo
1431 2003 1514 2030 etiam
1542 2003 1569 2029 in
1593 2003 1688 2031 codice
1711 2005 1804 2033 Allatii

1014 2039 1147 2074 scriptum
1164 2039 1290 2066 habetur.

885 2099 1076 2128 VARIORUM.

170 2155 267 2183 scopos
296 2146 437 2183 Athanasii
465 2151 637 2174 accusatores
661 2147 733 2182 apud
763 2147 957 2182 imperatorem
975 2150 995 2177 D
1011 2148 1116 2175 Gallis:
1144 2148 1223 2182 cujus
1249 2146 1488 2183 archiepiscopus
1511 2145 1586 2183 inter
1605 2150 1670 2183 octo
1695 2147 1804 2182 imperii

171 2182 255 2210 fuisse
272 2182 374 2216 refert;
388 2183 466 2218 cujus
485 2187 742 2218 erroremisecutus
754 2187 796 2209 est
809 2182 953 2209 Baronius.

170 2217 319 2246 Enimvero
334 2221 441 2245 constat
454 2225 488 2245 ex
503 2225 598 2253 eorum
613 2217 735 2252 Epistola
748 2218 782 2244 ad
796 2217 955 2253 Dionysium

171 2253 310 2285 comitem,
319 2252 449 2280 Athanas.
460 2252 571 2288 Apolog.
579 2256 672 2280 contra
680 2253 807 2288 Arianos,
819 2260 880 2288 pag.
894 2252 954 2284 196,

171 2295 218 2315 eos
229 2287 371 2316 Athanasii
386 2289 510 2323 partibus
533 2287 658 2315 addictos
674 2288 769 2315 fuisse.
785 2287 835 2322 (Cl.
860 2295 954 2323 mona-

171 2323 216 2350 chi
231 2322 402 2351 Benedictirii
415 2323 489 2351 notis
502 2323 530 2350 in
550 2323 681 2351 Athanas.
697 2323 752 2350 vol.
771 2323 792 2353 Ι,
807 2329 868 2357 pag.
881 2322 956 2357 205.)

206 2362 222 2382 1
253 2359 366 2392 Ἐξορίᾳ
386 2359 551 2386 ὑποϐάλλει
577 2359 631 2385 τὸν
660 2356 852 2392 Ἀθανάσιονζ
872 2356 957 2384 Cele-

171 2393 261 2430 brate
275 2391 474 2430 hujusrsynodi
487 2393 737 2430 Cpnstantinopoli.
753 2391 891 2430 simulque
908 2399 957 2430 ex-

171 2428 226 2466 silii
242 2426 521 2466 Athanasio'irrogati
537 2433 645 2466 tempus
659 2426 765 2466 deduco
789 2433 823 2466 ex
842 2426 957 2466 epistola

171 2463 342 2502 Constantini
354 2460 520 2502 {uilioris'ad
533 2460 664 2502 populum
677 2460 960 2502 Alexandrinmnjip—

172 2499 213 2526 fra
221 2499 270 2526 lib.
282 2507 311 2532 ιι,
322 2508 346 2527 c.
359 2499 399 2534 5),
407 2499 518 2534 quando
525 2497 705 2526 Athanasium
702 2497 812 2534 __patr_ia_:
827 2497 958 2534 restituit,

171 2542 244 2562 anno
268 2535 332 2562 Chr.
354 2531 425 2562 338C
441 2535 510 2562 Data
536 2533 610 2561 enim
636 2536 679 2559 est
702 2531 826 2559 Treviris
850 2539 884 2558 xv
899 2531 957 2559 Kal.

171 2568 238 2602 Jul.,
264 2574 293 2597 ιιι
322 2570 401 2598 docet
428 2568 592 2597 Athanasius
621 2567 649 2594 in
672 2566 783 2602 Apolog.
812 2566 880 2594 Cum
910 2567 960 2594 ita-

171 2612 236 2666 que,
248 2605 416 2633 Theodorito
434 2609 514 2636 teste,
529 2603 579 2631 lib.
603 2609 633 2634 ιι,
649 2609 709 2637 cap.
728 2601 759 2642 _l,
783 2606 847 2636 post
873 2610 961 2631 annos

190 2647 242 2666 uos
254 2646 282 2666 et
292 2642 400 2666 md‘nses
413 2643 530 2666 quatuor
544 2637 708 2665 Athanasius
727 2645 755 2666 tn
774 2644 851 2664 suam
864 2637 960 2665 Eccle-

190 2647 242 2667 uos
254 2646 282 2669 et
292 2642 400 2669 menses
413 2643 530 2674 quatuor
544 2637 708 2665 Athanasius
724 2637 756 2674 in
763 2644 851 2674 _suam
864 2637 960 2674 Eccle-

171 2675 240 2703 siam
255 2676 388 2703 remissus
403 2671 497 2706 fuerit,
511 2676 624 2708 apparet
637 2679 709 2699 anno
724 2671 785 2704 556,
799 2680 893 2700 mense
906 2672 960 2708 cir-

171 2710 241 2750 cite_r
253 2711 415 2750 Februario,
436 2709 512 2750 hanc.
519 2707 653 2750 synodum
667 2711 810 2750 (coactam,
824 2712 853 2750 et
875 2707 961 2750 Atha-

170 2746 280 2773 nasium
300 2744 473 2780 Constantini
486 2744 522 2780 VM.
531 2741 609 2780 jussu
621 2743 650 2780 _in
666 2741 780 2770 Galliam
798 2743 960 2778 relegatum.

172 2780 246 2815 (Ant.
262 2781 325 2816 Pagi
339 2780 373 2807 ad
385 2788 454 2816 ann.
467 2777 569 2816 556,ἰι.
590 2777 630 2816 4.)

208 2820 220 2834 ι
245 2812 436 2850 ἘνΤριεέρει
449 2814 504 2848 τῆς
516 2814 661 2847 PaL/Hac.
682 2812 801 2850 Treviri,
817 2813 890 2850 urbs
897 2813 961 2841 Gal-

168 2850 215 2881 li:
230 2848 355 2886 Belgicae,
367 2848 441 2880 nunc
454 2851 529 2879 Ti‘ier
549 2849 646 2878 incolis
661 2852 689 2877 et
704 2848 859 2881 Germanis,
870 2848 963 2876 Τνὲνει

1010 2183 1144 2210 elcctores
1156 2181 1308 2209 secundum
1322 2182 1411 2208 locum
1432 2181 1547 2217 obtinet.
1566 2181 1637 2208 Urbs
1649 2186 1690 2209 est
1713 2181 1804 2217 ampla

1011 2221 1039 2244 et
1066 2217 1257 2251 antiquissima
1287 2217 1411 2243 omnium
1440 2216 1551 2243 urbium
1581 2216 1803 2251 Europmarum;

1009 2253 1095 2279 Roma
1108 2253 1195 2279 multo
1206 2252 1357 2286 antiquior,
1371 2252 1420 2279 sed
1432 2252 1503 2278 male
1517 2251 1600 2284 culta,
1616 2252 1650 2279 ad
1663 2252 1804 2280 Mosellam

1009 2287 1133 2314 ﬂuvium.
1150 2286 1323 2320 (ΒΑυυιιΑκιι.)

1044 2328 1057 2342 ι
1077 2321 1230 2355 Ἀστέριος.
1244 2321 1380 2353 Asterius,
1391 2321 1565 2349 Christianus
1577 2321 1675 2355 factus,
1688 2322 1803 2350 Luciani

1008 2356 1174 2384 Antiocheni
1205 2357 1325 2384 scholam
1354 2356 1554 2391 frequentavit;
1579 2358 1659 2392 cujus
1688 2358 1804 2392 proinde

1009 2391 1154 2427 discipulis
1172 2399 1245 2427 eum
1275 2396 1405 2419 accenset
1434 2391 1653 2427 Philostorgius,
1685 2391 1735 2419 lib.
1770 2401 1803 2425 ιι,

1009 2426 1141 2462 ρειιιζμ.
1167 2426 1225 2455 Sub
1242 2428 1437 2462 persecutione
1463 2426 1631 2459 Maximiani,
1653 2427 1705 2454 ﬁde
1721 2428 1805 2455 Chri-

1010 2463 1045 2489 sti
1059 2462 1203 2497 ahnegata,
1216 2462 1271 2489 diis
1285 2462 1430 2497 gentilium
1452 2462 1605 2489 immolavit
1619 2471 1624 2488 :
1645 2467 1739 2497 postea
1767 2467 1806 2490 ta-

1010 2505 1074 2524 men
1091 2497 1224 2532 magistro
1248 2497 1324 2524 illius
1346 2497 1539 2531 paenitentiam
1555 2502 1745 2532 promovente,
1764 2499 1804 2526 la-

1010 2539 1091 2567 psum
1119 2540 1199 2559 suum
1219 2533 1386 2560 emendavit.
1414 2532 1525 2559 Arianis
1548 2539 1578 2559 se
1599 2532 1733 2567 adjunxit,
1753 2533 1804 2567 ipsi

1009 2567 1075 2595 Ario
1092 2567 1245 2595 familiaris.
1268 2567 1376 2595 Claruit
1394 2567 1535 2602 pratcipue
1562 2567 1637 2594 circa
1658 2576 1723 2595 ann.
1740 2567 1803 2600 330,

1011 2610 1067 2637 quo
1085 2603 1198 2630 circiter
1220 2607 1344 2638 tempore
1357 2602 1599 2638 rediditfamosum
1618 2603 1685 2630 illud
1705 2602 1804 2638 Syma-

1010 2646 1084 2673 gma,
1097 2638 1177 2673 cujus
1189 2639 1270 2665 toties
1278 2637 1408 2665 meminit
1420 2637 1596 2670 Athanasius,
1608 2638 1637 2664 in
1647 2645 1702 2672 quo
1715 2637 1803 2672 palam

1010 2673 1140 2705 asseruit,
1162 2678 1260 2708 praeter
1273 2673 1415 2700 Christum
1435 2673 1517 2700 aliam
1540 2680 1600 2700 esse
1627 2673 1655 2700 in
1678 2673 1734 2700 Deo
1757 2673 1790 2701 Sa

1012 2708 1155 2770 pientiam,
1182 2708 1269 2743 ipsius
1291 2708 1395 2736 Christi
1421 2711 1449 2735 et
1472 2708 1568 2735 mundi
1598 2708 1803 2741 conditricem;

1024 2743 1112 2770 ‘ilium
1126 2751 1186 2770 esse
1204 2743 1251 2770 ἕνα
1265 2742 1320 2769 τῶν
1339 2743 1459 2770 πάντων.
1478 2743 1585 2770 πρῶτον
1605 2743 1633 2769 δὲ
1653 2743 1707 2770 τῶν
1723 2751 1803 2770 γεντι-

1024 2743 1112 2778 Filium
1126 2742 1251 2770 esse'éva.
1265 2742 1320 2769 τῶν
1339 2743 1459 2774 πάντων,
1478 2743 1585 2778 πρῶτον
1605 2743 1633 2769 δὲ
1653 2743 1707 2770 τῶν
1723 2751 1803 2777 γενη-

1013 2777 1076 2809 τῶν,
1093 2787 1177 2805 unum
1189 2786 1221 2805 ea:
1233 2786 1323 2805 rerum
1333 2777 1517 2809 universitate,
1532 2786 1622 2804 rerum
1645 2777 1705 2805 licet
1716 2779 1804 2805 condi?

1016 2814 1249 2855 taruanrimarn,
1266 2818 1319 2855 etc:
1340 2814 1422 2855 (cave
1438 2813 1478 2855 ad.
1491 2820 1554 2840 ann.
1571 2812 1632 2844 550,
1646 2821 1712 2855 ρειῆζ
1731 2813 1803 2855 .)

1052 2848 1066 2870 δ
1086 2848 1271 2884 mimum.
1289 2849 1443 2880 Marcellus.
1465 2848 1589 2884 Ancyrae,
1607 2857 1668 2884 quae.
1688 2848 1803 2876 Calatia:
