1887 3058
94 125 141 155 Ιπν

589 128 751 158 HISTORIA
769 129 1046 158 ECCLESIAS’I'ICA.
1067 146 1101 150 —
1120 130 1184 158 LIB.
1205 130 1226 157 Ι.

1668 131 1719 160 171

92 182 152 210 hui.
171 181 240 217 μηδὲ
257 183 299 215 εἰς
319 183 367 211 τὸν
380 183 530 219 κατάλογον
552 185 606 213 τῶν
625 186 719 221 ἱερέων
739 185 867 212 ἐτέτακτο

962 193 990 214 se
1008 194 1063 214 non
1079 186 1217 214 dubitavit
1236 193 1370 214 asserere.
1391 186 1470 220 Quod
1488 193 1550 215 eum
1569 185 1719 214 intellexis—

91 228 249 263 Μάρκελλον
272 229 302 255 δὲ
329 230 368 262 ὠς
395 230 541 266 ἱερωμένον
558 251 565 262 ,
591 231 669 265 λόγον
695 231 814 266 ἀπῄτουν
833 231 879 259 τοῦ

91 273 296 309 συγγραφέντος
319 275 395 310 αὺτῷ
412 275 514 310 βιϐλίου
537 275 603 311 (65).
631 277 674 308 Ὠς
698 276 727 303 δὲ
751 276 880 312 ηὕρισκον

89 319 171 346 αὑτὸν
183 320 218 346 τὰ
232 319 281 346 τοῦ
298 321 481 356 Σαμοσατέως
495 320 655 358 φρονοῦντα,
665 322 788 350 ἐκέλευον
800 323 880 349 αὐτὸν

90 362 257 398 μεταθέσθαι
284 364 334 399 τῆς
347 364 437 401 δόξης.
454 366 484 393 '0
505 366 534 393 δὲ
554 366 775 402 καταισχυνθεὶς,
796 368 881 402 ἐπηγ-

87 407 198 442 γέλλετο
223 409 410 437 κατακαύσειν
425 410 455 437 τὺ
480 411 592 446 βιϐλίον.
615 412 659 443 Ὠς
676 412 705 438 δὲ
727 413 828 448 σπουδῇ
846 413 881 439 δι-

86 456 170 492 ελύθη
187 458 202 484 ὸ
220 457 274 484 τῶν
291 458 448 485 ἐπισκόπων
466 458 603 493 σύλλογος,
625 458 672 486 τοῦ
696 459 827 494 βασιλέως
841 459 880 490 εἰς

85 503 136 539 τὴν
158 503 448 530 Κωνσταντινούπολιν
472 503 619 535 καλοῦντος
643 505 754 536 αὐτοὺς.
774 504 834 530 τοτε
849 504 880 539 δὴ

85 548 142 575 τῶν
157 549 225 583 περὶ
247 547 379 575 Εὐσέϐιον
403 549 433 575 ὲν
447 550 480 584 τῇ
499 549 703 577 Κωνσταντίνου
722 549 796 576 πόλει
811 558 880 585 παρ-

85 595 182 625 όντων,
197 591 276 625 αὖθις
288 594 323 620 τὰ
338 594 407 621 κατὰ
432 594 592 630 Μάρκελλον
607 595 774 630 ἀνεξητεῖτο.
794 595 837 626 Ὡς
852 595 881 621 δὲ

84 641 100 666 ὁ
110 639 275 675 Μάρκελλος
291 639 342 674 οὐχ
355 641 447 675 ᾑρεῖτο
464 640 638 666 κατακαῦσαι
661 640 732 667 καθὰ
748 640 882 676 ὑπέσχετο

86 685 137 721 τὴν
154 685 271 720 ἄκαιρον
293 685 463 720 συγγραφὴν,
484 686 509 712 οἱ
531 686 663 722 παρόντες
681 687 728 713 τὸν
747 687 795 721 μὲν
813 686 880 713 καθ-

89 730 174 763 εῖλον,
183 730 323 757 Βασίλειον
333 730 361 757 δὲ
373 731 429 757 ἀντ’
443 731 525 757 αὐτοῦ
540 732 580 762 εἰς
589 730 638 766 τὴν
647 732 786 766 Ἄγκυραν
800 730 846 757 ἐπε
851 740 881 766 μ-

85 776 151 810 ψαν.
178 776 261 803 Ἀλλὰ
284 776 364 802 τοῦτο
389 777 437 811 μὲν
457 777 487 803 τὸ
512 776 681 813 σύγγραμμα
699 776 828 807 Εὐσέϐιος
852 777 882 803 ἐν

84 822 160 858 τρισὶ
185 821 297 856 βιϐλίοις
317 821 475 857 ἀνέτρεψεν,
492 821 635 856 ἐξελέγξας
653 821 701 857 τὴν
723 821 881 854 κακοδοξίαν

83 866 181 893 αὐτοῦ.
196 865 356 902 Μάρκελλος
382 866 410 892 δὲ
429 865 542 901 ὓστερον
562 867 591 892 ὲν
612 867 645 901 τῇ
659 866 729 893 κατὰ
747 865 881 901 Σαρδικὴν

84 913 192 948 συνόδῳ
202 913 250 948 τὴν
261 907 415 948 ἐπισκοπὴν
429 912 568 945 ἀνέλαϐεν,
584 912 668 939 εἰπὼν
684 912 722 948 μὴ
737 911 879 946 νενοῆσθαι

83 957 169 984 αὑτοῦ
187 957 217 984 τὺ
232 957 414 992 σύγγραμμα,
428 958 476 984 καὶ
491 957 535 984 διὰ
549 956 627 984 τοῦτο
638 957 684 984 τοῦ
698 957 880 992 Σαμοοατέως

82 1003 166 1035 δόξαν
196 1003 300 1030 λαϐεῖν.
329 1004 398 1039 Περὶ
424 1003 474 1038 μὲν
497 1002 544 1031 οὖν
566 1002 660 1030 τούτου
687 1002 757 1029 κατὰ
786 1002 878 1038 χώραν

83 1047 214 1083 ἐροῦμεν.

930 236 992 259 sent
1002 231 1123 266 episcopi
1135 232 1182 266 qui
1195 236 1251 259 tum
1260 231 1455 266 Hierosolymis
1463 235 1542 258 erant
1553 232 1719 267 congregati.

931 274 1031 302 Asterii
1045 275 1155 309 quidem
1172 275 1276 302 nullam
1289 275 1423 302 rationem
1438 274 1605 306 habuerunt,
1620 274 1720 309 quipp:

931 321 977 355 qui
1001 321 1028 348 in
1048 320 1174 348 ordinem
1201 321 1375 348 sacerdotum
1401 320 1538 355 ascriptus
1562 327 1618 347 non
1638 324 1719 347 esset.

930 366 952 393 Α
969 365 1102 393 Marcello
1123 373 1204 398 vero,
1228 369 1323 401 utpote
1343 366 1501 398 sacerdote,
1522 369 1674 401 exegerunt
1691 371 1721 393 ut

929 411 994 438 libri
1006 419 1021 437 a
1034 418 1063 438 se
1075 411 1223 446 conscripti
1238 411 1372 439 rationem
1387 412 1525 439 redderet.
1539 411 1663 446 Cumque
1674 411 1721 438 de-

930 457 1141 492 prehendissent
1160 457 1235 484 illum
1247 458 1323 485 Pauli
1336 457 1536 485 Samosatensis
1554 465 1648 484 errore
1667 457 1720 484 im-

930 503 1061 538 plicatum
1074 510 1146 535 esse,
1157 504 1300 538 jusserunt
1315 507 1344 530 ut
1356 508 1476 530 mutaret
1487 502 1661 530 sententiam.
1673 502 1720 529 Ille

930 548 1035 582 pudore
1048 547 1178 579 suffusus,
1192 548 1292 574 librum
1305 556 1383 574 suum
1396 555 1424 574 se
1436 548 1642 575 combusturum
1654 555 1719 582 pro—

931 593 1016 621 misit.
1031 594 1132 621 Verum
1151 593 1268 620 concilio
1289 601 1349 620 cum
1366 593 1538 621 festinatione
1551 593 1673 625 dimisso,
1688 601 1720 620 eo

931 638 1005 673 quod
1023 638 1172 673 imperator
1190 638 1335 672 episcopos
1346 637 1610 673 Constantinopolim
1624 645 1721 665 evoca-

931 684 1030 716 visset,
1046 691 1108 711 cum
1128 683 1277 710 Eusebiani
1291 682 1554 717 Constantinopolim
1570 682 1719 713 venissent,

931 729 1049 756 Marcelli
1068 737 1150 756 causa
1170 729 1271 756 iterum
1284 728 1406 755 discussa
1419 733 1469 754 est.
1483 728 1516 754 Et
1528 728 1580 762 73
1594 736 1655 754 eum
1675 728 1720 754 ille

932 775 1086 810 improbum
1100 775 1212 806 librum,
1227 774 1298 802 sicut
1318 778 1397 801 antea
1417 773 1591 808 promiserat,
1605 773 1720 800 combu-

932 828 993 848 rere
1006 825 1158 852 recusaret,
1177 821 1298 855 episcopi
1312 820 1358 855 qui
1375 820 1490 846 aderant
1502 819 1590 854 ipsum
1609 819 1719 854 quidth

932 865 1130 901 deposuerunt,
1143 866 1274 893 Basiliam
1288 873 1353 893 vero
1372 865 1431 900 ejus
1444 865 1503 891 loco
1515 865 1649 899 Ancyram
1668 863 1720 890 mi~

896 894 917 920 Β
932 894 1037 938 serunt.
1050 894 1135 938 Porro
1147 911 1221 938 hunc
1232 909 1351 938 Marcelli
1364 894 1466 936 librum
1479 894 1614 936 Eusebius
1633 907 1721 934 tribus

929 959 1116 986 voluminibus
1139 957 1303 989 confutavit,
1326 964 1438 992 pravam
1463 955 1535 982 illius
1563 954 1720 990 opinionem

928 1011 1089 1037 coarguens.
1116 1002 1260 1029 Marcellus
1281 1009 1347 1028 vero
1368 1000 1543 1035 postmodum
1565 999 1592 1026 in
1616 999 1720 1034 synodo

929 1047 1087 1075 Sardicensi
1109 1047 1297 1082 episcopatum
1319 1046 1507 1080 recuperavit,
1530 1053 1592 1072 cum
1615 1044 1720 1071 diceret

82 1092 187 1119 librum
209 1099 292 1119 suum
314 1099 371 1120 non
393 1095 467 1120 recte
487 1091 656 1120 intellectum
676 1092 770 1124 fuisse,
791 1097 873 1127 atque
893 1091 996 1119 idcirco
1022 1100 1051 1119 se
1071 1093 1097 1119 iu
1116 1092 1299 1127 suspicionem
1319 1091 1443 1123 venisse,
1464 1090 1542 1125 quasi
1563 1089 1636 1118 idem
1657 1096 1720 1116 cum

83 1140 170 1168 Paulo
190 1139 371 1168 Samosateno
381 1140 506 1168 sentiret.
522 1140 621 1168 Verum
640 1139 690 1167 hac
704 1139 738 1167 de
755 1148 784 1168 re
797 1139 922 1168 dicemus
933 1147 982 1168 suo
995 1139 1077 1174 loco.

377 1208 502 1235 ΚΕΦΛΔ.
523 1208 584 1235 AZ'.

81 1253 184 1285 Ὅπως
198 1253 312 1286 Ἄρειος
333 1254 407 1287 μετὰ
428 1254 486 1286 τὴν
507 1254 682 1281 Ἀθανασίου
696 1253 818 1288 ἐξορίαν
840 1256 875 1281 ἐκ

118 1287 178 1322 τῆς
199 1288 424 1324 Ἀλεξανδρείας
448 1289 508 1316 ὑπὸ
533 1289 586 1315 τοῦ
616 1289 768 1321 βασιλέως
787 1297 875 1324 μετα-

118 1323 276 1357 πεμφθεὶς,
303 1323 433 1357 ταραχὰς
463 1323 606 1356 ἐκίνησεν
626 1323 808 1358 Ἀλεξάνδρῷ
834 1323 874 1357 τῷ

119 1358 276 1389 ἐπισκόπφ
295 1358 523 1385 κωνσταντινου
538 1359 664 1392 πόλεως.

119 1403 288 1439 Τριακοστὸν
305 1403 335 1429 δὲ
357 1403 416 1435 ἔτος
436 1405 485 1439 τῆς
505 1403 643 1438 βασιλείας
669 1404 873 1431 Κωνσταντίνου

80 1449 188 1476 τούτων
203 1450 356 1484 γινομένων
373 1450 533 1485 ἐπληροῦτο.
551 1450 606 1477 Καὶ
628 1451 738 1486 Ἄρειος
755 1451 802 1477 σὺν
819 1451 874 1481 τοῖς

81 1496 151 1531 περὶ
165 1495 245 1522 αὑτὸν
260 1495 316 1531 (64)
328 1495 487 1522 καταλαϐὼν
501 1495 550 1531 τὴν
568 1495 781 1532 ’Δλεξάνδρειαν.
796 1495 873 1528 αὖθις

80 1541 149 1577 ὅλην
163 1541 306 1576 ἐτάραττε,
315 1541 363 1568 τοῦ
377 1541 575 1577 Ἀλεξανδρέων
585 1542 650 1569 λαοῦ
665 1543 872 1577 δυσφοροῦντος,

80 1586 129 1612 ἐπὶ
157 1594 188 1612 τε
209 1587 243 1622 τῇ
273 1586 378 1621 Ἀρείου
405 1586 509 1621 καθόδῳ
539 1586 585 1612 καὶ
608 1587 663 1614 τῶν
688 1588 755 1622 ἀμφ’
771 1588 873 1621 αὑτὸν,

1206 1208 1281 1236 CAP.
1305 1208 1435 1236 XXXVII.

928 1255 1063 1288 Quomodo
1086 1259 1144 1290 pou
1173 1255 1296 1281 exsilium
1321 1254 1461 1290 Athanasii
1491 1253 1570 1290 Arius
1651 1253 1716 1290 imp.

962 1287 1219 1324 Constantinopolim
1246 1294 1370 1324 evocatus
1399 1289 1489 1315 turbas
1515 1288 1636 1316 excitavit
1667 1287 1716 1314 ωι-

963 1333 1054 1352 vcrsus
1067 1323 1249 1352 Alexandrum
1261 1324 1314 1352 CP.
1330 1323 1488 1359 episcopum.

962 1404 1031 1430 Dum
1047 1403 1105 1430 lucc
1126 1407 1270 1437 geruntur,
1291 1402 1445 1429 tricesimus
1466 1401 1654 1437 complebatur
1670 1409 1717 1429 an-

925 1457 978 1476 nus
998 1448 1106 1483 imperii
1119 1448 1302 1475 Constantini.
1317 1449 1351 1475 Et
1366 1448 1447 1475 Arius
1460 1447 1572 1482 quidem
1586 1455 1640 1474 una
1654 1454 1716 1474 cum

924 1495 1107 1521 sectatoribus
1120 1494 1223 1521 erroris
1240 1494 1280 1520 sui
1296 1493 1489 1520 Alexandriam
1512 1500 1640 1520 reversus
1650 1513 1658 1525 ,
1673 1495 1716 1519 to-

924 1545 979 1567 tam
994 1541 1085 1567 denuo
1108 1539 1246 1567 civitatem
1264 1540 1446 1574 perturbavit,
1463 1547 1526 1566 cum
1552 1538 1715 1566 Alexandri-

923 1594 1022 1613 norum
1035 1586 1152 1621 populus
1169 1589 1196 1612 et
1215 1585 1272 1612 Arii
1293 1585 1412 1612 reditum
1425 1593 1487 1612 cum
1507 1585 1599 1616 sociis,
1611 1588 1639 1611 et
1655 1586 1714 1619 epi-

81 1631 132 1658 καὶ
151 1632 192 1658 ὅτι
218 1633 232 1658 ὁ
253 1632 400 1663 ἐπίσκοπος
423 1632 511 1658 αὐτῶν
529 1633 689 1664 Ἀθανάσιος
710 1634 750 1664 εἰς
765 1633 867 1668 ὲξορίαι

962 1633 999 1667 )pi
1022 1632 1064 1659 sui
1088 1632 1231 1659 Athanasii
1260 1632 1387 1659 exsilium
1410 1631 1523 1658 moleste
1542 1630 1635 1658 ferret.
1660 1631 1715 1657 Im-

81 1677 249 1704 ἁπέσταλτο.
273 1677 317 1708 Ὠς
340 1677 367 1704 δὲ
388 1678 402 1703 ὁ
425 1677 550 1712 βασιλεὺς
572 1678 736 1705 ἐπυνθάνετο
751 1678 873 1714 διεστρά-

79 1722 151 1756 φθαι
170 1722 220 1758 τὴν
241 1722 346 1757 Ἀρείου
368 1722 498 1758 γνώμην,
519 1724 713 1759 μετάπεμπτον
737 1723 814 1756 αὖθις
834 1727 873 1757 είς

80 1767 133 1803 τῂν
151 1767 360 1795 Κωνσταντίνου
371 1768 447 1794 πόλιν
461 1768 539 1803 ἥκειν
549 1769 630 1795 αὐτὸν
646 1769 782 1801 ἐκέλευσε,
794 1770 873 1804 λόγον

79 1812 206 1839 δώσοντα
221 1809 259 1839 ὧν
273 1810 352 1844 αὖθις
368 1813 506 1839 ἀνακινεῖν
521 1813 669 1848 ἐπεχείρει.
688 1813 834 1849 Ἐτὺγχανε
846 1814 873 1841 δὲ

80 1858 144 1885 τότε
157 1859 208 1893 τῆς
227 1859 257 1885 ὲν
271 1859 477 1886 Κωνσταντίνου
495 1859 571 1886 πόλει
591 1859 729 1895 προεστὼς
747 1859 872 1892 Ἀλέξαν-

80 1904 146 1939 δρος
168 1904 343 1939 Ἑκκλησίας,
364 1904 549 1940 Μητωφάνην
572 1906 656 1932 πάλαι
671 1905 869 1941 διαδεξάμενος.

80 1949 184 1976 Τοῦτον
199 1949 245 1976 τὸν
261 1949 344 1986 ἄνδρα
358 1949 470 1986 θεοφιλῆ
484 1950 560 1983 ὄντα,
576 1951 593 1986 ἡ
609 1951 677 1986 πρὸς
692 1952 800 1986 Ἀρειον
811 1951 871 1978 τότε

921 1682 1032 1712 perator
1055 1685 1121 1705 vero
1150 1685 1212 1704 cum
1234 1685 1390 1712 perversam
1421 1685 1481 1704 esse
1511 1677 1567 1704 Arii
1595 1679 1714 1703 mentem

921 1724 1082 1758 accepisset,
1096 1730 1160 1749 eum
1182 1730 1278 1750 rursus
1297 1723 1564 1757 Constantinopolim
1579 1722 1713 1752 evocavit,

922 1770 1055 1797 rationem
1070 1768 1242 1795 redditurum
1257 1769 1400 1796 turbarum
1416 1776 1448 1796 ac
1463 1768 1629 1795 seditionum
1647 1775 1716 1802 quas

923 1816 1015 1843 denuo
1037 1815 1176 1842 concitare
1189 1822 1333 1849 aggressus
1355 1818 1437 1842 esset.
1464 1814 1631 1841 Prtesidebat
1651 1818 1716 1841 tunc

921 1860 1231 1895 Constantinopolitana:
1250 1860 1379 1887 Ecclesiae
1396 1860 1560 1891 Alexander,
1583 1860 1630 1894 qui
1645 1860 1716 1894 jam-

925 1906 1030 1941 pridem
1051 1906 1224 1941 Metrophani
1246 1909 1425 1933 successerat.
1450 1906 1527 1932 Hunc
1547 1906 1638 1932 virum
1658 1905 1714 1932 Deo

924 1957 1066 1987 acceptum
1085 1951 1180 1985 fuisse,
1198 1959 1231 1978 ex
1250 1952 1400 1979 certamine
1421 1951 1495 1986 quod
1515 1951 1552 1978 illi
1575 1951 1627 1978 fuit
1649 1958 1711 1978 cum

689 2029 822 2058 VALESII
840 2029 1112 2059 ANNOTATIONES.

118 2096 176 2131 (65)
204 2096 260 2124 Τοῦ
283 2097 510 2131 συτηοαερέντος
529 2096 609 2130 αὐτῷ
632 2097 766 2128 βιϐλίου.
791 2097 874 2123 Liber

81 2131 127 2172 ille
281 2131 430 2172 inscriptus
448 2137 517 2164 erat,
533 2132 750 2172 Da__s_ubje£tione
765 2131 873 2172 Christi,

82 2171 111 2194 ut
123 2167 210 2202 docet
224 2166 343 2194 Hilarius
358 2167 385 2193 in
404 2167 557 2201 fragmento
579 2166 644 2194 libri
663 2167 699 2194 De
715 2167 837 2202 synodis.

117 2200 174 2235 (6-4)
188 2201 243 2228 Καὶ
260 2202 375 2234 Ἀρειος
388 2200 521 2234 σὺνίτοῒς
538 2203 603 2236 περὶ
625 2200 800 2232 αὑτόνίριίτ.
824 2201 874 2228 Hic

82 2235 213 2263 Socrates
225 2236 354 2263 Ruﬁnum
371 2240 511 2264 auctorem
525 2235 636 2264 secutus
645 2241 697 2268 est,
714 2237 761 2271 qui
776 2237 873 2263 Arium

80 2275 144 2305 post
164 2271 300 2307 synodum
331 2271 606 2307 Ilierosolymitanam
643 2279 785 2299 reversum
814 2279 875 2299 esse

923 2099 1019 2126 scribit
1031 2099 1235 2131 Alexandriam,
1255 2107 1286 2126 ac
1299 2099 1382 2134 paulo
1394 2103 1466 2134 post,
1482 2107 1543 2127 cum
1557 2104 1629 2127 artes
1652 2100 1711 2134 ejus
1723 2127 1728 2131 ,

923 2134 993 2161 nihil
1014 2134 1070 2162 illic
1090 2134 1266 2169 proﬁcerent,
1289 2135 1556 2169 Constantinopolim
1576 2135 1610 2162 ab
1626 2135 1712 2162 Euse-

923 2169 969 2196 bio
989 2177 1050 2197 esse
1064 2174 1231 2197 revocatum.
1251 2169 1304 2197 Sed
1320 2170 1377 2197 haec
1398 2171 1490 2197 omnia
1512 2169 1578 2197 falsa
1593 2174 1667 2202 sunt,
1681 2175 1712 2197 ut

923 2206 1126 2241 suprarmonui,
1140 2212 1202 2241 cum
1216 2205 1298 2241 Arius
1310 2205 1356 2241 diu
1377 2209 1440 2233 ante
1464 2205 1598 2241 synodum
1616 2205 1711 2232 Iliero-

923 2240 1113 2275 solymitanam
1130 2239 1223 2267 vivere
1241 2240 1365 2267 desierit.

793 2347 984 2376 V'AIIIORUM.

80 2407 243 2444 metropolis
257 2412 310 2440 est,
324 2408 480 2444 episcopus,
506 2408 625 2444 concilio
648 2409 802 2444 Ancyrano,
818 2416 868 2444 an-
884 2410 905 2437 ι)
919 2416 984 2435 num
1008 2406 1121 2436 verbum
1144 2416 1229 2435 unum
1251 2412 1332 2443 atque
1355 2409 1426 2436 idem
1451 2414 1494 2437 est
1511 2414 1574 2438 eum
1587 2410 1708 2443 homine,

80 2450 116 2472 no
130 2441 186 2479 315
198 2443 304 2476 habito,
319 2441 438 2479 pra-fuit,
451 2443 473 2479 si
483 2451 538 2479 qua
551 2443 618 2470 ﬁdes
632 2441 726 2470 libello
737 2443 868 2479 synodico

80 2486 161 2513 quem
174 2478 283 2513 Pappus
294 2477 395 2509 edidit;
420 2478 464 2504 cui
478 2477 536 2505 fere
547 2478 574 2505 in
586 2479 637 2505 hac
655 2483 732 2513 parte
748 2477 868 2505 subscri-

80 2514 189 2548 ptiones
207 2513 290 2548 hujus
302 2513 404 2548 synodi
422 2513 606 2548 suﬁ‘ragantur
619 2522 626 2539 -.
642 2518 792 2548 utcunque,
806 2520 868 2540 cer-

81 2547 137 2575 ium
150 2553 194 2576 est
208 2547 310 2576 sancta:
319 2547 425 2583 synodo
438 2547 553 2575 Nicena:
565 2548 643 2575 illum
658 2547 826 2580 interfuisse,
840 2547 866 2574 in

99 2591 133 2610 ua
156 2591 207 2618 pro
231 2583 285 2610 ﬁde
308 2582 444 2610 catholica
461 2583 594 2610 adversus
615 2583 731 2610 Arianos
756 2587 868 2618 strenue

80 2591 133 2644 Eua
156 2591 207 2618 pro
231 2591 285 2610 nae
308 2591 444 2610 catnonca
461 2591 594 2610 adversus
615 2591 731 2610 animos
756 2591 868 2610 strenue

98 2618 240 2653 isputavit.
260 2617 357 2645 Postea
370 2625 447 2653 vero.
461 2618 526 2645 dum
548 2618 632 2653 impia
652 2617 755 2645 Asterii
772 2617 868 2652 sophi-

80 2652 130 2688 stai
154 2653 258 2688 scripta
276 2652 469 2680 vehementius
485 2652 633 2688 refelleret,
651 2653 679 2680 in
702 2654 868 2680 contrariam

81 2687 250 2720 Sabelliifae
277 2687 394 2722 perinde
410 2688 485 2714 Pauli
503 2687 672 2715 Samosateni
692 2688 809 2715 hatresin
824 2688 868 2714 in-

81 2727 175 2750 cautus
186 2723 322 2758 impegit;
338 2723 442 2758 docens
453 2723 551 2750 Filium
565 2730 626 2750 esse
637 2723 714 2756 λόγον
736 2731 868 2758 προφορι-

81 2758 136 2789 κόν,
162 2757 274 2785 verbum
296 2757 473 2793 pralutitium,
494 2765 545 2785 nec
560 2758 647 2793 _aliam
672 2765 732 2784 esse
747 2764 770 2793 ra
789 2757 869 2784 Patre

81 2800 236 2827 personam,
254 2793 284 2820 ἓν
296 2790 324 2819 δὲ
348 2793 395 2819 καὶ
422 2793 518 2819 ταύτὸν
546 2790 614 2819 εἶναι
641 2792 679 2827 τῷ
697 2792 766 2826 Θεῷ,
786 2799 869 2818 unum

81 2831 157 2864 atque
172 2829 242 2856 idem
257 2836 316 2856 cum
333 2827 388 2856 Deo
398 2835 462 2861 esse,
478 2827 709 2863 quemadmodum
725 2831 753 2854 et
771 2827 869 2854 huma-

919 2451 974 2470 non
988 2448 1134 2478 potestate,
1147 2448 1194 2470 aut
1208 2444 1357 2478 hypostasi,
1372 2452 1422 2472 nec
1444 2446 1524 2472 aliter
1536 2445 1648 2473 omnino
1664 2454 1708 2473 se.-

919 2479 1041 2512 parabile
1052 2499 1059 2510 ,
1080 2486 1160 2513 quam
1179 2479 1265 2505 solius
1284 2479 1451 2512 operationis
1465 2480 1576 2511 elt‘ectu,
1591 2485 1644 2508 etc.
1659 2481 1708 2508 Hic

919 2513 967 2550 diu
987 2513 1060 2540 inter
1073 2513 1231 2550 Catholicos
1245 2513 1365 2550 delituit,
1380 2519 1408 2550 et
1424 2514 1572 2542 Sabelliani
1594 2515 1708 2550 dogma—

921 2548 955 2584 tis
973 2553 1131 2584 accusatus,
1156 2548 1209 2575 hoc
1223 2556 1253 2575 se
1270 2549 1331 2584 telo
1345 2549 1477 2581 defendit,
1493 2550 1565 2584 quod
1583 2548 1707 2577 commu-

919 2583 1002 2610 nione
1021 2583 1097 2619 Julii,
1117 2584 1239 2619 episcopi
1265 2583 1391 2616 Romani,
1407 2585 1440 2612 ad
1455 2583 1537 2619 quem
1552 2586 1630 2612 exsul
1644 2592 1709 2612 con-

919 2619 1037 2653 fugerat,
1049 2618 1253 2653 fefelleratque.
1268 2619 1391 2646 munitus
1399 2618 1482 2647 esset.
1498 2620 1617 2647 Tandem
1633 2619 1707 2646 larva

919 2626 1037 2680 tugerat,
1049 2626 1253 2653 Ieteueratque.
1268 2626 1391 2646 munitus
1399 2626 1482 2647 esset.
1498 2626 1617 2647 tandem
1633 2626 1707 2646 larva

917 2653 950 2681 de
965 2658 1056 2685 racta,
1088 2653 1210 2681 haeretici
1234 2658 1326 2680 notam
1353 2654 1390 2681 ab
1411 2655 1540 2682 omnibus
1559 2653 1708 2681 Catholici:

917 2688 943 2715 ei
973 2688 1092 2715 inustam
1128 2688 1200 2716 tulit.
1238 2688 1306 2715 Vide
1343 2688 1492 2717 Eusebium
1527 2689 1575 2715 lib.
1611 2692 1705 2715 contra

917 2723 1092 2755 Marcellum,
1119 2728 1147 2751 et
1169 2724 1206 2751 De
1232 2722 1416 2751 ecclesiastica
1432 2723 1595 2755 Theologia,
1620 2723 1668 2749 lib.
1685 2730 1703 2753 ι,

917 2732 1092 2755 Μοτεθιιιιῐη,
1119 2732 1147 2751 θι
1169 2732 1206 2751 ue
1232 2732 1416 2751 ECCICSIESIICI
1432 2732 1446 2751 .l
1456 2732 1534 2751 ηθοιο
1554 2732 1595 2755 III,
1620 2732 1668 2749 IID.
1685 2732 1703 2753 Ι,

917 2758 1160 2828 lcast“11,52all)ibique
1179 2758 1289 2794 passim.
1316 2758 1396 2794 (Guil.
1414 2759 1499 2792 Cave,
1519 2732 1551 2789 ag
1566 2755 1705 2791 ann.350,

918 2801 979 2828 pag.
995 2801 1054 2821 102.
