1887 3058
147 132 205 160 ’ΠΒ

153 189 230 222 Λι-ἰο,
256 187 404 224 perspicue
429 186 597 214 declaratum
613 187 664 211 est.
689 182 756 210 Nam
776 188 839 208 cum
864 181 947 208 Ilrlus

155 236 221 263 illuc
237 235 367 267 venisset,
387 239 416 261 et
430 232 548 268 populus
559 231 627 259 duas
641 229 666 256 in
682 232 777 264 partes
787 227 891 255 divisus
902 235 944 255 es—

155 286 207 315 set,
229 285 340 316 totaque
365 279 460 308 civitas
484 276 714 307 tumultuaretur,
731 274 793 302 aliis
807 274 948 301 Niczenam-

156 328 237 355 ﬁdem
263 327 420 354 nullatenus
440 321 664 352 commovendam
680 327 741 348 esse
771 319 944 352 dicentibus,

155 374 217 402 aliis
237 373 398 408 opinionem
414 370 471 397 Arii
488 372 594 396 rectam
615 374 676 395 esse
701 364 944 398 contendentibus,

156 421 184 448 iu
205 419 336 448 maximas
357 415 495 452 angustias
509 415 638 442 redactus
660 418 706 442 est
725 412 898 445 Alexander;
914 419 946 439 ac

155 466 290 501 praecipue
301 470 333 490 eo
344 461 417 498 quod
429 460 566 489 Eusebius
575 458 793 488 Nicomediensis
801 457 946 494 episcopus

155 518 252 547 graves
267 510 292 537 ei
305 509 394 536 minas
407 507 567 539 intentaret,
581 513 707 534 asserens
722 503 880 540 propediem
895 503 945 538 ipsi

155 557 347 590 adempturum
365 561 395 581 sc
420 560 480 580 esse
503 551 707 582 sacerdotium,
727 550 781 577 nisi
802 549 898 577 Arimn
919 551 947 575 e‘t

153 602 243 630 socios
256 601 283 628 in
295 599 516 629 communionem
528 596 781 633 reciperet.Verum
792 595 946 623 Alexander

152 655 208 674 non
225 651 278 674 tam
296 645 430 674 sollicitus
444 649 505 672 eral
518 644 552 671 de
563 642 735 671 abdicatione
748 649 797 668 sua
819 647 900 676 quum
913 640 947 668 de

153 691 278 720 doctrina
294 691 358 719 ﬁdei
371 698 452 726 quam
468 690 508 717 illi
523 689 686 716 subvertere
698 687 772 714 omni
789 686 880 714 studio
898 693 947 714 co-

154 738 300 765 nabantur.
326 730 395 764 Nam
423 743 487 764 cum
512 735 629 763 Nicaenae
652 733 749 770 synodi
771 732 946 760 decretorum

154 783 295 811 custodem
313 789 341 809 se
357 789 388 809 ac
403 784 549 816 patronum
566 787 627 806 esse
644 778 772 811 duceret,
787 782 861 805 totus
875 777 903 805 in
919 777 946 805 id

155 828 341 860 incumbebat,
354 835 389 855 ne
407 826 488 854 resin
500 826 545 853 illa
558 824 662 861 synodo
670 824 799 860 judicatm
811 823 948 851 ullatenus

156 873 398 901 labefactarentur.
422 871 452 899 In
471 870 555 899 tantis
576 870 660 905 igitur
680 869 814 904 angustiis
828 868 946 904 positus,

115 923 121 938 ν
155 919 257 946 omisso
270 917 420 945 dialectica:
434 917 502 944 artis
517 915 657 951 praesidio,
667 915 700 942 ad
713 914 798 942 Deum
815 913 948 949 confugit.

155 964 193 990 Ac
220 962 358 992 continuis
382 962 493 998 quidem
517 960 631 997 jejuniis
652 967 750 987 vacare
776 959 870 994 ccepit,
897 966 949 986 nec

157 1009 242 1036 ullum
255 1009 351 1037 orandi
364 1008 476 1035 modum
493 1005 680 1043 praetermisit.
695 1005 760 1033 Tale
774 1013 840 1033 vero
857 1004 949 1032 consi-

156 1055 222 1082 lium
236 1051 328 1082 animo
355 1054 495 1089 concepit,
514 1057 543 1081 et
565 1052 638 1088 quod
662 1052 949 1084 constituerat,elan-

156 1101 218 1129 culo
229 1101 354 1137 perfecit.
369 1101 400 1128 In
416 1099 534 1127 ecclesia
549 1106 610 1134 qua:
627 1098 836 1134 cognominatur
856 1098 947 1131 lreue,

156 1155 185 1174 se
201 1148 289 1174 solum
304 1146 432 1178 inclusit;
445 1148 473 1172 et
486 1144 628 1179 ingressus
640 1143 675 1170 ad
694 1143 792 1176 altare,
803 1143 855 1170 sub
870 1150 948 1170 sacra

156 1201 251 1221 mensa
261 1200 381 1229 pronum
397 1199 426 1219 se
441 1191 518 1219 humi
534 1190 695 1226 prostravit,
711 1191 767 1218 Deo
780 1198 843 1218 cum
858 1190 949 1226 lacry-

155 1239 208 1267 mis
229 1238 397 1274 Supplieans.
421 1236 475 1272 ιη
498 1236 587 1271 Atque
610 1232 663 1264 hoc
687 1236 783 1263 multis
799 1235 898 1263 diebus
918 1243 950 1263 ac

155 1285 285 1312 noctibus
301 1282 469 1310 continuatis
483 1282 576 1317 gessit.
595 1281 682 1309 Porro
704 1281 782 1316 petiit
802 1289 818 1308 a
834 1280 906 1313 Deo,
919 1283 948 1307 et

155 1329 229 1365 quod
240 1329 358 1364 petierat
366 1327 480 1363 accepit.
494 1327 594 1354 Petilio
603 1330 695 1354 autem
705 1330 765 1353 erat
774 1325 945 1362 huiusmodi:

156 1381 199 1409 ut,
213 1376 236 1404 si
250 1375 362 1410 quidem
377 1378 454 1402 recta
473 1377 546 1401 esset
559 1373 617 1401 Arii
634 1372 780 1404 sententia,
799 1372 856 1407 ipse
873 1372 947 1400 diem

156 1419 347 1455 disceptationi
362 1419 545 1455 prmstitutum
568 1424 741 1453 nequaquam
763 1416 887 1450 videret;
904 1417 946 1446 sin

871 121 1040 151 SOCRATIS

1737 121 1789 150 I76

961 184 985 212 Α
997 179 1135 215 γινομένη
1148 180 1221 215 μάχη
1237 179 1381 213 ὢδέϐειξεν.
1398 180 1442 212 Ὣς
1456 180 1512 216 γὰρ
1524 177 1575 216 ἦκα
1594 179 1656 206 τότε
1669 180 1789 215 Ἄρειος,

998 226 1046 253 καὶ
1059 226 1073 252 ὀ
1087 225 1149 258 λαὸς
1162 227 1202 257 είς
1217 225 1265 252 δύο
1277 226 1362 253 πάλιν
1374 226 1505 262 τμήματα
1517 225 1669 262 ἐμερίζετο,
1681 226 1790 261 ταρατχή

999 279 1028 298 τε
1045 272 1120 299 κατὰ
1133 272 1181 307 τὴν
1196 272 1272 299 πόλιν
1291 272 1415 307 ἐγένετο·
1433 273 1487 299 τῶν
1506 273 1555 308 μὲν
1574 273 1623 308 τὴν
1642 273 1671 298 ἓν
1687 271 1791 306 Νικαεῖς

999 318 1093 345 πίστιν
1117 318 1249 354 μηδαμῶς
1277 318 1476 355 παρασαλεύειν
1502 318 1635 353 λεγόντων
1648 326 1655 334 ·
1672 318 1731 344 τῶν
1753 317 1792 349 δὲ,

999 364 1098 400 εὔλογα
1114 365 1204 400 λέγειν
1217 365 1267 393 τὸν
1278 367 1386 402 Ἀρειον
1395 365 1628 401 φιλονεικούντων,
1646 366 1686 395 εἰς
1697 363 1793 398 ἀγῶνα

1001 411 1128 447 μέγιστον
1145 412 1262 446 κατέστη
1288 413 1306 438 δ
1322 411 1511 447 Ἀλέξανδρος·
1527 411 1575 438 καὶ
1589 411 1707 446 μάλιστα
1726 410 1792 445 μὲν,

999 456 1040 483 δτι
1060 456 1193 488 Εὐσέϐιος
1209 457 1224 483 ὁ
1246 456 1429 492 Νικομηδείας
1449 456 1534 484 πολλὰ
1550 456 1684 491 διηπείλει
1701 454 1792 490 αὖτῷ,

999 502 1086 537 λέγων
1107 502 1168 529 ὅσον
1195 502 1301 529 οὐδέπω
1321 502 1500 538 καθαιρήσειν
1521 501 1617 534 αὑτοῦ,
1637 502 1663 528 εί
1693 501 1733 537 μὴ
1754 503 1795 533 εις

999 548 1144 575 κοινωνίαν
1157 548 1265 582 δέξηται
1282 546 1328 584 ea:
1348 547 1456 584 Ἀρειον
1475 547 1524 574 καὶ
1537 547 1600 579 τοὺς
1613 547 1684 583 ἀμφ’
1698 547 1793 574 αὑτόν.

1006 594 1174 630 Ἀλεξάνδρῳ
1185 580 1254 621 stos
1269 580 1396 621 τοθοῦτον
1408 594 1472 629 περὶ
1482 580 1668 629 καθωρέσιῷς
1682 593 1792 628 εμελεν,

999 640 1062 667 ὅσον
1083 640 1180 667 ἐδεδίει
1199 641 1246 667 ἐπὶ
1267 641 1300 676 τῇ
1323 639 1535 676 σπουδαζομένη
1563 639 1717 676 παραλύσει
1745 639 1795 666 ἰ’σῦ

999 687 1146 723 δόγματος.
1164 686 1273 714 Φύλακα
1294 686 1349 722 γὰρ
1371 686 1467 713 ἑαυτὸν
1486 686 1540 713 τῶν
1560 686 1631 722 ὅρων
1653 685 1706 721 τῆς
1727 694 1794 712 συν-

1001 733 1061 760 όδου
1084 733 1218 768 νομίζων,
1234 733 1360 764 παντοῖος
1382 733 1487 767 ἐγίνετο
1511 732 1548 768 μὴ
1574 731 1796 768 παρατρωθῆναι

1001 779 1063 810 τοὺς
1084 779 1191 811 τύπους
1217 779 1312 814 αὐτῆς.
1334 778 1379 806 Ἐν
1404 778 1490 814 ταύτῃ
1520 778 1656 814 τοίνυντῇ
1686 778 1796 814 ἀγωνία

1001 824 1159 858 καθεστὼς,
1184 824 1291 860 χαίρειν
1319 824 1403 851 πολλὰ
1433 825 1541 860 φράσας
1561 825 1594 860 τῇ
1618 824 1795 859 διαλεκτικῇ,

999 868 1166 907 πρόσφεύγει
1180 870 1239 906 Θεῷ
1249 878 1257 886 ·
1275 870 1322 897 καὶ
1340 870 1478 909 νηστείαις
1495 871 1546 906 μὲν
1558 871 1699 906 συνεχέσιν
1714 871 1797 905 ἐσχό-

997 917 1061 950 λαζε
1070 937 1077 950 ,
1088 917 1135 944 κα)⁵
1145 917 1192 944 τοῦ
1202 916 1401 952 προσεύχεσθαι
1412 916 1506 944 οὐδένα
1517 916 1617 952 τρόπον
1631 915 1794 951 παρέλειπε.

999 965 1054 991 Καὶ
1069 963 1102 999 δὴ
1116 963 1221 990 τοιοῦτο
1236 963 1363 998 ἐνθύμιον
1376 960 1445 998 εἶχε,
1458 963 1505 989 καὶ
1518 962 1608 989 λαϐὼν
1623 962 1747 989 ἐπετέλει
1760 962 1796 989 τὰ

997 1010 1121 1043 δόξαντα.
1137 1010 1181 1037 Ἐν
1192 1011 1225 1045 τῇ
1239 1010 1372 1045 ἐκκλησίᾳ.
1425 1009 1568 1043 ἐπώνυμον
1582 1009 1698 1044 Εἰρήνη,
1711 1008 1796 1043 μόνον

998 1056 1094 1083 ἑαυτὸν
1115 1055 1314 1083 κατάκλειστον
1332 1056 1465 1091 ποιήσας,
1481 1056 1527 1082 καὶ
1543 1055 1584 1086 εἰς
1597 1055 1627 1081 τὸ
1643 1054 1796 1089 θυσιαστή-

999 1111 1056 1139 ριον
1079 1101 1224 1133 εἰσελθὼν,
1248 1102 1299 1128 ὑπὸ
1311 1102 1360 1137 τὴν
1377 1102 1453 1138 ἱερὰν
1469 1101 1609 1137 τράπεζαν
1624 1099 1679 1135 (65)
1696 1100 1796 1126 ἑαυτὸν

998 1148 1045 1175 ἐπὶ
1067 1143 1162 1183 στόμα
1184 1147 1325 1180 ἐκτείνας,
1347 1147 1455 1183 εὔχεται
1477 1147 1611 1183 δακρύων.
1628 1146 1739 1178 Νύκτας
1765 1154 1796 1172 τε

998 1192 1099 1224 πολλὰς
1123 1192 1222 1228 ἑφεξῆς
1246 1193 1294 1219 καὶ
1319 1193 1427 1228 ἡμέρας
1453 1192 1531 1219 τοῦτο
1558 1192 1642 1219 ποιῶν
1666 1192 1793 1218 διετέλει.

1004 1237 1109 1273 ᾘτεῖτο
1118 1237 1172 1272 γὰρ
1185 1237 1261 1272 παρὰ
1273 1237 1340 1264 Θεοῦ
1352 1237 1398 1264 καὶ
1413 1237 1575 1272 ἐλάμϐανεν.
1595 1236 1626 1263 Ἦ
1643 1236 1672 1263 δὲ
1684 1236 1797 1271 αἴτησις

999 1280 1034 1318 ἦν
1047 1282 1158 1318 τοιαύτη
1175 1288 1198 1301 ε’
1221 1283 1247 1309 et
1265 1283 1314 1318 μὲν
1328 1282 1431 1318 ἀληθὴς
1448 1283 1464 1317 ἠ
1487 1282 1591 1317 Ἀρείου
1603 1282 1678 1314 δόξα,
1696 1282 1796 1309 ἑαυτὸν

999 1328 1049 1364 τὴν
1070 1328 1226 1364 ὡρισμένην
1240 1328 1346 1364 ἡμέραν
1361 1330 1393 1364 τῇ
1423 1328 1569 1364 συζητήσει
1596 1328 1633 1364 μὴ
1657 1327 1774 1363 ὄψεσθαι
1787 1336 1794 1343 ·

1000 1375 1025 1400 εί
1047 1374 1075 1401 δὲ
1095 1374 1129 1410 ἦν
1151 1375 1232 1406 αὐτὸς
1251 1375 1308 1410 ἔχει
1330 1375 1438 1407 πίστιν,
1460 1374 1581 1411 ἀληθὴς,
1609 1375 1720 1411 Ἄρειον
1741 1374 1794 1410 τῆς

1001 1420 1128 1452 ἀσεϐείας
1139 1420 1217 1456 δίκην
1227 1420 1326 1447 διδόναι
1334 1441 1341 1453 ,
1349 1421 1394 1448 τὸν
1406 1420 1514 1448 πάντων
1524 1421 1610 1448 αῐτιον
1621 1421 1676 1447 τῶν
1688 1420 1796 1449 κακῶν.

963 865 983 892 Β

155 1475 221 1495 vera
234 1471 307 1494 esset
319 1465 386 1493 ﬁdes
395 1472 477 1501 quam
488 1464 546 1500 ipse
558 1464 744 1499 proﬁteretur,
759 1467 790 1491 ut
800 1463 882 1492 Arius
892 1464 1041 1501 impietatis
1051 1473 1160 1502 poenam
1187 1466 1288 1500 lueret,
1299 1467 1401 1503 quippe
1428 1467 1476 1503 qui
1504 1467 1627 1495 omnium
1658 1466 1796 1495 malorum

156 1517 253 1541 auctor
268 1515 351 1540 esset.

430 1567 506 1596 CAP.
541 1567 683 1595 XXXVIII.

446 1612 486 1641 De
503 1616 584 1639 morte
596 1612 664 1640 Arii.

193 1661 229 1690 Et
249 1659 307 1688 haec
320 1658 432 1696 quidem
448 1657 614 1694 precabatur
638 1657 802 1686 Alexander.
827 1659 950 1695 Impera-

160 1711 204 1735 tor
218 1713 286 1735 vero
300 1712 362 1733 cum
379 1703 439 1732 Arii
455 1703 609 1739 periculum
623 1702 714 1731 facere
731 1703 830 1737 vellet,
841 1711 904 1732 eum
922 1705 951 1732 in

160 1751 291 1788 palatium
308 1750 426 1779 accitum
441 1748 631 1784 interrogavit,
648 1756 715 1776 num
727 1748 847 1777 decretis
862 1750 950 1778 Nicae-

160 1806 203 1826 ηδε
226 1797 289 1826 ﬁdei
309 1796 488 1824 consentiret.
512 1792 559 1823 Ille
584 1795 654 1823 nihil
681 1800 845 1829 cunctatus,
866 1796 951 1824 alacri

159 1844 251 1871 animo
268 1850 362 1872 coram
384 1842 550 1878 imperatore
573 1841 757 1878 subscripsit,
782 1849 814 1870 ea
839 1850 901 1877 quae
917 1842 952 1870 de

160 1890 213 1918 ﬁde
229 1889 258 1917 in
273 1888 391 1918 concilio
405 1892 508 1916 statuta
528 1887 656 1921 fuerant,
670 1887 769 1916 callide
783 1888 950 1918 ludiﬁcatus.

159 1936 283 1971 Cumque
307 1936 373 1971 imp.
391 1934 574 1964 admiratione
589 1938 697 1971 captus,
709 1935 891 1970 jurejurando
907 1935 951 1962 in-

159 1989 242 2017 super
255 1989 319 2009 eum
336 1981 470 2016 adigeret,
482 1981 527 2008 ille
542 1988 592 2016 per
610 1980 734 2009 fraudem
751 1988 784 2009 ac
798 1981 951 2009 simulatio-

160 2035 222 2055 nem
237 2027 309 2055 istud
322 2027 405 2054 etiam
424 2026 560 2062 praestitit.
580 2026 666 2054 Porro
678 2026 753 2054 fraus
771 2034 802 2055 ac
814 2027 952 2055 simulatio

159 2081 213 2108 qua
229 2080 296 2100 usus
315 2076 358 2100 est
378 2072 407 2100 in
432 2071 648 2104 subscribendo,
675 2072 747 2100 sicut
768 2072 825 2108 ipse
846 2074 952 2109 accepi,

161 2118 318 2154 huiusmodi
342 2118 415 2146 fuit:
435 2117 599 2153 Opinionem
616 2125 693 2146 suam
712 2119 795 2146 Arius
814 2119 841 2146 in
857 2120 953 2148 charta

160 2164 345 2200 conscriptam
370 2171 489 2200 gerens,
514 2163 565 2191 sub
590 2164 632 2192 ala
655 2165 820 2192 occultabat.
846 2165 953 2193 Iuravit

159 2217 227 2244 ergo
243 2217 272 2236 se
290 2216 324 2236 ex
345 2209 437 2236 animo
453 2208 491 2237 ita
508 2209 612 2236 sentire
628 2209 667 2237 uti
689 2210 846 2245 scripserat.
863 2210 952 2247 Atque

161 2255 214 2282 hoc
226 2255 337 2290 quidem
351 2254 387 2282 ita
401 2257 506 2290 gestum
520 2252 618 2288 fuisse,
629 2255 700 2283 fama
717 2259 822 2283 tantum
834 2261 862 2284 et
875 2257 953 2285 audi-

161 2301 236 2328 tione
256 2301 360 2336 accepi.
378 2300 457 2334 Quod
473 2308 540 2328 vero
557 2301 753 2337 subscriptioni
770 2303 851 2330 etiam
864 2303 955 2340 jusju-

162 2345 280 2372 randum
292 2345 434 2380 adjecerit,
451 2344 478 2372 id
490 2352 524 2372 ex
539 2345 713 2382 imperatoris
723 2347 847 2382 epistolis
859 2348 954 2376 didici.

163 2391 234 2418 Tum
259 2397 326 2418 vero
350 2390 501 2426 imperator
521 2390 603 2419 ﬁdem
624 2391 728 2420 habens
747 2393 829 2426 Ario,
844 2395 957 2423 mandat

162 2437 317 2465 Alexandro
329 2435 632 2472 Constantinopolitano
644 2438 776 2475 episcopo
790 2443 821 2467 ut
834 2440 912 2468 illum
928 2441 956 2468 in

162 2482 394 2522 communionem
411 2483 558 2518 reciperet.
582 2483 648 2512 Erat
667 2488 726 2512 tum
748 2484 809 2513 dies
831 2485 957 2518 sabbati,

961 1561 984 1590 ο
1293 1571 1418 1599 ΚΕΦΛΛ.
1438 1572 1502 1599 AH’.

1177 1617 1247 1652 Περὶ
1265 1618 1318 1645 τοῦ
1341 1617 1472 1645 θανάτου
1493 1617 1613 1653 Ἆρειυυ.

1037 1663 1158 1691 Τοιαῦτα
1179 1665 1228 1700 μὲν
1243 1662 1290 1692 οὖν
1309 1664 1483 1700 Ἀλέξανδρος
1494 1664 1604 1700 ηὔχετο.
1623 1666 1651 1692 ὀ
1666 1665 1795 1700 βασιλεὺς

1001 1710 1030 1737 δὲ
1047 1710 1201 1747 ἀπόπειραν
1221 1709 1327 1746 ’Δρείου
1345 1711 1512 1746 ποιήσασθαι
1529 1711 1681 1747 βουληθεὶς,
1696 1713 1743 1739 hri
1761 1713 1795 1739 τὰ

1003 1755 1128 1791 βασίλεια
1155 1756 1236 1784 αὑτὸν
1262 1756 1487 1792 μεταπέμπεται,
1512 1756 1608 1793 ἠρώτα
1630 1766 1660 1784 τε
1687 1758 1712 1784 εί
1737 1759 1794 1790 τοῖς

1001 1801 1075 1836 ὅροις
1092 1802 1192 1836 στοιχεί
1211 1801 1260 1834 τῆς
1278 1802 1308 1828 ὲν
1320 1802 1423 1837 Νικαίᾳ
1438 1801 1558 1829 συνόδου.
1579 1802 1608 1829 '0
1626 1802 1654 1829 δὲ
1674 1803 1794 1838 ἑτοίμως

1003 1847 1087 1883 μηδὲν
1109 1847 1256 1883 μελλήσας,
1271 1848 1316 1874 ἐπ’
1336 1847 1419 1875 αὐτοῦ
1444 1848 1588 1883 ὑπέγραφε
1605 1848 1639 1875 τὰ
1658 1849 1724 1883 περὶ
1743 1848 1793 1882 τῆς

1003 1892 1122 1924 πίστεως
1138 1892 1281 1928 ὁρισθέντα
1298 1893 1488 1929 σοφισάμενος.
1503 1894 1558 1920 Καὶ
1571 1894 1585 1920 ὁ
1601 1893 1651 1928 μὲν
1665 1893 1794 1928 βασιλεὺς

1002 1939 1164 1975 θαυμάσας,
1192 1940 1239 1967 καὶ
1263 1939 1346 1976 ὁρκον
1368 1940 1512 1976 ἐπέφερεν.
1539 1940 1568 1966 ’0
1593 1939 1622 1966 δὲ
1644 1940 1692 1967 καὶ
1713 1939 1795 1966 τοῦτο

1004 1986 1179 2021 σοφιζόμενος
1199 1986 1285 2012 ἐποίει
1297 1994 1303 2002 ν
1317 1986 1377 2012 τίνα
1390 1985 1419 2012 δὲ
1434 1986 1535 2022 τρόπον
1548 1985 1707 2021 ἑτεχνάζετο
1724 1986 1792 2022 γρά-

1003 2039 1070 2066 φων,
1085 2031 1123 2063 ὡς
1139 2031 1255 2067 ἥκουσα,
1272 2031 1329 2058 ἐστι
1345 2031 1441 2059 ταῦτα·
1457 2031 1656 2067 Καταγράῲας,
1672 2032 1765 2066 φησὶν,
1779 2033 1793 2058 ὸ

1005 2077 1113 2112 ’Λρειος
1128 2078 1156 2104 ὲν
1178 2077 1266 2114 χάρτη
1279 2077 1313 2113 ἠν
1334 2076 1390 2112 εἶχε
1402 2076 1491 2111 δόξαν,
1508 2077 1560 2104 ὑπὸ
1579 2077 1668 2113 μάλης
1684 2077 1791 2112 ἔφερεν.

1005 2122 1092 2157 Ὦμνυ
1106 2131 1136 2149 τε
1151 2122 1258 2158 ἀληθῶς
1273 2122 1345 2150 οὕτω
1359 2124 1476 2158 φρονεῖν,
1492 2124 1530 2155 ὼς
1546 2123 1594 2150 καὶ
1607 2122 1792 2158 γεγραφηκὼς

1003 2168 1056 2203 εἴη.
1077 2168 1162 2195 Τοῦτο
1176 2168 1225 2204 μὲν
1239 2166 1286 2195 οὖν
1302 2168 1373 2196 οὕτω
1394 2169 1585 2204 γεγενῆσθαι,-
1595 2169 1666 2204 ἀκοῇ
1684 2169 1793 2204 γράψας

1004 2212 1068 2248 ἔχω.
1084 2213 1146 2240 Ὅτι
1161 2213 1251 2249 μέντοι
1267 2213 1315 2240 καὶ
1331 2214 1412 2250 ὅρκον
1426 2214 1546 2249 ἐπέθηκε
1561 2215 1617 2246 τοῖς
1633 2215 1791 2249 γραφεῖσιν,

1003 2259 1035 2286 ὲκ
1043 2257 1097 2285 τῶν
1103 2258 1252 2286 ἐπιστολῶν
1258 2259 1305 2286 τοῦ
1315 2259 1444 2294 βασιλέως
1451 2259 1621 2294 ἀνελεξάμην
1630 2267 1636 2274 ’
1644 2259 1793 2292 πιστεύσας

1002 2304 1030 2331 δὲ
1048 2305 1062 2332 ό
1079 2304 1223 2340 βασιλεὺς,
1245 2305 1373 2341 δεχθῆναι
1393 2305 1474 2332 αὑτὸν
1500 2305 1553 2333 ὑπὸ
1573 2305 1620 2333 τοῦ
1642 2306 1793 2333 ἐπισκόπου

1003 2351 1208 2378 κωνσδταντινου
1239 2351 1343 2383 πόλεως
1382 2351 1557 2387 Ἀλεξάνδρου
1579 2353 1620 2384 εἰς
1649 2352 1794 2380 κοινωνίαν

1001 2396 1158 2423 ἐκέλευσεν.
1174 2397 1316 2424 Σαὸδάςου
1330 2397 1358 2424 δὲ
1370 2395 1404 2433 ἦν
1418 2398 1479 2424 τότε
1492 2397 1600 2433 ἠμέρα-
1616 2398 1663 2425 ut
1677 2399 1711 2434 τῇ
1731 2398 1794 2433 ἑξῆς

1003 2440 1156 2476 προσεδόκα
1185 2442 1374 2476 συνάγεσθαι·
1395 2443 1456 2478 δίκη
1484 2443 1512 2470 δὲ
1536 2443 1716 2478 ἐπηκολούθει
1738 2445 1794 2477 τοῖς

1012 2486 1118 2523 Ἀρείου
1137 2487 1320 2524 τολμήμασιν.
1342 2489 1387 2521 Ὠς
1400 2489 1454 2525 γὰρ
1474 2489 1570 2524 ἐξῆλθε
1586 2490 1635 2525 τῆς
1652 2489 1794 2525 βασιλικῆς

767 2561 903 2591 VALESII
921 2560 1197 2593 ANNOTATIONES.

211 2607 256 2643 65)
264 2607 353 2645 ᾃὙπὸ
365 2607 422 2642 τὴν
436 2609 518 2645 typog-
528 2609 683 2643 τράπεζαν.
698 2609 828 2645 nudans,
848 2616 882 2637 ex
895 2616 951 2645 quo

165 2642 248 2671 habet
260 2643 429 2672 Selomenus
444 2644 471 2671 in
485 2644 560 2672 libro
575 2653 603 2679 ιι,
618 2652 678 2680 cap.
693 2644 737 2672 29.

968 2609 1028 2639 haec
1060 2611 1213 2649 desumpsit
1244 2613 1381 2647 Socrates,
1396 2614 1434 2642 ait
1444 2615 1492 2642 sub
1506 2613 1590 2642 altari
1599 2614 1705 2650 facem.
1719 2613 1793 2643 Idem

878 2718 1059 2749 VARIORUM
1064 2742 1070 2748 .

202 2767 213 2783 ο
232 2763 266 2790 Ἢ
326 2764 446 2799 αῐτησις
467 2759 651 2801 ἥνγτοιαύτη.
662 2764 724 2801 jlis
744 2764 904 2801 consimilia
917 2765 952 2793 de

166 2797 314 2835 Alexandri
336 2797 485 2835 precibus,
502 2800 592 2834 deque
621 2799 679 2826 Arii
707 2799 784 2828 exitu
812 2800 952 2828 habentur

164 2833 238 2869 apud
255 2833 433 2863 Athanasium
446 2835 474 2864 in
485 2833 600 2870 epistola
613 2835 647 2863 ad
661 2835 848 2872 Serapionem.
863 2836 918 2864 vol.
929 2835 951 2863 Ι.

1005 2775 1077 2812 P25;
1087 2768 1149 2812 ἔνω-
1164 2768 1296 2812 Εεωάεειι
1312 2768 1457 2812 bisetiam
1471 2770 1569 2812 vesicis
1587 2769 1794 2812 eameam

1005 2802 1150 2843 episcopos
1170 2802 1280 2844 @gypti
1302 2809 1332 2832 et
1351 2805 1444 2846 Libyae
1466 2802 1596 2847 attigerat
1615 2802 1688 2833 idem
1708 2806 1793 2835 Atha-

1006 2845 1109 2868 nasms.
1127 2839 1212 2867 Perut
1227 2845 1319 2868 autem
1332 2840 1414 2869 Arius
1431 2848 1503 2869 anno
1516 2846 1627 2869 ctrcrter
1645 2840 1711 2869 536.
