1887 3058
207 160 259 190 I79

923 162 1091 192 SOCRATIS

1779 159 1831 188 ιω

205 219 311 253 condit,
323 219 351 247 in
362 228 418 256 quo
434 224 488 250 tres
504 222 615 257 quidem
631 223 733 251 liberos
748 222 855 258 imperii
871 215 989 252 lueredes

1056 223 1073 250 it
1091 223 1137 250 ἐπὶ
1151 223 1237 259 τούτῳ
1260 222 1415 259 γενόμενος,
1434 222 1565 258 διαθήκας
1587 222 1719 256 ποιεῖται,
1735 221 1767 249 ὲν
1787 219 1831 254 αἷς

205 265 337 299 instituit,
348 273 425 294 suam
443 268 541 302 cuique
556 273 670 303 partem,
683 273 764 304 prout
783 269 862 296 vivus
877 269 990 302 fecerat,

205 311 356 346 assignans.
376 311 469 339 Romae
482 320 548 340 vero
571 317 598 339 ct
620 313 681 340 urbi
703 320 784 348 quam
807 321 857 341 suo
881 314 991 342 nomine

205 357 469 392 Constantinopolim
480 366 570 385 nuncn
574 362 659 393 parat,
671 359 756 386 multa
767 359 924 394 relinquens
932 360 990 394 pri-

206 399 315 435 vilegia,
339 404 532 428 testamentum
558 402 732 429 commendat
754 403 916 438 presbytero
940 402 990 435 illi,

205 445 283 480 cujus
295 449 373 472 antea
390 445 504 474 fecimus
515 447 692 479 mentionem,
708 454 757 482 per
768 455 848 482 quem
861 447 942 474 Arius
955 447 990 474 ab

204 491 300 518 exsilio
319 490 408 518 fuerat
430 497 591 525 revocatus;
613 493 779 528 mandatque
802 501 836 520 nc
861 493 988 527 cuiquam

203 535 281 562 alteri
290 543 371 570 quam
385 535 441 563 filio
454 544 504 564 suo
516 537 686 570 Constantio,
705 545 786 572 quem
799 537 903 565 Orienti
917 545 989 572 pne-

202 579 314 611 fccerat.
330 580 398 608 illud
419 581 446 608 in
461 589 558 609 manus
576 582 706 609 traderet.
724 582 764 610 Ad
781 583 855 610 hunc
877 582 988 609 modum

202 626 313 653 condito
326 630 499 660 testamento,
512 636 574 655 cum
591 629 695 664 aliquot
709 629 768 657 dits
782 628 987 664 supervixisset.

201 679 234 698 ex
246 671 297 699 hac
318 672 379 700 luce
403 674 538 708 migravit.
551 675 637 702 Porro
656 675 738 702 morti
766 677 825 710 ejus
847 675 939 702 nullus
957 683 991 702 ex

202 716 264 744 filiis
276 717 408 745 interfuit.
423 719 540 747 Mittitur
552 720 644 755 itaque
660 721 787 756 protinus
799 720 826 747 in
838 719 990 753 Orientem,

201 763 248 798 qui
262 763 424 792 Constantio
443 765 528 800 patris
540 766 646 792 obitum
665 767 814 793 nuntiaret.

485 821 539 857 76
552 820 627 849 CAP.
651 821 707 848 XL.

317 865 357 891 Dc
368 866 503 900 sepuftura
515 867 681 901 imperatoris
693 865 866 893 Constantini.

236 910 343 946 Corpus
352 919 418 938 vero
430 911 603 946 imperatoris
612 932 619 943 ,
631 919 716 939 aureo
732 912 872 939 conditum
888 912 987 944 loculo,

201 955 351 983 necessarii
364 955 628 991 Constantinopolim
647 956 844 991 deportarunt,
856 961 883 984 et
897 957 925 983 in
941 964 989 983 su-

202 1000 279 1028 blimi
302 1005 430 1036 suggestu
453 1002 656 1028 collocaverunt
677 1001 703 1028 in
730 1001 848 1036 palatio;
871 1002 989 1029 maxime

201 1046 305 1073 honore
321 1050 349 1073 et
363 1045 498 1080 frequenti
516 1046 646 1073 satellitio
658 1046 734 1072 illum
749 1047 826 1080 quasi
839 1045 929 1073 adhuc
941 1054 988 1073 su-

200 1093 343 1128 perstitem
358 1092 546 1124 observantes,
572 1092 661 1127 quoad
686 1100 773 1127 usque
791 1099 824 1118 ex
842 1092 906 1119 filiis
929 1093 989 1128 ejus

200 1138 335 1173 quispiam
356 1137 520 1165 advenisset.
536 1138 632 1165 Postea
652 1146 718 1165 vero
736 1146 798 1165 eum
813 1138 990 1166 Constantius

200 1192 234 1211 ex
245 1183 364 1211 Orientis
377 1184 501 1219 partibus
513 1184 677 1217 advolassct,
693 1185 767 1220 regia
787 1185 937 1212 honoratus
948 1189 989 1212 est

200 1229 355 1264 sepultura,
377 1229 572 1264 depositusquc
597 1229 625 1256 in
652 1230 768 1257 ecclesia
785 1230 987 1265 Apostolorum,

199 1283 281 1309 quam
294 1274 351 1310 ipse
364 1283 396 1302 eo
413 1275 528 1302 consilio
544 1274 726 1302 mdiﬁcavcrat
737 1296 744 1308 ,
757 1279 787 1302 ut
811 1276 990 1311 imperatores

199 1326 227 1348 et
241 1321 383 1356 pontiﬁces
399 1321 434 1348 ab
457 1322 642 1356 apostolorum
659 1321 783 1356 reliquiis
799 1321 871 1349 haud
892 1322 988 1357 procul

200 1367 336 1395 abessent.
350 1367 423 1394 Vixit
433 1372 524 1394 autem
537 1367 685 1403 imperator
697 1367 893 1395 Constantinus
903 1376 989 1396 annos

1045 268 1108 300 τοὺς
1130 268 1181 303 μὲν
1208 269 1282 304 τρεῖς
1308 267 1383 299 υἱοὺς
1406 267 1590 303 κληρονόμους
1617 266 1667 302 τῆς
1692 266 1831 302 βασιλεεας

1045 313 1193 344 ἐνίσταται,
1202 313 1273 340 καθὰ
1288 313 1335 340 καὶ
1345 312 1398 344 ζῶν
1407 313 1497 344 αὐτοῖς
1504 313 1567 344 τοὺς
1575 312 1693 348 κλήρους
1699 312 1828 348 διένειμε.

1044 358 1135 385 Πολλὰ
1157 358 1186 385 δὲ
1210 360 1243 394 τῇ
1262 357 1405 393 Ῥωμαίων
1420 357 1496 385 πόλει
1517 359 1564 386 καὶ
1588 359 1621 394 τῇ
1647 357 1744 385 ἑαυτοῦ
1760 359 1830 385 ἐπω-

1043 404 1120 440 νύμῳ
1134 404 1191 439 (G9)
1201 405 1331 440 πρεσϐεῖα
1343 404 1500 432 καταλιπὼν
1508 425 1515 438 ,
1532 404 1582 436 τὰς
1592 405 1722 440 διαθήκας
1732 404 1831 439 ἐκεινῳ
1849 439 1853 442 ἱ

1047 449 1226 485 παρατίθεται
1243 449 1282 485 τῷ
1302 450 1478 486 πρεσϐυτέρῳ
1492 450 1559 486 (το),
1574 450 1608 476 δι’
1622 450 1705 486 ὅνπερ
1721 450 1830 485 Ἄρειος

1047 495 1243 531 ἀνακέκληται,
1260 494 1292 522 οὗ
1311 497 1357 523 καὶ
1370 496 1467 532 μικρὸν
1488 496 1641 532 ἔμπροσθεν
1656 495 1831 530 πεποιήμεθα

1046 540 1170 576 μνήμην·
1196 540 1381 576 ἐντειλάμενος
1408 540 1501 576 μηδενὶ
1514 541 1613 576 ἑτέρῳ,
1639 540 1705 576 ἥτῷ
1726 539 1779 574 υἱῷ
1792 539 1831 575 τῷ

1041 586 1092 620 τῆς
1110 586 1254 622 Ἀνατολῆς
1272 587 1381 622 ἄρχοντι
1395 586 1591 622 Κωνσταντίῳ,
1612 587 1651 618 εις
1663 586 1714 618 τὰς
1733 587 1830 621 χεῖρας

1043 633 1143 668 βαλεῖν.
1151 633 1228 660 Μετὰ
1236 633 1264 660 δὲ
1272 633 1302 660 τὸ
1310 633 1402 660 θέσθαι
1413 633 1462 665 τὰς
1469 633 1600 668 διαθήκας
1608 653 1614 664 ,
1621 632 1714 666 ὀλίγας
1722 632 1831 668 ἡμέρας

1040 678 1174 710 ἐπιϐιοὺς.
1186 678 1232 704 τὸν
1246 678 1303 712 βίον
1314 678 1430 705 ἀπέλιπε
1446 678 1470 705 ἀ.
1485 678 1546 704 Τῶν
1559 678 1649 713 μέντοι
1663 677 1730 704 υἱῶν
1746 677 1829 704 αὑτοῦ

1040 724 1088 750 ἐπὶ
1094 725 1127 759 τῇ
1136 724 1247 759 τελευτῇ
1257 724 1348 760 παρῆν
1355 724 1451 756 οὐδείς.
1462 724 1603 760 Πέμπεται
1610 722 1656 751 οὖν
1666 723 1750 756 εὐθὺς
1761 723 1830 760 πρὸς

1038 770 1090 806 τὴν
1115 769 1202 806 Ἐῴαν
1225 771 1240 796 ὁ
1260 770 1442 806 Κωνσταντιῳ
1459 770 1588 806 μηνύσων
1608 771 1659 806 τὴν
1685 769 1827 806 τελευτήν.

1335 827 1450 854 ΚΕΦΑΛ
1455 847 1461 854 .
1486 828 1531 854 Μ’.

1041 872 1111 907 Περὶ
1127 873 1184 907 τῆς
1205 872 1328 907 κηδείας
1347 873 1401 901 τοῦ
1418 872 1572 906 ,βασιλέως
1585 872 1828 900 Κωνσταντίνου.

1075 917 1113 944 Τὸ
1130 917 1158 944 δὲ
1174 917 1254 952 σῶμα
1267 917 1313 944 τοῦ
1332 917 1464 952 βασιλέως
1483 918 1508 945 ot
1525 917 1671 953 ἐπιτήδειοι
1685 918 1775 952 χρυσῇ
1789 917 1830 944 ἑν-

1040 960 1148 996 θέμενοι
1162 961 1287 996 λάρνακι,
1305 961 1350 987 ἐπὶ
1363 960 1411 997 τὴν
1424 961 1630 988 Κωνσταντξνου
1650 960 1728 987 πόλιν
1745 960 1831 987 διεκό-

1041 1014 1139 1041 μισαν*
1165 1007 1297 1034 ἀπέθεντὸ
1320 1015 1349 1033 τε
1368 1007 1398 1033 ἐν
1413 1007 1471 1038 τοῖς
1485 1006 1630 1042 βασιλείοις
1647 1007 1690 1040 ἐφ’
1706 1005 1828 1041 ὑψηλοῦ,

1039 1051 1086 1077 καὶ
1096 1051 1139 1077 διὰ
1154 1051 1236 1086 τιμῆς
1249 1049 1316 1086 ἦγον
1335 1050 1383 1077 καὶ
1402 1050 1565 1086 δορυφορίας
1582 1050 1698 1086 πολλῆς,
1718 1050 1757 1081 ὡς
1783 1051 1829 1076 καὶ

1039 1095 1140 1128 ζῶντος
1155 1096 1258 1131 ἐγίνετο
1268 1105 1274 1110 ·
1293 1096 1340 1123 καὶ
1359 1095 1438 1122 τοῦτο
1455 1097 1563 1122 ἐποίουν
1578 1095 1629 1128 ἕως
1640 1105 1682 1127 τις
1693 1095 1748 1123 τῶν
1762 1096 1829 1122 υἱῶν

1039 1140 1122 1167 αὑτοῦ
1137 1141 1336 1177 παραγένηται.
1354 1142 1431 1168 Μετὰ
1444 1141 1473 1168 δὲ
1488 1141 1572 1168 ταῦτα
1586 1142 1618 1168 ἐκ
1635 1141 1689 1169 τῶν
1703 1141 1828 1168 ἀνατολι-

1039 1186 1095 1213 κῖ›ν
1116 1186 1206 1222 μερῶν
1232 1187 1391 1219 ἐπιστάντος
1416 1187 1623 1221 Κωνσταντῐου,
1648 1187 1759 1223 κηδείας
1780 1187 1829 1222 τῆς

1040 1232 1184 1268 βασιλικῆς
1209 1232 1334 1268 ἠξιοῦτο,
1358 1232 1500 1265 ἀποτεθεὶς
1524 1233 1552 1259 ἐν
1575 1234 1608 1268 τῇ
1638 1233 1772 1268 ἐκκλησίᾳ
1795 1233 1826 1267 τῇ

1039 1277 1176 1313 ἐπωνύμῳ
1201 1278 1257 1304 τῶν
1282 1278 1466 1312 Ἀεὶ-τοσειόλων⁷
1488 1279 1520 1314 ἢν
1535 1278 1568 1305 δι’
1592 1278 1658 1306 αὐτὸ
1681 1277 1761 1304 τοῦτο
1778 1285 1826 1304 πε-

1040 1324 1161 1359 ποιήκει,
1181 1325 1256 1356 ὅπως
1267 1323 1299 1351 ἂν
1309 1325 1333 1351 οἰ
1349 1324 1469 1360 βασιλεῖς
1482 1333 1512 1351 τε
1530 1325 1577 1351 καὶ
1593 1325 1675 1360 ἱερεῖς
1690 1323 1747 1350 τῶν
1762 1324 1827 1350 ἁπο-

1040 1372 1170 1399 στολικῶν
1177 1372 1310 1401 λειψάνων
1322 1372 1358 1408 μὴ
1371 1372 1599 1408 ἀπολιμπάνοιντο
1610 1372 1676 1408 (71).
1688 1372 1791 1406 Ἕζησε
1801 1371 1827 1397 δὲ

200 1413 321 1448 quinque
341 1417 369 1440 et
385 1413 541 1448 sexaginta:
559 1422 592 1441 ex
611 1414 712 1448 quibus
728 1422 813 1441 unum
834 1418 862 1442 et
878 1415 988 1450 triginta

1066 1415 1191 1450 βασιλεὺς
1201 1417 1402 1447 Κωνσταντῐνος
1414 1416 1460 1451 ἐτη
1475 1415 1700 1451 ἐξηκονταπέντε.
1719 1415 1827 1442 Ἐϐασί-

201 1459 354 1494 imperavit.
369 1459 493 1487 Mortuus
505 1463 547 1487 est
564 1459 701 1487 Feliciano
717 1464 745 1487 et
765 1460 873 1487 Titiano
889 1468 988 1488 consu-

199 1505 284 1537 libus,
303 1504 348 1533 die
365 1504 510 1532 undecimo
534 1505 668 1533 Kalendas
689 1505 762 1532 Junii
785 1514 791 1532 :
816 1506 862 1541 qui
877 1506 989 1541 quidem

199 1549 338 1577 secundus
353 1554 413 1577 erat
434 1557 523 1577 annus
540 1550 707 1586 Olympiadis
726 1550 919 1578 ducentesima
945 1559 988 1578 se—

200 1595 375 1630 ptuagesima:
384 1599 494 1622 octavm.
503 1595 636 1622 Craterum
648 1595 693 1623 hic
705 1595 774 1624 liber
783 1596 899 1631 spatium
909 1596 991 1624 unius

200 1645 228 1668 et
239 1641 349 1676 triginta
359 1648 492 1668 annorum
505 1641 706 1676 complectitur.

1041 1461 1120 1487 λευσε
1136 1461 1163 1487 δὲ
1177 1461 1224 1496 ἔτη
1239 1462 1385 1496 τριάκοντα
1400 1461 1428 1487 ἓν
1441 1470 1447 1476 ·
1466 1461 1625 1496 ἐτελεύτησε
1639 1461 1668 1488 δὲ
1685 1461 1713 1487 ὲν
1727 1460 1828 1495 ὑπατῖᾳ

1041 1507 1196 1534 Φιλικιανῡῦ
1205 1507 1252 1534 καὶ
1275 1507 1418 1539 Τατιανοῦ,
1436 1509 1469 1543 τῇ
1485 1508 1598 1542 δευτέρᾳ
1620 1507 1667 1534 καὶ
1681 1506 1769 1533 εἰκάδι
1783 1506 1826 1532 τοῦ

1043 1552 1131 1579 Μαΐου
1145 1551 1228 1586 μηνός
1237 1560 1243 1566 ·
1256 1551 1335 1577 τοῦτο
1350 1551 1377 1578 δὲ
1389 1549 1423 1586 ἦν
1432 1551 1557 1586 δεύτερον
1566 1551 1624 1583 ἔτος
1635 1551 1684 1586 τῆς
1694 1551 1828 1577 διακοσιο-

1044 1597 1108 1632 στῆς
1117 1596 1318 1631 ἑϐδομηκοστῆς
1327 1595 1423 1630 ὀγδόης
1436 1596 1614 1631 Ὀλυμπιάδος
1625 1596 1690 1631 (ἹΞ).
1703 1594 1827 1630 Περιέχει

1043 1643 1073 1671 δὲ
1089 1643 1105 1678 ή
1122 1642 1211 1678 βίϐλος
1227 1643 1322 1678 χρόνον
1338 1642 1406 1669 ἑτῶν
1428 1642 1486 1675 ὲνδς
1508 1643 1575 1678 πρὸς
1595 1643 1651 1674 τοῖς
1667 1641 1826 1678 τριάκοντα.

780 1699 914 1729 VALESII
934 1700 1210 1730 ANNOTATIONES.

238 1758 459 1796 (mrumst
478 1760 527 1796 κίιὶ
545 1759 583 1793 τῇ
595 1759 753 1796 γῬωμαΙων
777 1761 864 1796 πόλει
879 1760 928 1788 καὶ
954 1760 990 1795 τῇ

201 1794 312 1830 ἑαυτοῦ
324 1795 478 1830 ἐπωνύμῳ.
496 1794 636 1830 Posterius
653 1795 709 1827 καί,
723 1795 797 1830 quod
814 1796 842 1822 in
865 1794 990 1823 editione

202 1829 316 1859 Roberti
339 1829 470 1863 Stephani
488 1829 592 1862 deerat,
608 1837 660 1858 nec
680 1830 708 1857 in
732 1829 834 1858 nostris
848 1831 990 1858 codicibus

202 1864 362 1900 Florentino
378 1868 406 1890 et
429 1863 565 1892 Sfortiano
585 1865 694 1900 legitur,
721 1865 826 1900 primus
852 1866 990 1900 supplevit

202 1898 490 1933 Christophorsonus:
512 1898 628 1927 habetur
643 1898 734 1927 tamen
747 1901 774 1927 in
801 1898 988 1927 codicé'Leo-

202 1935 247 1961 nis
257 1933 359 1960 Allatii.
375 1933 429 1961 Sed
443 1934 520 1968 prius
532 1935 578 1962 καὶ
592 1935 620 1963 in
642 1935 739 1962 eodem
751 1935 933 1962 desideratur.
951 1935 989 1962 De

202 1968 342 2003 congiario
362 1969 434 2003 quod
453 1969 649 1997 Constantinus
673 1970 776 1997 seniori
795 1971 887 1997 Roma:
907 1975 990 1996 testa-

203 2008 295 2030 mento
307 2011 356 2030 suo
370 2004 492 2036 reliquit,
505 2005 583 2032 testis
596 2010 637 2032 est
650 2005 785 2032 Eusebius
803 2009 897 2032 noster
909 2005 936 2032 in
952 2005 987 2031 li—

203 2038 254 2074 bro
267 2043 364 2074 quarto
383 2039 416 2074 de
429 2038 489 2066 Vita
502 2039 685 2071 Constantini,
701 2048 760 2074 cap.
776 2039 819 2067 65.

239 2073 296 2109 (70)
308 2073 454 2106 Amo/mat;
466 2075 572 2108 ἐκείνῳ
583 2073 772 2108 παρατιθεῐαι
795 2074 834 2107 τῷ
855 2075 986 2109 apart?”-

202 2107 454 2143 répmﬁbesnmpsit
467 2109 524 2136 hac
537 2107 664 2137 Socrates
679 2117 713 2136 ex
730 2109 821 2137 Rufini
845 2107 917 2137 libro
935 2110 985 2136 de-

203 2143 286 2179 cimo.
298 2143 399 2179 Verum
417 2143 475 2171 haec
487 2145 608 2171 narratio
624 2152 718 2179 parum
741 2144 891 2179 probabilis
918 2145 986 2171 mihi

203 2178 322 2205 videtur.
335 2177 402 2210 Quis
425 2179 498 2214 enim
521 2177 843 2206 credatﬂConstantinum
867 2180 989 2214 impera-

203 2217 302 2243 torem.
314 2214 361 2247 qui
377 2217 434 2240 tum
458 2213 531 2242 circa
549 2222 578 2241 se
591 2214 691 2241 multos
711 2214 830 2241 habebat
844 2213 990 2248 episcopos

204 2247 244 2284 (id
257 2249 331 2275 enim
348 2248 449 2284 diserte
473 2252 587 2276 testatur
598 2249 754 2283 Eusebius).
768 2247 903 2284 plurimos
924 2247 990 2276 item

203 2281 289 2320 duces
299 2287 327 2309 et
335 2283 466 2320 comites.
475 2291 559 2320 unum
573 2284 687 2318 elegisse
700 2281 900 2320 presbyterum,
913 2291 991 2320 eum-

204 2326 258 2352 que
272 2318 428 2354 ignobilem,
442 2318 542 2352 quippe
563 2319 642 2353 cujus
657 2318 755 2346 nonien
770 2318 902 2354 perpetuo
923 2318 991 2345 reti-

203 2357 293 2384 cetur,
309 2353 354 2380 cui
373 2357 566 2380 testamentum
589 2361 669 2380 suum
697 2353 819 2382 moriens
835 2354 991 2381 committe-

204 2388 269 2424 ret?
288 2388 378 2424 Quare
402 2388 615 2423 Philostorgium
639 2389 684 2416 hic
710 2390 787 2424 sequi
811 2389 922 2420 malim,
944 2388 990 2424 qui

203 2421 412 2450 Constantinum
433 2421 588 2450 testamenti
607 2424 649 2450 sui
674 2421 781 2451 tabulas
800 2423 920 2450 Eusebio
941 2421 991 2450 Ni-

203 2458 376 2494 comediensi
396 2458 542 2485 tradidisse
561 2459 669 2491 scribit,
692 2467 707 2486 a
731 2467 785 2494 quo
808 2459 889 2493 paulo
911 2463 992 2485 antea

203 2492 293 2519 fuerat
304 2493 468 2520 baptizatus.

241 2526 297 2562 (71)
312 2526 359 2561 Μὴ
375 2528 642 2563 ἀπολιμπάνοιντο.
662 2528 801 2555 Muscnlus
821 2533 849 2555 ct
868 2527 992 2555 Christo—

205 2562 361 2596 phorsonus
371 2563 445 2590 hunc
460 2564 550 2591 locum
570 2564 606 2590 ita
623 2567 776 2595 verterunt,
797 2571 829 2588 ne
849 2563 992 2598 imperato-

204 2604 246 2633 ἷξε
258 2601 283 2623 et
299 2598 427 2625 antistites
447 2598 566 2633 reliquiis
580 2598 760 2633 apostolorum
776 2598 989 2624 destituerentur.

205 2632 306 2659 Verum
317 2632 388 2660 hanc
400 2632 654 2668 interpretationem
666 2632 782 2667 probare
797 2641 851 2660 non
866 2640 989 2668 possum.

1041 1761 1136 1788 Nullas
1156 1760 1228 1788 enim
1253 1759 1438 1795 apostolorum
1463 1759 1593 1794 reliquias
1617 1759 1644 1786 in
1658 1767 1690 1786 ea
1712 1759 1827 1787 ecclesia

1041 1795 1201 1823 condiderat
1214 1795 1418 1823 Constantinus.
1440 1795 1530 1822 Malim
1549 1795 1641 1829 itaque
1662 1799 1784 1826 vertere,
1800 1799 1827 1820 ut

1039 1831 1212 1866 imperatores
1226 1835 1250 1856 et
1264 1830 1394 1866 antistites
1407 1829 1462 1866 illic
1476 1829 1629 1864 sepeliendi,
1641 1829 1677 1866 ubi
1693 1829 1827 1866 apostolo-

1040 1874 1098 1892 rum
1110 1865 1310 1900 reliquiishaud
1322 1865 1412 1899 procul
1426 1865 1561 1895 abessent;
1573 1867 1618 1891 sed
1630 1865 1720 1890 eodem
1732 1865 1828 1890 honore

1039 1909 1098 1927 uim
1116 1900 1179 1935 ipsis
1192 1899 1371 1961 aﬂicerentur.
1395 1900 1480 1932 Quam
1493 1900 1748 1961 intetéprmationem
1763 1906 1827 1926 con-

1039 1935 1130 1961 ﬁrmat
1140 1935 1210 1961 Ense
1232 1935 1275 1961 ius
1290 1934 1317 1961 in
1334 1935 1382 1961 lib.
1398 1942 1423 1961 iv
1435 1934 1469 1961 de
1481 1935 1542 1961 Vita
1575 1934 1739 1961 onstantini.
1759 1941 1784 1960 c.
1800 1933 1825 1960 Δ.

1039 1933 1131 1962 ﬁrmat
1140 1933 1275 1962 Eusebius
1290 1934 1317 1961 in
1334 1935 1382 1961 lib.
1398 1942 1423 1961 iv
1435 1934 1469 1961 de
1481 1935 1542 1961 Vita
1553 1933 1739 1964 Constantini.
1759 1941 1784 1960 c.
1800 1933 1825 1960 Δ.

1077 1971 1132 2004 (72)
1157 1971 1298 2003 Δεύτερον
1312 1969 1379 2002 ἔτος
1399 1969 1454 2001 τῆς
1468 1968 1683 2004 διακοσιοᾳτῆς
1701 1968 1826 2004 ἑϐδομηο

1039 2003 1152 2038 κοὰτῆς
1168 2004 1274 2038 ὅγδόης
1295 2004 1498 2038 Ὀλυμπιάδος.
1515 2004 1593 2031 Errat
1607 2003 1746 2030 Socrates.
1763 2003 1827 2030 Nam

1040 2039 1178 2066 Feliciano
1185 2044 1213 2066 et
1224 2039 1332 2066 Titiano
1342 2047 1426 2070 coss,
1436 2039 1482 2073 qui
1495 2038 1547 2065 fuit
1555 2046 1644 2065 annus
1654 2038 1759 2065 Christi
1767 2038 1827 2069 557,

1039 2074 1083 2102 die
1099 2074 1244 2102 undecimo
1254 2074 1387 2101 Kalendas
1397 2073 1638 2105 Junias,currebat
1647 2081 1737 2100 annus
1746 2081 1827 2107 quar-

1040 2109 1260 2144 tusOlylnpiadis
1276 2109 1471 2144 ducentesima:
1496 2108 1705 2144 septuagesinue
1716 2113 1827 2144 celarat.

1041 2142 1293 2178 lrlqnc'certissiinis
1303 2143 1456 2170 rationibus
1468 2142 1648 2178 demonstrari
1660 2147 1762 2178 potest.
1777 2142 1827 2178 Sed

1005 2176 1026 2203 Ι)
1041 2176 1151 2206 videtur
1168 2179 1295 2206 Socrates
1307 2186 1374 2206 usus
1392 2186 1453 2205 esse
1466 2178 1566 2206 vitioso
1582 2176 1678 2205 codice
1697 2177 1827 2204 Chronici

1044 2214 1203 2244 Eusebiani.
1221 2214 1248 2240 in
1262 2221 1317 2248 quo
1332 2213 1500 2248 Olympiadis
1515 2220 1603 2248 annus
1616 2213 1687 2239 male
1703 2217 1764 2239 erat
1780 2212 1827 2248 de-

1044 2249 1174 2286 signatus.
1187 2247 1303 2286 Videtur
1317 2247 1448 2286 tamenin
1463 2248 1516 2286 hoc
1536 2247 1657 2286 Socratis
1674 2247 1737 2274 loco
1760 2247 1828 2286 seri-

1044 2282 1165 2311 bcndum
1177 2291 1239 2310 esse
1250 2284 1280 2309 τδ
1294 2284 1386 2318 τρίτον
1400 2283 1466 2314 ἔτος.
1479 2283 1606 2309 Aitenim
1620 2282 1750 2318 Socrates
1772 2282 1828 2318 pri-

1043 2326 1118 2345 mum
1139 2319 1212 2345 hunc
1228 2318 1354 2345 Historiaa
1366 2326 1422 2345 sua:
1440 2318 1542 2345 librum
1554 2317 1698 2351 complecti
1712 2317 1828 2351 spatium

1044 2361 1178 2381 annorum
1194 2353 1276 2380 unius
1288 2361 1319 2380 ac
1334 2353 1455 2387 triginta.
1469 2352 1582 2380 Orditur
1599 2353 1673 2378 enim
1692 2351 1727 2378 ab
1753 2351 1829 2378 initio

1043 2388 1226 2418 Constantini.
1249 2395 1330 2422 quem
1349 2386 1476 2421 regnasse
1498 2387 1594 2414 scribit
1607 2394 1694 2414 annos
1721 2386 1828 2422 triginta

1043 2428 1074 2462 et
1092 2421 1367 2462 llllllnl:_Ejtl§alllem.
1378 2422 1486 2449 initium
1494 2421 1645 2462 rconsiguat
1655 2429 1729 2462 anno
1743 2421 1829 2462 primo

1044 2456 1647 2494 Olympiadisducentesima:septuagesima:
1672 2456 1780 2490 primae.
1800 2460 1828 2482 ut

1044 2491 1132 2528 supra
1142 2493 1271 2528 vidimus.
1286 2492 1368 2528 Atqui
1386 2493 1420 2519 ab
1429 2492 1482 2519 hoc
1493 2499 1565 2518 anno
1575 2491 1609 2518 ad
1618 2499 1720 2528 annum
1733 2498 1828 2518 secun-

1045 2525 1109 2555 du’m
1133 2527 1300 2563 Olympiadis
1329 2525 1524 2563 ducentesima
1552 2525 1760 2563 septuagesima
1785 2532 1828 2552 oc-

1046 2567 1123 2594 tavar,
1138 2561 1201 2590 anni
1213 2561 1282 2590 sunt
1303 2566 1406 2589 lantum
1425 2562 1548 2595 triginta.
1561 2561 1641 2595 idque
1653 2561 1764 2588 duobus
1780 2566 1829 2587 ter-

1046 2598 1129 2625 minis
1147 2598 1269 2625 inclusis.
1288 2597 1407 2624 Proinde
1423 2597 1451 2624 in
1466 2595 1521 2624 hoc
1537 2596 1657 2623 Socratis
1674 2595 1737 2623 loco
1755 2603 1827 2623 men-

1045 2632 1110 2660 dum
1125 2633 1161 2660 sit
1177 2639 1290 2660 necesse
1303 2636 1353 2659 est.

929 2709 1116 2737 VARIORUM.

239 2767 251 2787 ἀ
271 2767 326 2794 Τὸν
334 2768 559 2800 ,ϐων-ἀπέλιπε.
570 2766 646 2796 Anno
658 2767 760 2802 imperii
778 2775 859 2798 χχχιι,
876 2776 935 2795 cuni.
952 2772 992 2794 to—

206 2807 261 2829 tum
274 2803 361 2829 orbem
376 2803 499 2829 tredecim
515 2803 648 2833 tenuisset,
661 2803 798 2837 sexaginta
813 2807 901 2833 nutus.
913 2808 991 2837 atque

206 2837 320 2871 amplius
335 2837 396 2867 duo,
410 2838 437 2862 in
461 2837 555 2864 Persas
577 2838 695 2869 tendens,
715 2846 730 2863 α
752 2839 825 2872 queis
840 2837 937 2864 bellum
952 2839 991 2864 ir-

207 2880 331 2907 rumpere
346 2878 492 2906 acceptrat,
507 2881 568 2900 rure
586 2874 704 2909 prorimo
726 2872 884 2900 Nicomedim
909 2873 993 2908 Athy-

1042 2776 1136 2795 ranam
1157 2772 1260 2800 vorant,
1277 2769 1403 2800 excessit;
1418 2777 1477 2795 cum
1493 2768 1521 2795 id
1534 2772 1630 2794 tetrum
1644 2767 1718 2794 sidus
1733 2768 1824 2802 regnis.

1041 2803 1110 2837 quod
1132 2804 1257 2830 erinitum
1276 2809 1379 2835 vocant,
1401 2803 1583 2838 portendisset.
1606 2802 1696 2829 Funus
1716 2802 1826 2838 relatum

1041 2839 1068 2864 in
1084 2839 1173 2864 urbem
1184 2839 1225 2865 sui
1242 2839 1365 2865 nominis.
1383 2837 1476 2865 Victor
1487 2838 1520 2865 de
1534 2837 1698 2865 Caesaribus.
1714 2837 1826 2864 Decessit

1043 2878 1135 2900 autem
1150 2873 1181 2900 A.
1197 2873 1227 2900 C.
1246 2873 1308 2906 537,
1329 2873 1373 2901 die
1391 2874 1577 2906 Pentecostes,
1600 2880 1626 2900 ιι
1646 2873 1706 2900 Kal.
1729 2873 1824 2900 Junius.
