1887 3067
174 108 226 137 18⁵1

892 106 1060 136 SOCRATIS

1758 99 1822 128 188

173 176 223 203 per
238 174 321 203 quem
338 167 419 203 paulo
439 171 503 195 ante
514 166 596 195 Arius
610 166 698 194 luerat
717 165 752 193 ab
769 164 866 195 exsilio
884 172 961 192 revo-

1035 162 1098 194 ῑτιος
1125 162 1222 199 μικρὸν
1245 161 1399 199 ἔμπροσθεν
1426 159 1555 195 ἐγεγόνει.
1584 159 1648 191 Πῶς
1669 158 1699 186 δὲ
1725 157 1822 185 τοῦτο

173 217 261 242 catus.
283 213 336 241 Sed
351 212 582 248 quemadmodum
603 219 634 239 ea
658 218 702 238 res
719 208 841 237 confecta
861 208 907 241 sit,
921 209 962 236 di-

174 258 293 287 cendum
319 258 448 286 arbitror.
477 257 622 292 Presbyter
645 255 692 283 ille
720 262 803 290 quem
830 254 960 287 diximus,

175 308 371 333 testamentum
398 307 425 331 et
453 303 579 330 mandata
603 308 664 336 quae
684 300 880 328 Constantinus
901 307 961 327 mo-

176 349 251 376 riens
270 348 321 383 ipsi
341 347 522 378 commiserat,
536 345 697 374 Constantio
714 346 887 380 imperatoris
907 344 962 373 tilio

176 393 286 421 obtulit.
311 393 358 420 llle
383 400 445 420 cum
467 392 494 418 in
517 394 679 418 testamento
701 389 730 417 id
749 389 822 425 quod
846 390 963 418 maxime

176 437 316 473 cupiebat,
328 437 458 472 scriptum
469 443 528 463 esse
541 434 719 470 comperisset
732 443 738 461 :
753 433 872 462 Orientis
889 434 962 461 enim

176 483 322 519 imperium
346 485 506 509 testamento
528 481 554 508 ei
580 480 752 513 tradebatur;
774 481 962 516 presbyterum

176 536 274 564 magno
290 528 317 554 in
333 527 437 554 honore
451 527 557 558 habuit,
571 526 741 560 multumque
753 525 924 553 auctoritatis
936 525 962 553 ei

175 573 322 605 concessit,
336 577 364 600 et
386 577 416 600 ut
437 572 554 600 fidenter
573 580 605 600 ac
625 572 711 599 libere
728 571 757 598 in
774 571 904 606 palatium
923 571 964 598 in-

175 619 346 654 grederetur,
368 617 508 652 prmcepit.
531 617 594 644 llaec
617 616 700 651 igitur
721 615 831 642 licentia
853 615 962 650 presby-

177 670 234 691 tero
251 671 390 695 concessa,
405 670 467 690 eum
486 662 563 689 brevi
581 661 740 688 familiarem
759 660 888 692 reddidit,
906 664 963 687 tum

175 707 350 743 imperatoris
373 708 491 743 coniugi,
511 711 568 734 tum
588 707 647 741 ejus
668 706 811 733 eunuchis.
835 706 872 732 Ea
898 709 963 733 tem—

175 757 280 788 pestate
304 753 467 788 prmpositus
494 757 553 779 erat
578 751 645 786 regii
674 750 793 778 cubiculi
820 751 964 783 eunuchus

176 799 298 834 quidam,
310 799 420 826 nomine
436 799 581 825 Eusebius.
596 798 665 825 Huic
675 797 817 832 presbyter
828 797 964 831 persuasit

177 848 208 872 ut
234 845 390 879 opinionem
407 844 464 871 Arii
482 844 702 878 amplecteretur.
723 842 783 875 Quo
804 841 904 868 factum
923 844 965 867 est

178 895 209 918 ut
230 890 321 918 caeteri
349 890 432 917 etiam
461 889 580 917 eunuchi
604 888 631 915 in
654 887 779 915 eamdem
802 886 964 914 sententiam

178 935 390 963 adducerentur.
409 935 462 962 Sed
475 939 502 962 et
513 935 571 970 ipsa
585 933 756 968 imperatoris
770 940 848 964 uxor,
859 936 887 959 et
903 940 965 967 spa-

178 979 281 1008 donum
302 985 330 1008 et
350 980 504 1016 presbyteri
533 980 654 1012 hortatu,
681 978 738 1006 Arii
758 979 882 1014 partibus
906 986 965 1005 sese

179 1026 314 1062 adjunxit.
338 1026 394 1054 Nec
413 1026 499 1053 multo
520 1030 581 1061 post
605 1025 638 1053 ad
661 1025 852 1060 imperatorem
877 1024 966 1059 ipsum

179 1072 304 1106 pervenit
321 1071 379 1099 haec
400 1071 530 1106 quaestio;
550 1071 735 1106 paulatimque
754 1069 888 1104 evulgala,
912 1069 967 1103 pri-

179 1125 254 1145 mum
272 1117 384 1152 quidem
406 1117 440 1144 iis
458 1117 577 1144 innotuit
591 1116 637 1151 qui
651 1117 678 1143 iu
690 1115 790 1150 palatio
802 1114 964 1147 militabant,

179 1167 275 1198 postea
296 1171 362 1190 vero
386 1162 419 1190 ad
443 1163 532 1198 ipsum
551 1169 661 1197 quoque
679 1161 755 1188 urbis
772 1160 852 1195 regiae
869 1160 966 1195 vulgus

179 1207 360 1241 peruiauavit.
381 1207 415 1234 Et
432 1207 459 1234 in
477 1207 576 1242 palatio
590 1206 711 1242 quidem,
733 1205 893 1233 cubicularii
913 1213 966 1232 una

179 1259 242 1278 cum
263 1252 432 1279 mulierculis
455 1251 488 1278 de
515 1251 567 1278 hoc
587 1251 713 1286 dogmate
733 1250 918 1285 disputabant.
937 1250 966 1276 In

179 1297 248 1325 urbe
262 1305 337 1329 vero,
355 1305 404 1332 per
417 1297 536 1332 singulas
551 1305 637 1332 prope
651 1297 746 1324 domos
759 1297 861 1324 bellum
878 1295 966 1331 quod-

180 1342 242 1370 dam
256 1343 428 1370 dialecticum
445 1343 600 1378 gerebatur.
615 1343 700 1370 Porro
715 1342 796 1377 hujus
813 1342 876 1369 mali
892 1342 968 1369 labes

180 1387 248 1414 alias
266 1395 375 1422 quoque
396 1388 478 1415 urbes
499 1396 530 1415 ac
550 1387 705 1423 provincias
725 1387 800 1414 brevi
823 1387 965 1422 corripuit.

180 1431 269 1466 Atque
296 1432 382 1459 instar
403 1432 545 1464 scintillae,
568 1440 602 1460 ex
624 1431 715 1467 parvis
741 1435 800 1459 orta
825 1432 967 1466 principiis

180 1478 376 1510 controversia,
388 1478 557 1505 audientium
570 1478 676 1504 animos
687 1477 720 1504 ad
739 1478 883 1504 maximam
903 1485 968 1504 con—
982 1494 1002 1523 ε

181 1524 332 1551 tentionem
359 1524 505 1551 excitabat.
534 1523 640 1559 Singuli
667 1524 740 1551 enim
765 1524 831 1551 dum
859 1531 968 1551 causam

181 1569 315 1596 tumultus
329 1570 381 1604 81
403 1573 610 1604 percontantur,
626 1570 797 1597 occasionem
812 1569 969 1605 disputandi

181 1615 272 1642 statim
298 1615 436 1642 habebant
451 1624 457 1641 :
473 1623 560 1650 eoque
582 1615 641 1650 ipso
662 1622 716 1650 quo
738 1616 970 1649 percontabantur

182 1665 315 1696 tempore,
328 1661 401 1688 rixas
413 1661 535 1693 inibant;
549 1667 597 1695 per
610 1660 766 1695 hujusmodi
780 1664 870 1687 autem
886 1661 968 1694 rixas,

182 1711 281 1734 cuncta
297 1706 536 1734 subvertebantur.
556 1706 591 1733 Et
607 1706 664 1733 haac
677 1705 788 1740 quidem
809 1706 836 1733 in
851 1706 970 1735 Orientis

183 1751 316 1780 duntaxat
336 1752 452 1780 urbibus
470 1751 630 1786 agebantur.
657 1751 744 1779 Urbes
762 1751 836 1779 enim
860 1752 968 1788 Illyrici,

182 1803 211 1826 et
233 1806 294 1834 quat
311 1799 339 1826 in
357 1797 514 1825 Occidentis
536 1798 661 1832 partibus
685 1798 743 1825 sita:
764 1801 837 1831 sunt,
861 1799 970 1826 interim

182 1844 312 1879 quievere
332 1852 340 1870 :
357 1843 458 1879 quippe
477 1851 537 1878 quae
556 1844 658 1871 Nicaeni
677 1844 785 1871 concilii
802 1844 912 1872 decreta
929 1845 969 1872 la-

183 1889 321 1917 befactare
334 1889 448 1916 nollent.
459 1889 528 1917 Cum
543 1889 626 1925 igitur
640 1889 787 1917 excitatum
801 1890 853 1918 hoc
869 1891 969 1918 malum

184 1934 307 1971 quotidie
334 1933 551 1969 ingravesceret,
575 1934 723 1962 Eusebiani
750 1934 912 1962 seditionem
938 1943 971 1962 ac

185 1980 332 2006 tumultum
353 1979 537 2007 multitudinis
557 1980 634 2008 lucro
653 1988 703 2007 suo
722 1980 898 2015 deputabant.
918 1981 971 2008 Ne-

183 2032 238 2059 que
258 2025 332 2052 enim
350 2024 429 2051 aliter
446 2025 504 2051 ﬁeri
527 2033 606 2060 posse
625 2026 782 2060 sperabant,
800 2030 830 2053 ut
852 2027 969 2061 aliquem

183 2068 342 2104 episcopum
365 2067 535 2096 Alexandriae
554 2071 763 2103 constituerent,
780 2071 826 2105 qui
850 2071 970 2106 ipsorum

183 2114 306 2150 opinioni
319 2114 523 2149 sull‘ragarctur.
540 2115 593 2142 Sed
608 2116 752 2143 consilium
771 2116 879 2145 illorum
899 2125 969 2152 pra:-

1011 206 1147 242 ὲπράχθη,
1163 206 1281 234 λεκτέον.
1299 206 1355 242 Τὴν
1369 206 1501 241 διαθήκην
1517 206 1532 231 ὁ
1547 203 1739 239 πρεσϐύτερος
1764 203 1824 229 καὶ

1011 252 1045 278 τὰ
1053 251 1214 279 ὲνταλθέντα
1227 252 1302 288 παρὰ
1310 251 1356 279 τοῦ
1367 251 1558 286 κατοιχομένου
1568 248 1701 284 βασιλέως
1716 256 1803 284 προσ
1813 263 1820 267 -

1013 296 1091 332 φέρει
1107 298 1290 334 Κωνσταντίῳ
1306 297 1347 334 τῷ
1367 297 1413 324 τοῦ
1426 296 1557 332 βασιλέως
1571 295 1633 331 υῑῷ.
1652 295 1682 322 '0
1691 295 1722 321 δὲ
1734 293 1822 320 τοῦθ’

1011 343 1136 379 εὑρηκὼς
1146 343 1338 379 γεγραμμένον
1350 343 1417 378 ὅπερ
1431 341 1566 368 ἐϐούλετο·
1581 340 1631 374 τῆς
1645 340 1701 374 γὰρ
1718 338 1823 374 Ἐᾠας

1013 388 1164 423 βασιλεύειν
1174 389 1254 416 αὑτὸν
1268 388 1416 424 ἐπέτρεπεν
1429 388 1445 423 ἡ
1457 386 1584 422 διαθήκη·
1598 387 1642 413 διὰ
1652 385 1742 420 τιμῆς
1759 382 1822 420 ἦγε

1012 434 1057 460 τὸν
1072 434 1268 470 πρεσϐύτερον,
1288 433 1447 469 παρρησίας
1472 440 1503 458 τε
1527 431 1663 466 μετεδίδου
1687 430 1819 464 πολλῆς,

1012 479 1053 512 et;
1065 488 1096 506 τε
1117 479 1152 506 τὰ
1168 479 1292 515 βασίλεια
1308 477 1460 514 θαρροῦντα
1482 477 1595 504 εἰσιέναι
1611 475 1755 503 ἐκέλευεν.
1784 475 1820 501 ἰΙ

1013 524 1104 552 τοίνυν
1129 525 1236 552 δοθεῖσα
1263 524 1405 560 παρρησία
1428 523 1566 560 γνώριμον
1591 522 1673 549 αὑτὸν
1700 521 1821 556 ταχέως

1013 571 1162 606 κατέστησε
1178 572 1210 606 τῇ
1219 579 1249 597 τε
1264 570 1310 597 τοῦ
1328 569 1458 604 βασιλέως
1472 569 1589 604 γαμετῇ,
1606 568 1653 594 καὶ
1668 568 1727 598 τοῖς
1748 567 1820 593 εὖν-

1013 615 1102 650 ούχοις
1121 616 1218 650 αὐτῆς.
1241 613 1295 642 Ἦν
1315 615 1344 641 δὲ
1360 615 1389 641 ὲν
1404 614 1442 649 τῷ
1463 614 1552 650 χρόνῳ
1565 613 1652 648 τούτῳ
1666 612 1822 648 πρωτότυ-

1014 669 1064 692 πος
1079 661 1134 687 τῶν
1154 661 1290 688 κοιτώνων
1304 660 1352 687 τοῦ
1370 660 1503 695 βασιλέως
1517 659 1656 694 εὐνοῦχος,
1674 656 1698 693 ᾧ
1718 658 1821 692 ὃνομει

1013 703 1198 740 ἧνΕὑσέὸιος.
1227 704 1327 732 Τοῦτον
1349 706 1364 732 ὁ
1389 704 1575 740 πρεσϐύτερος
1602 703 1755 730 συνθέσθαι
1780 704 1820 737 τῇ

1020 751 1124 787 Ἀρείου
1135 751 1197 787 δόξῃ
1209 751 1376 778 συνέπεισεν.
1399 751 1445 776 Ἐκ
1457 750 1485 777 δὲ
1501 750 1607 782 τούτου,
1620 750 1668 776 καὶ
1682 748 1822 782 nilei-50‘.

1014 797 1067 824 τῶν
1082 796 1214 832 εὐνούχων
1230 797 1265 824 τὰ
1282 796 1352 823 αὐτὰ
1367 797 1475 832 φρονεῖν
1491 795 1673 822 ἀνεπείθοντο.
1692 795 1731 821 0-5
1754 795 1818 830 μὴν

1016 843 1083 869 ἀλλὰ
1101 843 1148 869 καὶ
1166 844 1182 878 ἡ
1198 842 1245 869 τοῦ
1264 841 1394 877 βασιλέως,
1415 841 1533 877 γαμετὴ,
1548 840 1592 868 διὰ
1605 841 1659 867 τῶν
1671 840 1821 876 εὐνούχων

1016 889 1062 915 καὶ
1076 888 1123 915 τοῦ
1137 887 1337 924 πρεσϐυτέρου,
1356 888 1389 922 τῇ
1413 888 1518 924 ’Δρείου
1532 887 1597 924 δόξῃ
1619 886 1818 922 προστίθεται.

1016 933 1082 960 Μετ’
1097 933 1127 959 οὐ
1146 933 1213 960 πολὺ
1230 933 1257 959 δὲ
1279 933 1326 960 καὶ
1345 932 1388 959 ἐπ’
1401 932 1482 959 αὑτὸν
1499 931 1616 959 διέϐαινε
1632 931 1678 958 τδν
1694 931 1820 966 βασιλέα

1015 979 1046 1006 τὸ
1069 977 1179 1014 ζήτημα
1198 977 1276 1004 τοῦτο
1290 986 1297 993 ”
1321 978 1368 1006 καὶ
1389 978 1493 1013 γίνεται
1521 978 1638 1013 φανερὸν
1658 977 1717 1012 (75)
1740 977 1820 1004 κατὰ

1017 1024 1116 1059 βραχὺ,
1134 1024 1242 1059 πρῶτον
1261 1024 1310 1059 μὲν
1323 1024 1378 1055 τοῖς
1391 1024 1462 1050 κατὰ
1476 1024 1509 1050 τὰ
1523 1023 1648 1058 βασίλεια
1661 1030 1819 1058 στρατευοι

1018 1070 1108 1105 μένοις
1126 1069 1193 1104 (76).
1213 1070 1329 1096 Ἔπειτα
1345 1069 1382 1101 δὲ,
1407 1069 1511 1105 διεδόθη
1534 1069 1581 1096 καὶ
1606 1070 1646 1100 εἰς
1666 1069 1702 1096 τὰ
1719 1068 1818 1103 πλήθη

1015 1116 1065 1150 τῆς
1078 1115 1190 1147 πόλεως’
1205 1115 1356 1150 διελέγοντο
1366 1115 1394 1141 δὲ
1409 1115 1466 1150 (77)
1479 1115 1597 1150 περὶτῆς
1608 1114 1699 1150 δόξης,
1718 1115 1749 1141 ὲν
1764 1115 1818 1149 μὲν

1016 1161 1073 1192 τοῖς
1093 1159 1238 1195 βασιλείοις
1254 1161 1278 1186 οἱ
1301 1161 1503 1187 ὲπικοιτωνῖται
1523 1159 1581 1195 ἅμα
1596 1161 1657 1192 ταῖς
1674 1159 1815 1193 γυναιξίν·

1016 1207 1045 1233 ὲν
1071 1206 1100 1233 δὲ
1128 1208 1161 1242 τῇ
1186 1207 1281 1239 πόλει,
1299 1206 1360 1233 καθ’
1387 1207 1505 1242 ἑκάστην
1527 1206 1614 1232 οὶκίαν
1641 1205 1816 1236 διαλεκτικὸς

1017 1251 1134 1286 πόλεμος
1148 1249 1197 1287 ἦν’
1213 1251 1350 1287 διέτρεχεν
1365 1250 1411 1278 οὖν
1424 1250 1528 1286 ταχέως
1546 1251 1576 1277 τὸ
1593 1250 1751 1289 κακδνηκαὶ
1767 1251 1815 1277 ἐπὶ

1016 1297 1065 1330 τὰς
1082 1298 1163 1329 ἄλλας
1178 1298 1314 1333 ἐπαρχίας
1330 1307 1359 1324 τε
1375 1297 1422 1325 καὶ
1434 1297 1536 1329 πόλεις.
1556 1296 1609 1324 Καὶ
1625 1297 1663 1329 ὡς
1681 1296 1814 1332 σπινθὴρ,

1017 1343 1048 1369 ἐκ
1065 1343 1165 1378 μικροῦ
1181 1344 1317 1379 λαμῦάνον
1330 1344 1379 1380 τὴν
1396 1343 1482 1379 ἀρχὴν
1494 1343 1523 1370 τὸ
1536 1342 1657 1378 ζήτημα,
1679 1344 1720 1374 εἰς
1734 1343 1812 1377 φιλο-

1017 1388 1118 1415 νεικίαν
1136 1389 1198 1420 τοὺς
1218 1389 1366 1420 ἀκούοντας
1387 1389 1508 1424 ἤγειρεν.
1535 1388 1671 1420 Ἕκαστος
1687 1387 1742 1422 γὰρ
1760 1387 1814 1414 τῶν

1018 1433 1224 1469 πυνθανομένων
1248 1435 1297 1470 τῆς
1320 1434 1443 1469 ταραχῆς
1468 1433 1518 1469 τὴν
1545 1434 1644 1466 αἰτίαν,
1673 1433 1813 1468 πρόφασιν

1019 1479 1100 1512 εὐθὺς
1112 1478 1168 1515 εἶχε
1183 1479 1340 1516 ζητήσεως·
1360 1480 1407 1508 καὶ
1423 1481 1481 1514 ἅμα
1495 1481 1528 1515 τῇ
1548 1479 1692 1515 ἐρωτήσει,
1708 1479 1812 1514 ἐρίζειν

1020 1525 1153 1552 ἐϐούλετο.
1185 1526 1232 1552 Ἐκ
1255 1526 1284 1553 δὲ
1308 1526 1358 1562 τῆς
1383 1525 1470 1561 ἔριδος
1500 1526 1590 1552 πάντα
1611 1525 1809 1561 ἀνατέτραπτο.

1019 1571 1110 1598 Ταῦτα
1123 1571 1172 1606 μὲν
1184 1568 1230 1598 οὖν
1244 1571 1314 1598 κατὰ
1331 1571 1381 1603 τὰς
1401 1572 1575 1604 ’Λνατολικὰς
1590 1572 1682 1604 πόλεις
1692 1572 1811 1606 ἐγένετο,

1019 1617 1052 1644 Al
1072 1617 1127 1653 γὰρ
1148 1617 1177 1644 ὲν
1199 1617 1357 1653 Ἰλλυριοῖς,
1382 1617 1429 1644 καὶ
1454 1617 1490 1644 τὰ
1511 1618 1642 1654 Ἑσπέρια
1661 1618 1732 1653 μέρη
1756 1618 1812 1653 (78)

1019 1662 1087 1694 τέως
1106 1662 1251 1698 ήσύχαζοψ
1265 1663 1329 1695 τοὺς
1347 1664 1427 1699 ὅρους
1447 1663 1501 1699 γὰρ
1518 1663 1582 1695 τοὺς
1601 1665 1649 1700 τῆς
1664 1665 1693 1690 ἐν
1707 1663 1811 1698 Nuceria.

1021 1708 1128 1734 συνόδου
1150 1708 1352 1744 παρασαλεύειν
1376 1709 1426 1736 οὐκ
1441 1709 1546 1745 ἤθελον.
1572 1709 1617 1741 Ὠς
1632 1707 1679 1736 οὖν
1692 1709 1809 1744 ἐξαφθὲν

1019 1753 1050 1780 τὸ
1060 1754 1174 1790 πρᾶγμα
1189 1754 1235 1780 ἐπὶ
1247 1754 1277 1780 τὸ
1297 1755 1386 1790 χεῖρον
1400 1754 1530 1788 ἐπέδωκε,
1543 1755 1693 1790 τηνικαῦτα
1708 1756 1732 1781 οἱ
1745 1755 1809 1789 περὶ

1020 1799 1150 1826 Εὐσέϐιον
1173 1800 1219 1827 τὸν
1236 1800 1414 1836 Νικομηδέα,
1429 1801 1543 1836 ἕρμαιον
1562 1801 1677 1836 ἡγοῦντο
1694 1801 1742 1836 τὴν
1758 1801 1811 1827 τῶν

1021 1845 1127 1872 πολλῶν
1148 1847 1283 1882 ταραχήν.
1311 1846 1390 1873 Οὕτω
1413 1847 1466 1881 γὰρ
1491 1847 1578 1881 μόνως
1609 1846 1739 1874 δύνασθαι
1763 1846 1811 1881 τῆς

1026 1889 1229 1927 Ἀλεξανδρείας
1243 1892 1392 1919 ἐπίσκοπον
1405 1892 1542 1925 ἀναδεῖξαι
1557 1893 1606 1928 τῆς
1624 1892 1715 1919 αὐτῶν
1735 1892 1810 1927 δόξης

1020 1937 1169 1973 ὁμόφρονα.
1195 1938 1275 1965 Ἀλλὰ
1298 1938 1359 1965 τότε
1385 1938 1434 1973 μὲν
1456 1938 1573 1973 ἔφθασεν
1595 1937 1750 1965 ἐπανελθὼν
1772 1940 1810 1971 εἰς

1014 1982 1106 2018 ,αὐτὴν
1130 1983 1298 2016 Ἀθανάσιος,
1311 1983 1370 2016 ἑνὸς
1384 1984 1438 2010 τῶν
1453 1984 1618 2018 Αύγούστων
1632 1984 1810 2019 ὠχυρωμένος

1022 2029 1191 2065 γράμμασιν,
1206 2030 1278 2065 ἅπερ
1290 2029 1328 2065 τῷ
1351 2030 1547 2065 Ἀλεξανδρέων
1560 2030 1618 2065 λαῷ
1640 2031 1810 2057 Κωνσταντῖ-

1021 2083 1065 2106 νος
1081 2076 1095 2101 ὁ
1111 2074 1169 2107 νέος
1182 2075 1197 2101 ὁ
1211 2075 1251 2110 τῷ
1271 2075 1355 2111 πατρὶ
1373 2075 1533 2110 ὁμώνυμος,
1549 2076 1580 2102 ὲκ
1595 2075 1644 2110 τῆς
1658 2076 1687 2102 ὲν
1708 2075 1805 2110 Γαλλίᾳ

1022 2119 1178 2156 Τριὸέρεως
1192 2120 1324 2155 ἐπεμψεν.
1343 2121 1421 2147 Ἔστι
1435 2120 1462 2147 δὲ
1477 2120 1540 2147 τάδε
1557 2120 1591 2147 τὰ
1610 2119 1760 2155 γράμματα
1778 2120 1809 2146 τὰ

183 2159 259 2187 venit
273 2159 413 2187 Athanasii
429 2160 533 2188 reditus
546 2169 552 2187 :
570 2161 616 2195 qui
630 2161 822 2188 Alexandriam
844 2170 971 2190 reversus

1035 2165 1242 2200 ιποτεταγμένα.

183 2210 237 2240 est,
266 2207 349 2243 regiis
364 2207 488 2235 munitus
505 2207 614 2240 litteris,
647 2215 716 2242 quas
733 2216 805 2236 unus
822 2217 855 2237 ex
870 2210 1014 2245 Augustis,
1033 2211 1229 2240 Constantinus
1249 2212 1345 2240 Iunior
1365 2212 1436 2248 patri
1457 2211 1636 2247 cognominis,
1649 2219 1683 2239 ex
1704 2211 1807 2239 civitate

184 2254 359 2284 Trevirorum
376 2256 410 2283 ad
430 2256 562 2291 populum
580 2255 793 2284 Alexandrinum
814 2258 969 2293 scripserat.
991 2259 1093 2287 Earum
1107 2264 1197 2287 autem
1214 2260 1367 2288 litterarum
1385 2259 1539 2295 exemplum
1552 2259 1598 2287 hic
1609 2259 1723 2295 subjeci.

765 2347 900 2376 VALESll
919 2349 1198 2379 ANNOTATIONES.

221 2416 277 2451 (75)
291 2417 345 2444 Kal
366 2417 478 2452 γίνεται
499 2417 654 2452 φανρρόνη
667 2415 896 2451 Conjunctionem
925 2417 971 2444 hic

187 2453 280 2480 addidi
298 2461 332 2479 ex
347 2451 509 2480 auctoritate
521 2452 624 2479 codicis
635 2451 798 2483 Florentini,
814 2459 970 2486 quanquam

187 2489 215 2516 in
233 2488 285 2514 hoc
305 2487 400 2515 codice
426 2488 560 2522 particula
586 2494 637 2514 suo
660 2487 720 2513 loco
736 2490 811 2522 mota
828 2491 897 2513 erat.
926 2486 973 2513 Sic

186 2523 261 2550 enim
277 2523 410 2566 scriptum
424 2521 515 2566 habet,
532 2523 568 2566 TI?)
584 2521 849 2566 xal‘Cﬁtqpafeﬁro
866 2521 972 2561 γίνεται

188 2558 313 2592 φανερόν.
327 2556 381 2585 Sed
397 2557 475 2585 facile
484 2563 544 2585 erat
553 2557 623 2584 hanc
633 2556 874 2592 transpositionem
884 2556 973 2592 anim-

187 2591 341 2654 advpirtere.
359 2592 440 2620 Certe
458 2593 630 2628 Nicephorus
657 2591 880 2619 emendationem
903 2591 974 2618 hanc

188 2635 239 2654 con
263 2631 350 2654 rmat:

188 2631 258 2655 conti
263 2631 350 2654 rmat:

227 2661 282 2696 (76)
311 2663 376 2696 Τοῖς
400 2663 475 2689 ward
497 2662 533 2689 τὰ
546 2662 691 2694 ,βασίλεια
715 2660 970 2696 στρατευομένοις.

189 2695 258 2725 Male
274 2695 541 2733 Christnphorsonus
557 2698 731 2733 imperatoris
742 2695 876 2733 satellites
886 2695 973 2733 inter-

191 2737 324 2767 pretatur.
343 2729 443 2760 Ouiues
464 2734 536 2760 enim
563 2729 676 2768 palatini
695 2731 747 2768 hac
766 2729 884 2768 dictione
900 2730 973 2757 desi-

179 2765 319 2803 gnantur.
337 2776 390 2795 non
403 2765 573 2803 protectores
584 2767 671 2803 solum
680 2773 711 2792 ac
725 2765 865 2792 domestici
886 2769 913 2792 et
923 2773 973 2803 _rc-

192 2801 259 2837 liqui
275 2801 413 2831 scholares
428 2804 474 2838 qui
487 2803 538 2831 sub
555 2801 638 2829 armis
652 2805 740 2832 erant,
768 2807 865 2827 verum
893 2801 974 2827 etiam

1025 2417 1208 2445 ministeriani
1220 2421 1250 2444 et
1271 2417 1419 2445 scriniarii.
1438 2417 1500 2445 llaec
1516 2415 1589 2444 enim
1605 2415 1724 2451 palatina
1739 2417 1806 2445 mili-

1026 2453 1063 2479 tia
1079 2453 1238 2485 dicebatur;
1253 2453 1349 2479 eodem
1369 2452 1452 2479 modo
1473 2459 1527 2486 quo
1551 2451 1680 2478 ollieiales
1694 2459 1748 2487 seu
1762 2460 1806 2487 ap-

1026 2488 1162 2522 paritores
1179 2487 1386 2521 magistratuum
1401 2487 1605 2514 ordinarioer
1619 2486 1804 2522 scurciviljum,

1026 2521 1127 2549 iuilites
1137 2522 1307 2549 dicebantur.
1320 2522 1475 2556 Eorumque
1488 2527 1564 2548 actus
1578 2521 1605 2548 in
1618 2521 1713 2548 codice
1727 2521 1807 2548 Theo-

1025 2557 1138 2584 dosiauo
1155 2557 1304 2584 ctdiortalis
1320 2557 1417 2584 militia
1432 2557 1599 2591 appellatur.

1066 2565 1138 2584 siano
1155 2565 1304 2584 cmiortans
1320 2565 1417 2584 nnnua
1432 2565 1447 2583 a
1470 2565 1599 2591 pellatur.

1066 2592 1125 2628 (77)
1136 2592 1307 2628 Διελέγοντο
1326 2592 1379 2628 δέη
1387 2565 1568 2628 Scriﬁenﬂuin
1597 2589 1706 2628 videtur
1715 2625 1720 2628 _
1729 2590 1806 2616 διελέ-

1028 2625 1162 2661 γοντοδή,
1179 2631 1210 2653 ut
1224 2625 1330 2654 'vitetur
1357 2626 1479 2662 ejusdem
1499 2626 1641 2660 particulae
1655 2625 1737 2652 nimis
1751 2633 1806 2652 cre-

1025 2662 1075 2689 bra
1093 2662 1230 2689 repetitio.

1047 2669 1075 2688 ra
1093 2666 1230 2688 I‘CDCUUO.

1063 2670 1237 2731 ῗἹΞξριέἐῑιὲέὶ
1254 2696 1378 2729 ἑσπέρια
1388 2695 1474 2730 μέρη.
1490 2696 1550 2723 Non
1566 2695 1663 2731 dubito
1675 2694 1747 2731 (quin
1759 2693 1804 2721 So-

1028 2730 1117 2759 crates
1131 2731 1284 2766 scripserit,
1304 2732 1349 2758 καὶ
1371 2731 1441 2758 κατὰ
1463 2732 1496 2758 τὰ
1513 2730 1627 2764 ἑσπέρια
1646 2730 1726 2766 μέρη,
1745 2734 1805 2763 etc,

1029 2767 1124 2802 supple
1139 2767 1236 2798 πόλεις.
