1887 3067
42 155 100 185 197

550 158 714 187 HISTORIA
734 158 1008 188 ECCLESIASTICA.
1028 175 1063 180 —
1081 160 1145 188 LIB.
1166 160 1199 188 ll.

1629 161 1682 191 {98

41 213 96 242 οὖν
125 214 196 251 αὕτη
221 216 239 253 ἡ
269 216 376 248 σύνοδος
407 215 436 242 ὲν
461 216 495 252 τῇ
519 216 678 252 Ἀντιοχείᾳ,
707 217 841 253 παρουσίᾳ

930 221 1079 253 ιιιειεοειιιιιι·
1100 217 1193 253 itaque
1218 216 1340 253 synodus
1356 216 1525 250 ~Antiochiae,
1547 224 1682 252 praesente

43 261 241 290 Κωνσταντῖου
268 263 316 290 τοῦ
339 262 482 298 βασιλέως,
497 263 526 289 ὲν
542 263 660 300 ὑπατείᾳ
684 263 841 299 Μαρκέλλου

41 307 94 335 καὶ
110 308 245 345 Προδίνου
263 308 332 345 (86)·
348 306 382 344 ἦν
406 309 435 336 δὲ
459 308 584 344 πέμπτον
605 309 665 340 ἔτος
691 309 746 345 (87)
764 310 842 337 τοῦτο

40 353 96 388 τῆς
111 354 243 389 τελευτῆς
258 354 307 381 τοῦ
323 353 378 381 τῶν
392 353 555 388 Αὑγούστων
569 354 673 389 πατρὸς
695 354 841 381 Κωνσταν-

40 398 131 426 τίνου.
147 400 330 435 Προειστήκει
343 399 370 426 δὲ
386 399 446 425 τότε
458 398 508 433 τῆς
521 398 550 424 ὲν
569 398 719 433 Ἀντιοχείᾳ
729 398 842 433 Ἐκκλη-

42 445 107 477 σίας
124 445 262 477 Πλάκιτος
277 445 344 480 (88),
358 443 547 478 διαδεξάμενος
560 443 717 479 Εὑφρόνιον.
732 444 763 470 υἱ
778 443 842 478 περὶ

41 491 180 519 Εὐσέσιον
192 489 250 523 οὖν,
264 490 345 526 ἔργον
362 490 481 517 τίθενται
498 489 713 525 προηγουμένως
729 489 842 516 Ἀθανά-

41 546 104 564 σιον
121 538 291 569 διαϐάλλειν,
309 537 417 574 πρῶτον
435 537 484 572 μὲν
501 535 538 567 ὡς
554 536 629 572 παρὰ
651 535 751 562 κανόνα
771 535 842 570 πρά-

41 583 144 616 ξαντα,
159 584 189 610 δν
211 583 290 610 αὐτοὶ
311 582 417 618 ὥρισαν
431 581 503 613 τότε,
526 583 567 609 ὃτι
589 582 627 617 μὴ
641 580 738 617 γνώμῃ
753 581 842 608 κοινοῦ

42 628 190 664 συνεδρίου
205 628 260 655 τιῖιν
277 628 445 660 ἐπισκόπων,
464 627 513 662 τὴν
529 627 606 660 τάξιν
620 627 670 663 τῆς
693 627 843 662 ἱερωσύνης

41 675 194 702 ἀνέλαϐεν.
213 674 386 702 Ἐπανελθὼν
408 674 463 710 γὰρ
480 674 534 701 ἀπὺ
550 673 599 709 τῆς
621 673 737 709 ἐξορίας,
755 673 843 708 ἑαυτῷ

41 721 201 757 ἐπιτρέψας
223 721 264 753 είς
286 721 336 756 τὴν
353 720 516 756 Ἐκκλησίαν
535 720 709 755 είσεπήόησε.
731 719 786 746 Καὶ
801 720 843 746 ὅτι

42 769 72 794 ὲν
88 769 123 802 τῇ
141 766 238 801 εἰσόδῳ
251 765 334 793 αὑτοῦ
349 766 470 801 ταραχῆς
485 766 643 801 γενομένης,
661 765 751 791 πολλοὶ
767 766 795 791 ἑν
809 766 842 800 τῇ

43 813 144 840 στάσει
162 811 300 839 ἄπέθανον
325 811 392 847 (89)·
424 812 470 838 καὶ
495 810 532 843 ὦς
556 820 638 838 τινων
665 811 843 837 αἰκισθέντων

41 858 98 885 ὑπὸ
116 858 291 889 ’Δθανασίου,
315 857 395 884 τινῶν
417 857 446 884 δὲ
472 857 658 893 δικαστηρίοις
681 856 844 892 παραδοθέν-

892 263 952 298 ipso
973 264 1039 298 imp.
1057 263 1228 295 Constantio,
1242 263 1385 291 consulatu
1404 263 1555 290 Marcellini
1570 268 1598 291 et
1616 264 1684 292 Pro--

892 309 961 341 bini,
984 317 1057 336 anno
1078 310 1175 344 quinto
1199 313 1261 345 post
1279 309 1386 337 obitum
1403 309 1576 337 Constantini
1596 310 1682 344 patris

891 354 1088 389 Augustorum.
1113 355 1281 383 Przesidebat
1303 363 1336 382 eo
1360 358 1483 390 tempore
1505 355 1683 382 Antiochenze

896 399 1026 426 Ecclesia:
1038 399 1193 431 Flaceillus,
1206 400 1251 434 qui
1264 400 1424 434 Euphronio
1440 403 1618 426 successerat.
1632 399 1685 434 lgi-

894 448 938 472 tur
955 445 1104 473 Eusebiani
1127 450 1189 472 ante
1208 446 1300 473 omnia
1322 445 1500 472 Athanasium
1521 444 1683 472 calumniari

893 490 1074 518 studuerunt:
1094 490 1213 525 primum
1227 491 1349 525 quidem,
1364 486 1437 525 quod
1454 494 1548 518 contra
1561 491 1683 526 regulam

892 543 974 571 quam
992 536 1046 571 ipsi
1064 540 1122 563 tum
1138 536 1258 571 primum
1277 537 1496 569 constituerunt,
1509 536 1685 571 episcopatus

893 582 935 609 sui
955 582 1046 609 locum
1065 582 1169 617 absque
1188 581 1299 610 decreto
1321 582 1474 609 communis
1491 582 1683 617 episcoporum

893 628 1002 655 concilii
1024 631 1227 662 recuperasset.
1248 627 1353 662 Quippe
1373 628 1408 655 ab
1427 628 1525 655 exsilio
1543 635 1682 660 reversus,

893 677 990 708 suopte
1004 677 1072 700 nutu
1091 677 1173 707 atque
1191 672 1306 700 arbitrio
1323 673 1471 700 Ecclesiam
1490 679 1682 708 occupaverat.

893 719 997 746 Deinde
1009 718 1081 754 quod
1096 719 1147 746 sub
1158 719 1312 753 ingressum
1325 718 1384 752 ejus
1392 722 1453 745 orto
1466 719 1594 751 tumultu,
1604 719 1682 746 multi

894 764 922 791 in
935 764 1072 792 seditione
1089 764 1300 796 occubuissent;
1312 763 1424 798 etquod
1439 763 1485 790 alii
1496 763 1606 798 quidem
1619 771 1683 791 ver-

894 809 1009 836 beribus
1023 809 1056 836 ab
1069 809 1115 836 illo
1126 809 1218 836 affecti
1230 809 1347 836 fuissent
1358 829 1365 841 ,
1379 808 1424 835 alii
1439 807 1467 834 in
1479 808 1613 843 judicium
1633 809 1683 836 ad-

894 853 981 881 ducti.
995 854 1049 882 Sed
1062 859 1091 882 et
1105 855 1150 881 illa
1164 862 1224 889 qua:
1237 854 1264 880 in
1281 853 1350 880 urbe
1363 853 1435 888 Tyro
1455 853 1588 881 adversus
1601 853 1685 881 Atlia‘

43 913 112 931 των.
133 905 173 931 Οὐ
191 903 244 940 μὴν
266 903 335 930 ἀλλὰ
356 903 402 930 καὶ
416 902 451 929 τὰ
464 903 494 929 ἐν
508 903 541 938 τῇ
562 902 643 938 Τύρῳ
660 901 841 937 πεπραγμένα

930 900 1000 927 sium
1012 903 1088 936 gesta
1099 899 1217 932 fuerant,
1231 899 1258 926 in
1277 899 1398 926 medium
1411 898 1562 934 protulere.

42 950 119 977 κατὰ
141 949 302 977 Ἀθανασίου
320 949 359 980 είς
372 948 455 984 μέσον
471 945 549 984 ἦγον.

352 1003 479 1030 ΚΕΦΑΛ.
499 1003 539 1030 ϐ’.

192 1049 262 1083 Περὶ
277 1049 425 1076 Ετὺσεσίου
436 1048 490 1075 τοῦ
511 1047 680 1083 Ἐμισηνοῦ.

86 1096 155 1123 Ἐπὶ
164 1096 271 1127 τοῦτοις
285 1095 344 1122 τότε
359 1095 409 1131 τῆς
419 1095 544 1130 διαϐολῆς
555 1095 715 1130 γενομένης,
728 1103 841 1131 προχει-

48 1142 177 1176 ρῖζονται
192 1142 244 1177 τῆς
269 1141 471 1178 Ἀλεξανδρείας
490 1141 648 1173 ἐπίσκοπον,
666 1140 773 1178 πρῶτον
793 1142 841 1176 μὲν

43 1186 180 1215 Εὒσὲὄιον
196 1187 242 1214 τὸν
264 1186 447 1223 ἐπικληθέντα
466 1187 620 1222 Ἐμισηνόν.
645 1187 694 1218 Τίς
713 1187 743 1213 δὲ
763 1183 840 1219 οὗτος

42 1231 88 1268 ἦν,
106 1233 231 1261 διδάσκει
248 1233 385 1270 Γεώργιος
399 1234 413 1260 ό
434 1233 606 1264 Λαοδικείας,
625 1232 655 1264 ὃς
671 1233 732 1260 τότε
750 1233 841 1269 παρῆν

43 1280 73 1305 ὲν
85 1279 122 1314 τῇ
138 1278 250 1313 συνόδῳ.
267 1279 337 1314 Φησὶ
353 1279 407 1314 γὰρ
418 1279 445 1305 ὲν
458 1278 497 1314 τῷ
513 1279 553 1310 είς
568 1278 650 1306 αὑτὸν
660 1279 841 1314 πεπονημένῳ

45 1324 156 1361 βιϐλίῳ,
172 1325 210 1357 ὡς
227 1324 271 1361 εἴη
290 1325 420 1357 Εὐσέϐιος
434 1326 466 1352 ὲκ
482 1325 537 1351 τῶν
559 1325 730 1361 εὐπατριδῶν
748 1325 797 1360 τῆς
812 1325 841 1351 ἐν

44 1371 251 1407 Μεσοποταμίᾳ
270 1371 380 1407 Ἐδέσης
395 1371 596 1406 καταγόμενοςο
612 1372 644 1397 ὲκ
662 1371 725 1402 νέας
739 1380 769 1398 τε
783 1371 842 1406 ἠλι-

44 1418 110 1450 κίας
123 1418 158 1445 τὰ
169 1417 232 1452 ἱερὰ
245 1416 339 1452 μαθὼν
347 1417 500 1453 Γράμματα
511 1416 579 1452 (90)·
590 1413 649 1444 εἷτα
659 1416 692 1443 τὰ
708 1416 841 1452 Ἐλλήνων

47 1463 211 1494 παιδευθεὶς
227 1462 305 1498 παρὰ
317 1461 356 1497 τῷ
374 1461 524 1498 τηνικαῦτα
545 1463 579 1497 τῇ
599 1462 694 1497 Ἐδέσῃ
708 1462 842 1497 ἐπιδημή-

45 1517 127 1536 σαντι
141 1508 288 1544 παιδευτῇ·
302 1507 378 1539 τέλος
393 1507 446 1534 ὑπὸ
459 1507 629 1542 Πατροφίλου
644 1509 691 1534 καὶ
708 1507 840 1534 Εὑσεϐίου

45 1556 79 1582 τὰ
94 1556 160 1590 ἱερά
179 1553 340 1590 ἡρμηνεύθη
356 1553 450 1581 Βιϐλία
462 1562 469 1568 ·
486 1551 524 1580 ὧν
536 1554 550 1580 ὁ
565 1554 614 1589 μὲν
624 1554 679 1580 τῶν
695 1553 724 1580 ὲν
735 1554 841 1581 Καισα-

45 1602 120 1637 ρείᾳ,
135 1602 151 1628 ὁ
161 1601 191 1627 δὲ
206 1600 257 1635 τῆς
274 1601 302 1626 ὲν
318 1599 482 1626 Σκυθοπόλει
501 1600 647 1636 προῖστατο
668 1599 840 1634 Ἑκκλησίας.

45 1647 126 1674 Μετὰ
139 1646 230 1673 ταῦτα
245 1646 273 1673 δὲ
289 1646 508 1681 ἐπιδημήσαντος
527 1645 611 1672 αὑτοῦ
625 1647 659 1681 τῇ
681 1645 840 1680 Ἀντιοχείᾳ,

46 1693 150 1728 συνέϐη
180 1692 331 1720 Εὐστάθιον
362 1692 414 1719 ὑπὸ
442 1692 534 1728 Κύρου
549 1692 771 1728 κατηγορηθέντα
795 1692 842 1719 τοῦ

45 1738 183 1774 Βεροιέως
194 1737 393 1773 καθαιρεθῆναι
409 1737 446 1769 ὡς
463 1737 667 1769 Σαϐελλίζοντα.
685 1735 750 1764 Εἶτα
765 1735 842 1770 αὖθις

46 1785 92 1811 τὸν
119 1783 255 1811 Εὖσέϐιον
282 1784 402 1811 συνεῖναι
428 1783 570 1818 Εὐφρονίῳ
594 1783 633 1818 τῷ
658 1783 842 1819 διαδεξαμένῳ

47 1831 216 1858 Εὐστάθιον·
232 1829 369 1864 φεύγοντά
382 1838 411 1857 τε
425 1829 474 1865 τὴν
492 1829 652 1865 ἱερωσύνην,
677 1829 841 1856 καταλαϐεῖν

1179 1001 1235 1036 se
1252 1000 1326 1028 CAP.
1348 1001 1393 1028 ιχ.

1132 1046 1171 1073 De
1183 1046 1296 1073 Eusebio
1309 1046 1333 1073 Ε
1336 1047 1444 1073 miseno.

926 1091 1089 1127 Huiusmodi
1114 1096 1173 1119 tum
1197 1091 1368 1119 concinnatis
1390 1092 1544 1125 calumniis,
1565 1093 1683 1121 Alexan-

891 1141 978 1169 drinm
992 1141 1120 1170 Ecclesia:
1133 1141 1293 1176 episcopum
1307 1140 1459 1175 designant,
1475 1142 1563 1176 primo
1571 1143 1682 1177 quidem

891 1188 1041 1216 Eusebium
1058 1191 1239 1223 cognomento
1262 1186 1430 1214 Emisenum.
1451 1187 1581 1220 Quisnam
1599 1196 1683 1224 porro

892 1234 943 1262 iste
955 1234 1048 1266 fuerit,
1064 1234 1144 1261 docet
1155 1232 1288 1268 Georgius
1303 1232 1446 1260 Laodicea:
1460 1234 1616 1270 episcopus,
1635 1236 1683 1270 qui

891 1281 1008 1308 concilio
1027 1280 1092 1308 huic
1107 1280 1189 1307 etiam
1206 1280 1340 1308 interfuit.
1359 1279 1427 1307 Nam
1449 1280 1477 1307 in
1499 1281 1570 1308 libro
1599 1289 1683 1316 quem

892 1326 926 1353 de
942 1326 1002 1361 ejus
1022 1325 1075 1352 vita
1091 1326 1264 1361 conscripsit,
1282 1328 1320 1354 ait
1336 1327 1412 1355 illum
1427 1335 1461 1354 ex
1480 1327 1547 1355 viris
1568 1327 1682 1355 nobilis-

892 1371 969 1398 simis
980 1371 1125 1398 Edesszein
1137 1371 1332 1406 Mesopotamia
1352 1373 1461 1408 generis
1480 1373 1522 1400 Sui
1550 1372 1683 1408 originem

892 1417 1013 1449 duxisse,
1032 1420 1060 1444 ct
1072 1425 1086 1444 a
1102 1425 1189 1452 puero
1203 1419 1289 1446 sacris
1304 1419 1417 1446 Litteris
1427 1419 1593 1451 institutttm,
1607 1418 1683 1446 Grae-

892 1470 938 1490 cas
950 1466 1044 1498 postea
1062 1462 1221 1498 disciplinas
1240 1471 1255 1490 a
1270 1464 1388 1498 quodam
1407 1464 1538 1499 magistro
1551 1464 1597 1498 qui
1619 1468 1684 1491 tunc

894 1509 1023 1544 temporis
1036 1508 1144 1536 Edessa:
1161 1509 1287 1545 degebat,
1303 1510 1460 1545 percepisse
1473 1519 1479 1536 :
1494 1510 1604 1537 tandem
1618 1518 1684 1537 vero

856 1567 878 1597 ο
893 1562 1035 1582 sacrorum
1050 1555 1226 1582 Voluminum
1247 1555 1447 1590 expositionem
1466 1563 1500 1582 ex
1526 1555 1684 1590 Patropltilo

896 1601 1020 1628 hausisse
1038 1605 1119 1636 atquc
1130 1601 1266 1628 Eusebio:
1286 1609 1402 1636 quorum
1416 1601 1462 1628 hic
1476 1601 1682 1633 Czesariensem,

896 1647 942 1674 ille
958 1646 1209 1682 Scythopolitanam
1225 1647 1336 1682 regebat
1354 1647 1515 1674 Ecclesiam.
1538 1647 1601 1674 Post
1627 1647 1685 1675 hmo

896 1701 959 1720 cum
977 1693 1152 1720 Antiochiam
1166 1693 1300 1725 venisset,
1316 1693 1430 1728 contigit
1444 1698 1475 1720 ιιι
1487 1693 1646 1720 Eustathius
1669 1700 1685 1720 a

895 1738 966 1774 Cyro
982 1738 1120 1766 Beroeensi
1143 1742 1287 1765 accusatus
1315 1743 1442 1773 tanquam
1468 1738 1614 1766 Sabelliani
1633 1739 1684 1766 do-

895 1784 995 1819 gmatis
1009 1787 1140 1816 assertor,
1158 1784 1352 1818 deponeretur.
1369 1783 1457 1817 Quare
1474 1785 1608 1811 Eusebius
1621 1792 1684 1812 cum

896 1830 1066 1865 Euphronio,
1083 1830 1130 1866 qui
1147 1830 1292 1858 Eustathio
1303 1834 1482 1862 successerat,
1496 1830 1626 1865 deinceps
1644 1830 1684 1858 vi-

657 1907 789 1936 VALESII
809 1907 1087 1937 ANNOTATIONES.

95 1978 142 2011 86)
163 1977 216 2014 Ἐν
236 1978 374 2014 γύπᾳτείᾳ
405 1980 584 2014 Μαρκέλλου
606 1978 656 2007 καὶ
682 1979 838 2012 Προϐῐνου.

47 2012 220 2051 Athanasius
233 2013 263 2051 in
276 2012 348 2051 libro
359 2014 397 2041 De
408 2012 529 2051 synodis,
544 2016 626 2051 hujus
638 2015 746 2051 concilii
772 2018 840 2041 tem-

48 2056 102 2083 pus
120 2048 167 2075 his
182 2048 256 2075 notis
275 2048 525 2083 designat:"ﬂcav
546 2051 573 2077 δὲ
582 2048 611 2077 ὀί
624 2050 796 2081 συνελθόντες
811 2051 840 2076 ἐν

48 2085 105 2120 τοῖς
137 2083 299 2120 ὲςίνκιιινὶοις⁸
322 2083 470 2120 ἐπίσκοποι
508 2086 684 2120 ἐνενήκοντα,
724 2085 841 2120 ὑπατείᾳ

49 2118 240 2154 Μαρκελλίνου
258 2118 306 2154 καὶ
322 2118 463 2154 Προῦίνου,
488 2118 656 2151 namnam;
673 2119 713 2149 ιδ’,
731 2121 788 2146 ἐκεῖ
799 2118 842 2145 liu-

48 2152 105 2186 to,“
124 2152 318 2189 Κωνσταντὶου
344 2152 535 2182 ἆσεδεστάτου.
563 2155 646 2182 Fuere
673 2159 771 2185 autem.
797 2155 841 2189 qui

49 2193 172 2225 tempore
188 2188 374 2225 Encwniorum
392 2194 578 2225 convenerant,
600 2191 711 2225 episcopi
731 2188 840 2216 numero

50 2223 212 2258 nonaginta,
229 2223 377 2250 consulibus
401 2224 557 2252 Marcellino
574 2229 598 2251 ιιι
614 2223 744 2255 Ῥνοὺὶιιο,
772 2225 841 2251 indi-

49 2257 137 2295 ctione
166 2257 267 2295 decima
287 2262 396 2293 quarta,
421 2265 550 2295 prarscnle
571 2260 666 2287 ibidem
687 2260 841 2295 impiissimo

49 2293 222 2320 Constantio.

85 2328 145 2363 (87)
163 2325 218 2354 Ἦν
230 2327 265 2354 δὲ
289 2327 425 2362 πέμπτον
449 2329 526 2362 ἔτος.
551 2332 604 2357 clc.
632 2329 789 2356 Marcellino
814 2334 842 2357 et

50 2363 175 2390 Probino
188 2370 272 2394 coss,
288 2363 332 2390 die
347 2364 492 2392 undecimo
505 2364 638 2392 Kalendas
650 2364 755 2395 Iunias.
768 2372 843 2391 cotu-

67 2399 144 2426 letus
156 2401 199 2424 est
216 2405 306 2425 annus
319 2403 434 2433 quarttts
444 2399 479 2426 ab
493 2399 570 2426 obitu
584 2399 764 2426 Constantini.
779 2400 844 2427 Post

49 2406 144 2460 Etetus
156 2406 199 2424 est
216 2406 306 2425 annus
319 2406 434 2433 quartus
444 2406 479 2426 an
493 2406 570 2426 otntu
584 2406 764 2426 bonstantuu.
780 2406 841 2427 l‘osl

66 2441 127 2469 unc
141 2433 228 2468 igitur
243 2433 320 2469 diem
328 2434 442 2469 collecta
456 2439 498 2461 est
517 2434 638 2469 synodus
660 2433 841 2466 Antiochena,

49 2468 72 2495 si
84 2475 186 2496 verum
199 2468 323 2503 estquod
336 2468 373 2495 ait
385 2468 521 2501 Socrates,
533 2468 593 2496 eam
604 2469 745 2497 collectam
759 2470 843 2497 fuisse

49 2511 125 2530 anno
141 2503 242 2538 quinto
255 2503 290 2530 ab
303 2503 380 2530 obitu
397 2503 580 2532 Constantini.

86 2537 322 2573 (88)“Π.ιάκιτος.
340 2539 452 2566 Rectius
468 2539 598 2567 scribitur
618 2539 671 2567 hoc
688 2547 790 2567 nomen
815 2539 843 2566 in

50 2575 182 2601 versione
209 2573 356 2608 Epiphanii
383 2574 557 2602 Scholastici.
588 2574 752 2602 Prmidebat
781 2578 844 2601 tunc

53 2608 179 2650 Ecclesia:
193 2608 514 2650 Antiocheam-‘Flaccilltis
521 2618 674 2650 "successor‘
683 2609 841 2650 Euphronii.

50 2643 107 2680 Nec
114 2645 198 2680 aliter
205 2643 308 2680 dicitur
318 2644 478 2680 iniEpistola
485 2644 550 2680 Julii
559 2652 634 2680 papa:
642 2645 676 2672 ad
687 2643 841 2680 episcopos,

51 2679 98 2741 giti
122 2679 277 2720 Antiochia:
300 2679 328 2720 in
348 2679 398 2720 hac
413 2679 518 2720 synodo
543 2679 698 2722 congregati
720 2679 839 2707 fuerant.

80 2722 97 2741 c
120 2722 197 2741 enttn
222 2714 475 2741 habettnscrtotto:
495 2714 593 2741 Δανίω.
613 2715 762 2741 Φλακίλλω.
785 2719 838 2741 etc.

72 2714 97 2742 ic
120 2715 197 2742 cnitn
222 2713 475 2750 habetinscriptio:
495 2713 762 2750 Δανίῳξφλῖικίλλῳ,
785 2719 838 2742 etc.

891 1978 966 2006 idem
985 1983 1065 2006 antea
1079 1978 1196 2006 concilio
1210 1978 1275 2014 Tyri
1294 1977 1465 2010 interfuerat,
1479 1983 1506 2005 et
1525 1986 1586 2005 cum
1603 1978 1682 2005 Aria-

892 2014 935 2041 nis
958 2014 1091 2041 adversus
1121 2014 1302 2041 Athanasium
1329 2014 1548 2048 conspiravcrat,
1578 2018 1608 2040 ut
1631 2014 1682 2040 do—

892 2053 936 2076 cet
955 2049 1077 2083 Epistola
1102 2050 1296 2084 episcoporum
1327 2048 1435 2083 [Egypti
1460 2049 1495 2076 ad
1523 2049 1682 2083 Dionysium

892 2084 1031 2114 comitem,
1057 2093 1138 2119 qltatu
1159 2084 1245 2111 refert
1267 2084 1432 2110 Athanasius
1463 2085 1490 2110 in
1519 2084 1682 2111 Dcfensione

891 2119 1010 2146 secunda
1025 2120 1157 2146 adversus
1171 2120 1296 2146 Arianos.
1320 2119 1416 2146 Eidem
1448 2119 1574 2145 Flaccillo
1596 2119 1682 2145 Euse-

894 2154 956 2181 bitts
967 2154 1143 2182 Ctesaricnsis
1158 2155 1244 2181 libros
1256 2162 1320 2181 suos
1335 2159 1430 2181 contra
1439 2154 1596 2181 Marcellum
1611 2161 1682 2180 nun-

894 2190 1014 2224 cupavit.
1030 2190 1082 2216 Pro
1097 2190 1225 2217 Flaccillo
1239 2194 1329 2216 tamen
1352 2189 1409 2216 fere
1430 2189 1533 2223 ubique
1561 2189 1682 2224 Plat-ilus

895 2224 1036 2251 scribitur.
1053 2224 1110 2251 Nisi
1125 2225 1196 2259 quod
1214 2225 1239 2251 in
1253 2225 1379 2259 sequenti
1406 2232 1465 2259 cap.
1486 2224 1572 2251 codex
1589 2223 1681 2251 Allatii

895 2259 1027 2293 scriptum
1043 2259 1134 2291 habet,
1151 2260 1203 2285 ὑπὸ
1217 2259 1374 2286 (γλακίλλου.

933 2295 987 2329 (89)
1005 2295 1162 2321 [Ιολλοὶέν
1185 2293 1222 2327 τῇ
1245 2294 1352 2321 στάσει
1374 2294 1534 2329 ἀπέθανον.
1554 2293 1607 2320 llas
1625 2294 1682 2320 Eu-

895 2328 1070 2356 sebiauorutn
1093 2330 1244 2357 calumnias
1278 2330 1386 2364 egregie
1411 2328 1530 2356 refutant
1559 2329 1680 2363 episcopi

896 2364 1004 2404 [Egypti
1023 2365 1185 2404 iti_l‘ipistola
1203 2364 1343 2404 synodica,
1355 2372 1437 2404 quatit
1458 2364 1542 2391 refert
1558 2364 1679 2391 Athana-

897 2398 994 2426 sinsin
1011 2407 1028 2426 ιι
1042 2398 1205 2427 Defensioue
1218 2398 1353 2426 adversus
1377 2398 1504 2426 Arianos.
1702 2403 1705 2407 ‘

933 2434 988 2469 (90)
1012 2435 1048 2460 Tit
1068 2435 1130 2467 ἱερὰ
1153 2435 1256 2468 μαθὼν
1267 2434 1437 2468 Γράμματα.
1462 2435 1539 2461 lluttc
1560 2433 1681 2462 Socratis

895 2469 986 2505 iocum
1000 2469 1119 2505 explicat
1138 2469 1307 2497 Sozomenus
1323 2469 1349 2496 in
1363 2469 1434 2496 libro
1455 2477 1495 2501 ιιι,
1510 2477 1570 2504 cap.
1602 2469 1628 2501 6,
1646 2469 1681 2505 de

895 2503 1015 2532 Eusebio
1035 2503 1170 2532 rEmiscno
1186 2505 1223 2532 ita
1249 2504 1383 2536 scribens,
1405 2505 1451 2530 Ἐκ
1482 2503 1592 2531 νέουίδὲ
1612 2503 1682 2531 κατὰ.

896 2539 1009 2574 πάτριον
1034 2540 1095 2571 ἔθος
1123 2541 1186 2571 τοὺς
1218 2540 1306 2573 ἱεροὺς
1330 2539 1458 2572 ἐκμαθὼν
1482 2539 1595 2573 λόγους,
1625 2544 1680 2567 etc.

895 2574 977 2601 Pueri
994 2574 1077 2610 igitur
1093 2575 1294 2602 Edessenorum
1311 2582 1404 2610 sacra;
1425 2574 1572 2610 Scripturaa
1597 2574 1683 2601 libros

895 2609 1055 2637 memoriter
1079 2610 1238 2637 cdiscehaut
1259 2618 1291 2636 ex
1308 2618 1383 2637 more
1400 2609 1580 2644 institutoque
1595 2610 1682 2643 majo—

895 2652 967 2672 rum.
984 2644 1054 2672 Sane
1070 2645 1224 2672 Edcssenos
1238 2644 1444 2671 ardentissimos
1458 2645 1542 2672 fuisse
1562 2644 1683 2671 cultores

894 2679 1058 2719 Christianae
1088 2680 1231 2716 religionis
1262 2683 1398 2707 testantur
1420 2680 1569 2715 scriptores
1593 2679 1682 2706 cccle-

895 2715 1009 2742 siastici.

716 2775 719 2786 ’
769 2782 960 2812 VARIORUM.

55 2842 157 2876 telligat
169 2842 309 2872 Socrates.
321 2840 368 2876 qui
381 2844 483 2869 tantam
493 2841 702 2876 praerogativam
714 2841 845 2877 episcopo

56 2877 178 2906 homno
201 2876 385 2910 concesserit;
405 2884 560 2911 quanquam
572 2877 601 2904 P.
619 2876 652 2905 de
670 2876 758 2905 Marca
782 2885 844 2906 sex-

897 2842 1077 2906 t‘timl‘synodi
1102 2843 1215 2871 Nicaeam
1238 2843 1374 2879 indigitari
1400 2841 1474 2875 vult,
1505 2841 1565 2869 loco
1589 2839 1680 2868 citato.

935 2895 942 2904 .
977 2884 1063 2905 ownt.

935 2895 942 2904 α
955 2884 1063 2905 ιιονίῑιι.
