1887 3067
173 111 224 140 187

891 107 1059 138 SOCRATIS

1763 99 1830 128 188

171 179 221 206 per
237 178 319 206 quem
336 170 418 206 paulo
438 174 500 197 ante
512 168 594 197 Arius
608 167 696 196 fuerat
716 166 750 194 ab
768 165 865 196 exsilio
883 173 960 193 revo-

1034 163 1097 195 ίτιος
1124 163 1220 199 μικρὸν
1243 161 1397 200 ἔμπροσθεν
1424 159 1554 196 ἐγεγόνει.
1583 159 1646 190 Πῶς
1668 157 1698 185 δὲ
1729 156 1828 206 τοῦτο

172 220 259 245 catus.
281 216 334 244 Sed
349 214 580 250 quemadmodum
601 220 633 240 ea
657 219 701 239 res
717 210 840 239 confecta
859 209 906 242 sit,
919 209 961 237 di-

173 261 291 290 cendum
317 261 446 288 arbitror.
476 259 620 294 Presbyter
644 257 691 284 ille
719 263 801 291 quem
829 255 959 288 diximus,

174 311 369 336 testamentum
396 310 423 333 et
450 304 577 332 mandata
602 310 662 338 qum
683 301 879 330 Constantinus
900 308 960 328 mo-

175 352 250 379 riens
269 351 319 386 ipsi
339 350 521 381 commiserat,
535 347 695 375 Constantio
713 347 886 382 imperatoris
905 346 961 374 ﬁlio

175 396 285 424 obtulit.
310 395 357 422 lllc
381 402 444 422 cum
465 394 493 420 in
515 396 678 420 testamento
700 391 729 418 id
748 391 821 426 quod
844 391 962 419 maxime

175 440 314 476 cupiebat,
327 439 457 474 scriptum
468 445 528 465 esse
540 436 718 471 comperisset
731 444 737 462 :
752 434 871 463 Orientis
888 435 962 462 enim

175 486 320 522 imperium
344 487 505 511 testamento
527 483 553 510 ei
579 481 751 514 tradebatur;
772 481 961 516 presbyterum

175 539 273 567 magno
289 530 315 557 in
332 530 436 557 honore
451 528 556 560 habuit,
570 528 740 562 multumque
752 526 923 554 auctoritatis
936 526 962 553 ei

175 576 321 608 concessit,
335 579 363 602 et
385 579 414 602 ut
437 575 553 602 ﬁdenter
572 581 605 601 ac
625 573 710 600 libere
728 573 756 599 in
773 572 904 607 palatium
922 572 963 599 in-

175 621 345 657 grederetur,
367 619 507 655 praecepit.
530 618 593 645 Ihec
616 617 699 652 igitur
720 616 830 643 licentia
852 616 962 651 presby-

176 672 234 694 tero
250 674 390 697 conccssa,
404 673 466 692 eum
486 664 562 691 brevi
580 663 740 690 familiarem
759 661 887 694 reddidit,
905 665 962 688 tum

175 710 350 746 imperatoris
373 709 491 745 coniugi,
511 713 568 736 tum
587 709 647 743 ejus
668 707 811 734 eunuchis.
834 707 872 733 Ea
897 710 962 734 tem-

176 759 280 791 pestate
305 755 468 790 praepositus
494 759 553 781 erat
578 753 645 788 regii
675 752 793 780 cubiculi
821 752 964 783 eunuchus

176 802 299 837 quidam,
311 801 421 828 nomine
436 800 581 827 Eusebius.
596 799 666 826 Huic
675 798 817 834 presbyter
829 797 964 832 persuasit

177 851 208 875 ut
234 847 391 882 opinionem
407 846 465 874 Arii
483 846 703 880 amplecteretur.
724 843 783 876 Quo
805 842 904 869 factum
923 845 965 868 est

179 898 209 920 ut
231 893 322 920 ueteri
350 893 432 919 etiam
462 891 581 919 eunuchi
604 890 632 917 in
654 888 779 916 eamdem
802 887 964 915 sententiam

179 937 390 965 adducerentur.
410 937 462 964 Sed
476 941 502 963 et
514 937 571 972 ipsa
585 934 756 970 imperatoris
770 941 848 965 uxor,
859 937 886 960 et
903 940 965 968 spa-

178 982 282 1010 donum
303 987 330 1010 et
351 982 504 1017 presbyteri
533 982 655 1013 hortatu,
681 980 738 1007 Arii
758 979 882 1015 partibus
906 986 965 1006 sese

179 1028 314 1064 adjunxit.
338 1028 394 1056 Nec
413 1028 500 1055 multo
520 1032 582 1063 post
605 1027 638 1054 ad
661 1027 852 1061 imperatorem
877 1025 965 1059 ipsum

179 1074 304 1109 perVenit
321 1073 379 1100 haec
401 1073 530 1108 qumstio;
550 1072 735 1107 paulatimque
754 1070 888 1105 evulgata,
912 1069 967 1104 pri-

179 1128 254 1147 mum
273 1119 384 1154 quidem
406 1119 440 1146 iis
458 1119 577 1145 innotuit
591 1117 637 1152 qui
651 1117 678 1144 in
690 1116 790 1152 palatio
801 1115 964 1147 militabant,

179 1169 275 1200 postea
297 1173 363 1192 vero
386 1164 419 1191 ad
444 1164 532 1199 ipsum
551 1171 661 1198 quoque
679 1161 755 1189 urbis
772 1161 852 1196 regize
870 1160 967 1195 vulgus

179 1209 359 1243 permanavit.
381 1209 415 1236 Et
432 1209 459 1235 in
476 1208 576 1243 palatio
590 1207 711 1243 quidem,
733 1206 893 1234 cubicularii
913 1213 966 1233 una

179 1260 241 1280 cum
263 1253 432 1280 mulierculis
455 1252 488 1280 de
515 1252 567 1279 hoc
587 1252 713 1287 dogmate
733 1251 918 1286 disputabant.
937 1250 966 1277 In

179 1299 248 1326 urbe
262 1307 336 1331 vero,
354 1307 403 1333 per
416 1298 537 1334 singulas
551 1306 638 1333 prope
651 1298 747 1325 domos
760 1297 862 1325 bellum
879 1296 966 1332 quod-

180 1343 242 1371 dam
256 1344 428 1371 dialecticum
445 1344 600 1379 gerebatur.
616 1344 700 1371 Porro
715 1343 797 1378 hujus
813 1342 877 1370 mali
893 1343 968 1369 labes

181 1388 248 1415 alias
267 1397 376 1423 quoque
396 1389 478 1416 urbes
500 1397 531 1416 ac
550 1389 706 1424 provincias
726 1388 802 1415 brevi
824 1388 966 1423 corripuit.

181 1432 270 1467 Atque
297 1432 383 1460 instar
402 1432 546 1465 scintillae,
569 1441 603 1460 ex
625 1432 717 1468 parvis
742 1436 802 1460 orta
826 1433 968 1468 principiis

180 1479 378 1511 controversia,
389 1479 559 1506 audientium
571 1479 677 1506 animos
688 1478 721 1505 ad
740 1478 884 1505 maximam
904 1486 968 1505 con-
982 1495 1002 1524 (Σ

181 1525 332 1552 tentionem
361 1525 506 1552 excitabat.
535 1524 641 1560 Singuli
668 1525 742 1552 enim
767 1525 832 1552 dum
860 1533 968 1552 causam

182 1570 316 1597 tumultus
330 1571 382 1605 81
404 1574 611 1605 percontantur,
627 1571 798 1598 occasionem
813 1570 969 1606 disputandi

182 1616 274 1643 statim
299 1616 458 1643 habebant:
474 1623 561 1650 eoque
583 1616 642 1650 ipso
663 1624 717 1650 quo
739 1617 970 1650 percontabantur

182 1666 316 1696 tempore,
328 1662 402 1688 rixas
415 1661 536 1694 inibant;
550 1669 599 1696 per
611 1661 767 1696 huiusmodi
780 1665 871 1688 autem
887 1662 968 1694 rixas,

183 1711 282 1735 cuncta
298 1707 538 1734 subvertebantur.
557 1707 591 1734 Et.
608 1707 665 1734 hazc
678 1707 788 1742 quidem
810 1707 836 1734 in
852 1707 971 1735 Orientis

184 1752 317 1780 duntaxat
337 1753 453 1781 urbibus
471 1753 631 1788 agebantur.
658 1753 745 1780 Urbes
763 1752 836 1780 enim
860 1753 969 1789 Illyrici,

183 1803 213 1827 et
234 1807 296 1834 qua;
312 1799 340 1827 in
359 1799 515 1827 Occidentis
537 1799 662 1834 partibus
685 1799 744 1826 sitae
764 1803 838 1832 sunt,
861 1799 971 1827 interim

183 1844 314 1879 quievere
334 1853 340 1871 :
358 1845 459 1880 quippe
478 1853 538 1880 qua:
557 1845 659 1872 Nicaeni
678 1845 786 1872 concilii
803 1845 913 1873 decreta
930 1846 970 1873 la-

184 1889 322 1918 befactare
334 1891 449 1919 nollent.
460 1891 528 1918 Cum
544 1890 627 1926 igitur
640 1891 788 1918 excitatum
801 1891 854 1918 hoc
871 1891 971 1919 malum

185 1935 307 1970 quotidie
335 1935 552 1970 ingravesceret,
576 1935 724 1963 Eusebiani
750 1935 912 1963 seditionem
939 1943 972 1963 ac

185 1981 333 2008 tumultum
353 1981 538 2008 multitudinis
557 1981 635 2009 lucro
654 1989 704 2008 suo
723 1981 899 2016 deputabant.
919 1981 972 2009 Ne-

184 2033 239 2060 que
259 2026 333 2053 enim
350 2026 430 2053 aliter
448 2026 505 2053 ﬁeri
528 2034 607 2061 posse
626 2027 783 2061 sperabant,
802 2030 832 2053 ut
854 2027 970 2061 aliquem

184 2069 343 2105 episcopum
365 2069 536 2098 Alexandria
556 2071 764 2103 constituerent,
781 2071 828 2105 qui
851 2071 972 2106 ipsorum

185 2116 308 2151 opinioni
320 2115 524 2151 sut‘l‘ragaretur.
541 2116 594 2143 Sed
609 2117 752 2144 consilium
773 2117 881 2145 illorum
900 2126 971 2152 prro-

1010 207 1146 243 ἐπράχθη,
1161 207 1280 235 λεκτέον.
1297 206 1354 242 Τὴν
1368 205 1500 241 διαθήκην
1516 205 1530 231 ὁ
1546 203 1741 238 πρεσϐύτερος
1766 202 1829 228 καὶ

1010 252 1044 279 τὰ
1052 252 1212 280 ἐντα).θέντα
1226 252 1300 288 παρὰ
1308 251 1355 278 τοῦ
1366 251 1558 286 κατοιχομένου
1568 249 1700 284 βασιλέως
1719 255 1808 283 προσ
1818 262 1824 266 -

1011 297 1090 333 φέρει
1106 298 1288 334 Κωνσταντιῳ
1305 298 1345 333 τῷ
1365 297 1412 324 τοῦ
1425 296 1556 332 βασιλέως
1570 295 1632 330 υἱῷ.
1650 295 1680 321 ’0
1690 294 1724 321 δὲ
1735 292 1825 320 τοῦθ’

1010 343 1136 379 εὑρηκὼς
1145 343 1337 379 γεγραμμένον
1349 343 1417 378 ὅπερ
1430 341 1565 368 ἐϐούλετο·
1581 340 1631 374 τῆς
1644 340 1699 374 γὰρ
1720 337 1824 374 Ἒῴας

1012 389 1162 424 βασιλεύειν
1174 389 1253 416 αὑτὸν
1266 388 1416 425 ἐπέτρεπεν
1429 388 1445 423 ἡ
1456 386 1583 422 διαθήκη·
1597 386 1641 412 διὰ
1650 385 1742 420 τιμῆς
1759 382 1822 419 ἦγε

1011 434 1056 461 τδν
1071 434 1267 471 πρεσὸύτερον,
1287 433 1446 469 παρρησίας
1472 440 1502 458 τε
1527 431 1662 466 μετεδίδου
1685 429 1819 463 πολλῆς-

1011 479 1052 512 εῐς
1065 489 1095 506 τε
1116 480 1151 506 τὰ
1167 479 1291 515 βασίλεια
1308 477 1460 514 θαρροῦντα
1481 477 1595 503 εἰσιέναι
1611 475 1755 502 ἐκέλευεν.
1785 475 1818 500 'll

1013 524 1103 553 τοίνυν
1128 525 1235 552 δοθεῖσα
1263 524 1404 560 παρρησία
1427 523 1565 560 γνώριμον
1591 521 1672 549 αὐτὸν
1698 520 1818 555 ταχέως

1012 571 1161 607 κατέστησε
1177 572 1209 607 τῇ
1219 579 1248 597 τε
1263 571 1310 597 τοῦ
1327 569 1457 604 βασιλέως
1471 569 1589 604 γαμετῇ,
1606 568 1652 594 καὶ
1667 567 1728 598 τοῖς
1748 566 1816 592 εὖν-

1012 615 1102 651 ούχοις
1121 616 1217 651 αὐτῆς.
1241 613 1295 642 Ἧν
1314 615 1343 641 δὲ
1360 615 1388 641 ἐν
1403 614 1442 649 τῷ
1463 614 1551 649 χρόνῳ
1565 613 1652 648 τούτῳ
1665 612 1817 647 πρωτότυ-

1014 670 1063 693 πος
1078 661 1133 688 τῶν
1154 661 1290 689 κοιτώνων
1303 660 1351 688 τοῦ
1370 660 1503 695 βασιλέως
1517 659 1655 694 εὐνοῦχος,
1673 655 1697 692 ᾧ
1718 657 1815 692 ὄνομα

1013 704 1046 741 ἦν
1059 706 1198 738 Εὐσέϐιος.
1227 705 1327 732 Τοῦτον
1349 706 1364 732 ὁ
1388 703 1575 740 πρεσϐύτερος
1602 703 1755 730 συνθέσθαι
1780 703 1815 737 τῇ

1020 752 1124 788 ’Δρείου
1135 751 1197 787 δόξῃ
1209 751 1376 778 συνέπεισεν.
1398 751 1445 776 Ἐκ
1457 750 1484 776 δὲ
1501 749 1607 781 τούτου,
1619 749 1667 776 καὶ
1681 747 1816 782 etlam!

1013 798 1068 824 τῶν
1082 797 1214 832 εὐνούχων
1230 797 1265 824 τὰ
1282 797 1352 824 αὐτὰ
1367 797 1474 831 φρονεῖν
1490 795 1672 822 ἀνεπείθοντο.
1692 794 1733 821 Οὔ
1755 794 1813 829 μὴν

1016 843 1082 870 ἀλλὰ
1101 844 1148 870 καὶ
1165 845 1182 878 ἡ
1198 842 1245 870 τοῦ
1264 842 1394 877 βασιλέως
1415 842 1533 877 γαμετὴ,
1548 840 1592 867 διὰ
1605 840 1658 868 τῶν
1671 839 1815 876 εὐνούχων

1016 889 1062 916 καὶ
1077 889 1122 915 τοῦ
1137 888 1336 924 πρεσϐυτέρου,
1356 889 1389 922 τῇ
1413 887 1517 923 Ἀρείου
1533 887 1597 923 δόξῃ
1618 886 1812 922 προστίθεται.

1016 933 1082 961 Μετ’
1096 934 1127 960 οὐ
1146 933 1213 960 πολὺ
1230 933 1257 960 δὲ
1279 933 1326 960 καὶ
1345 932 1388 959 ἐπ’
1402 932 1482 958 αὐτὸν
1498 931 1616 958 διέϐαινε
1633 931 1679 958 τὸν
1694 930 1815 966 βασιλέα

1015 979 1046 1007 τὸ
1069 978 1179 1014 ζήτημα
1198 978 1276 1005 τοῦτο
1290 986 1297 993 '
1321 978 1368 1006 καὶ
1389 978 1493 1013 γίνεται
1521 977 1638 1012 φανερὸν
1658 977 1717 1011 ΠΒ)
1741 977 1815 1003 κατὰ

1017 1024 1116 1060 βραχὺ,
1133 1024 1242 1060 πρῶτον
1261 1024 1310 1059 μέν
1323 1024 1378 1055 τοῖς
1391 1024 1462 1050 κατὰ
1475 1024 1509 1050 τὰ
1523 1023 1647 1058 βασίλεια
1661 1029 1814 1058 στρατευο-

1018 1070 1108 1105 μένοις
1126 1070 1193 1105 (76).
1213 1070 1330 1096 Ἔπειτα
1345 1070 1382 1100 δὲ,
1407 1069 1511 1105 διεδόθη
1535 1069 1582 1096 καὶ
1607 1069 1646 1100 εἰς
1665 1068 1702 1095 τὰ
1719 1067 1813 1103 πλήθη

1016 1116 1065 1151 τῆς
1078 1115 1190 1147 πόλεως·
1205 1115 1356 1149 διελέγοντο
1367 1115 1394 1142 δὲ
1409 1115 1466 1150 (77)
1479 1114 1598 1150 περὶτῆς
1609 1114 1700 1150 δόξης,
1718 1114 1750 1140 ἐν
1763 1114 1813 1148 μὲν

1016 1161 1073 1192 τοῖς
1093 1160 1238 1196 βασιλείοις
1254 1161 1278 1187 οἱ
1301 1160 1503 1187 ἐπικοιτωνῖται
1523 1159 1582 1195 ἅμα
1597 1161 1658 1191 ταῖς
1674 1158 1810 1193 γυναιξίν·

1017 1207 1046 1234 ἐν
1071 1207 1100 1233 δέ
1128 1208 1162 1242 τῇ
1187 1207 1281 1239 πόλει,
1300 1206 1360 1233 καθ’
1387 1206 1505 1242 ἑκάστην
1527 1206 1615 1233 οὶκίαν
1641 1204 1811 1236 διαλεκτικὸς

1017 1251 1134 1286 πόλεμος
1148 1250 1197 1287 ἦν’
1213 1252 1350 1287 διέτρεχεν
1365 1250 1412 1278 οὖν
1425 1250 1529 1286 ταχέως
1547 1250 1577 1277 τὸ
1593 1250 1751 1289 κακδνικαὶ
1766 1250 1811 1277 ἐπὶ

1016 1298 1066 1330 τὰς
1082 1298 1164 1330 ἄλλας
1178 1298 1315 1334 ἐπαρχίας
1330 1307 1359 1325 τε
1376 1297 1422 1325 καὶ
1435 1297 1536 1328 πόλεις.
1557 1296 1610 1323 Καὶ
1626 1296 1664 1328 ὼς
1682 1295 1810 1332 σπινθὴρ,

1018 1344 1048 1369 ἐχ
1066 1343 1165 1379 μικροῦ
1182 1343 1317 1379 λαμῦάνον
1330 1344 1380 1380 τὴν
1396 1343 1483 1379 ἀρχὴν
1494 1343 1524 1370 τὸ
1537 1342 1657 1378 ζήτημα,
1679 1343 1720 1374 εις
1735 1343 1809 1377 φιλο-

1017 1388 1118 1415 νεικίαν
1137 1390 1198 1421 τοὺς
1218 1389 1367 1420 ἀκούοντας
1387 1389 1508 1424 ἤγειρεν.
1536 1388 1672 1419 ’Ἕκαστος
1688 1387 1742 1422 γὰρ
1760 1387 1811 1413 τῶν

1019 1434 1224 1469 πυνθανομένων
1248 1435 1298 1470 τῆς
1321 1434 1444 1469 ταραχῆς
1469 1433 1518 1469 τὴν
1546 1433 1645 1465 αἰτίαν,
1673 1432 1811 1468 πρόφασιν

1019 1480 1100 1512 εὐθὺς
1113 1479 1169 1516 εἶχε
1183 1480 1324 1516 ζητήσεως
1334 1489 1340 1496 ·
1361 1480 1408 1508 καὶ
1424 1481 1481 1515 ἅμα
1496 1481 1528 1515 τῇ
1548 1479 1692 1515 ἐρωτήσει,
1709 1479 1810 1514 ἐρίζειν

1021 1521 1154 1553 ἐϐούλετο.
1185 1526 1233 1552 Ἐκ
1255 1526 1285 1553 δὲ
1309 1526 1359 1561 τῆς
1383 1526 1470 1562 ἔριδος
1501 1526 1590 1552 πάντα
1611 1525 1807 1560 ἀνατέτραπτο.

1020 1572 1111 1599 Ταῦτα
1124 1571 1173 1607 μὲν
1185 1569 1230 1599 οὖν
1244 1571 1315 1598 κατὰ
1331 1571 1381 1604 τὰς
1402 1572 1576 1604 ’Λνατολικὰς
1591 1572 1682 1603 πόλεις
1693 1571 1809 1606 ἐγένετο.

1019 1618 1052 1644 At
1073 1617 1128 1653 γὰρ
1149 1617 1178 1644 ὲν
1199 1617 1358 1653 Ἰλλυριοῖς,
1383 1617 1430 1644 καὶ
1455 1617 1491 1644 τὰ
1512 1617 1643 1653 Ἐσπὲρια
1661 1617 1730 1653 μέρη
1755 1617 1810 1652 (78)

1019 1662 1088 1694 τέως
1107 1663 1252 1698 ἡσύχαζον·
1266 1663 1330 1695 τοὺς
1347 1664 1428 1699 ὅρους
1447 1664 1501 1699 γὰρ
1519 1663 1583 1695 τοὺς
1601 1665 1650 1699 τῆς
1665 1664 1694 1690 ἐν
1708 1663 1808 1698 Νικαίξ.

1021 1708 1129 1735 συνόδου
1151 1708 1353 1744 παρασαλεύειν
1377 1709 1427 1735 οὑκ
1441 1709 1546 1744 ἤθελον.
1573 1709 1618 1741 Ὦς
1632 1707 1679 1736 οὖν
1692 1708 1807 1743 ἐξαφθὲν

1020 1753 1050 1780 τὺ
1061 1754 1174 1790 πρᾶγμα
1190 1754 1235 1780 ἐπὶ
1248 1754 1278 1780 τὸ
1297 1755 1386 1790 χεῖρον
1400 1754 1530 1788 ἐπέδωκε,
1544 1755 1694 1790 τηνικαῦτα
1708 1755 1731 1781 οἱ
1745 1754 1807 1788 περὶ

1021 1800 1151 1827 Εὐσέϐιον
1174 1800 1219 1827 τὸν
1237 1800 1414 1836 Νικομηδέα,
1429 1801 1544 1836 ἕρμαιον
1563 1801 1677 1836 ἡγοῦντο
1694 1801 1741 1836 τὴν
1757 1800 1808 1826 τῶν

1021 1845 1127 1872 πολλῶν
1149 1847 1283 1882 ταραχήν.
1312 1846 1390 1873 οὕτω
1413 1847 1467 1881 γὰρ
1492 1847 1579 1882 μόνως
1609 1845 1737 1874 δύνασθαι
1761 1845 1808 1881 τῆς

1027 1890 1230 1927 Ἀλεξανδρείας
1244 1892 1393 1919 ἐπίσκοπον
1406 1892 1543 1925 ἀναδεῖξαι
1558 1893 1607 1927 τῆς
1625 1891 1715 1919 αὐτῶν
1734 1891 1807 1926 δόξης

1020 1937 1170 1973 ὁμόφρονα.
1195 1937 1276 1965 Ἀλλὰ
1299 1938 1359 1965 τότε
1385 1938 1435 1973 μέν
1457 1937 1574 1972 ἔφθασεν
1596 1937 1749 1965 ἐπανελθὼν
1771 1939 1807 1970 είς

1014 1982 1108 2018 ,αὐτὴν
1131 1983 1300 2016 Ἀθανάσιος,
1312 1984 1371 2016 ἐνὸς
1385 1984 1439 2010 τῶν
1454 1983 1618 2018 Αὑγούστων
1633 1983 1807 2018 ὠχυρωμένος

1023 2030 1192 2066 γράμμασιν,
1207 2029 1279 2066 ἅπερ
1290 2029 1329 2065 τῷ
1352 2030 1548 2065 Ἀλεξανδρέων
1561 2029 1619 2065 λαῷ
1641 2030 1808 2056 Κωνσταντῖ-

1022 2084 1067 2106 νος
1082 2076 1096 2102 ὸ
1112 2075 1170 2107 νέος
1183 2075 1198 2101 ὁ
1212 2076 1252 2111 τῷ
1272 2075 1356 2111 πατρὶ
1375 2075 1535 2110 ὁμώνυμος,
1549 2076 1581 2102 ἐκ
1596 2075 1645 2110 τῆς
1660 2076 1688 2101 ἐν
1708 2075 1804 2110 Γαλλίᾳ

1023 2120 1179 2156 Τριῦέρεως
1193 2120 1325 2155 ἔπεμψεν.
1344 2121 1422 2147 Ἔστι
1436 2120 1463 2146 δὲ
1479 2120 1541 2147 τάδε
1558 2119 1592 2146 τὰ
1611 2119 1759 2155 γράμματα
1777 2119 1808 2145 τὰ

184 2161 260 2188 venit
274 2161 414 2188 Athanasii
430 2161 553 2189 reditus:
570 2162 616 2196 qui
632 2162 824 2189 Alexandriam
846 2170 972 2190 reversus

1034 2165 1243 2200 ιποτεταγμένα.

185 2212 238 2241 est,
267 2208 351 2244 regiis
365 2209 488 2236 munitus
505 2209 615 2242 litteris,
648 2217 717 2244 quas
734 2216 806 2237 unus
823 2217 856 2237 cx
871 2210 1015 2245 Augustis,
1035 2211 1230 2240 Constantinus
1250 2212 1346 2240 Junior
1366 2212 1437 2248 patri
1458 2211 1637 2247 cognominis,
1650 2219 1684 2239 ex
1705 2210 1806 2238 civitate

186 2256 360 2285 Trevirorum
378 2257 412 2285 ad
432 2258 563 2293 populum
580 2257 794 2285 Alexandrinum
816 2258 972 2293 scripserat.
993 2259 1094 2287 Earum
1109 2264 1199 2288 autem
1215 2260 1367 2288 litterarum
1386 2259 1541 2295 exemplum
1554 2259 1599 2287 hic
1610 2259 1723 2294 subjeci.

767 2347 902 2376 VALESII
921 2348 1199 2379 ANNOTATIONES.

223 2417 278 2453 (75')
292 2419 347 2446 Kal
367 2419 479 2454 γίνεται
501 2416 898 2454 φανερᾴν..(ὶοιι]ιιιιοιίοιιθῐη
927 2417 973 2444 hic

188 2451 281 2482 addidi
299 2462 333 2481 ex
348 2451 511 2482 auctoritate
523 2452 625 2481 codicis
636 2451 800 2483 Florentini,
816 2459 973 2486 quanquam

189 2490 217 2517 in
235 2490 287 2516 hoc
307 2489 402 2516 codice
427 2489 562 2524 particula
588 2495 638 2524 suo
651 2487 723 2524 "loco
738 2491 817 2524 mota_
830 2490 898 2524 erat.
928 2486 975 2514 Sic

188 2524 262 2552 enim
279 2525 412 2558 scriptum
426 2521 517 2554 habet,
534 2523 571 2549 Τὸ
586 2522 632 2548 καὶ
648 2521 850 2558 ζήτημαλτοῦτο
868 2522 974 2558 γίνεται

190 2559 315 2593 φανερόν.
329 2556 382 2586 Sed
398 2559 477 2586 facile
486 2563 546 2585 erat
555 2558 626 2584 hanc
636 2556 875 2593 transpositionem
885 2557 974 2593 anim-

189 2591 343 2655 advg‘rtcre.
361 2594 442 2621 Certe
460 2593 632 2628 Nicephorus
659 2591 882 2619 emendationem
905 2592 976 2619 banc

190 2637 241 2655 con
254 2633 352 2655 irmat:

190 2633 352 2656 continuat.-

229 2663 284 2698 (76)
313 2663 378 2696 Τοῖς
402 2663 477 2690 κατὰ
499 2662 535 2689 τὰ
549 2662 693 2694 βασίλεια
716 2661 972 2698 στρατευομένοις.

192 2696 260 2726 Male
277 2696 543 2733 Christophorsonus
560 2698 733 2733 imperatoris
743 2697 877 2733 satellites
888 2696 974 2733 inter-

194 2738 327 2769 pretatur.
345 2731 446 2760 Onines
467 2733 539 2760 enim
565 2731 677 2769 palatini
697 2732 749 2769 hac
767 2731 886 2769 dictione
902 2731 975 2757 desi—

193 2765 322 2803 gnantur,
339 2776 393 2795 non
405 2765 575 2803 protectores
586 2768 672 2795 solum
681 2775 713 2794 ac
727 2765 867 2793 domestici
887 2769 915 2793 et
925 2774 975 2803 _re-

194 2801 262 2838 liqui
277 2801 416 2831 scholares
431 2804 476 2839 qui
490 2803 540 2832 sub
557 2803 640 2831 armis
654 2806 742 2833 erant,
769 2808 866 2828 verum
894 2801 976 2827 etiam

1027 2417 1210 2445 ministeriani
1222 2422 1251 2445 et
1272 2417 1421 2445 scriniarii.
1439 2417 1501 2445 [hec
1517 2415 1590 2443 enim
1607 2415 1723 2450 palatina
1738 2417 1805 2444 mili-

1028 2453 1064 2480 tia
1081 2453 1240 2485 dicebatur;
1254 2453 1350 2479 eodem
1371 2452 1453 2479 modo
1474 2460 1529 2486 quo
1553 2451 1682 2478 olliciales
1696 2459 1747 2486 seu,
1762 2459 1804 2486 ap.

1028 2488 1164 2523 paritorcs
1180 2487 1387 2522 magistratuum
1402 2485 1606 2523 ordinariorurn
1620 2485 1802 2523 seuAcileium,

1027 2520 1129 2550 inilites
1139 2520 1308 2549 dicebantur.
1322 2523 1477 2556 Eorumque
1489 2526 1566 2548 actus
1579 2521 1607 2548 in
1620 2520 1713 2547 codice
1726 2520 1805 2547 Ther»

1026 2557 1140 2584 dosiano
1157 2557 1305 2584 cohortalis
1322 2557 1418 2584 militia
1434 2556 1600 2591 appellatur.

1067 2592 1123 2627 (77)
1138 2591 1308 2626 Διελέγοντο
1327 2592 1371 2618 δέ.
1389 2589 1570 2627 Scribenﬂum
1598 2589 1804 2627 videtun'o‘tslé-

1030 2624 1163 2661 γοντοδή,
1181 2630 1212 2653 ut
1226 2624 1331 2654 'vitetnr
1358 2626 1481 2662 ejusdem
1501 2626 1642 2660 particula:
1656 2624 1736 2651 nimis
1749 2632 1804 2651 cre-

1027 2662 1077 2690 bra
1095 2662 1232 2690 repetitio.

1048 2669 1077 2688 ra
1095 2662 1232 2689 repetitio.

1065 2670 1239 2732 ῗτέἳῃιξῖίίιῗὰ
1254 2696 1380 2732 ἑσπέρια
1390 2695 1476 2732 μέρη.
1486 2696 1551 2732 Non
1568 2695 1664 2732 dubito
1676 2694 1746 2732 quin
1757 2693 1802 2721 So-

1030 2730 1119 2758 crates
1133 2731 1286 2766 scripserit,
1305 2731 1351 2758 καὶ
1373 2731 1442 2758 κατά
1465 2731 1498 2758 τὰ
1515 2730 1628 2765 ἑσπέρια
1648 2730 1726 2766 μέρη,
1744 2733 1802 2762 etc,

1031 2766 1126 2802 supple
1141 2767 1239 2798 πόλεις.
