1887 3067
57 149 102 179 197

558 152 721 181 HISTORIA
741 152 1016 182 ECCI.ESIASTICA.
1036 169 1071 174 —
1089 154 1153 182 LIB.
1174 154 1207 183 II.

1636 155 1690 185 198

55 207 100 236 οὖν
128 207 201 245 αὕτη
228 210 246 247 ἡ
277 210 385 243 σύνοδος
415 210 444 237 ἐν
469 210 503 246 τῇ
527 210 686 246 Ἀντιοχείᾳ,
715 211 849 247 παρουσίᾳ

941 216 1087 247 ngregatur
1108 211 1200 246 itaque
1226 209 1348 247 synodus
1364 210 1532 244 'Antiochiaa,
1555 217 1690 246 praesente

58 256 249 283 Κωνστανττου
276 257 325 284 τοῦ
347 256 490 293 βασιλέως,
505 257 534 284 ἐν
550 257 668 294 ὑπατείᾳ
691 258 849 294 Μαρκέλλου

55 301 101 329 καὶ
115 302 253 338 Προϐίνου
272 303 340 339 (86)·
356 301 390 338 ἦν
414 303 443 330 δὲ
467 303 592 338 πέμπτον
613 303 673 334 ἔτος
699 303 754 338 (87)
772 304 850 331 τοῦτο

54 348 104 382 τῆς
118 347 251 383 τελευτῆς
266 348 315 375 τοῦ
331 348 387 375 τῶν
400 348 563 382 Αὐγούστων
577 348 681 383 πατρὸς
702 348 849 375 Κωνσταν-

54 393 138 421 τίνου.
154 394 338 430 Προειστήκει
350 393 379 420 δὲ
394 393 454 419 τότε
466 392 516 428 τῆς
530 392 558 418 ὲν
578 392 726 428 Ἀντιοχείᾳ
737 392 850 427 Ἐκκλη-

55 440 114 471 σίας
131 439 270 471 Πλάκιτος
285 439 352 475 (88),
366 438 555 473 διαδεξάμενος
568 437 725 473 Εὑφρόνιον.
740 437 770 464 Οἱ
786 437 850 472 περὶ

54 485 187 513 Εὔσέϐιον
199 484 258 518 οὖν,
272 485 353 520 ἔργον
370 484 489 511 τίθενται
507 484 721 519 προηγουμένως
737 483 850 510 Ἀθανά-

55 540 112 558 σιον
129 532 298 563 διαϐάλλειν,
317 531 425 567 πρῶτον
443 531 492 566 μὲν
509 530 547 561 ὡς
562 530 638 565 παρὰ
659 529 760 556 κανόνα
779 529 850 564 πρά-

54 577 150 610 ξαντα,
165 577 196 604 ὃν
219 577 298 604 αὐτοὶ
320 577 425 612 ὥρισαν
439 576 511 608 τότε,
534 577 575 603 ὅτι
597 576 634 611 μὴ
649 575 746 611 γνώμῃ
760 574 850 602 κοινοῦ

55 622 198 658 συνεδρίου
212 623 269 650 τῶν
286 623 453 655 ἐπισκόπων,
472 622 521 656 τὴν
537 621 614 654 τάξιν
629 621 677 656 τῆς
701 621 851 656 ἱερωσύνης

54 669 201 697 ἀνέλαϐεν.
221 668 394 696 Ἐπανελθὼν
416 669 470 704 γὰρ
488 668 542 695 ἀπὸ
559 667 607 703 τῆς
629 667 745 703 ὲξορίας,
764 667 851 702 ἑαυτῷ

54 715 208 751 ἐπιτρέψας
231 716 272 747 είς
295 715 344 750 τὴν
361 714 524 750 Ἐκκλησίαν
543 714 717 749 είσεπήδησε.
740 713 794 740 Καὶ
810 713 851 739 ὅτι

53 763 82 788 ὲν
97 763 131 797 τῇ
148 761 246 795 εἰσόδῳ
259 760 342 788 αὐτοῦ
357 760 479 795 ταραχῆς
493 760 651 794 γενομένης,
668 759 759 785 πολλοὶ
775 759 804 785 ὲν
817 760 851 794 τῇ

54 807 151 834 στάσει
170 806 308 834 ἀπέθανον
333 805 400 841 (89)’
432 806 478 832 καὶ
503 805 540 837 ὥς
564 814 646 832 τινων
673 805 851 832 αίκισθέντων

53 852 108 880 ὑπὸ
125 852 299 884 ’Δθανασίου,
323 851 404 879 τινῶν
425 851 454 878 δὲ
480 851 666 887 δικαστηρίοις
689 851 852 886 παραδοθένο

900 257 960 292 ipso
981 258 1047 292 imp.
1065 257 1236 289 Constantio,
1249 257 1394 285 consulatu
1412 257 1563 284 Marcellini
1578 261 1606 285 et
1623 258 1691 285 Pro--

899 303 969 335 bini,
992 311 1065 330 anno
1086 304 1182 339 quinto
1207 307 1269 338 post
1287 303 1393 330 obitum
1411 302 1583 330 Constantini
1603 304 1690 338 patris

900 348 1096 383 Augustorum.
1121 349 1289 376 Pnesidebat
1311 357 1344 376 eo
1367 352 1490 384 tempore
1513 348 1691 376 Antiochense

904 393 1034 420 Ecclesim
1046 393 1201 425 Flaccillus,
1214 394 1259 428 qui
1272 393 1432 428 Euphronio
1447 397 1626 420 successerat.
1640 392 1692 427 Igi-

902 443 947 466 tur
963 439 1112 467 Eusebiani
1135 444 1198 466 ante
1216 439 1308 466 omnia
1329 439 1508 466 Athanasium
1529 438 1691 465 calumniari

901 484 1082 512 studuerunt:
1102 484 1221 518 primum
1235 484 1357 519 quidem,
1372 478 1445 519 quod
1462 488 1556 511 contra
1569 484 1691 519 regulam

900 538 982 565 quam
1001 530 1054 565 ipsi
1073 533 1129 557 tum
1146 530 1266 565 primum
1285 531 1503 562 constituerunt,
1516 529 1692 565 episcopatus

902 576 943 603 sui
964 576 1055 603 locum
1074 576 1177 610 absque
1195 576 1307 604 decreto
1329 576 1482 603 communis
1499 576 1690 611 episcoporum

901 621 1010 649 concilii
1033 625 1235 656 recuperasset.
1256 621 1361 656 Quippe
1381 621 1416 648 ab
1435 622 1532 648 exsilio
1551 629 1690 653 reversus,

901 671 998 702 suopte
1012 671 1081 694 nutu
1099 671 1180 701 atque
1199 666 1314 693 arbitrio
1330 666 1479 693 Eeclesiam
1498 673 1689 701 occupaverat.

901 713 1006 740 Deinde
1018 712 1090 748 quod
1104 713 1156 740 sub
1167 713 1320 747 ingressum
1333 712 1392 746 ejus
1400 715 1461 738 orto
1474 712 1602 744 tumultu,
1612 713 1690 740 multi

903 757 930 785 in
943 758 1080 786 seditione
1097 759 1308 790 occubuissent;
1320 761 1348 784 et
1359 757 1431 792 quod
1447 757 1493 784 alii
1504 757 1614 791 quidem
1626 765 1691 784 vcr-

903 803 1017 831 heribus
1031 803 1065 830 ab
1077 804 1123 830 illo
1135 803 1226 830 allecti
1238 803 1373 835 fuissent,
1387 801 1432 829 alii
1446 801 1475 828 in
1487 801 1621 836 judicium
1641 803 1691 829 ad-

902 847 989 875 ducti.
1004 848 1057 876 Sed
1071 853 1099 875 et
1114 848 1158 875 illa
1172 856 1232 883 qua:
1245 847 1272 874 in
1289 847 1358 874 urbe
1371 847 1443 882 Tyro
1463 847 1596 874 adversus
1608 847 1692 874 Atha-

54 907 122 926 των.
141 899 181 925 Οὐ
199 898 253 934 μὴν
275 897 343 925 ἀλλὰ
365 896 459 924 καὶτὰ
472 898 501 923 ὲν
516 898 549 932 τῇ
570 896 651 932 Τύρῳ
669 895 849 931 πεπραγμένα

939 894 1008 921 sium
1020 897 1096 930 gesta
1107 893 1225 926 fuerant,
1239 893 1266 920 in
1285 893 1406 920 medium
1419 892 1570 928 protulere.

53 944 128 972 κατὰ
148 943 311 971 Ἀθανασίου
328 944 368 974 εἰς
381 942 463 978 μέσον
480 940 557 978 ἦγον.

361 998 487 1024 ΚΕΦΛΛ.
507 997 547 1024 Θ¹.

200 1043 270 1078 Περὶ
285 1043 433 1070 Ειὺσεόίου
444 1043 498 1070 τοῦ
519 1042 688 1077 Ἑμισηνοῦ.

97 1090 163 1117 Ἐπὶ
172 1090 279 1121 τούτοις
293 1090 353 1116 τότε
368 1089 417 1124 τῆς
427 1089 552 1124 διαϐολῆς
563 1089 723 1125 γενομένης,
736 1097 849 1126 προχει-

59 1136 186 1170 ρίζονται
200 1136 251 1171 τῆς
277 1135 480 1172 Ἀλεξανδρείας
498 1135 657 1167 ἐπίσκοπον,
675 1134 781 1171 πρῶτον
801 1136 849 1170 μὲν

53 1181 188 1209 Εὒσέϐιον
205 1181 251 1208 τὸν
272 1181 456 1217 ἐπικληθέντα
475 1181 628 1216 Ἐμισηνόν.
654 1181 702 1212 Τίς
722 1181 751 1208 δὲ
772 1178 849 1213 οὗτος

52 1226 100 1262 ἦν,
117 1227 239 1254 διδάσκει
257 1227 393 1263 Γεὼργιος
407 1227 421 1254 ὁ
442 1226 614 1259 Λαοδικείας,
634 1227 664 1258 ὃς
679 1226 739 1254 τότε
759 1228 849 1263 παρῆν

52 1274 85 1300 ὲν
97 1274 132 1308 τῇ
146 1272 259 1308 συνόδῳ.
276 1273 346 1308 Φησὶ
361 1272 416 1308 γὰρ
426 1273 454 1299 ὲν
467 1272 505 1308 τῷ
521 1273 562 1305 είς
576 1273 658 1300 αὑτὸν
669 1273 850 1308 πεπονημένῳ

55 1319 165 1355 βιϐλίῳ,
181 1319 219 1351 ὡς
236 1319 279 1355 εἴη
298 1319 428 1351 Εὐσέϐιος
442 1320 475 1345 ὲκ
490 1319 546 1345 τῶν
568 1319 738 1355 εὐπατριδῶν
756 1319 806 1353 τῆς
821 1319 849 1345 ἐν

54 1365 259 1401 Μεσοποταμίᾳ
278 1365 388 1401 Ἐδέσης
403 1365 604 1400 καταγόμενος·
621 1366 652 1391 ὲκ
670 1365 733 1396 νέας
747 1373 777 1391 τε
791 1364 850 1400 ἡλι-

54 1413 120 1444 κίας
132 1412 168 1439 τὰ
179 1411 240 1446 ιερὰ
253 1411 347 1447 μαθὼν
354 1411 508 1446 Γράμματα
520 1410 588 1446 (90)·
598 1407 658 1438 εἶτα
667 1410 701 1437 τὰ
716 1410 850 1446 Ἑλλήνων

57 1457 220 1489 παιδευθεὶς
235 1456 314 1492 παρὰ
326 1456 364 1491 τῷ
382 1456 533 1492 τηνικαῦτα
554 1458 587 1491 τῇ
607 1456 702 1492 Ἐδέσῃ
717 1456 850 1490 ἐπιδημή-

55 1511 136 1531 σαντι
152 1502 296 1537 παιδευτῇ·
310 1501 386 1533 τέλος
401 1501 455 1527 ὑπὸ
468 1502 637 1536 Πατροφίλου
652 1503 700 1528 καὶ
717 1501 849 1528 Εὑσεϐίου

54 1550 91 1577 τὰ
105 1550 170 1585 ιερὰ
188 1548 348 1584 ἡρμηνεὺοη
363 1547 458 1575 Βιϐλία
471 1555 477 1562 ·
495 1545 532 1574 ὧν
544 1548 558 1574 ὁ
574 1548 622 1583 μὲν
633 1547 688 1574 τῶν
703 1548 732 1573 ἑν
743 1548 850 1575 Καισα-
864 1561 886 1590 c

55 1596 130 1631 ρείᾳ,
146 1595 200 1622 ὁὸὲ
215 1595 265 1630 τῆς
282 1595 310 1621 ὲν
326 1593 490 1621 Σκυθοπόλει
510 1594 655 1629 προῖστατο
677 1593 848 1628 Ἑκκλησίας.

54 1641 137 1669 Μετὰ
150 1640 237 1667 ταῦτα
254 1641 282 1667 δὲ
297 1639 516 1675 ἐπιδημήσαντος
536 1639 619 1666 αὑτοῦ
634 1640 667 1675 τῇ
689 1639 849 1674 Ἀντιοχείᾳ,

56 1687 161 1722 συνέϐη
188 1686 339 1714 Εὑστάθιον
370 1687 423 1713 ὑπὸ
450 1686 542 1722 Κύρου
558 1686 780 1722 κατηγορηθέντα
803 1685 850 1713 τοῦ

55 1732 192 1768 Βεροιέως
204 1731 401 1766 καθαιρεθῆναι
418 1731 455 1763 ὡς
472 1731 675 1763 Σαϐελλίζοντα.
693 1728 759 1757 Εἶτα
774 1729 851 1763 αὖθις

55 1779 104 1805 τὸν
131 1777 263 1805 Εὐσέϐιον
290 1778 410 1805 συνεῖναι
436 1777 578 1812 Εὑφρονίῳ
603 1776 642 1812 τῷ
666 1777 851 1812 διαδεξαμένῳ

56 1824 225 1852 Εὐστάθιον·
240 1823 377 1858 φεύγοντά
390 1832 420 1850 τε
433 1823 483 1859 τὴν
501 1823 661 1858 ἱερωσύνην,
685 1823 849 1850 καταλαϐεῖν

1188 995 1243 1030 se
1260 994 1334 1022 CAP.
1356 994 1401 1022 ιιι.

1106 1063 1109 1066 ,
1140 1039 1179 1067 De
1191 1040 1304 1067 Eusebio
1317 1040 1452 1067 Emiseno.

935 1085 1097 1121 Hujusmodi
1122 1089 1180 1113 tum
1205 1085 1376 1113 concinnatis
1398 1086 1552 1118 calumniis,
1574 1086 1690 1114 Alexan-

899 1135 986 1163 drina:
1000 1135 1129 1164 Ecclesia:
1142 1135 1301 1170 episcopum
1315 1134 1467 1169 designant,
1483 1135 1572 1170 primo
1580 1136 1690 1170 quidem

900 1182 1049 1210 Eusebium
1066 1184 1247 1217 cognomento
1270 1180 1439 1208 Emisenum.
1460 1180 1589 1214 Quisnam
1607 1189 1691 1217 porro

900 1228 951 1256 iste
964 1228 1056 1260 fuerit,
1072 1228 1152 1255 docet
1163 1226 1297 1262 Georgius
1311 1226 1454 1254 Laodiceae
1468 1227 1624 1263 episcopus,
1643 1229 1691 1264 qui

899 1275 1016 1302 concilio
1035 1274 1100 1301 huic
1115 1274 1198 1301 etiam
1214 1274 1348 1301 interfuit.
1367 1272 1436 1301 Nam
1457 1274 1485 1301 in
1507 1274 1578 1302 libro
1607 1283 1691 1309 quem

900 1319 934 1346 de
950 1320 1010 1355 ejus
1030 1320 1084 1347 vita
1099 1320 1272 1355 conscripsit,
1290 1321 1328 1348 ait
1345 1321 1421 1348 illum
1435 1329 1469 1348 ex
1488 1321 1555 1348 viris
1575 1321 1690 1348 nobilis-

901 1365 977 1392 simis
989 1365 1096 1392 Edessae
1105 1364 1133 1391 in
1145 1365 1340 1400 Mesopotamia
1361 1366 1469 1401 generis
1488 1367 1530 1393 sui
1558 1366 1691 1401 originem

901 1411 1021 1443 duxisse,
1040 1414 1068 1438 et
1080 1419 1095 1438 ει
1111 1418 1197 1445 puero
1212 1413 1297 1439 sacris
1312 1412 1425 1439 Litteris
1436 1412 1601 1444 institutum,
1615 1412 1691 1439 Grae-

901 1464 947 1484 cas
958 1460 1053 1492 postea
1070 1456 1229 1491 disciplinas
1248 1465 1263 1484 a
1278 1457 1396 1492 quodam
1415 1457 1546 1492 magistro
1559 1457 1605 1491 qui
1627 1461 1692 1484 tunc

903 1503 1032 1538 temporis
1044 1502 1152 1530 Edessaz
1169 1502 1295 1538 degebat,
1311 1504 1468 1538 percepisse
1481 1512 1487 1530 :
1502 1503 1612 1530 tandem
1625 1511 1692 1530 vero

902 1556 1043 1576 sacrorum
1058 1548 1234 1576 Voluminum
1255 1548 1455 1583 expositionem
1474 1556 1508 1575 ex
1534 1549 1693 1583 Patrophilo

904 1594 1029 1622 hausisse
1046 1599 1127 1629 atque
1139 1595 1273 1622 Eusebio:
1294 1603 1410 1629 quorum
1424 1595 1470 1622 hic
1484 1594 1690 1627 Caesariensem,

905 1641 950 1668 illc
966 1640 1217 1676 Scythopolitanam
1233 1640 1344 1675 regebat
1363 1640 1523 1668 Ecclesiam.
1545 1641 1609 1667 Post
1635 1641 1693 1668 haec

905 1695 967 1714 cum
986 1686 1160 1713 Antiochiam
1174 1686 1308 1718 venisset,
1324 1687 1439 1722 contigit
1452 1691 1483 1713 ut
1495 1687 1654 1713 Eustathius
1677 1693 1693 1713 ιι

904 1732 974 1768 Cyro
991 1732 1129 1759 Bcrwensi
1151 1735 1296 1759 accusatus
1322 1736 1451 1766 tanquam
1476 1731 1623 1759 Sabelliani
1641 1732 1692 1759 do-

904 1778 1003 1813 gmatis
1018 1781 1148 1808 assertor,
1167 1777 1360 1812 deponeretur.
1377 1777 1465 1810 Quare
1482 1778 1617 1805 Eusebius
1629 1785 1692 1805 cum

904 1824 1074 1859 Euphronio,
1091 1824 1138 1859 qui
1155 1823 1299 1852 Eustathio
1311 1827 1490 1856 successerat,
1504 1824 1633 1858 deinceps
1652 1823 1692 1851 vi-

666 1901 798 1929 VALESII
817 1901 1095 1931 ANNOTATIONES.

96 1971 224 2007 (86)”1-37-
253 1972 382 2005 ὑπατείᾳ
414 1974 592 2007 Μαρκέλλου
615 1973 664 2000 καὶ
690 1973 846 2006 Προϐῐνου.

58 2007 228 2044 Athanasius
241 2007 271 2044 in
284 2007 356 2044 libro
368 2008 405 2035 De
417 2010 537 2044 sy_nodis,
552 2010 634 2044 hujus
646 2009 754 2036 concilii
780 2012 848 2035 tem-

59 2050 113 2078 pus
131 2042 175 2069 his
191 2042 264 2078 notis
282 2042 533 2077 designat:"ﬂc¢v
554 2042 620 2071 δὲὀι
633 2043 804 2075 συνελθόντες
820 2044 848 2069 ἐν

59 2077 117 2109 τοῖς
147 2077 306 2113 ἒγκαινίοιςν
331 2077 479 2113 ἐπίσκοποι
517 2080 692 2113 ἐνενήκοντα,
732 2079 850 2113 ὑπατείᾳ

60 2112 248 2148 Μαρκελλίνου
265 2112 313 2148 καὶ
330 2112 472 2147 Προϐίνου.
497 2112 665 2145 “mxumo;
681 2113 721 2144 ιδ’,
740 2115 797 2139 ἐκεῖ
808 2113 851 2139 ὃν-

59 2147 116 2179 τοζ
134 2147 325 2183 Κωνσταντίου
353 2148 544 2176 ἀσεϐεστάτου.
572 2149 654 2175 Fuere
681 2153 779 2179 autem,
805 2149 849 2183 qui

60 2187 180 2219 tempore
196 2182 382 2219 Eat-(Baiarum
401 2189 587 2219 convenerant,
608 2185 719 2219 episcopi
740 2182 849 2210 numero

61 2218 219 2252 nonaginta,
237 2217 386 2244 consulibus
410 2218 566 2246 Marcellino
583 2223 607 2245 et
623 2217 752 2249 ‘Probino,
781 2219 850 2245 indi-

60 2254 145 2314 gione
173 2252 276 2292 decima
295 2257 405 2287 quarta,
429 2258 558 2289 prwsente
580 2254 674 2281 ibidem
695 2254 849 2289 impiisslmo

83 2291 229 2314 onstantlo.

83 2291 229 2314 onstantio.

97 2321 153 2357 (87)
170 2320 226 2349 Ἦν
239 2321 273 2348 δὲ
297 2322 433 2356 πέμπτον
457 2323 534 2355 ἔτος.
560 2326 612 2351 etc.
640 2323 798 2350 Marcellino
823 2327 851 2350 et

61 2357 183 2384 Probino
196 2364 280 2389 coss.,
296 2357 341 2384 die
355 2358 500 2385 undecimo
514 2358 646 2385 Kalendas
659 2358 764 2389 Iunias,
776 2366 852 2385 COIII-

60 2393 155 2454 pictus
164 2396 207 2432 est
224 2399 314 2433 annus
327 2397 443 2427 quartus
453 2393 487 2420 ab
501 2393 578 2420 obitu
592 2393 773 2433 Constantini.
788 2393 853 2420 Post

82 2436 136 2454 unc
149 2432 235 2454 mitur
251 2427 324 2454 diem
337 2428 451 2454 collecta
464 2433 507 2454 est
526 2428 647 2454 svnodus
669 2428 850 2454 Antiochena.

82 2436 136 2455 unc
149 2427 235 2462 igitur
251 2427 327 2463 diem
337 2428 451 2463 collecta
464 2433 507 2455 est
526 2428 647 2463 synodus
669 2428 850 2460 Antiochena,

60 2462 84 2489 si
95 2469 193 2490 verum
206 2462 331 2497 estquod
344 2463 381 2489 ait
393 2462 529 2495 Socrates,
541 2462 601 2490 eam
613 2463 754 2490 collectam
768 2463 852 2491 fuisse

60 2505 133 2524 anno
149 2497 249 2533 quinto
263 2498 297 2524 ab
310 2498 388 2524 obitu
405 2497 588 2525 Constantini.

95 2532 330 2568 (88)“Πλιξκιτος.
347 2532 461 2560 Rectius
476 2533 606 2560 scribitur
626 2533 680 2561 hoc
697 2541 798 2560 nomen
824 2533 852 2560 in

59 2569 189 2596 versione
213 2567 365 2603 Epiphanii
392 2567 565 2595 Scholastici.
597 2568 761 2596 Prwsidebat
789 2572 852 2594 tunc

61 2603 187 2644 Ecclesia
200 2602 523 2644 Α1ιιξοε1ιεμω“ἲίαςεξίίιέδ
530 2612 683 2644 ‘successon
693 2603 850 2644 Euphronii.

58 2638 114 2666 Nec
122 2639 205 2666 aliter
212 2637 316 2674 dicitur
325 2638 486 2674 ianpistola
494 2638 558 2674 Iulii
568 2646 643 2674 papa:
651 2639 685 2666 ad
696 2637 850 2674 episcopos,

59 2674 105 2736 ἓξιὶ
129 2673 284 2715 Antiochia:
307 2673 336 2714 in
356 2673 407 2714 hac
422 2673 526 2714 synodo
552 2674 707 2709 congregati
729 2673 848 2700 fuerant.

88 2717 104 2736 c
126 2717 203 2736 cnun
227 2709 484 2736 habetinscrmtio:
503 2708 601 2736 Δανίω.
621 2708 771 2736 Φλακίλλω.
794 2712 847 2736 etc.

81 2709 104 2737 ic
126 2709 203 2737 enim
227 2708 484 2744 habetinscriptio:
503 2708 771 2744 Δανίῳ,⁷Φλακίλλῳ,
794 2712 847 2736 etc.

900 1971 974 1999 Idem
993 1976 1074 1999 antea
1088 1972 1204 1999 concilio
1219 1971 1283 2007 Tyri
1302 1970 1473 2003 interfuerat,
1487 1977 1515 1998 et
1533 1979 1594 1998 cum
1610 1971 1690 1998 Aria-

900 2007 944 2034 nis
967 2008 1099 2034 adversus
1130 2007 1310 2034 Athanasium
1337 2007 1556 2041 conspiraverat,
1586 2011 1616 2034 ut
1639 2007 1690 2033 do—

901 2048 944 2069 cet
964 2043 1085 2077 Epistola
1111 2043 1304 2077 episcoporum
1335 2041 1443 2076 {Egypti
1468 2042 1502 2069 ad
1531 2042 1690 2076 Dionysium

901 2078 1040 2109 comitem,
1065 2086 1147 2112 quam
1167 2077 1253 2105 refert
1275 2077 1440 2104 Athanasius
1472 2077 1498 2104 in
1527 2077 1691 2104 Defensione

900 2113 1019 2139 secunda
1033 2113 1165 2140 adversus
1179 2113 1305 2140 Arianos.
1329 2112 1424 2139 Eidem
1457 2112 1583 2139 Flaccilla
1604 2112 1690 2138 Eusc-

903 2147 965 2174 bius
975 2147 1152 2175 Caesariensis
1167 2149 1253 2175 libros
1264 2155 1329 2174 suos
1343 2152 1438 2174 contra
1448 2147 1604 2174 Marcellum
1619 2154 1690 2173 nun.

903 2183 1022 2217 cupavit.
1039 2184 1091 2210 Pro
1105 2183 1233 2210 Flaccilla
1248 2188 1337 2210 tamen
1360 2183 1417 2209 fere
1439 2182 1541 2217 ubique
1570 2182 1690 2209 I’lacitus

904 2216 1044 2244 scribitur.
1062 2218 1118 2245 Nisi
1133 2218 1205 2252 quod
1222 2218 1248 2244 in
1262 2217 1388 2252 sequenti
1414 2225 1473 2252 cap.
1494 2216 1580 2244 codex
1597 2216 1689 2244 Aliatii

904 2253 1035 2287 scriptum
1051 2253 1143 2284 habet,
1160 2253 1211 2279 ὑπὸ
1225 2253 1382 2278 ⁴ιελειικίλλου.

941 2288 996 2322 (89)
1014 2288 1171 2314 [Ιολλοὶὲν
1194 2287 1231 2320 τῇ
1254 2288 1360 2314 στήσει
1383 2287 1542 2314 ἀπέθανον.
1562 2287 1615 2313 llas
1634 2287 1690 2313 Eu-

904 2322 1079 2349 sebianorum
1102 2323 1252 2350 calumnias
1286 2323 1394 2357 egregie
1418 2322 1539 2350 refutant
1568 2322 1689 2356 episcopi

905 2357 1012 2393 [Egypti
1031 2358 1058 2384 in
1074 2358 1194 2392 Epistola
1211 2357 1351 2393 synodica,
1364 2365 1446 2393 quam
1467 2357 1550 2384 refert
1566 2357 1688 2384 Athana-

906 2392 964 2420 sius
976 2393 1003 2420 in
1020 2401 1037 2420 ιι
1050 2393 1214 2420 Dci‘ensione
1231 2392 1362 2419 adversus
1385 2392 1513 2419 Arianos.
1711 2396 1713 2400 '

942 2428 996 2462 (90)
1020 2429 1057 2454 Τὰ
1077 2429 1139 2460 ἱεμὰ
1162 2428 1264 2461 μαθὼν
1276 2427 1446 2461 Γρίὶμμιιτα.
1470 2428 1548 2454 IIunc
1568 2427 1690 2454 Socratis

904 2462 994 2498 locum
1009 2463 1128 2498 explicat
1147 2463 1315 2490 Sozomenus
1331 2463 1358 2489 in
1372 2462 1442 2489 libro
1464 2470 1503 2495 ιιι,
1519 2470 1578 2497 cap.
1611 2462 1636 2494 6,
1655 2462 1690 2498 de

904 2497 1024 2526 Eusebio
1044 2497 1179 2525 ’Emiscuo
1194 2498 1232 2525 ita
1258 2497 1391 2530 scribens,
1414 2498 1460 2523 Ἐκ
1491 2497 1550 2524 νέου
1572 2497 1600 2523 δὲ
1620 2497 1691 2524 κατὰ

904 2533 1017 2567 πάτριον
1042 2533 1104 2564 ἕϐος
1132 2534 1195 2564 τοὺς
1227 2533 1314 2566 ἱεροὶγς
1338 2532 1467 2566 ἐκμαθὼν
1490 2533 1603 2566 λόγους,
1633 2537 1688 2560 ctc.

904 2567 986 2595 Pueri
1003 2568 1086 2603 igitur
1101 2568 1302 2595 Edesscnorum
1319 2575 1413 2603 sacra;
1433 2567 1581 2603 Scriptura:
1607 2567 1691 2594 libros

904 2602 1064 2630 memoriter
1088 2604 1247 2630 edisccbant
1267 2610 1299 2629 cx
1316 2611 1392 2630 more
1408 2602 1588 2637 institutoque
1604 2603 1690 2636 majo—

903 2645 976 2665 rum.
993 2638 1063 2665 Sane
1079 2638 1233 2666 Edessenos
1247 2637 1454 2665 ardentissimus
1467 2638 1551 2665 fuisse
1571 2638 1692 2664 cultores

903 2673 1067 2714 Christianae
1097 2674 1240 2709 religionis
1271 2676 1406 2700 testantur
1429 2673 1578 2708 scriptores
1601 2672 1690 2699 eccle-

904 2714 1006 2736 SIaSUCI
1011 2730 1017 2735 .

725 2768 728 2779 '
778 2775 969 2805 VARIORUM.

59 2837 164 2871 telligat
175 2837 315 2867 Socrates,
327 2835 376 2871 qui
389 2839 492 2863 tantam
503 2835 710 2870 praerogativam
724 2835 854 2871 episcopo

60 2870 183 2901 Romano
205 2870 393 2904 concesserit;
413 2878 569 2905 quanquam
581 2871 610 2899 Ρ.
628 2870 661 2899 de
679 2870 767 2899 Marca
791 2879 853 2900 sex—

906 2835 1086 2899 t‘j'ilmLsynodi
1111 2837 1224 2865 Nicaeam
1247 2836 1383 2873 indigitari
1408 2834 1483 2867 vult,
1514 2834 1573 2862 loco
1597 2832 1689 2862 citato.

944 2889 951 2898 ι
986 2878 1072 2899 OWTI.

944 2889 951 2898 ι
963 2878 1072 2899 ιιοννηι.
