1887 3067
62 133 116 162 2Ξὸ

589 137 750 165 HISTORIA
773 137 1048 165 ECCLESIASTICA.
1071 153 1104 157 —
1125 139 1189 166 LIB.
1210 139 1243 166 ll.

1649 141 1701 169 2'26

62 190 136 226 παρὰ
146 189 182 217 τὰ
199 190 376 226 προλαϐόντα
393 191 568 227 περιέχουσα,
584 193 613 218 ὲν
628 192 733 223 τούτοις
747 192 806 224 ἐξετ

955 193 997 220 ιὶῑιι
1017 199 1068 222 est.
1083 194 1227 223 Credimus
1244 195 1271 222 in
1287 202 1372 222 unum
1389 195 1475 222 Deum
1493 195 1599 224 Patrem
1613 199 1700 225 enini-

61 238 115 268 τοῖς
129 237 250 271 ῥήμασι·
269 237 436 272 Πιστεύομεν
451 238 491 268 εἰς
502 237 549 264 ἕνα
566 237 643 271 Θεὸν,
660 238 769 274 Πατέρα
788 248 858 266 παν-

68 283 228 317 ιοκράτορα,
243 282 360 319 κτίστην
378 284 423 310 καὶ
450 284 564 319 ποιητὴν
578 284 634 312 τῶν
651 285 770 317 πάντων,
784 285 814 318 ἐξ
827 282 857 313 οὗ

66 328 133 354 πᾶσα
147 327 260 362 πατριὰ
287 329 318 355 ἐν
334 328 456 364 οὐρανοῖς
476 330 525 356 καὶ
548 329 594 356 ἐπὶ
611 329 664 364 γῆς
683 330 855 365 ὀνομάζεταν

61 374 105 400 καὶ
119 375 160 405 εἰς
172 373 222 400 τὸν
235 375 370 410 μονογενῆ
384 374 465 402 αὐτοῦ
478 375 542 402 Υἰὸν
564 375 667 411 Ἰησοῦν
677 376 803 411 Χριστὸν,
811 376 857 404 τὸν

59 419 160 454 Κύριον
177 419 274 454 ἡμῶν,
288 420 335 446 τὸν
352 420 406 455 πρὸ
429 421 539 447 πάντων
557 421 612 448 τῶν
634 420 739 448 αἰώνων
761 429 858 457 γεννη-

59 464 136 490 θέντα
148 465 182 491 ἐκ
197 465 249 491 τοῦ
266 465 384 502 Πατρός-
397 465 463 492 Θεὸν
479 466 511 492 ὲκ
528 465 607 492 Θεοῦ”
623 466 680 500 φῶς
709 467 742 493 ὲκ
755 467 855 501 φωτός’

58 509 88 535 δι’
104 506 135 536 οὗ
147 509 265 543 ἐγένετο
278 510 314 536 τὰ
333 511 422 537 πάντα
446 510 481 537 τὰ
501 511 530 537 ὲν
548 513 604 543 τοῖς
617 512 741 547 οὐρανοῖς
761 512 808 538 καὶ
822 512 857 539 τὰ

59 556 103 582 ἐπὶ
128 555 180 590 τῆς
211 556 278 590 γῆς,
306 556 339 583 τὰ
368 556 453 591 ὁρατὰ
478 556 526 583 καὶ
554 556 589 584 τὰ
616 557 740 592 ἀόρατα·
770 557 856 591 Λόγον

57 602 128 633 ὄντα,
155 602 204 628 καί
235 602 347 636 σοψίαν,
375 603 421 629 καὶ
451 602 567 638 δύναμιν
600 603 647 630 καὶ
682 603 777 638 ζωὴν,
808 604 856 630 καὶ

60 647 114 682 φῶς
128 647 271 682 ἀληθινόν.
289 648 341 674 Τὸν
357 648 399 674 ἐπ’
412 648 527 683 ἐσχάτου
543 648 597 674 τῶν
613 648 724 684 ἡμερῶν
733 649 766 676 δι’
782 650 856 684 ἡμᾶς

59 692 134 719 ἐνανο
140 693 326 728 ρωπήσαντα,
342 694 390 720 καὶ
402 694 566 729 γεννηθέντα
582 695 614 720 ὲκ
624 695 673 730 τῆς
686 694 766 728 ἁγίας
781 696 856 730 Παρ-

60 738 133 764 θένου
146 747 153 754 -
169 738 218 764 τὸν
249 739 453 774 σταυρωθέντα,
472 740 519 766 καὶ
542 738 721 771 ἀποθανόντα,
739 740 786 766 καὶ
807 748 856 766 τας

60 782 151 816 φέντα,
168 783 218 809 καὶ
244 784 403 810 ἀναστάντα
422 785 454 810 ὲκ
485 784 590 820 νεκρῶν
606 785 640 819 τῇ
657 784 736 821 τρίτῃ
751 784 853 821 ἡμέρᾳ,

62 828 105 854 καὶ
132 827 330 863 ἀναληφθέντα
355 829 395 860 εἰς
418 828 543 864 οὐρανὸν,
571 829 619 855 καὶ
641 828 809 856 καθεσθέντα
822 831 854 856 ἐκ

908 243 1065 273 potentem,
1094 248 1248 269 creatorem
1267 241 1390 268 omnium
1410 246 1438 269 et
1466 242 1652 276 conditorem;
1667 251 1701 270 ex

906 292 961 319 quo
977 286 1067 313 omnis
1084 280 1235 322 paternitns
1250 287 1277 313 in
1290 287 1361 314 coelo
1376 292 1404 315 et
1421 287 1449 315 in
1473 288 1554 315 terris
1577 289 1702 316 nomina—

906 331 1001 357 tur":
1019 331 1091 358 etin
1115 333 1288 368 unigenitum
1311 332 1410 360 Filium
1432 333 1492 368 ejus
1513 333 1605 361 Iesum
1619 333 1700 361 Chri-

906 380 989 408 stum,
1013 377 1158 404 Dominum
1173 382 1308 411 nostrum,
1326 382 1389 406 ante
1404 378 1495 405 omnia
1513 379 1611 405 saecula
1627 378 1701 413 geni—
1744 380 1747 382 ’

907 423 965 447 tum
981 428 1015 448 ex
1032 422 1123 454 Patre,
1135 423 1222 449 Deum
1232 431 1265 451 ex
1279 424 1346 456 Deo,
1361 424 1455 451 lumen
1465 431 1499 450 ex
1512 423 1634 456 lumine;
1652 431 1702 458 per

906 473 988 500 quem
1001 467 1093 494 omnia
1106 467 1178 494 facta
1194 472 1258 495 sunt
1272 469 1300 495 in
1319 469 1389 496 coelo
1403 473 1431 496 et
1452 468 1480 495 in
1498 469 1589 501 terris,
1603 469 1700 496 visibi-

906 511 941 538 lia
955 515 983 539 et
996 513 1162 546 invisibilia;
1174 514 1220 548 qui
1235 514 1355 541 Verbum
1373 519 1415 542 est
1431 519 1460 541 et
1474 514 1608 550 sapientia
1619 518 1701 549 atque

906 558 1028 590 potentia
1040 578 1047 590 ,
1065 558 1121 593 99
1134 558 1190 585 vita
1214 562 1241 585 et
1262 559 1309 585 lux
1330 567 1413 592 vera;
1432 559 1480 594 qui
1495 560 1524 586 in
1544 560 1702 586 novissimis

907 604 1005 632 diebus
1028 608 1141 639 propter
1164 611 1215 631 nos
1231 604 1313 631 homo
1337 604 1427 632 factus
1445 607 1499 636 est,
1515 609 1649 639 natusque
1667 613 1700 632 ex

905 649 1078 677 sanctissima
1094 648 1208 683 Virgine
1222 658 1228 675 :
1246 648 1293 683 qui
1310 649 1457 675 cruciﬁxus
1472 653 1514 676 est
1532 654 1560 676 et
1576 654 1701 677 mortuus

905 701 937 721 ac
956 694 1089 729 sepultus.
1105 693 1198 721 Tertia
1219 699 1310 721 autem
1330 694 1374 721 die
1394 695 1513 721 surrexit
1538 703 1553 722 a
1572 695 1700 727 mortuis,

905 743 934 767 et
948 739 1073 767 ascendit
1088 739 1116 766 in
1131 740 1240 771 coelum,
1258 739 1388 774 sedetque
1402 740 1435 766 ad
1445 739 1584 766 dexteram
1600 741 1700 773 Patris,

904 789 1039 811 venturus
1066 784 1094 811 in
1122 783 1176 812 fine
1199 784 1361 811 satculorum
1387 787 1417 810 ut
1433 783 1538 818 judicet
1565 783 1642 810 vivos
1669 791 1702 810 ac

905 834 1039 862 mortuos,
1056 833 1085 857 et
1095 829 1244 864 unicuique
1258 829 1412 856 mercedem
1428 829 1518 864 operis
1531 829 1573 856 sui
1584 829 1680 856 reddat
1692 838 1699 855 :

60 873 150 906 δεξιῶν
171 873 220 900 τοῦ
244 874 371 909 Πατρός·
396 874 543 910 ἐρχόμενον
563 875 609 901 ἐπὶ
638 875 778 911 συντελείᾳ
800 884 805 892 ι

955 883 983 902 us
999 883 1114 910 regnum
1140 875 1356 907 interminabile,
1371 875 1399 901 in
1423 874 1530 901 inﬁnita
1555 879 1700 909 permanet

62 919 161 945 αἰώνων
172 919 268 954 κρῖναι
288 919 395 951 ζῶντας
423 920 469 946 καὶ
485 919 610 955 νεκροὺς,
636 920 685 946 καὶ
708 919 855 947 ἀποδοῦναι

61 965 163 999 ἑκάστῳ
180 965 255 991 κατὰ
271 965 308 992 τὰ
327 965 396 1002 ἔργα
413 965 508 992 αὐτοῦ’
523 962 553 992 οὗ
581 966 598 1001 ὴ
613 965 735 1000 βασιλεία
752 966 855 993 ἀκατά-

63 1018 176 1042 παυστος
185 1007 271 1042 οὖσα,
288 1010 412 1046 διαμένει
423 1012 463 1043 εις
475 1011 604 1047 ἀπείρους
612 1011 712 1043 αίώνας
721 1019 729 1026 ”
743 1012 856 1044 καθέζε-

62 1065 102 1084 ται
113 1056 168 1092 γὰρ
182 1058 212 1083 ὲν
229 1057 309 1093 δεξιᾷ
327 1057 374 1084 τοῦ
392 1057 510 1093 Πατρὸς,
537 1058 568 1084 οὺ
593 1057 673 1093 μόνον
683 1058 712 1084 ὲν
722 1058 760 1093 τῷ
777 1058 855 1086 αίῶνι

61 1102 152 1137 τούτῳ,
170 1102 241 1129 ἀλλὰ
254 1103 305 1129 καὶ
320 1104 349 1129 ὲν
364 1103 404 1138 τῷ
424 1103 558 1138 μέλλοντι.
573 1103 741 1139 Πιστεύομεν
761 1104 790 1131 δὲ
808 1106 856 1133 καὶ

61 1149 98 1179 εἰς
113 1148 141 1174 τὸ
152 1148 268 1183 Πνεῦμα
284 1149 316 1174 τὸ
333 1149 421 1182 ἅγιον,
434 1149 572 1176 τουτέστιν
585 1150 625 1181 είς
644 1149 689 1177 τὸν
706 1151 855 1187 Παράκλη-

62 1200 111 1218 τον·
125 1192 194 1228 ὅπερ
206 1193 446 1229 ἐπαγγειλάμενος
470 1195 526 1226 τοῖς
543 1194 712 1228 ἀποστόλοις,
724 1197 795 1231 μετὰ
806 1196 855 1233 τὴν

64 1238 100 1269 εἰς
112 1237 225 1274 οὐρανὸν
237 1238 337 1266 ἄνοδον
358 1239 501 1266 ἀπέστειλε
520 1240 624 1273 διδάξαι
637 1241 683 1268 καὶ
700 1242 856 1278 ὑπομνῆσαι

64 1283 155 1315 αὐτοὺς
182 1284 293 1311 πάντα·
316 1285 351 1311 δι’
372 1282 403 1313 οὗ
431 1285 478 1312 καὶ
501 1285 697 1320 ἀγιάζονταιαί
715 1287 769 1314 τῶν
790 1288 857 1315 είλι-

67 1329 157 1365 κρινῶς
168 1330 209 1362 είς
226 1331 312 1357 αὑτὸν
326 1332 508 1359 πιστευόντων
524 1332 618 1368 ψυχαί.
635 1334 704 1365 Τοὺς
724 1333 751 1360 δὲ
765 1334 857 1368 λέγον-

65 1383 108 1406 τας
122 1375 150 1408 ἐξ
168 1376 219 1402 οὐκ
233 1376 323 1403 όντων
337 1378 383 1404 τὸν
398 1377 470 1410 Υἰδν,
484 1377 541 1414 ἧὲξ
559 1379 654 1414 ἑτέρας
670 1380 855 1414 ὑποστάσεως,

67 1421 107 1448 καὶ
122 1422 157 1456 μὴ
173 1422 205 1448 ἐκ
214 1421 263 1448 τοῦ
282 1422 362 1456 Θεοῦ,
381 1423 427 1449 καὶ
448 1424 490 1450 ὅτι
511 1422 546 1460 ἦν
558 1432 623 1450 ποτε
647 1425 770 1462 χρόνοςῆ
788 1425 856 1452 αἰὼν

65 1467 105 1493 ὅτε
118 1467 154 1503 μὴ
175 1466 220 1504 ἦν,
234 1467 395 1504 ἀλλοτρίους
418 1467 488 1496 οἶδεν
502 1471 519 1506 ἠ
545 1471 611 1504 ἁγία
633 1471 772 1507 Καθολικὴ
793 1472 856 1499 Ἐκ-

67 1511 158 1546 κλησία
199 1513 306 1548 ὁμοίως
321 1514 368 1541 καὶ
382 1514 444 1546 τοῦς
457 1514 586 1550 λέγοντας
596 1518 669 1552 τρεῖς
679 1514 749 1543 εἶναι
761 1517 854 1550 Θεοὺς,

906 921 1015 948 saecula.
1029 921 1112 948 Sedet
1134 921 1207 948 enim
1223 920 1256 947 ad
1271 920 1412 947 dexteram
1433 919 1521 947 Patris
1538 927 1593 947 non
1613 920 1699 947 solum

906 966 935 994 in
957 967 1010 994 hoc
1029 966 1140 998 saeculo,
1165 974 1263 993 verum
1283 966 1365 992 etiam
1383 965 1411 992 in
1430 965 1534 993 futuro.
1555 965 1701 993 Credimus

905 1011 988 1038 etiam
1005 1011 1033 1038 in
1045 1011 1177 1046 Spiritum
1194 1015 1330 1043 sanctum,
1347 1011 1399 1038 hoc
1411 1015 1453 1038 est
1473 1011 1500 1038 in
1516 1011 1700 1043 Paracletum,

905 1064 986 1091 quem
1004 1056 1132 1084 Christus
1148 1056 1288 1091 pollicitus
1306 1057 1454 1091 apostolis,
1471 1060 1533 1091 post
1555 1064 1699 1084 ascensum

906 1102 933 1129 in
945 1103 1054 1135 coelum,
1072 1102 1148 1130 misit
1165 1106 1195 1129 ut
1210 1102 1322 1129 doceret
1342 1102 1403 1129 illos
1416 1109 1449 1130 ac
1468 1103 1647 1129 submoueret
1666 1102 1699 1129 de

906 1148 1035 1175 omnibus
1051 1157 1057 1174 :
1074 1156 1124 1183 per
1150 1156 1232 1183 quem
1257 1149 1340 1176 etiam
1368 1148 1575 1176 sanctiﬁcantur
1602 1149 1700 1176 anima:

906 1201 1002 1220 eorum
1013 1194 1060 1228 qui
1075 1194 1182 1221 sincere
1194 1194 1221 1221 in
1235 1194 1312 1221 illum
1328 1194 1453 1221 credunt.
1472 1194 1536 1221 Illos
1550 1198 1641 1221 autem
1653 1194 1700 1229 qui

907 1239 1004 1267 dicunt
1015 1240 1117 1267 Filium
1135 1247 1168 1267 ex
1186 1247 1219 1267 eo
1236 1239 1309 1274 quod
1323 1247 1377 1266 non
1389 1243 1450 1266 erat
1465 1239 1631 1271 substitisse,
1650 1243 1700 1266 aut

906 1294 938 1314 cx
959 1286 1012 1314 alia
1025 1286 1190 1319 substantia,
1205 1294 1260 1313 non
1275 1290 1367 1313 autem
1386 1294 1420 1313 ex
1432 1286 1503 1318 Deo,
1522 1289 1570 1313 aut
1594 1290 1702 1320 tempus

906 1332 1055 1366 aliquando
1081 1333 1125 1359 vel
1144 1332 1274 1360 sateulum
1299 1331 1384 1359 fuisse
1403 1339 1465 1358 cum
1492 1339 1548 1358 non
1568 1335 1700 1362 exstaret,

907 1385 957 1412 pro
972 1378 1068 1405 alienis
1079 1378 1161 1405 habet
1179 1381 1271 1405 saneta
1284 1383 1311 1404 et
1328 1375 1470 1405 Catholica
1494 1376 1626 1404 Ecclesia.
1648 1376 1702 1404 Eos

907 1423 973 1451 item
994 1423 1041 1458 qui
1067 1423 1163 1450 dicunt
1180 1428 1235 1451 tres
1254 1431 1315 1451 esse
1336 1423 1413 1455 deos,
1429 1427 1477 1450 aut
1491 1422 1630 1450 Christum
1647 1430 1702 1450 non

907 1476 966 1496 esse
979 1469 1065 1496 Deum
1077 1473 1140 1496 ante
1150 1469 1258 1501 szecula,
1271 1475 1360 1503 neque
1377 1468 1528 1500 Christum,
1545 1475 1634 1502 neque
1657 1468 1701 1494 Fi-

907 1514 974 1542 lium
988 1514 1036 1541 Dei
1057 1514 1134 1542 illum
1155 1521 1215 1541 esse
1231 1522 1237 1540 :
1253 1519 1302 1540 aut
1315 1513 1442 1541 eumdem
1452 1521 1511 1540 esse
1527 1513 1646 1545 Patrem,
1674 1516 1703 1539 et

66 1556 135 1591 ῆτδν
152 1558 272 1593 Χριστὸν
290 1559 327 1596 μὴ
341 1558 410 1587 εἶναι
424 1561 490 1587 Θεὸν
515 1562 568 1597 πρὸ
586 1563 641 1589 τῶν
655 1563 770 1595 αἰώνων,
787 1573 811 1599 μ·

956 1569 1018 1594 uim,
1035 1565 1064 1588 et
1078 1560 1210 1596 Spiritum
1219 1565 1344 1587 sanctum
1358 1569 1364 1586 :
1378 1564 1425 1587 aut
1439 1560 1537 1586 Filium
1552 1567 1612 1587 esse
1625 1559 1701 1594 inge-

67 1603 184 1639 Χριστὸν,
199 1606 272 1641 μήτε
287 1605 350 1633 Υἰὸν
373 1606 440 1633 Θεοῦ
455 1605 526 1634 εἶναι
542 1608 624 1635 αὐτὸν
643 1615 666 1640 ⁸,
681 1609 698 1644 ἦ
712 1609 758 1637 τὸν
771 1611 852 1637 αὑτὸν

68 1647 130 1676 εἶναι
146 1652 256 1687 Πατέρα
274 1652 323 1697 κρὶ
339 1653 400 1679 Υἰὺν
413 1654 460 1680 καὶ
485 1654 561 1689 ἅγιον
577 1655 700 1690 Πνεῦμα,
716 1657 762 1683 καὶ
777 1657 857 1691 ἀγέν-

68 1705 138 1732 νητον
154 1697 198 1724 τὸν
209 1698 288 1731 Υίὸν,
303 1699 319 1734 ἤ
342 1699 382 1725 ὅτι
396 1700 425 1726 οὐ
444 1700 581 1736 βουλήσει,
599 1701 658 1728 οὐδὲ
674 1701 781 1738 θελήσει
799 1704 855 1738 (30)

68 1740 230 1776 ἐγέννησενὸ
252 1743 350 1779 Πατὴρ
372 1744 417 1770 τὸν
441 1745 515 1777 Υίὸν,
540 1746 734 1782 ἁναθεματίξει
751 1749 767 1782 ἠ
791 1749 857 1782 ἁγία

69 1787 111 1813 καὶ
133 1789 270 1825 Καθολικὴ
299 1790 460 1826 Ἐκκλησία.
484 1791 553 1819 Οὔτε
579 1793 633 1827 γὰρ
656 1793 687 1826 ἐξ
705 1794 756 1820 οὐκ
773 1794 857 1821 ὄντων

69 1833 149 1867 λέγειν
165 1835 211 1862 τὸν
222 1835 290 1862 Υίὸν
305 1836 436 1871 ἀσφαλές·
458 1838 520 1864 ἐπεὶ
545 1838 672 1874 μηδαμοῦ
703 1839 782 1866 τοῦτο
802 1840 856 1867 τῶν

71 1878 247 1908 θεοπνεύστων
275 1882 394 1918 Γραφῶν
422 1883 572 1918 ἐμφέρεται
597 1884 660 1920 περὶ
678 1885 772 1912 αὑτοῦ.
787 1885 856 1912 Οὔτε

73 1925 135 1960 μὴν,
160 1927 188 1960 ἐξ
219 1928 320 1964 ἐτέρας
354 1929 530 1962 ὑποστάσεως
559 1930 635 1966 παρὰ
669 1931 715 1958 τὸν
747 1932 856 1968 Πατέρα

72 1973 320 2009 προϋποκειμένης,
346 1974 403 2001 ἀλλ’
427 1975 459 2001 ὲκ
487 1975 568 2010 μόνου
587 1975 634 2002 τοῦ
649 1975 717 2003 Θεοῦ
737 1977 857 2012 γνησίως

72 2016 142 2042 αὑτὸν
153 2019 335 2054 γεγεννῆσθαι
346 2020 538 2055 διδασκόμεθα.
551 2021 600 2047 Ἓν
610 2021 664 2056 γὰρ
672 2021 701 2047 τὸ
709 2022 856 2056 ἀγέννητον

72 2061 113 2087 καὶ
128 2062 253 2099 ἄναρχον,
265 2064 313 2092 τὸν
328 2065 448 2101 Χριστοῦ
476 2066 586 2102 Πατέρα
613 2067 628 2093 ὀ
647 2066 717 2099 θεῖος
735 2067 855 2095 διδάσκει

72 2107 151 2141 λόγος.
171 2110 239 2137 Ἀλλ’
258 2111 321 2137 οὐδὲ
336 2111 365 2138 τὸ
387 2109 420 2147 ἦν
436 2120 501 2138 ποτε
515 2112 560 2139 ὅτε
576 2110 625 2139 οὖκ
636 2111 670 2149 ἦν
686 2113 716 2146 ὲξ
724 2114 856 2150 ἀγράφων

72 2154 219 2190 ἐπισφαλῶς
231 2157 373 2192 λέγοντας,
397 2158 523 2194 χρονικὺν
532 2158 627 2194 διάστη
631 2168 670 2194 μα
684 2160 854 2196 προενθυμη-

72 2200 124 2227 τέον
137 2203 229 2236 αὐτοῦ,
247 2203 308 2230 ἀλλ’
319 2204 336 2239 ἢ
351 2206 431 2240 μόνον
446 2205 493 2232 τὸν
513 2206 636 2242 ἀχρόνως
659 2207 740 2233 αὑτὸν
760 2215 855 2242 γεγεν-

73 2246 163 2280 νηκότα
176 2248 241 2275 Θεόν
254 2257 262 2264 ·
278 2249 326 2276 καὶ
336 2249 427 2284 χρόνοι
441 2250 496 2285 γὰρ
509 2250 555 2276 καὶ
566 2250 663 2282 αἰῶνες
676 2251 806 2286 γεγόνασι
818 2251 852 2277 δι’

73 2292 155 2319 αὑτοῦ.
173 2293 241 2320 Οὔτε
257 2295 314 2330 μὴν
327 2295 505 2332 συνάναρχον,
520 2296 582 2323 οὔτε
597 2296 793 2332 συναγέννητον
807 2297 852 2324 τὸν

74 2336 175 2374 Υἱδντῷ
189 2340 279 2376 Πατρὶ
292 2339 372 2375 εἶναι,
387 2342 539 2378 νομιστέον.
555 2343 726 2378 Συνανάρχου
736 2343 790 2378 γὰρ
805 2343 853 2370 καὶ

75 2387 260 2422 συναγεννήτου
274 2387 362 2420 οὐδεὶς
381 2388 484 2424 κυρίως
500 2388 634 2425 Πατὴρ,ῆ
649 2389 713 2421 Υἱὸς
724 2389 853 2424 λεχθήσε-

869 2228 892 2255 D

104 2462 123 2478 "’
151 2463 252 2500 Ephes.
280 2474 322 2500 in,
351 2467 394 2494 l5.

908 1607 995 1634 nilum
1008 1628 1015 1640 ,
1033 1611 1081 1634 aut
1098 1607 1207 1634 Patrem
1223 1614 1277 1633 non
1297 1605 1411 1633 arbitrio
1435 1613 1484 1633 suo
1505 1613 1536 1633 ac
1559 1606 1702 1632 voluntate

907 1654 1032 1690 genuisse
1049 1653 1158 1685 Filium,
1171 1661 1229 1685 eos,
1248 1653 1370 1687 inquam,
1386 1651 1598 1679 anathematizat
1609 1656 1702 1678 sancta

906 1704 934 1728 et
947 1700 1113 1727 universalis
1125 1699 1258 1727 Ecclesia.
1277 1699 1345 1726 Nam
1364 1706 1453 1733 neque
1465 1699 1533 1725 citra
1548 1698 1702 1733 periculum

906 1746 1008 1774 erroris
1021 1746 1075 1773 dici
1092 1749 1183 1781 potest
1198 1745 1296 1773 Filium
1313 1752 1347 1772 ex
1360 1744 1394 1771 iis
1404 1752 1464 1779 quae
1482 1751 1537 1771 non
1558 1748 1638 1771 erant
1653 1752 1701 1771 ex-

904 1792 1019 1825 stitisse,
1033 1800 1096 1819 eum
1114 1799 1250 1826 nusquam
1272 1791 1301 1818 in
1323 1791 1424 1818 divinis
1449 1790 1540 1818 Libris
1563 1790 1589 1817 id
1605 1791 1638 1817 de
1655 1791 1702 1817 illo

906 1837 1046 1873 proditum
1058 1837 1247 1872 reperiamus;
1260 1843 1350 1870 neque
1366 1843 1399 1863 ex
1413 1835 1465 1862 alia
1481 1840 1581 1870 przcter
1593 1836 1701 1862 Patrem

906 1884 984 1920 prius
997 1884 1146 1911 exsistente
1163 1882 1314 1919 hypostasi,
1335 1882 1383 1910 sed
1395 1890 1428 1909 ex
1437 1883 1495 1909 solo
1507 1882 1562 1909 Deo
1573 1890 1637 1908 vere
1656 1890 1702 1916 ge-

906 1933 995 1960 nitum
1021 1940 1082 1960 esse
1101 1931 1248 1959 didicimus
1267 1940 1273 1957 ι
1289 1938 1374 1958 unum
1398 1930 1470 1957 enim
1490 1930 1641 1964 ingenitum
1670 1937 1702 1956 ac

906 1977 1034 2013 principii
1063 1983 1203 2013 expertem
1225 1985 1295 2009 esse,
1316 1976 1419 2003 Christi
1440 1976 1547 2003 scilicet
1572 1976 1700 2006 Patrem,

906 2022 1016 2050 divinus
1035 2030 1126 2050 sermo
1146 2021 1314 2056 pronuntiat.
1334 2020 1386 2048 Sed
1403 2027 1492 2054 neque
1507 2027 1554 2047 eos
1579 2019 1624 2054 qui
1642 2019 1702 2047 sine

907 2074 990 2094 sacra!
1014 2066 1163 2101 Scriptura:
1185 2066 1349 2094 auctoritate
1380 2070 1483 2093 temere
1502 2065 1616 2097 dicunt,
1651 2065 1702 2092 fuit

906 2113 1055 2148 aliquando
1085 2118 1193 2148 tempus
1225 2121 1287 2140 cum
1318 2120 1374 2139 non
1402 2116 1494 2145 esset,
1524 2105 1701 2147 praecogitare

906 2162 1016 2194 oportet
1034 2159 1126 2186 animo
1148 2158 1261 2193 aliquod
1285 2157 1417 2193 temporis
1441 2157 1561 2192 spatium
1593 2162 1703 2185 antece-

906 2205 985 2238 dens,
1008 2205 1055 2232 sed
1073 2204 1161 2232 solum
1177 2204 1263 2231 Deum
1284 2204 1330 2239 qui
1343 2204 1402 2231 sine
1419 2207 1542 2238 tempore
1563 2203 1640 2230 illum
1654 2212 1702 2239 ge-

905 2252 998 2278 nuerit
1024 2260 1030 2277 :
1050 2256 1173 2286 tempora
1200 2250 1273 2278 enim
1297 2254 1326 2277 ct
1349 2250 1447 2277 saecula
1466 2257 1516 2284 per
1532 2249 1609 2276 illum
1632 2249 1702 2276 facta

905 2303 979 2325 sunt.
995 2297 1090 2332 Neque
1114 2297 1179 2324 item
1195 2296 1409 2324 existimandum
1436 2300 1479 2323 est
1508 2295 1606 2323 Filium
1629 2295 1701 2322 Patri

905 2343 1102 2378 coingenitum,
1110 2347 1138 2370 et
1145 2342 1271 2378 principii
1278 2342 1359 2370 simul
1367 2350 1430 2370 cum
1437 2349 1470 2369 eo
1481 2345 1621 2376 expertem
1630 2348 1702 2368 esse.

905 2389 1012 2424 Quippe
1027 2389 1177 2424 coingeniti
1190 2391 1219 2416 et
1235 2388 1371 2424 principio
1392 2387 1475 2415 simul
1489 2387 1625 2419 carentis,
1651 2392 1703 2413 nec

662 2513 798 2543 VALESII
817 2511 1096 2542 ANNOTATIONES.

107 2565 209 2605 (ὅςὴ-Ἣ
219 2569 264 2605 ὅτι
290 2569 489 2603 οῠβουλήσει
511 2570 583 2597 οὐδὲ
607 2570 740 2604 θελήσει.
752 2570 856 2605 Dogma

77 2600 122 2628 hoc
133 2600 182 2630 fuit
195 2600 372 2631 Arianorum.
389 2600 462 2632 lni‘ra
483 2608 575 2632 tamen
592 2600 760 2633 sententiam
777 2600 855 2632 suam

78 2637 235 2667 commodius
243 2639 382 2674 explicant
395 2639 558 2674 Orientales,
574 2644 606 2668 ut
621 2640 729 2668 scilicet
755 2639 858 2668 intelli-

909 2573 990 2631 gatur
1001 2569 1083 2597 Pater
1098 2575 1155 2596 non
1177 2572 1299 2600 coactus,
1313 2574 1364 2595 nec
1388 2566 1490 2594 invitus
1508 2566 1635 2602 genuisse
1653 2565 1698 2593 Fl-

922 2612 989 2631 ium.

922 2612 989 2632 ium.

794 2717 986 2747 VARIORUM.

110 2778 122 2792 ι
134 2772 211 2806 Μήτε
225 2773 368 2808 Χριστὸν,
380 2774 456 2809 μήτε
474 2775 543 2802 Υὶόν
557 2774 632 2802 Θεοῦ
651 2772 728 2801 εῖναι
744 2775 848 2805 αὐτόν.

81 2806 264 2844 νοτιοηηείμιὶ
284 2806 450 2837 ειιιηάεὶηέι
471 2810 605 2838 Christum
632 2814 656 2836 et
683 2809 782 2836 Filium
802 2810 852 2838 Dei

83 2850 138 2870 esse.
162 2843 351 2886 Pcrstringunt
365 2845 422 2873 haec
440 2845 607 2877 Marcellum,
624 2845 670 2880 qui
687 2844 790 2873 Christi
813 2853 856 2873 re-

905 2783 989 2811 gnum
1001 2782 1015 2802 a
1031 2775 1175 2803 nativitate
1189 2775 1249 2811 ejus
1266 2775 1424 2810 incipiebat.
1433 2773 1502 2811 Vide
1518 2773 1588 2811 infra
1606 2773 1632 2811 i_n
1647 2773 1699 2802 hoc

908 2808 1007 2845 capite,
1031 2811 1131 2838 Valesii
1163 2808 1257 2838 animt.
1283 2811 1310 2837 in
1322 2808 1386 2845 haec
1406 2809 1498 2840 verba,
1524 2808 1582 2835 ἀλλ’
1605 2808 1698 2837 ἔκτοτε

911 2844 1028 2881 Χριστὸν
1043 2846 1124 2873 αὐτὸν
1133 2846 1284 2880 γεγονέναι.
1297 2845 1341 2872 W.
1357 2844 1466 2871 LOWTH.
