  <div class='ocr_page' id='page_1' title='image "/cluster/home/n/w/nwhite01/storage/ocr_20150623/67/njp.32101077772703/138.png"; bbox 0 0 1887 3067; ppageno 0'>
   <div class='ocr_carea' id='block_1_1' title="bbox 71 163 113 191">
    <p class='ocr_par' dir='ltr' id='par_1_1' title="bbox 71 163 113 191">
     <span class='ocr_line' id='line_1_1' title="bbox 71 163 113 191; baseline 0 0"><span class='ocrx_word' id='word_1_1' title='bbox 71 163 113 191; x_wconf 66' lang='grc' dir='ltr'><strong>’ὶᾶί</strong></span> 
     </span>
    </p>
   </div>
   <div class='ocr_carea' id='block_1_2' title="bbox 515 162 1161 193">
    <p class='ocr_par' dir='ltr' id='par_1_2' title="bbox 515 162 1161 193">
     <span class='ocr_line' id='line_1_2' title="bbox 515 162 1161 193; baseline 0.002 -3"><span class='ocrx_word' id='word_1_2' title='bbox 515 162 674 192; x_wconf 79' lang='lat' dir='ltr'><strong>HISTORIA</strong></span> <span class='ocrx_word' id='word_1_3' title='bbox 694 164 970 193; x_wconf 82' lang='lat' dir='ltr'><strong>ECCLESIASTICA.</strong></span> <span class='ocrx_word' id='word_1_4' title='bbox 991 180 1025 184; x_wconf 92' lang='lat'><strong><em>—</em></strong></span> <span class='ocrx_word' id='word_1_5' title='bbox 1044 163 1108 191; x_wconf 87' lang='lat' dir='ltr'><strong>LlB.</strong></span> <span class='ocrx_word' id='word_1_6' title='bbox 1129 165 1161 192; x_wconf 89' lang='lat' dir='ltr'><strong>ll.</strong></span> 
     </span>
    </p>
   </div>
   <div class='ocr_carea' id='block_1_3' title="bbox 1623 166 1681 193">
    <p class='ocr_par' dir='ltr' id='par_1_3' title="bbox 1623 166 1681 193">
     <span class='ocr_line' id='line_1_3' title="bbox 1623 166 1681 193; baseline -0.017 0"><span class='ocrx_word' id='word_1_7' title='bbox 1623 166 1681 193; x_wconf 59' lang='lat'><strong>23°}</strong></span> 
     </span>
    </p>
   </div>
   <div class='ocr_carea' id='block_1_4' title="bbox 68 218 846 259">
    <p class='ocr_par' dir='ltr' id='par_1_4' title="bbox 68 218 840 257">
     <span class='ocr_line' id='line_1_4' title="bbox 68 218 840 257; baseline 0.005 -11"><span class='ocrx_word' id='word_1_8' title='bbox 68 222 173 251; x_wconf 76' lang='grc' dir='ltr'>κτίσεως</span> <span class='ocrx_word' id='word_1_9' title='bbox 196 218 295 254; x_wconf 72' lang='grc' dir='ltr'>ὁμοίως</span> <span class='ocrx_word' id='word_1_10' title='bbox 320 220 409 252; x_wconf 81' lang='grc' dir='ltr'>αὐτοῖς</span> <span class='ocrx_word' id='word_1_11' title='bbox 427 221 569 257; x_wconf 80' lang='grc' dir='ltr'>μετασχὼν</span> <span class='ocrx_word' id='word_1_12' title='bbox 585 223 746 257; x_wconf 81' lang='grc' dir='ltr'>κοινωνίας;</span> <span class='ocrx_word' id='word_1_13' title='bbox 770 223 840 250; x_wconf 78' lang='grc' dir='ltr'><strong>’Λλλ“</strong></span> 
     </span>
    </p>
   </div>
   <div class='ocr_carea' id='block_1_5' title="bbox 919 218 1677 259">
    <p class='ocr_par' dir='ltr' id='par_1_5' title="bbox 919 221 1677 258">
     <span class='ocr_line' id='line_1_5' title="bbox 919 221 1677 258; baseline 0.001 -8"><span class='ocrx_word' id='word_1_14' title='bbox 919 232 960 252; x_wconf 80' lang='lat' dir='ltr'><strong>ias</strong></span> <span class='ocrx_word' id='word_1_15' title='bbox 982 228 1132 252; x_wconf 85' lang='lat' dir='ltr'><strong>creaturas.</strong></span> <span class='ocrx_word' id='word_1_16' title='bbox 1154 223 1297 256; x_wconf 80' lang='lat' dir='ltr'><strong>Quomodo</strong></span> <span class='ocrx_word' id='word_1_17' title='bbox 1318 222 1390 251; x_wconf 86' lang='lat' dir='ltr'><strong>enim</strong></span> <span class='ocrx_word' id='word_1_18' title='bbox 1410 221 1482 250; x_wconf 81' lang='lat' dir='ltr'><strong>ﬁlius</strong></span> <span class='ocrx_word' id='word_1_19' title='bbox 1497 222 1595 255; x_wconf 79' lang='lat' dir='ltr'><strong>fuerit,</strong></span> <span class='ocrx_word' id='word_1_20' title='bbox 1608 233 1677 258; x_wconf 81' lang='lat' dir='ltr'><strong>quo-</strong></span> 
     </span>
    </p>
   </div>
   <div class='ocr_carea' id='block_1_6' title="bbox 70 261 843 302">
    <p class='ocr_par' dir='ltr' id='par_1_6' title="bbox 70 261 843 302">
     <span class='ocr_line' id='line_1_6' title="bbox 70 261 843 302; baseline 0.006 -13"><span class='ocrx_word' id='word_1_21' title='bbox 70 267 112 299; x_wconf 71' lang='grc' dir='ltr'><strong>οὐχ</strong></span> <span class='ocrx_word' id='word_1_22' title='bbox 131 261 180 290; x_wconf 79' lang='grc' dir='ltr'>ὦδε</span> <span class='ocrx_word' id='word_1_23' title='bbox 202 264 266 299; x_wconf 76' lang='grc' dir='ltr'>περὶ</span> <span class='ocrx_word' id='word_1_24' title='bbox 288 264 372 290; x_wconf 80' lang='grc' dir='ltr'>αὑτοῦ</span> <span class='ocrx_word' id='word_1_25' title='bbox 387 265 422 291; x_wconf 76' lang='grc' dir='ltr'><strong>τὰ</strong></span> <span class='ocrx_word' id='word_1_26' title='bbox 441 265 500 291; x_wconf 74' lang='grc' dir='ltr'>θεῖα</span> <span class='ocrx_word' id='word_1_27' title='bbox 520 265 642 293; x_wconf 75' lang='grc' dir='ltr'>παιδεύει.</span> <span class='ocrx_word' id='word_1_28' title='bbox 669 267 756 302; x_wconf 78' lang='grc' dir='ltr'>λόγια.</span> <span class='ocrx_word' id='word_1_29' title='bbox 777 266 843 294; x_wconf 85' lang='grc' dir='ltr'>Εἶτα</span> 
     </span>
    </p>
   </div>
   <div class='ocr_carea' id='block_1_7' title="bbox 70 309 845 348">
    <p class='ocr_par' dir='ltr' id='par_1_7' title="bbox 70 309 845 348">
     <span class='ocr_line' id='line_1_7' title="bbox 70 309 845 348; baseline 0.003 -11"><span class='ocrx_word' id='word_1_30' title='bbox 70 310 121 345; x_wconf 83' lang='grc' dir='ltr'>μετ’</span> <span class='ocrx_word' id='word_1_31' title='bbox 135 309 211 343; x_wconf 82' lang='grc' dir='ltr'>ὀλίγα</span> <span class='ocrx_word' id='word_1_32' title='bbox 234 309 316 335; x_wconf 78' lang='grc' dir='ltr'>πάλιν</span> <span class='ocrx_word' id='word_1_33' title='bbox 342 309 479 346; x_wconf 66' lang='grc' dir='ltr'>ἐπιφέρει·</span> <span class='ocrx_word' id='word_1_34' title='bbox 499 311 528 338; x_wconf 93' lang='grc' dir='ltr'><strong>Ὀ</strong></span> <span class='ocrx_word' id='word_1_35' title='bbox 552 311 641 339; x_wconf 82' lang='grc' dir='ltr'>τοίνυν</span> <span class='ocrx_word' id='word_1_36' title='bbox 663 312 791 348; x_wconf 80' lang='grc' dir='ltr'>γεννητὸν</span> <span class='ocrx_word' id='word_1_37' title='bbox 814 312 845 345; x_wconf 80' lang='grc' dir='ltr'>ὲξ</span> 
     </span>
    </p>
   </div>
   <div class='ocr_carea' id='block_1_8' title="bbox 67 356 844 395">
    <p class='ocr_par' dir='ltr' id='par_1_8' title="bbox 67 356 844 395">
     <span class='ocr_line' id='line_1_8' title="bbox 67 356 844 395; baseline 0.004 -12"><span class='ocrx_word' id='word_1_38' title='bbox 67 357 112 383; x_wconf 87' lang='grc' dir='ltr'>οὐκ</span> <span class='ocrx_word' id='word_1_39' title='bbox 128 356 209 382; x_wconf 83' lang='grc' dir='ltr'>ὄντων</span> <span class='ocrx_word' id='word_1_40' title='bbox 225 356 273 382; x_wconf 79' lang='grc' dir='ltr'>καὶ</span> <span class='ocrx_word' id='word_1_41' title='bbox 288 356 391 391; x_wconf 79' lang='grc' dir='ltr'><strong>κτίσμα</strong></span> <span class='ocrx_word' id='word_1_42' title='bbox 405 358 612 393; x_wconf 84' lang='grc' dir='ltr'>προηγούμενον</span> <span class='ocrx_word' id='word_1_43' title='bbox 634 359 666 385; x_wconf 77' lang='grc' dir='ltr'>ὲκ</span> <span class='ocrx_word' id='word_1_44' title='bbox 682 358 729 385; x_wconf 86' lang='grc' dir='ltr'>τοῦ</span> <span class='ocrx_word' id='word_1_45' title='bbox 746 359 783 395; x_wconf 87' lang='grc' dir='ltr'>μὴ</span> <span class='ocrx_word' id='word_1_46' title='bbox 801 359 844 386; x_wconf 75' lang='grc' dir='ltr'>εν-</span> 
     </span>
    </p>
   </div>
   <div class='ocr_carea' id='block_1_9' title="bbox 68 401 844 439">
    <p class='ocr_par' dir='ltr' id='par_1_9' title="bbox 68 401 844 439">
     <span class='ocr_line' id='line_1_9' title="bbox 68 401 844 439; baseline 0.004 -12"><span class='ocrx_word' id='word_1_47' title='bbox 68 411 108 433; x_wconf 78' lang='grc' dir='ltr'><strong>τος</strong></span> <span class='ocrx_word' id='word_1_48' title='bbox 128 401 182 436; x_wconf 76' lang='grc'><strong>(51)</strong></span> <span class='ocrx_word' id='word_1_49' title='bbox 201 401 248 428; x_wconf 81' lang='grc' dir='ltr'>τὸν</span> <span class='ocrx_word' id='word_1_50' title='bbox 271 402 334 428; x_wconf 81' lang='grc' dir='ltr'>Υίὸν</span> <span class='ocrx_word' id='word_1_51' title='bbox 351 402 516 438; x_wconf 75' lang='grc' dir='ltr'><strong>ὁριζόμενος,</strong></span> <span class='ocrx_word' id='word_1_52' title='bbox 535 403 631 439; x_wconf 82' lang='grc' dir='ltr'>λέληθε</span> <span class='ocrx_word' id='word_1_53' title='bbox 650 403 769 439; x_wconf 81' lang='grc' dir='ltr'>τοῦνομα</span> <span class='ocrx_word' id='word_1_54' title='bbox 796 404 844 439; x_wconf 84' lang='grc' dir='ltr'>μὲν</span> 
     </span>
    </p>
   </div>
   <div class='ocr_carea' id='block_1_10' title="bbox 68 447 844 484">
    <p class='ocr_par' dir='ltr' id='par_1_10' title="bbox 68 447 844 484">
     <span class='ocr_line' id='line_1_10' title="bbox 68 447 844 484; baseline 0.003 -11"><span class='ocrx_word' id='word_1_55' title='bbox 68 447 133 481; x_wconf 71' lang='grc' dir='ltr'><strong>αὑτῷ</strong></span> <span class='ocrx_word' id='word_1_56' title='bbox 153 447 232 482; x_wconf 90' lang='grc' dir='ltr'>μόνον</span> <span class='ocrx_word' id='word_1_57' title='bbox 251 447 441 482; x_wconf 80' lang='grc' dir='ltr'><strong>χαριζόμενος,</strong></span> <span class='ocrx_word' id='word_1_58' title='bbox 460 448 492 474; x_wconf 73' lang='grc' dir='ltr'>τὸ</span> <span class='ocrx_word' id='word_1_59' title='bbox 504 448 533 475; x_wconf 83' lang='grc' dir='ltr'>δὲ</span> <span class='ocrx_word' id='word_1_60' title='bbox 556 448 673 484; x_wconf 79' lang='grc' dir='ltr'>ἀληθῶς,</span> <span class='ocrx_word' id='word_1_61' title='bbox 691 449 756 481; x_wconf 72' lang='lat' dir='ltr'><strong>Tib;</strong></span> <span class='ocrx_word' id='word_1_62' title='bbox 774 447 844 476; x_wconf 84' lang='grc' dir='ltr'>εἶναι</span> 
     </span>
    </p>
   </div>
   <div class='ocr_carea' id='block_1_11' title="bbox 67 491 845 527">
    <p class='ocr_par' dir='ltr' id='par_1_11' title="bbox 67 491 845 527">
     <span class='ocr_line' id='line_1_11' title="bbox 67 491 845 527; baseline 0.003 -10"><span class='ocrx_word' id='word_1_63' title='bbox 67 491 231 526; x_wconf 80' lang='grc' dir='ltr'><strong>ἀρνούμενος.</strong></span> <span class='ocrx_word' id='word_1_64' title='bbox 254 492 284 517; x_wconf 92' lang='lat'><strong>&#39;0</strong></span> <span class='ocrx_word' id='word_1_65' title='bbox 296 491 350 527; x_wconf 83' lang='grc' dir='ltr'><strong>γὰρ</strong></span> <span class='ocrx_word' id='word_1_66' title='bbox 360 492 390 525; x_wconf 77' lang='grc' dir='ltr'>ἐξ</span> <span class='ocrx_word' id='word_1_67' title='bbox 406 492 455 518; x_wconf 83' lang='grc' dir='ltr'>οὐκ</span> <span class='ocrx_word' id='word_1_68' title='bbox 467 491 552 519; x_wconf 75' lang='grc' dir='ltr'>ὄντων</span> <span class='ocrx_word' id='word_1_69' title='bbox 565 492 695 526; x_wconf 81' lang='grc' dir='ltr'>γεγονὼς,</span> <span class='ocrx_word' id='word_1_70' title='bbox 713 493 762 519; x_wconf 73' lang='grc' dir='ltr'>οὐκ</span> <span class='ocrx_word' id='word_1_71' title='bbox 779 493 845 527; x_wconf 81' lang='grc' dir='ltr'><strong>ἀλη-</strong></span> 
     </span>
    </p>
   </div>
   <div class='ocr_carea' id='block_1_12' title="bbox 67 536 844 573">
    <p class='ocr_par' dir='ltr' id='par_1_12' title="bbox 67 536 844 573">
     <span class='ocr_line' id='line_1_12' title="bbox 67 536 844 573; baseline 0.003 -11"><span class='ocrx_word' id='word_1_72' title='bbox 67 537 115 568; x_wconf 81' lang='grc' dir='ltr'>θῶς</span> <span class='ocrx_word' id='word_1_73' title='bbox 131 536 228 570; x_wconf 79' lang='grc' dir='ltr'>γένοιτ’</span> <span class='ocrx_word' id='word_1_74' title='bbox 244 536 279 563; x_wconf 85' lang='grc' dir='ltr'><strong>ἂν</strong></span> <span class='ocrx_word' id='word_1_75' title='bbox 295 537 359 568; x_wconf 80' lang='grc' dir='ltr'>Υίὺς</span> <span class='ocrx_word' id='word_1_76' title='bbox 374 537 419 563; x_wconf 73' lang='grc' dir='ltr'><strong>τοῦ</strong></span> <span class='ocrx_word' id='word_1_77' title='bbox 435 537 514 570; x_wconf 84' lang='grc' dir='ltr'><strong>Θεοῦ,</strong></span> <span class='ocrx_word' id='word_1_78' title='bbox 531 538 571 564; x_wconf 81' lang='grc' dir='ltr'>ὅτι</span> <span class='ocrx_word' id='word_1_79' title='bbox 586 538 654 573; x_wconf 83' lang='grc' dir='ltr'>μηδὲ</span> <span class='ocrx_word' id='word_1_80' title='bbox 671 538 737 565; x_wconf 75' lang='grc' dir='ltr'><strong>ἄλλο</strong></span> <span class='ocrx_word' id='word_1_81' title='bbox 751 546 777 564; x_wconf 85' lang='grc' dir='ltr'><strong>τι</strong></span> <span class='ocrx_word' id='word_1_82' title='bbox 790 538 844 565; x_wconf 82' lang='grc' dir='ltr'><strong>τῶν</strong></span> 
     </span>
    </p>
   </div>
   <div class='ocr_carea' id='block_1_13' title="bbox 65 582 843 617">
    <p class='ocr_par' dir='ltr' id='par_1_13' title="bbox 65 582 843 617">
     <span class='ocr_line' id='line_1_13' title="bbox 65 582 843 617; baseline 0.003 -10"><span class='ocrx_word' id='word_1_83' title='bbox 65 582 203 617; x_wconf 76' lang='grc' dir='ltr'>γεννητῶν.</span> <span class='ocrx_word' id='word_1_84' title='bbox 227 582 298 608; x_wconf 79' lang='grc' dir='ltr'><strong>Ἀλλ’</strong></span> <span class='ocrx_word' id='word_1_85' title='bbox 316 582 424 617; x_wconf 84' lang='grc' dir='ltr'><strong>ἀληθῶς</strong></span> <span class='ocrx_word' id='word_1_86' title='bbox 441 582 504 614; x_wconf 76' lang='grc' dir='ltr'><strong>Υἱὸς</strong></span> <span class='ocrx_word' id='word_1_87' title='bbox 517 582 564 609; x_wconf 85' lang='grc' dir='ltr'>τοῦ</span> <span class='ocrx_word' id='word_1_88' title='bbox 586 583 655 609; x_wconf 80' lang='grc' dir='ltr'>Θεοῦ</span> <span class='ocrx_word' id='word_1_89' title='bbox 669 583 685 609; x_wconf 81' lang='grc' dir='ltr'>ὁ</span> <span class='ocrx_word' id='word_1_90' title='bbox 699 583 729 616; x_wconf 78' lang='grc' dir='ltr'>ἐξ</span> <span class='ocrx_word' id='word_1_91' title='bbox 750 583 843 612; x_wconf 79' lang='grc' dir='ltr'>αὑτοῦ.</span> 
     </span>
    </p>
   </div>
   <div class='ocr_carea' id='block_1_14' title="bbox 66 627 844 663">
    <p class='ocr_par' dir='ltr' id='par_1_14' title="bbox 66 627 844 663">
     <span class='ocr_line' id='line_1_14' title="bbox 66 627 844 663; baseline 0.003 -11"><span class='ocrx_word' id='word_1_92' title='bbox 66 627 100 658; x_wconf 81' lang='grc' dir='ltr'>ὡς</span> <span class='ocrx_word' id='word_1_93' title='bbox 113 627 157 653; x_wconf 75' lang='grc' dir='ltr'>ἅτε</span> <span class='ocrx_word' id='word_1_94' title='bbox 172 627 203 652; x_wconf 83' lang='grc' dir='ltr'>ὲκ</span> <span class='ocrx_word' id='word_1_95' title='bbox 218 627 328 663; x_wconf 78' lang='grc' dir='ltr'>Πατρὸς</span> <span class='ocrx_word' id='word_1_96' title='bbox 341 628 512 662; x_wconf 71' lang='grc' dir='ltr'>ἁποτεχθεὶς,</span> <span class='ocrx_word' id='word_1_97' title='bbox 527 628 639 659; x_wconf 72' lang='grc' dir='ltr'>εἰκότως</span> <span class='ocrx_word' id='word_1_98' title='bbox 653 628 687 655; x_wconf 81' lang='grc' dir='ltr'><strong>ἂν</strong></span> <span class='ocrx_word' id='word_1_99' title='bbox 699 628 745 655; x_wconf 81' lang='grc' dir='ltr'><strong>καὶ</strong></span> <span class='ocrx_word' id='word_1_100' title='bbox 767 636 844 662; x_wconf 85' lang='grc' dir='ltr'>μονο-</span> 
     </span>
    </p>
   </div>
   <div class='ocr_carea' id='block_1_15' title="bbox 66 671 844 708">
    <p class='ocr_par' dir='ltr' id='par_1_15' title="bbox 66 671 844 708">
     <span class='ocr_line' id='line_1_15' title="bbox 66 671 844 708; baseline 0.001 -11"><span class='ocrx_word' id='word_1_101' title='bbox 66 671 140 706; x_wconf 86' lang='grc' dir='ltr'>γενὴς</span> <span class='ocrx_word' id='word_1_102' title='bbox 159 672 204 697; x_wconf 79' lang='grc' dir='ltr'>καὶ</span> <span class='ocrx_word' id='word_1_103' title='bbox 224 672 371 707; x_wconf 75' lang='grc' dir='ltr'>ἀγαπητός</span> <span class='ocrx_word' id='word_1_104' title='bbox 385 673 566 707; x_wconf 82' lang='grc' dir='ltr'>χρηματίσειε</span> <span class='ocrx_word' id='word_1_105' title='bbox 579 673 626 699; x_wconf 79' lang='grc' dir='ltr'><strong>τοῦ</strong></span> <span class='ocrx_word' id='word_1_106' title='bbox 639 673 754 708; x_wconf 85' lang='grc' dir='ltr'>Πατρός.</span> <span class='ocrx_word' id='word_1_107' title='bbox 766 671 844 699; x_wconf 80' lang='grc' dir='ltr'><strong>Οὕτω</strong></span> 
     </span>
    </p>
   </div>
   <div class='ocr_carea' id='block_1_16' title="bbox 64 716 842 754">
    <p class='ocr_par' dir='ltr' id='par_1_16' title="bbox 64 716 842 754">
     <span class='ocr_line' id='line_1_16' title="bbox 64 716 842 754; baseline 0.003 -12"><span class='ocrx_word' id='word_1_108' title='bbox 64 716 100 748; x_wconf 75' lang='grc' dir='ltr'>δὲ,</span> <span class='ocrx_word' id='word_1_109' title='bbox 115 718 159 743; x_wconf 81' lang='grc' dir='ltr'>καὶ</span> <span class='ocrx_word' id='word_1_110' title='bbox 171 717 237 749; x_wconf 84' lang='grc' dir='ltr'><strong>Θεὸς</strong></span> <span class='ocrx_word' id='word_1_111' title='bbox 249 717 285 744; x_wconf 81' lang='grc' dir='ltr'>ἂν</span> <span class='ocrx_word' id='word_1_112' title='bbox 298 718 351 754; x_wconf 75' lang='grc' dir='ltr'>εἴη.</span> <span class='ocrx_word' id='word_1_113' title='bbox 364 718 396 744; x_wconf 90' lang='grc' dir='ltr'>Τί</span> <span class='ocrx_word' id='word_1_114' title='bbox 414 718 469 753; x_wconf 87' lang='grc' dir='ltr'>γὰρ</span> <span class='ocrx_word' id='word_1_115' title='bbox 480 718 514 745; x_wconf 83' lang='grc' dir='ltr'><strong>ἂν</strong></span> <span class='ocrx_word' id='word_1_116' title='bbox 530 719 577 745; x_wconf 79' lang='grc' dir='ltr'>καὶ</span> <span class='ocrx_word' id='word_1_117' title='bbox 593 719 660 746; x_wconf 87' lang='grc' dir='ltr'><strong>Θεοῦ</strong></span> <span class='ocrx_word' id='word_1_118' title='bbox 675 718 808 753; x_wconf 84' lang='grc' dir='ltr'><strong>γέννημα,</strong></span> <span class='ocrx_word' id='word_1_119' title='bbox 825 717 842 752; x_wconf 80' lang='grc' dir='ltr'>ἦ</span> 
     </span>
    </p>
   </div>
   <div class='ocr_carea' id='block_1_17' title="bbox 66 761 843 800">
    <p class='ocr_par' dir='ltr' id='par_1_17' title="bbox 66 761 843 800">
     <span class='ocr_line' id='line_1_17' title="bbox 66 761 843 800; baseline 0.001 -12"><span class='ocrx_word' id='word_1_120' title='bbox 66 763 92 789; x_wconf 82' lang='grc' dir='ltr'>τὸ</span> <span class='ocrx_word' id='word_1_121' title='bbox 104 762 140 797; x_wconf 82' lang='grc' dir='ltr'>τῷ</span> <span class='ocrx_word' id='word_1_122' title='bbox 158 763 334 799; x_wconf 80' lang='grc' dir='ltr'><strong>γεγεννηκότι</strong></span> <span class='ocrx_word' id='word_1_123' title='bbox 355 764 588 800; x_wconf 81' lang='grc' dir='ltr'>ἀφωμοιωμένον;</span> <span class='ocrx_word' id='word_1_124' title='bbox 606 764 701 796; x_wconf 81' lang='grc' dir='ltr'>Κτὶζει</span> <span class='ocrx_word' id='word_1_125' title='bbox 729 763 778 799; x_wconf 77' lang='grc' dir='ltr'><strong>μὲν</strong></span> <span class='ocrx_word' id='word_1_126' title='bbox 797 761 843 789; x_wconf 83' lang='grc' dir='ltr'>οὖν</span> 
     </span>
    </p>
   </div>
   <div class='ocr_carea' id='block_1_18' title="bbox 68 808 841 845">
    <p class='ocr_par' dir='ltr' id='par_1_18' title="bbox 68 808 841 845">
     <span class='ocr_line' id='line_1_18' title="bbox 68 808 841 845; baseline -0.001 -10"><span class='ocrx_word' id='word_1_127' title='bbox 68 809 182 844; x_wconf 74' lang='grc' dir='ltr'>βασιλεὺς</span> <span class='ocrx_word' id='word_1_128' title='bbox 197 809 287 841; x_wconf 80' lang='grc' dir='ltr'>πόλιν,</span> <span class='ocrx_word' id='word_1_129' title='bbox 299 809 357 836; x_wconf 82' lang='grc' dir='ltr'><strong>ἁλλ’</strong></span> <span class='ocrx_word' id='word_1_130' title='bbox 373 809 402 836; x_wconf 84' lang='grc' dir='ltr'>οὐ</span> <span class='ocrx_word' id='word_1_131' title='bbox 417 811 500 845; x_wconf 81' lang='grc' dir='ltr'>γεννᾷ</span> <span class='ocrx_word' id='word_1_132' title='bbox 513 809 607 836; x_wconf 83' lang='grc' dir='ltr'>πόλιν·</span> <span class='ocrx_word' id='word_1_133' title='bbox 622 810 720 845; x_wconf 79' lang='grc' dir='ltr'>γεννᾷν</span> <span class='ocrx_word' id='word_1_134' title='bbox 735 809 763 836; x_wconf 82' lang='grc' dir='ltr'>δὲ</span> <span class='ocrx_word' id='word_1_135' title='bbox 774 808 841 841; x_wconf 77' lang='grc' dir='ltr'>υἱὸν,</span> 
     </span>
    </p>
   </div>
   <div class='ocr_carea' id='block_1_19' title="bbox 67 854 840 890">
    <p class='ocr_par' dir='ltr' id='par_1_19' title="bbox 67 854 840 890">
     <span class='ocr_line' id='line_1_19' title="bbox 67 854 840 890; baseline 0 -10"><span class='ocrx_word' id='word_1_136' title='bbox 67 854 117 881; x_wconf 77' lang='grc' dir='ltr'>ἀλλ’</span> <span class='ocrx_word' id='word_1_137' title='bbox 129 854 158 880; x_wconf 89' lang='grc' dir='ltr'>οὐ</span> <span class='ocrx_word' id='word_1_138' title='bbox 177 854 282 886; x_wconf 79' lang='grc' dir='ltr'><strong>κτίζειν</strong></span> <span class='ocrx_word' id='word_1_139' title='bbox 302 855 422 889; x_wconf 85' lang='grc' dir='ltr'>λέγεται.</span> <span class='ocrx_word' id='word_1_140' title='bbox 440 855 496 882; x_wconf 69' lang='grc' dir='ltr'><strong>Καὶ</strong></span> <span class='ocrx_word' id='word_1_141' title='bbox 520 855 644 890; x_wconf 78' lang='grc' dir='ltr'><strong>τεχνίτης</strong></span> <span class='ocrx_word' id='word_1_142' title='bbox 665 854 840 890; x_wconf 72' lang='grc' dir='ltr'>δημιουργὸς,</span> 
     </span>
    </p>
   </div>
   <div class='ocr_carea' id='block_1_20' title="bbox 895 266 1680 303">
    <p class='ocr_par' dir='ltr' id='par_1_20' title="bbox 895 266 1680 303">
     <span class='ocr_line' id='line_1_20' title="bbox 895 266 1680 303; baseline 0.001 -9"><span class='ocrx_word' id='word_1_143' title='bbox 895 268 976 295; x_wconf 91' lang='lat' dir='ltr'><strong>modo</strong></span> <span class='ocrx_word' id='word_1_144' title='bbox 993 268 1148 303; x_wconf 75' lang='lat' dir='ltr'><strong>unigenitus</strong></span> <span class='ocrx_word' id='word_1_145' title='bbox 1160 288 1167 301; x_wconf 90' lang='lat'><strong>,</strong></span> <span class='ocrx_word' id='word_1_146' title='bbox 1183 267 1205 294; x_wconf 98' lang='lat' dir='ltr'><strong>si</strong></span> <span class='ocrx_word' id='word_1_147' title='bbox 1219 266 1342 294; x_wconf 85' lang='lat' dir='ltr'><strong>eamdem</strong></span> <span class='ocrx_word' id='word_1_148' title='bbox 1356 274 1418 294; x_wconf 91' lang='lat' dir='ltr'><strong>cum</strong></span> <span class='ocrx_word' id='word_1_149' title='bbox 1433 266 1538 293; x_wconf 75' lang='lat' dir='ltr'><strong>caeteris</strong></span> <span class='ocrx_word' id='word_1_150' title='bbox 1548 267 1680 295; x_wconf 83' lang='lat' dir='ltr'><strong>creaturis</strong></span> 
     </span>
    </p>
   </div>
   <div class='ocr_carea' id='block_1_21' title="bbox 894 312 1679 345">
    <p class='ocr_par' dir='ltr' id='par_1_21' title="bbox 894 312 1679 345">
     <span class='ocr_line' id='line_1_21' title="bbox 894 312 1679 345; baseline -0.003 -7"><span class='ocrx_word' id='word_1_151' title='bbox 894 315 1021 338; x_wconf 74' lang='lat' dir='ltr'><strong>naturaet</strong></span> <span class='ocrx_word' id='word_1_152' title='bbox 1033 312 1146 339; x_wconf 88' lang='lat' dir='ltr'><strong>sortitus</strong></span> <span class='ocrx_word' id='word_1_153' title='bbox 1160 316 1212 343; x_wconf 85' lang='lat' dir='ltr'><strong>est,</strong></span> <span class='ocrx_word' id='word_1_154' title='bbox 1225 318 1350 345; x_wconf 84' lang='lat' dir='ltr'><strong>unusque</strong></span> <span class='ocrx_word' id='word_1_155' title='bbox 1364 314 1406 337; x_wconf 90' lang='lat' dir='ltr'><strong>est</strong></span> <span class='ocrx_word' id='word_1_156' title='bbox 1423 317 1438 337; x_wconf 87' lang='lat' dir='ltr'><strong>e</strong></span> <span class='ocrx_word' id='word_1_157' title='bbox 1455 317 1570 336; x_wconf 89' lang='lat' dir='ltr'><strong>numero</strong></span> <span class='ocrx_word' id='word_1_158' title='bbox 1587 317 1679 336; x_wconf 90' lang='lat' dir='ltr'><strong>rerum</strong></span> 
     </span>
    </p>
   </div>
   <div class='ocr_carea' id='block_1_22' title="bbox 895 352 1680 390">
    <p class='ocr_par' dir='ltr' id='par_1_22' title="bbox 895 352 1680 390">
     <span class='ocr_line' id='line_1_22' title="bbox 895 352 1680 390; baseline -0.003 -9"><span class='ocrx_word' id='word_1_159' title='bbox 895 359 1060 387; x_wconf 85' lang='lat' dir='ltr'><strong>creatarum,</strong></span> <span class='ocrx_word' id='word_1_160' title='bbox 1078 359 1172 390; x_wconf 91' lang='lat' dir='ltr'><strong>utpote</strong></span> <span class='ocrx_word' id='word_1_161' title='bbox 1193 355 1240 389; x_wconf 90' lang='lat' dir='ltr'><strong>qui</strong></span> <span class='ocrx_word' id='word_1_162' title='bbox 1262 363 1316 381; x_wconf 89' lang='lat' dir='ltr'><strong>una</strong></span> <span class='ocrx_word' id='word_1_163' title='bbox 1337 362 1399 381; x_wconf 90' lang='lat' dir='ltr'><strong>cum</strong></span> <span class='ocrx_word' id='word_1_164' title='bbox 1424 353 1478 380; x_wconf 84' lang='lat' dir='ltr'><strong>illis</strong></span> <span class='ocrx_word' id='word_1_165' title='bbox 1497 356 1575 380; x_wconf 89' lang='lat' dir='ltr'><strong>ortus</strong></span> <span class='ocrx_word' id='word_1_166' title='bbox 1595 352 1630 379; x_wconf 76' lang='lat' dir='ltr'><strong>sit</strong></span> <span class='ocrx_word' id='word_1_167' title='bbox 1646 361 1680 380; x_wconf 74' lang='lat' dir='ltr'><strong>ex</strong></span> 
     </span>
    </p>
   </div>
   <div class='ocr_carea' id='block_1_23' title="bbox 894 396 1678 431">
    <p class='ocr_par' dir='ltr' id='par_1_23' title="bbox 894 396 1678 431">
     <span class='ocr_line' id='line_1_23' title="bbox 894 396 1678 431; baseline -0.003 -6"><span class='ocrx_word' id='word_1_168' title='bbox 894 398 1002 425; x_wconf 81' lang='lat' dir='ltr'><strong>nihilo?</strong></span> <span class='ocrx_word' id='word_1_169' title='bbox 1015 399 1115 426; x_wconf 81' lang='lat' dir='ltr'><strong>Verum</strong></span> <span class='ocrx_word' id='word_1_170' title='bbox 1130 399 1222 426; x_wconf 86' lang='lat' dir='ltr'><strong>divina</strong></span> <span class='ocrx_word' id='word_1_171' title='bbox 1241 398 1351 425; x_wconf 87' lang='lat' dir='ltr'><strong>oracula</strong></span> <span class='ocrx_word' id='word_1_172' title='bbox 1368 405 1424 424; x_wconf 91' lang='lat' dir='ltr'><strong>non</strong></span> <span class='ocrx_word' id='word_1_173' title='bbox 1438 397 1474 424; x_wconf 89' lang='lat' dir='ltr'><strong>ita</strong></span> <span class='ocrx_word' id='word_1_174' title='bbox 1493 397 1527 424; x_wconf 93' lang='lat' dir='ltr'><strong>de</strong></span> <span class='ocrx_word' id='word_1_175' title='bbox 1543 396 1589 424; x_wconf 90' lang='lat' dir='ltr'><strong>illo</strong></span> <span class='ocrx_word' id='word_1_176' title='bbox 1609 404 1678 431; x_wconf 76' lang='lat' dir='ltr'><strong>pra:-</strong></span> 
     </span>
    </p>
   </div>
   <div class='ocr_carea' id='block_1_24' title="bbox 895 440 1679 476">
    <p class='ocr_par' dir='ltr' id='par_1_24' title="bbox 895 440 1679 476">
     <span class='ocr_line' id='line_1_24' title="bbox 895 440 1679 476; baseline -0.004 -7"><span class='ocrx_word' id='word_1_177' title='bbox 895 442 996 469; x_wconf 89' lang='lat' dir='ltr'><strong>dicant.</strong></span> <span class='ocrx_word' id='word_1_178' title='bbox 1010 442 1113 469; x_wconf 85' lang='lat' dir='ltr'><strong>Deinde</strong></span> <span class='ocrx_word' id='word_1_179' title='bbox 1121 442 1215 476; x_wconf 84' lang='lat' dir='ltr'><strong>paucis</strong></span> <span class='ocrx_word' id='word_1_180' title='bbox 1230 441 1379 476; x_wconf 83' lang='lat' dir='ltr'><strong>interjectis</strong></span> <span class='ocrx_word' id='word_1_181' title='bbox 1388 441 1445 468; x_wconf 65' lang='lat' dir='ltr'><strong>haec</strong></span> <span class='ocrx_word' id='word_1_182' title='bbox 1457 441 1583 476; x_wconf 85' lang='lat' dir='ltr'><strong>subjicit:</strong></span> <span class='ocrx_word' id='word_1_183' title='bbox 1598 440 1679 473; x_wconf 86' lang='lat' dir='ltr'><strong>Quis-</strong></span> 
     </span>
    </p>
   </div>
   <div class='ocr_carea' id='block_1_25' title="bbox 894 486 1679 522">
    <p class='ocr_par' dir='ltr' id='par_1_25' title="bbox 894 486 1679 522">
     <span class='ocr_line' id='line_1_25' title="bbox 894 486 1679 522; baseline -0.004 -8"><span class='ocrx_word' id='word_1_184' title='bbox 894 487 957 522; x_wconf 86' lang='lat' dir='ltr'><strong>quis</strong></span> <span class='ocrx_word' id='word_1_185' title='bbox 980 487 1063 522; x_wconf 80' lang='lat' dir='ltr'><strong>igitur</strong></span> <span class='ocrx_word' id='word_1_186' title='bbox 1077 487 1174 514; x_wconf 83' lang='lat' dir='ltr'><strong>Filium</strong></span> <span class='ocrx_word' id='word_1_187' title='bbox 1191 486 1238 513; x_wconf 88' lang='lat' dir='ltr'><strong>Dei</strong></span> <span class='ocrx_word' id='word_1_188' title='bbox 1252 494 1285 513; x_wconf 78' lang='lat' dir='ltr'><strong>ex</strong></span> <span class='ocrx_word' id='word_1_189' title='bbox 1301 486 1387 513; x_wconf 83' lang='lat' dir='ltr'><strong>nihilo</strong></span> <span class='ocrx_word' id='word_1_190' title='bbox 1404 486 1516 518; x_wconf 81' lang='lat' dir='ltr'><strong>factum,</strong></span> <span class='ocrx_word' id='word_1_191' title='bbox 1531 489 1559 512; x_wconf 89' lang='lat' dir='ltr'><strong>et</strong></span> <span class='ocrx_word' id='word_1_192' title='bbox 1571 489 1679 512; x_wconf 86' lang='lat' dir='ltr'><strong>creatu—</strong></span> 
     </span>
    </p>
   </div>
   <div class='ocr_carea' id='block_1_26' title="bbox 895 530 1680 566">
    <p class='ocr_par' dir='ltr' id='par_1_26' title="bbox 895 530 1680 566">
     <span class='ocr_line' id='line_1_26' title="bbox 895 530 1680 566; baseline -0.003 -7"><span class='ocrx_word' id='word_1_193' title='bbox 895 540 952 559; x_wconf 91' lang='lat' dir='ltr'><strong>ram</strong></span> <span class='ocrx_word' id='word_1_194' title='bbox 967 540 982 559; x_wconf 90' lang='lat' dir='ltr'><strong>e</strong></span> <span class='ocrx_word' id='word_1_195' title='bbox 1001 540 1056 559; x_wconf 88' lang='lat' dir='ltr'><strong>non</strong></span> <span class='ocrx_word' id='word_1_196' title='bbox 1075 535 1199 559; x_wconf 79' lang='lat' dir='ltr'><strong>exstante</strong></span> <span class='ocrx_word' id='word_1_197' title='bbox 1211 532 1371 566; x_wconf 88' lang='lat' dir='ltr'><strong>productam</strong></span> <span class='ocrx_word' id='word_1_198' title='bbox 1388 539 1448 558; x_wconf 85' lang='lat' dir='ltr'><strong>esse</strong></span> <span class='ocrx_word' id='word_1_199' title='bbox 1465 531 1573 561; x_wconf 78' lang='lat' dir='ltr'><strong>asserit.</strong></span> <span class='ocrx_word' id='word_1_200' title='bbox 1586 530 1609 557; x_wconf 92' lang='lat' dir='ltr'><strong>is</strong></span> <span class='ocrx_word' id='word_1_201' title='bbox 1625 537 1680 557; x_wconf 90' lang='lat' dir='ltr'><strong>non</strong></span> 
     </span>
    </p>
   </div>
   <div class='ocr_carea' id='block_1_27' title="bbox 894 575 1678 612">
    <p class='ocr_par' dir='ltr' id='par_1_27' title="bbox 894 575 1678 612">
     <span class='ocr_line' id='line_1_27' title="bbox 894 575 1678 612; baseline -0.004 -7"><span class='ocrx_word' id='word_1_202' title='bbox 894 577 1098 610; x_wconf 89' lang='lat' dir='ltr'><strong>animadvertit,</strong></span> <span class='ocrx_word' id='word_1_203' title='bbox 1110 585 1139 605; x_wconf 86' lang='lat' dir='ltr'><strong>se</strong></span> <span class='ocrx_word' id='word_1_204' title='bbox 1160 577 1264 604; x_wconf 88' lang='lat' dir='ltr'><strong>nudum</strong></span> <span class='ocrx_word' id='word_1_205' title='bbox 1276 577 1386 612; x_wconf 84' lang='lat' dir='ltr'><strong>quidem</strong></span> <span class='ocrx_word' id='word_1_206' title='bbox 1401 584 1500 604; x_wconf 90' lang='lat' dir='ltr'><strong>nomen</strong></span> <span class='ocrx_word' id='word_1_207' title='bbox 1513 575 1560 603; x_wconf 83' lang='lat' dir='ltr'><strong>ﬁlii</strong></span> <span class='ocrx_word' id='word_1_208' title='bbox 1572 575 1597 603; x_wconf 87' lang='lat' dir='ltr'><strong>ei</strong></span> <span class='ocrx_word' id='word_1_209' title='bbox 1612 582 1678 602; x_wconf 87' lang='lat' dir='ltr'><strong>con-</strong></span> 
     </span>
    </p>
   </div>
   <div class='ocr_carea' id='block_1_28' title="bbox 894 620 1680 657">
    <p class='ocr_par' dir='ltr' id='par_1_28' title="bbox 894 620 1680 657">
     <span class='ocr_line' id='line_1_28' title="bbox 894 620 1680 657; baseline -0.004 -7"><span class='ocrx_word' id='word_1_210' title='bbox 894 623 1003 655; x_wconf 91' lang='lat' dir='ltr'><strong>cedere,</strong></span> <span class='ocrx_word' id='word_1_211' title='bbox 1024 623 1121 650; x_wconf 75' lang='lat' dir='ltr'><strong>revera</strong></span> <span class='ocrx_word' id='word_1_212' title='bbox 1144 626 1235 649; x_wconf 87' lang='lat' dir='ltr'><strong>tamen</strong></span> <span class='ocrx_word' id='word_1_213' title='bbox 1255 629 1319 649; x_wconf 88' lang='lat' dir='ltr'><strong>eum</strong></span> <span class='ocrx_word' id='word_1_214' title='bbox 1342 621 1427 648; x_wconf 81' lang='lat' dir='ltr'><strong>tilium</strong></span> <span class='ocrx_word' id='word_1_215' title='bbox 1449 628 1608 656; x_wconf 77' lang='lat' dir='ltr'><strong>pernegare.</strong></span> <span class='ocrx_word' id='word_1_216' title='bbox 1628 620 1680 657; x_wconf 74' lang='lat' dir='ltr'><strong>Qui</strong></span> 
     </span>
    </p>
   </div>
   <div class='ocr_carea' id='block_1_29' title="bbox 893 663 1681 697">
    <p class='ocr_par' dir='ltr' id='par_1_29' title="bbox 893 663 1681 697">
     <span class='ocr_line' id='line_1_29' title="bbox 893 663 1681 697; baseline -0.006 -2"><span class='ocrx_word' id='word_1_217' title='bbox 893 668 968 695; x_wconf 85' lang='lat' dir='ltr'><strong>enim</strong></span> <span class='ocrx_word' id='word_1_218' title='bbox 989 675 1021 694; x_wconf 77' lang='lat' dir='ltr'><strong>ex</strong></span> <span class='ocrx_word' id='word_1_219' title='bbox 1039 667 1126 694; x_wconf 88' lang='lat' dir='ltr'><strong>nihilo</strong></span> <span class='ocrx_word' id='word_1_220' title='bbox 1145 666 1233 694; x_wconf 80' lang='lat' dir='ltr'><strong>factus</strong></span> <span class='ocrx_word' id='word_1_221' title='bbox 1248 669 1301 697; x_wconf 77' lang='lat' dir='ltr'><strong>est.</strong></span> <span class='ocrx_word' id='word_1_222' title='bbox 1313 672 1377 692; x_wconf 89' lang='lat' dir='ltr'><strong>vere</strong></span> <span class='ocrx_word' id='word_1_223' title='bbox 1393 664 1478 692; x_wconf 86' lang='lat' dir='ltr'><strong>Filius</strong></span> <span class='ocrx_word' id='word_1_224' title='bbox 1492 663 1539 691; x_wconf 87' lang='lat' dir='ltr'><strong>Dei</strong></span> <span class='ocrx_word' id='word_1_225' title='bbox 1553 671 1613 691; x_wconf 86' lang='lat' dir='ltr'><strong>esse</strong></span> <span class='ocrx_word' id='word_1_226' title='bbox 1626 670 1681 690; x_wconf 91' lang='lat' dir='ltr'><strong>non</strong></span> 
     </span>
    </p>
   </div>
   <div class='ocr_carea' id='block_1_30' title="bbox 893 708 1681 748">
    <p class='ocr_par' dir='ltr' id='par_1_30' title="bbox 893 708 1681 748">
     <span class='ocr_line' id='line_1_30' title="bbox 893 708 1681 748; baseline -0.008 -8"><span class='ocrx_word' id='word_1_227' title='bbox 893 716 994 748; x_wconf 79' lang='lat' dir='ltr'><strong>potest,</strong></span> <span class='ocrx_word' id='word_1_228' title='bbox 1015 712 1087 740; x_wconf 82' lang='lat' dir='ltr'><strong>sicut</strong></span> <span class='ocrx_word' id='word_1_229' title='bbox 1113 719 1165 739; x_wconf 91' lang='lat' dir='ltr'><strong>nec</strong></span> <span class='ocrx_word' id='word_1_230' title='bbox 1185 710 1294 746; x_wconf 84' lang='lat' dir='ltr'><strong>quidvis</strong></span> <span class='ocrx_word' id='word_1_231' title='bbox 1320 709 1394 736; x_wconf 83' lang='lat' dir='ltr'><strong>aliud</strong></span> <span class='ocrx_word' id='word_1_232' title='bbox 1417 709 1490 744; x_wconf 88' lang='lat' dir='ltr'><strong>quod</strong></span> <span class='ocrx_word' id='word_1_233' title='bbox 1513 709 1614 736; x_wconf 78' lang='lat' dir='ltr'><strong>factum</strong></span> <span class='ocrx_word' id='word_1_234' title='bbox 1635 708 1681 735; x_wconf 76' lang='lat' dir='ltr'><strong>sit;</strong></span> 
     </span>
    </p>
   </div>
   <div class='ocr_carea' id='block_1_31' title="bbox 893 754 1681 790">
    <p class='ocr_par' dir='ltr' id='par_1_31' title="bbox 893 754 1681 790">
     <span class='ocr_line' id='line_1_31' title="bbox 893 754 1681 790; baseline -0.009 -4"><span class='ocrx_word' id='word_1_235' title='bbox 893 759 981 786; x_wconf 86' lang='lat' dir='ltr'><strong>Verus</strong></span> <span class='ocrx_word' id='word_1_236' title='bbox 997 762 1088 786; x_wconf 91' lang='lat' dir='ltr'><strong>autem</strong></span> <span class='ocrx_word' id='word_1_237' title='bbox 1103 758 1189 785; x_wconf 88' lang='lat' dir='ltr'><strong>Filius</strong></span> <span class='ocrx_word' id='word_1_238' title='bbox 1203 756 1261 789; x_wconf 89' lang='lat' dir='ltr'><strong>Dei,</strong></span> <span class='ocrx_word' id='word_1_239' title='bbox 1275 759 1369 790; x_wconf 87' lang='lat' dir='ltr'><strong>utpote</strong></span> <span class='ocrx_word' id='word_1_240' title='bbox 1384 754 1431 789; x_wconf 89' lang='lat' dir='ltr'><strong>qui</strong></span> <span class='ocrx_word' id='word_1_241' title='bbox 1443 762 1477 781; x_wconf 79' lang='lat' dir='ltr'><strong>ex</strong></span> <span class='ocrx_word' id='word_1_242' title='bbox 1493 754 1540 781; x_wconf 88' lang='lat' dir='ltr'><strong>illo</strong></span> <span class='ocrx_word' id='word_1_243' title='bbox 1552 757 1681 788; x_wconf 81' lang='lat' dir='ltr'><strong>tanquam</strong></span> 
     </span>
    </p>
   </div>
   <div class='ocr_carea' id='block_1_32' title="bbox 893 799 1680 838">
    <p class='ocr_par' dir='ltr' id='par_1_32' title="bbox 893 799 1680 838">
     <span class='ocr_line' id='line_1_32' title="bbox 893 799 1680 838; baseline -0.008 -6"><span class='ocrx_word' id='word_1_244' title='bbox 893 812 927 832; x_wconf 78' lang='lat' dir='ltr'><strong>ex</strong></span> <span class='ocrx_word' id='word_1_245' title='bbox 940 805 1019 832; x_wconf 82' lang='lat' dir='ltr'><strong>Patre</strong></span> <span class='ocrx_word' id='word_1_246' title='bbox 1045 803 1154 838; x_wconf 80' lang='lat' dir='ltr'><strong>genitus</strong></span> <span class='ocrx_word' id='word_1_247' title='bbox 1173 806 1225 834; x_wconf 90' lang='lat' dir='ltr'><strong>est,</strong></span> <span class='ocrx_word' id='word_1_248' title='bbox 1243 801 1401 836; x_wconf 78' lang='lat' dir='ltr'><strong>unigenitus</strong></span> <span class='ocrx_word' id='word_1_249' title='bbox 1418 803 1446 827; x_wconf 81' lang='lat' dir='ltr'><strong>et</strong></span> <span class='ocrx_word' id='word_1_250' title='bbox 1463 800 1579 827; x_wconf 78' lang='lat' dir='ltr'><strong>dilectus</strong></span> <span class='ocrx_word' id='word_1_251' title='bbox 1590 799 1680 826; x_wconf 83' lang='lat' dir='ltr'><strong>Patris</strong></span> 
     </span>
    </p>
   </div>
   <div class='ocr_carea' id='block_1_33' title="bbox 894 843 1678 878">
    <p class='ocr_par' dir='ltr' id='par_1_33' title="bbox 894 843 1678 878">
     <span class='ocr_line' id='line_1_33' title="bbox 894 843 1678 878; baseline -0.01 -1"><span class='ocrx_word' id='word_1_252' title='bbox 894 849 993 877; x_wconf 89' lang='lat' dir='ltr'><strong>merito</strong></span> <span class='ocrx_word' id='word_1_253' title='bbox 1005 848 1116 876; x_wconf 85' lang='lat' dir='ltr'><strong>dicitur.</strong></span> <span class='ocrx_word' id='word_1_254' title='bbox 1129 847 1170 875; x_wconf 88' lang='lat' dir='ltr'><strong>Ob</strong></span> <span class='ocrx_word' id='word_1_255' title='bbox 1181 854 1242 874; x_wconf 86' lang='lat' dir='ltr'><strong>eam</strong></span> <span class='ocrx_word' id='word_1_256' title='bbox 1253 846 1336 873; x_wconf 85' lang='lat' dir='ltr'><strong>etiam</strong></span> <span class='ocrx_word' id='word_1_257' title='bbox 1353 852 1463 873; x_wconf 77' lang='lat' dir='ltr'><strong>causam</strong></span> <span class='ocrx_word' id='word_1_258' title='bbox 1475 844 1548 871; x_wconf 84' lang='lat' dir='ltr'><strong>Deus</strong></span> <span class='ocrx_word' id='word_1_259' title='bbox 1558 843 1615 878; x_wconf 82' lang='lat' dir='ltr'><strong>ipse</strong></span> <span class='ocrx_word' id='word_1_260' title='bbox 1626 847 1678 869; x_wconf 88' lang='lat' dir='ltr'><strong>est.</strong></span> 
     </span>
    </p>
   </div>
   <div class='ocr_carea' id='block_1_34' title="bbox 68 888 846 936">
    <p class='ocr_par' dir='ltr' id='par_1_34' title="bbox 68 888 844 936">
     <span class='ocr_line' id='line_1_34' title="bbox 68 888 844 936; baseline 0.001 -11"><span class='ocrx_word' id='word_1_261' title='bbox 68 899 118 926; x_wconf 70' lang='grc' dir='ltr'><strong>ἀλλ’</strong></span> <span class='ocrx_word' id='word_1_262' title='bbox 131 900 158 925; x_wconf 82' lang='grc' dir='ltr'>οὐ</span> <span class='ocrx_word' id='word_1_263' title='bbox 168 899 258 935; x_wconf 74' lang='grc' dir='ltr'>πατὴρ</span> <span class='ocrx_word' id='word_1_264' title='bbox 276 899 375 933; x_wconf 80' lang='grc' dir='ltr'>γένοιτ’</span> <span class='ocrx_word' id='word_1_265' title='bbox 389 899 422 926; x_wconf 81' lang='grc' dir='ltr'><strong>ἃν</strong></span> <span class='ocrx_word' id='word_1_266' title='bbox 433 901 480 926; x_wconf 88' lang='grc' dir='ltr'>τοῦ</span> <span class='ocrx_word' id='word_1_267' title='bbox 490 888 652 936; x_wconf 29' lang='grc' dir='ltr'>πρὸς-αὺτοῦ</span> <span class='ocrx_word' id='word_1_268' title='bbox 664 888 844 935; x_wconf 68' lang='grc' dir='ltr'>δήμιουργου-</span> 
     </span>
    </p>
   </div>
   <div class='ocr_carea' id='block_1_35' title="bbox 919 888 1688 936">
    <p class='ocr_par' dir='ltr' id='par_1_35' title="bbox 920 888 1688 927">
     <span class='ocr_line' id='line_1_35' title="bbox 920 888 1688 927; baseline -0.013 -3"><span class='ocrx_word' id='word_1_269' title='bbox 920 898 963 924; x_wconf 89' lang='lat' dir='ltr'><strong>uis</strong></span> <span class='ocrx_word' id='word_1_270' title='bbox 973 896 1046 924; x_wconf 86' lang='lat' dir='ltr'><strong>enim</strong></span> <span class='ocrx_word' id='word_1_271' title='bbox 1060 895 1130 923; x_wconf 89' lang='lat' dir='ltr'><strong>alius</strong></span> <span class='ocrx_word' id='word_1_272' title='bbox 1143 894 1191 922; x_wconf 86' lang='lat' dir='ltr'><strong>Dei</strong></span> <span class='ocrx_word' id='word_1_273' title='bbox 1206 894 1278 921; x_wconf 83' lang='lat' dir='ltr'><strong>fetus</strong></span> <span class='ocrx_word' id='word_1_274' title='bbox 1287 900 1348 920; x_wconf 87' lang='lat' dir='ltr'><strong>esse</strong></span> <span class='ocrx_word' id='word_1_275' title='bbox 1365 891 1462 927; x_wconf 83' lang='lat' dir='ltr'><strong>possit,</strong></span> <span class='ocrx_word' id='word_1_276' title='bbox 1475 897 1556 925; x_wconf 78' lang='lat' dir='ltr'><strong>quam</strong></span> <span class='ocrx_word' id='word_1_277' title='bbox 1572 889 1611 916; x_wconf 85' lang='lat' dir='ltr'><strong>illi</strong></span> <span class='ocrx_word' id='word_1_278' title='bbox 1630 888 1688 923; x_wconf 85' lang='lat' dir='ltr'><strong>ipse</strong></span> 
     </span>
    </p>
   </div>
   <div class='ocr_carea' id='block_1_36' title="bbox 70 945 846 981">
    <p class='ocr_par' dir='ltr' id='par_1_36' title="bbox 70 945 846 981">
     <span class='ocr_line' id='line_1_36' title="bbox 70 945 846 981; baseline -0.001 -9"><span class='ocrx_word' id='word_1_279' title='bbox 70 946 151 980; x_wconf 79' lang='grc' dir='ltr'>μένου.</span> <span class='ocrx_word' id='word_1_280' title='bbox 169 945 222 972; x_wconf 85' lang='lat' dir='ltr'><strong>T06</strong></span> <span class='ocrx_word' id='word_1_281' title='bbox 238 946 269 972; x_wconf 85' lang='grc' dir='ltr'>δὲ</span> <span class='ocrx_word' id='word_1_282' title='bbox 286 946 317 978; x_wconf 77' lang='grc' dir='ltr'><strong>ἐξ</strong></span> <span class='ocrx_word' id='word_1_283' title='bbox 327 946 408 973; x_wconf 78' lang='grc' dir='ltr'>αὐτοῦ</span> <span class='ocrx_word' id='word_1_284' title='bbox 423 945 519 980; x_wconf 81' lang='grc' dir='ltr'><strong>φύντος</strong></span> <span class='ocrx_word' id='word_1_285' title='bbox 529 945 597 977; x_wconf 76' lang='grc' dir='ltr'>υἱοῦ,</span> <span class='ocrx_word' id='word_1_286' title='bbox 610 945 660 972; x_wconf 86' lang='grc' dir='ltr'>οὐκ</span> <span class='ocrx_word' id='word_1_287' title='bbox 674 945 706 972; x_wconf 86' lang='grc' dir='ltr'><strong>ἃν</strong></span> <span class='ocrx_word' id='word_1_288' title='bbox 716 946 846 981; x_wconf 83' lang='grc' dir='ltr'>δημιουρ-</span> 
     </span>
    </p>
   </div>
   <div class='ocr_carea' id='block_1_37' title="bbox 68 990 845 1026">
    <p class='ocr_par' dir='ltr' id='par_1_37' title="bbox 68 990 845 1026">
     <span class='ocr_line' id='line_1_37' title="bbox 68 990 845 1026; baseline 0 -10"><span class='ocrx_word' id='word_1_289' title='bbox 68 991 110 1022; x_wconf 80' lang='grc' dir='ltr'>γὸς</span> <span class='ocrx_word' id='word_1_290' title='bbox 133 991 250 1026; x_wconf 84' lang='grc' dir='ltr'>λεχθείη.</span> <span class='ocrx_word' id='word_1_291' title='bbox 270 992 328 1018; x_wconf 79' lang='grc' dir='ltr'><strong>Καὶ</strong></span> <span class='ocrx_word' id='word_1_292' title='bbox 345 990 377 1026; x_wconf 83' lang='grc' dir='ltr'><strong>δῆ</strong></span> <span class='ocrx_word' id='word_1_293' title='bbox 392 992 440 1018; x_wconf 80' lang='grc' dir='ltr'>καὶ</span> <span class='ocrx_word' id='word_1_294' title='bbox 454 992 468 1018; x_wconf 84' lang='grc' dir='ltr'><strong>ὀ</strong></span> <span class='ocrx_word' id='word_1_295' title='bbox 486 991 540 1017; x_wconf 83' lang='grc' dir='ltr'><strong>τῶν</strong></span> <span class='ocrx_word' id='word_1_296' title='bbox 556 990 624 1017; x_wconf 82' lang='grc' dir='ltr'><strong>ὅλων</strong></span> <span class='ocrx_word' id='word_1_297' title='bbox 642 990 718 1021; x_wconf 79' lang='grc' dir='ltr'>Θεὸς,</span> <span class='ocrx_word' id='word_1_298' title='bbox 733 990 780 1016; x_wconf 85' lang='grc' dir='ltr'>τοῦ</span> <span class='ocrx_word' id='word_1_299' title='bbox 797 990 845 1025; x_wconf 83' lang='grc' dir='ltr'><strong>μὲν</strong></span> 
     </span>
    </p>
   </div>
   <div class='ocr_carea' id='block_1_38' title="bbox 69 1035 848 1072">
    <p class='ocr_par' dir='ltr' id='par_1_38' title="bbox 69 1035 848 1072">
     <span class='ocr_line' id='line_1_38' title="bbox 69 1035 848 1072; baseline -0.001 -10"><span class='ocrx_word' id='word_1_300' title='bbox 69 1035 128 1062; x_wconf 79' lang='grc' dir='ltr'><strong>Υίοῦ</strong></span> <span class='ocrx_word' id='word_1_301' title='bbox 144 1036 248 1072; x_wconf 82' lang='grc' dir='ltr'>Πατὴρ,</span> <span class='ocrx_word' id='word_1_302' title='bbox 263 1036 314 1062; x_wconf 81' lang='grc' dir='ltr'><strong>τοῦ</strong></span> <span class='ocrx_word' id='word_1_303' title='bbox 325 1036 353 1062; x_wconf 85' lang='grc' dir='ltr'>δὲ</span> <span class='ocrx_word' id='word_1_304' title='bbox 367 1037 469 1072; x_wconf 79' lang='grc' dir='ltr'><strong>κόσμου</strong></span> <span class='ocrx_word' id='word_1_305' title='bbox 484 1036 596 1071; x_wconf 81' lang='grc' dir='ltr'><strong>κτίστης</strong></span> <span class='ocrx_word' id='word_1_306' title='bbox 617 1036 650 1063; x_wconf 88' lang='grc' dir='ltr'><strong>ἃν</strong></span> <span class='ocrx_word' id='word_1_307' title='bbox 666 1035 777 1066; x_wconf 84' lang='grc' dir='ltr'><strong>εἰκότως</strong></span> <span class='ocrx_word' id='word_1_308' title='bbox 800 1035 848 1061; x_wconf 69' lang='grc' dir='ltr'><strong>καὶ</strong></span> 
     </span>
    </p>
   </div>
   <div class='ocr_carea' id='block_1_39' title="bbox 69 1081 847 1117">
    <p class='ocr_par' dir='ltr' id='par_1_39' title="bbox 69 1081 847 1117">
     <span class='ocr_line' id='line_1_39' title="bbox 69 1081 847 1117; baseline 0 -10"><span class='ocrx_word' id='word_1_309' title='bbox 69 1081 174 1116; x_wconf 81' lang='grc' dir='ltr'>ποιητὴς</span> <span class='ocrx_word' id='word_1_310' title='bbox 188 1081 307 1116; x_wconf 81' lang='grc' dir='ltr'>λέγοιτο.</span> <span class='ocrx_word' id='word_1_311' title='bbox 326 1083 357 1108; x_wconf 85' lang='lat' dir='ltr'><strong>Ei</strong></span> <span class='ocrx_word' id='word_1_312' title='bbox 367 1082 395 1109; x_wconf 80' lang='grc' dir='ltr'>δὲ</span> <span class='ocrx_word' id='word_1_313' title='bbox 406 1082 478 1115; x_wconf 75' lang='grc' dir='ltr'>ἅπαξ</span> <span class='ocrx_word' id='word_1_314' title='bbox 487 1090 539 1108; x_wconf 89' lang='grc' dir='ltr'><strong>που</strong></span> <span class='ocrx_word' id='word_1_315' title='bbox 549 1082 599 1117; x_wconf 83' lang='grc' dir='ltr'><strong>τῆς</strong></span> <span class='ocrx_word' id='word_1_316' title='bbox 610 1081 719 1117; x_wconf 83' lang='grc' dir='ltr'>Γραφῆς</span> <span class='ocrx_word' id='word_1_317' title='bbox 726 1081 847 1116; x_wconf 77' lang='grc' dir='ltr'><strong>εὑρίσκοι</strong></span> 
     </span>
    </p>
   </div>
   <div class='ocr_carea' id='block_1_40' title="bbox 69 1124 849 1162">
    <p class='ocr_par' dir='ltr' id='par_1_40' title="bbox 69 1124 849 1162">
     <span class='ocr_line' id='line_1_40' title="bbox 69 1124 849 1162; baseline -0.001 -10"><span class='ocrx_word' id='word_1_318' title='bbox 69 1135 106 1158; x_wconf 81' lang='grc' dir='ltr'><strong>τις</strong></span> <span class='ocrx_word' id='word_1_319' title='bbox 123 1127 266 1162; x_wconf 76' lang='grc' dir='ltr'><strong>εἰρημένον</strong></span> <span class='ocrx_word' id='word_1_320' title='bbox 283 1127 324 1159; x_wconf 85' lang='grc' dir='ltr'>τὸ,</span> <span class='ocrx_word' id='word_1_321' title='bbox 350 1128 459 1161; x_wconf 81' lang='grc' dir='ltr'>Κῦριος</span> <span class='ocrx_word' id='word_1_322' title='bbox 480 1126 584 1154; x_wconf 75' lang='grc' dir='ltr'>ἔκτισέ</span> <span class='ocrx_word' id='word_1_323' title='bbox 598 1135 636 1161; x_wconf 82' lang='grc' dir='ltr'><strong>με</strong></span> <span class='ocrx_word' id='word_1_324' title='bbox 660 1125 759 1160; x_wconf 79' lang='grc' dir='ltr'><strong>ἀρχὴν</strong></span> <span class='ocrx_word' id='word_1_325' title='bbox 771 1124 849 1152; x_wconf 76' lang='grc' dir='ltr'><strong>ὁδῶν</strong></span> 
     </span>
    </p>
   </div>
   <div class='ocr_carea' id='block_1_41' title="bbox 68 1170 849 1207">
    <p class='ocr_par' dir='ltr' id='par_1_41' title="bbox 68 1170 849 1207">
     <span class='ocr_line' id='line_1_41' title="bbox 68 1170 849 1207; baseline -0.001 -9"><span class='ocrx_word' id='word_1_326' title='bbox 68 1173 162 1203; x_wconf 76' lang='grc' dir='ltr'>αὐτοῦ,</span> <span class='ocrx_word' id='word_1_327' title='bbox 178 1173 221 1205; x_wconf 82' lang='grc' dir='ltr'><strong>εις</strong></span> <span class='ocrx_word' id='word_1_328' title='bbox 233 1173 308 1207; x_wconf 80' lang='grc' dir='ltr'>ἔργα</span> <span class='ocrx_word' id='word_1_329' title='bbox 324 1172 426 1205; x_wconf 77' lang='grc' dir='ltr'>αὐταῦ,</span> <span class='ocrx_word' id='word_1_330' title='bbox 437 1173 482 1200; x_wconf 84' lang='grc' dir='ltr'>τὸν</span> <span class='ocrx_word' id='word_1_331' title='bbox 491 1173 553 1199; x_wconf 82' lang='grc' dir='ltr'><strong>νοῦν</strong></span> <span class='ocrx_word' id='word_1_332' title='bbox 568 1173 726 1198; x_wconf 78' lang='grc' dir='ltr'><strong>ἐπισκοπεῖν</strong></span> <span class='ocrx_word' id='word_1_333' title='bbox 738 1171 791 1207; x_wconf 84' lang='grc' dir='ltr'><strong>χρὴ</strong></span> <span class='ocrx_word' id='word_1_334' title='bbox 802 1170 849 1197; x_wconf 80' lang='grc' dir='ltr'>τοῦ</span> 
     </span>
    </p>
   </div>
   <div class='ocr_carea' id='block_1_42' title="bbox 69 1216 849 1254">
    <p class='ocr_par' dir='ltr' id='par_1_42' title="bbox 69 1216 849 1254">
     <span class='ocr_line' id='line_1_42' title="bbox 69 1216 849 1254; baseline -0.001 -11"><span class='ocrx_word' id='word_1_335' title='bbox 69 1217 151 1251; x_wconf 73' lang='grc' dir='ltr'>λόγου,</span> <span class='ocrx_word' id='word_1_336' title='bbox 168 1217 197 1244; x_wconf 79' lang='grc' dir='ltr'><strong>ὃν</strong></span> <span class='ocrx_word' id='word_1_337' title='bbox 210 1218 312 1253; x_wconf 80' lang='grc' dir='ltr'>μικρὸν</span> <span class='ocrx_word' id='word_1_338' title='bbox 328 1217 441 1253; x_wconf 79' lang='grc' dir='ltr'>ὕστερον</span> <span class='ocrx_word' id='word_1_339' title='bbox 457 1218 620 1254; x_wconf 76' lang='grc' dir='ltr'>ἐκθήσομαι,</span> <span class='ocrx_word' id='word_1_340' title='bbox 637 1217 705 1244; x_wconf 78' lang='grc' dir='ltr'>ἀλλὰ</span> <span class='ocrx_word' id='word_1_341' title='bbox 722 1217 759 1252; x_wconf 86' lang='grc' dir='ltr'>μὴ</span> <span class='ocrx_word' id='word_1_342' title='bbox 778 1216 849 1242; x_wconf 78' lang='grc' dir='ltr'>κατὰ</span> 
     </span>
    </p>
   </div>
   <div class='ocr_carea' id='block_1_43' title="bbox 69 1261 847 1298">
    <p class='ocr_par' dir='ltr' id='par_1_43' title="bbox 69 1261 847 1298">
     <span class='ocr_line' id='line_1_43' title="bbox 69 1261 847 1298; baseline 0 -10"><span class='ocrx_word' id='word_1_343' title='bbox 69 1262 218 1297; x_wconf 74' lang='grc' dir='ltr'><strong>Μάρκελλον</strong></span> <span class='ocrx_word' id='word_1_344' title='bbox 237 1263 272 1288; x_wconf 75' lang='grc' dir='ltr'>ἐκ</span> <span class='ocrx_word' id='word_1_345' title='bbox 285 1263 351 1297; x_wconf 81' lang='grc' dir='ltr'>μιᾶς</span> <span class='ocrx_word' id='word_1_346' title='bbox 367 1262 475 1294; x_wconf 80' lang='grc' dir='ltr'>λέξεως,</span> <span class='ocrx_word' id='word_1_347' title='bbox 492 1262 524 1289; x_wconf 81' lang='grc' dir='ltr'><strong>τὺ</strong></span> <span class='ocrx_word' id='word_1_348' title='bbox 537 1261 704 1298; x_wconf 84' lang='grc' dir='ltr'>κυριώτατον</span> <span class='ocrx_word' id='word_1_349' title='bbox 717 1263 766 1297; x_wconf 84' lang='grc' dir='ltr'><strong>τῆς</strong></span> <span class='ocrx_word' id='word_1_350' title='bbox 788 1262 847 1288; x_wconf 85' lang='grc' dir='ltr'><strong>Ἐκ-</strong></span> 
     </span>
    </p>
   </div>
   <div class='ocr_carea' id='block_1_44' title="bbox 68 1308 506 1344">
    <p class='ocr_par' dir='ltr' id='par_1_44' title="bbox 68 1308 506 1344">
     <span class='ocr_line' id='line_1_44' title="bbox 68 1308 506 1344; baseline 0.005 -11"><span class='ocrx_word' id='word_1_351' title='bbox 68 1308 172 1342; x_wconf 80' lang='grc' dir='ltr'>κλησίας</span> <span class='ocrx_word' id='word_1_352' title='bbox 188 1309 394 1344; x_wconf 80' lang='grc' dir='ltr'>παρασαλεύειν</span> <span class='ocrx_word' id='word_1_353' title='bbox 409 1309 506 1343; x_wconf 82' lang='grc' dir='ltr'>δόγμα.</span> 
     </span>
    </p>
   </div>
   <div class='ocr_carea' id='block_1_45' title="bbox 899 933 1684 978">
    <p class='ocr_par' dir='ltr' id='par_1_45' title="bbox 899 933 1684 978">
     <span class='ocr_line' id='line_1_45' title="bbox 899 933 1684 978; baseline -0.013 -8"><span class='ocrx_word' id='word_1_354' title='bbox 899 951 947 978; x_wconf 88' lang='lat' dir='ltr'><strong>per</strong></span> <span class='ocrx_word' id='word_1_355' title='bbox 958 941 1049 969; x_wconf 86' lang='lat' dir='ltr'><strong>omnia</strong></span> <span class='ocrx_word' id='word_1_356' title='bbox 1063 939 1238 968; x_wconf 84' lang='lat' dir='ltr'><strong>simillimus?</strong></span> <span class='ocrx_word' id='word_1_357' title='bbox 1250 936 1472 972; x_wconf 73' lang='lat' dir='ltr'><strong>Conditquidem</strong></span> <span class='ocrx_word' id='word_1_358' title='bbox 1488 935 1584 962; x_wconf 87' lang='lat' dir='ltr'><strong>urbem</strong></span> <span class='ocrx_word' id='word_1_359' title='bbox 1598 933 1684 968; x_wconf 85' lang='lat' dir='ltr'><strong>impe-</strong></span> 
     </span>
    </p>
   </div>
   <div class='ocr_carea' id='block_1_46' title="bbox 899 979 1685 1020">
    <p class='ocr_par' dir='ltr' id='par_1_46' title="bbox 899 979 1685 1020">
     <span class='ocr_line' id='line_1_46' title="bbox 899 979 1685 1020; baseline -0.014 -4"><span class='ocrx_word' id='word_1_360' title='bbox 899 992 984 1020; x_wconf 85' lang='lat' dir='ltr'><strong>rator,</strong></span> <span class='ocrx_word' id='word_1_361' title='bbox 996 987 1044 1014; x_wconf 89' lang='lat' dir='ltr'><strong>sed</strong></span> <span class='ocrx_word' id='word_1_362' title='bbox 1064 994 1124 1014; x_wconf 86' lang='lat' dir='ltr'><strong>eam</strong></span> <span class='ocrx_word' id='word_1_363' title='bbox 1147 993 1201 1013; x_wconf 92' lang='lat' dir='ltr'><strong>non</strong></span> <span class='ocrx_word' id='word_1_364' title='bbox 1222 984 1313 1020; x_wconf 77' lang='lat' dir='ltr'><strong>gignit</strong></span> <span class='ocrx_word' id='word_1_365' title='bbox 1329 992 1336 1010; x_wconf 83' lang='lat'><strong>:</strong></span> <span class='ocrx_word' id='word_1_366' title='bbox 1354 983 1439 1010; x_wconf 81' lang='lat' dir='ltr'><strong>[ilium</strong></span> <span class='ocrx_word' id='word_1_367' title='bbox 1464 985 1559 1009; x_wconf 79' lang='lat' dir='ltr'><strong>autem</strong></span> <span class='ocrx_word' id='word_1_368' title='bbox 1573 979 1685 1015; x_wconf 74' lang='lat' dir='ltr'><strong>gignere</strong></span> 
     </span>
    </p>
   </div>
   <div class='ocr_carea' id='block_1_47' title="bbox 899 1024 1684 1065">
    <p class='ocr_par' dir='ltr' id='par_1_47' title="bbox 899 1024 1684 1065">
     <span class='ocr_line' id='line_1_47' title="bbox 899 1024 1684 1065; baseline -0.014 -4"><span class='ocrx_word' id='word_1_369' title='bbox 899 1033 1010 1065; x_wconf 89' lang='lat' dir='ltr'><strong>dicitur,</strong></span> <span class='ocrx_word' id='word_1_370' title='bbox 1027 1040 1083 1059; x_wconf 89' lang='lat' dir='ltr'><strong>non</strong></span> <span class='ocrx_word' id='word_1_371' title='bbox 1104 1031 1232 1059; x_wconf 87' lang='lat' dir='ltr'><strong>condere.</strong></span> <span class='ocrx_word' id='word_1_372' title='bbox 1253 1028 1357 1056; x_wconf 73' lang='lat' dir='ltr'><strong>Artifex</strong></span> <span class='ocrx_word' id='word_1_373' title='bbox 1376 1031 1467 1055; x_wconf 86' lang='lat' dir='ltr'><strong>autem</strong></span> <span class='ocrx_word' id='word_1_374' title='bbox 1488 1026 1564 1053; x_wconf 80' lang='lat' dir='ltr'><strong>faber</strong></span> <span class='ocrx_word' id='word_1_375' title='bbox 1582 1024 1684 1052; x_wconf 88' lang='lat' dir='ltr'><strong>dicitur</strong></span> 
     </span>
    </p>
   </div>
   <div class='ocr_carea' id='block_1_48' title="bbox 899 1068 1684 1114">
    <p class='ocr_par' dir='ltr' id='par_1_48' title="bbox 899 1068 1684 1114">
     <span class='ocr_line' id='line_1_48' title="bbox 899 1068 1684 1114; baseline -0.013 -9"><span class='ocrx_word' id='word_1_376' title='bbox 899 1079 959 1114; x_wconf 85' lang='lat' dir='ltr'><strong>ejus</strong></span> <span class='ocrx_word' id='word_1_377' title='bbox 971 1077 1045 1112; x_wconf 88' lang='lat' dir='ltr'><strong>quod</strong></span> <span class='ocrx_word' id='word_1_378' title='bbox 1065 1076 1215 1104; x_wconf 82' lang='lat' dir='ltr'><strong>fabricatus</strong></span> <span class='ocrx_word' id='word_1_379' title='bbox 1232 1079 1284 1106; x_wconf 85' lang='lat' dir='ltr'><strong>est,</strong></span> <span class='ocrx_word' id='word_1_380' title='bbox 1297 1081 1352 1101; x_wconf 90' lang='lat' dir='ltr'><strong>non</strong></span> <span class='ocrx_word' id='word_1_381' title='bbox 1369 1077 1457 1108; x_wconf 87' lang='lat' dir='ltr'><strong>pater.</strong></span> <span class='ocrx_word' id='word_1_382' title='bbox 1470 1071 1532 1099; x_wconf 85' lang='lat' dir='ltr'><strong>Filii</strong></span> <span class='ocrx_word' id='word_1_383' title='bbox 1553 1077 1620 1098; x_wconf 90' lang='lat' dir='ltr'><strong>vero</strong></span> <span class='ocrx_word' id='word_1_384' title='bbox 1640 1068 1684 1096; x_wconf 89' lang='lat' dir='ltr'><strong>sui</strong></span> 
     </span>
    </p>
   </div>
   <div class='ocr_carea' id='block_1_49' title="bbox 900 1113 1685 1158">
    <p class='ocr_par' dir='ltr' id='par_1_49' title="bbox 900 1113 1685 1158">
     <span class='ocr_line' id='line_1_49' title="bbox 900 1113 1685 1158; baseline -0.015 -7"><span class='ocrx_word' id='word_1_385' title='bbox 900 1113 1075 1158; x_wconf 85' lang='lat' dir='ltr'><strong>nequaquam</strong></span> <span class='ocrx_word' id='word_1_386' title='bbox 1085 1122 1161 1149; x_wconf 80' lang='lat' dir='ltr'><strong>faber</strong></span> <span class='ocrx_word' id='word_1_387' title='bbox 1172 1121 1281 1148; x_wconf 85' lang='lat' dir='ltr'><strong>dicitur.</strong></span> <span class='ocrx_word' id='word_1_388' title='bbox 1295 1120 1334 1146; x_wconf 84' lang='lat' dir='ltr'><strong>Ita</strong></span> <span class='ocrx_word' id='word_1_389' title='bbox 1345 1125 1455 1154; x_wconf 88' lang='lat' dir='ltr'><strong>quoque</strong></span> <span class='ocrx_word' id='word_1_390' title='bbox 1467 1123 1590 1144; x_wconf 88' lang='lat' dir='ltr'><strong>summus</strong></span> <span class='ocrx_word' id='word_1_391' title='bbox 1602 1113 1685 1149; x_wconf 81' lang='lat' dir='ltr'><strong>hujus</strong></span> 
     </span>
    </p>
   </div>
   <div class='ocr_carea' id='block_1_50' title="bbox 899 1160 1685 1202">
    <p class='ocr_par' dir='ltr' id='par_1_50' title="bbox 899 1160 1685 1202">
     <span class='ocr_line' id='line_1_50' title="bbox 899 1160 1685 1202; baseline -0.015 -5"><span class='ocrx_word' id='word_1_392' title='bbox 899 1169 1020 1197; x_wconf 84' lang='lat' dir='ltr'><strong>universi</strong></span> <span class='ocrx_word' id='word_1_393' title='bbox 1042 1169 1124 1200; x_wconf 83' lang='lat' dir='ltr'><strong>Deus,</strong></span> <span class='ocrx_word' id='word_1_394' title='bbox 1138 1167 1199 1195; x_wconf 82' lang='lat' dir='ltr'><strong>Filii</strong></span> <span class='ocrx_word' id='word_1_395' title='bbox 1211 1166 1322 1202; x_wconf 88' lang='lat' dir='ltr'><strong>quidem</strong></span> <span class='ocrx_word' id='word_1_396' title='bbox 1337 1165 1379 1192; x_wconf 90' lang='lat' dir='ltr'><strong>sui</strong></span> <span class='ocrx_word' id='word_1_397' title='bbox 1399 1165 1490 1194; x_wconf 78' lang='lat' dir='ltr'><strong>Pater,</strong></span> <span class='ocrx_word' id='word_1_398' title='bbox 1508 1160 1603 1188; x_wconf 88' lang='lat' dir='ltr'><strong>mundi</strong></span> <span class='ocrx_word' id='word_1_399' title='bbox 1618 1166 1685 1187; x_wconf 87' lang='lat' dir='ltr'><strong>vero</strong></span> 
     </span>
    </p>
   </div>
   <div class='ocr_carea' id='block_1_51' title="bbox 897 1204 1685 1243">
    <p class='ocr_par' dir='ltr' id='par_1_51' title="bbox 897 1204 1685 1243">
     <span class='ocr_line' id='line_1_51' title="bbox 897 1204 1685 1243; baseline -0.015 0"><span class='ocrx_word' id='word_1_400' title='bbox 897 1215 974 1243; x_wconf 84' lang='lat' dir='ltr'><strong>faber</strong></span> <span class='ocrx_word' id='word_1_401' title='bbox 987 1218 1015 1242; x_wconf 91' lang='lat' dir='ltr'><strong>et</strong></span> <span class='ocrx_word' id='word_1_402' title='bbox 1031 1213 1158 1241; x_wconf 85' lang='lat' dir='ltr'><strong>conditor</strong></span> <span class='ocrx_word' id='word_1_403' title='bbox 1177 1212 1278 1239; x_wconf 86' lang='lat' dir='ltr'><strong>merito</strong></span> <span class='ocrx_word' id='word_1_404' title='bbox 1299 1210 1411 1238; x_wconf 88' lang='lat' dir='ltr'><strong>dicitur.</strong></span> <span class='ocrx_word' id='word_1_405' title='bbox 1433 1207 1511 1241; x_wconf 81' lang='lat' dir='ltr'><strong>Quod</strong></span> <span class='ocrx_word' id='word_1_406' title='bbox 1523 1206 1546 1234; x_wconf 87' lang='lat' dir='ltr'><strong>si</strong></span> <span class='ocrx_word' id='word_1_407' title='bbox 1558 1204 1643 1233; x_wconf 86' lang='lat' dir='ltr'><strong>semel</strong></span> <span class='ocrx_word' id='word_1_408' title='bbox 1656 1204 1685 1231; x_wconf 92' lang='lat' dir='ltr'><strong>in</strong></span> 
     </span>
    </p>
   </div>
   <div class='ocr_carea' id='block_1_52' title="bbox 897 1251 1685 1296">
    <p class='ocr_par' dir='ltr' id='par_1_52' title="bbox 897 1251 1685 1296">
     <span class='ocr_line' id='line_1_52' title="bbox 897 1251 1685 1296; baseline -0.018 -7"><span class='ocrx_word' id='word_1_409' title='bbox 897 1260 1048 1296; x_wconf 82' lang='lat' dir='ltr'><strong>Scripturis</strong></span> <span class='ocrx_word' id='word_1_410' title='bbox 1071 1258 1228 1286; x_wconf 86' lang='lat' dir='ltr'><strong>inveniatur</strong></span> <span class='ocrx_word' id='word_1_411' title='bbox 1248 1256 1362 1288; x_wconf 83' lang='lat' dir='ltr'><strong>dictum,</strong></span> <span class='ocrx_word' id='word_1_412' title='bbox 1383 1254 1510 1282; x_wconf 77' lang='lat' dir='ltr'><strong>Dominus</strong></span> <span class='ocrx_word' id='word_1_413' title='bbox 1526 1251 1622 1279; x_wconf 75' lang='lat' dir='ltr'><strong>creauit</strong></span> <span class='ocrx_word' id='word_1_414' title='bbox 1642 1256 1685 1276; x_wconf 75' lang='lat' dir='ltr'><strong>me</strong></span> 
     </span>
    </p>
   </div>
   <div class='ocr_carea' id='block_1_53' title="bbox 897 1299 1684 1337">
    <p class='ocr_par' dir='ltr' id='par_1_53' title="bbox 897 1299 1684 1337">
     <span class='ocr_line' id='line_1_53' title="bbox 897 1299 1684 1337; baseline -0.015 -3"><span class='ocrx_word' id='word_1_415' title='bbox 897 1307 1002 1334; x_wconf 77' lang='lat' dir='ltr'><strong>initium</strong></span> <span class='ocrx_word' id='word_1_416' title='bbox 1025 1306 1128 1333; x_wconf 81' lang='lat' dir='ltr'><strong>uiarum</strong></span> <span class='ocrx_word' id='word_1_417' title='bbox 1154 1311 1264 1331; x_wconf 83' lang='lat' dir='ltr'><strong>suarum</strong></span> <span class='ocrx_word' id='word_1_418' title='bbox 1283 1302 1318 1329; x_wconf 85' lang='lat' dir='ltr'><strong>ad</strong></span> <span class='ocrx_word' id='word_1_419' title='bbox 1337 1309 1417 1337; x_wconf 83' lang='lat' dir='ltr'><strong>opera</strong></span> <span class='ocrx_word' id='word_1_420' title='bbox 1445 1299 1548 1330; x_wconf 64' lang='lat' dir='ltr'><strong>sua“;</strong></span> <span class='ocrx_word' id='word_1_421' title='bbox 1573 1302 1684 1324; x_wconf 82' lang='lat' dir='ltr'><strong>sensum</strong></span> 
     </span>
    </p>
   </div>
   <div class='ocr_carea' id='block_1_54' title="bbox 68 1341 1684 1389">
    <p class='ocr_par' dir='ltr' id='par_1_54' title="bbox 68 1341 1684 1389">
     <span class='ocr_line' id='line_1_54' title="bbox 68 1341 1684 1389; baseline -0.006 -10"><span class='ocrx_word' id='word_1_422' title='bbox 68 1353 205 1380; x_wconf 74' lang='lat' dir='ltr'><strong>\crborum</strong></span> <span class='ocrx_word' id='word_1_423' title='bbox 218 1354 358 1388; x_wconf 85' lang='lat' dir='ltr'><strong>inspicere</strong></span> <span class='ocrx_word' id='word_1_424' title='bbox 370 1353 511 1386; x_wconf 83' lang='lat' dir='ltr'><strong>debemus,</strong></span> <span class='ocrx_word' id='word_1_425' title='bbox 525 1361 607 1389; x_wconf 88' lang='lat' dir='ltr'><strong>quem</strong></span> <span class='ocrx_word' id='word_1_426' title='bbox 623 1353 705 1388; x_wconf 89' lang='lat' dir='ltr'><strong>paulo</strong></span> <span class='ocrx_word' id='word_1_427' title='bbox 716 1357 778 1388; x_wconf 89' lang='lat' dir='ltr'><strong>post</strong></span> <span class='ocrx_word' id='word_1_428' title='bbox 796 1361 944 1388; x_wconf 79' lang='lat' dir='ltr'><strong>exponam,</strong></span> <span class='ocrx_word' id='word_1_429' title='bbox 967 1359 1027 1385; x_wconf 88' lang='lat' dir='ltr'><strong>nec,</strong></span> <span class='ocrx_word' id='word_1_430' title='bbox 1061 1355 1091 1379; x_wconf 89' lang='lat' dir='ltr'><strong>ut</strong></span> <span class='ocrx_word' id='word_1_431' title='bbox 1117 1350 1261 1378; x_wconf 81' lang='lat' dir='ltr'><strong>Marcellus</strong></span> <span class='ocrx_word' id='word_1_432' title='bbox 1271 1348 1346 1380; x_wconf 80' lang='lat' dir='ltr'><strong>facit,</strong></span> <span class='ocrx_word' id='word_1_433' title='bbox 1379 1347 1415 1374; x_wconf 93' lang='lat' dir='ltr'><strong>ob</strong></span> <span class='ocrx_word' id='word_1_434' title='bbox 1431 1345 1542 1373; x_wconf 88' lang='lat' dir='ltr'><strong>unicum</strong></span> <span class='ocrx_word' id='word_1_435' title='bbox 1560 1341 1684 1370; x_wconf 84' lang='lat' dir='ltr'><strong>testimo-</strong></span> 
     </span>
    </p>
   </div>
   <div class='ocr_carea' id='block_1_55' title="bbox 68 1401 760 1437">
    <p class='ocr_par' dir='ltr' id='par_1_55' title="bbox 68 1401 760 1437">
     <span class='ocr_line' id='line_1_55' title="bbox 68 1401 760 1437; baseline 0.001 -10"><span class='ocrx_word' id='word_1_436' title='bbox 68 1401 146 1433; x_wconf 85' lang='lat' dir='ltr'><strong>nium,</strong></span> <span class='ocrx_word' id='word_1_437' title='bbox 157 1401 330 1436; x_wconf 76' lang='lat' dir='ltr'><strong>przeeipuum</strong></span> <span class='ocrx_word' id='word_1_438' title='bbox 346 1401 475 1430; x_wconf 61' lang='lat' dir='ltr'><strong>Ecclesia:</strong></span> <span class='ocrx_word' id='word_1_439' title='bbox 488 1401 585 1437; x_wconf 75' lang='lat' dir='ltr'><strong>dogma</strong></span> <span class='ocrx_word' id='word_1_440' title='bbox 597 1401 760 1429; x_wconf 86' lang='lat' dir='ltr'><strong>convellere.</strong></span> 
     </span>
    </p>
   </div>
   <div class='ocr_carea' id='block_1_56' title="bbox 99 1447 846 1484">
    <p class='ocr_par' dir='ltr' id='par_1_56' title="bbox 99 1447 846 1484">
     <span class='ocr_line' id='line_1_56' title="bbox 99 1447 846 1484; baseline 0.003 -11"><span class='ocrx_word' id='word_1_441' title='bbox 99 1447 212 1475; x_wconf 79' lang='grc' dir='ltr'><strong>Τοιαῦτα</strong></span> <span class='ocrx_word' id='word_1_442' title='bbox 228 1449 279 1483; x_wconf 85' lang='grc' dir='ltr'><strong>μὲν</strong></span> <span class='ocrx_word' id='word_1_443' title='bbox 292 1449 341 1475; x_wconf 69' lang='grc' dir='ltr'>καὶ</span> <span class='ocrx_word' id='word_1_444' title='bbox 354 1449 434 1483; x_wconf 74' lang='grc' dir='ltr'>ἕτερα</span> <span class='ocrx_word' id='word_1_445' title='bbox 452 1449 562 1475; x_wconf 85' lang='grc' dir='ltr'>πλείονα</span> <span class='ocrx_word' id='word_1_446' title='bbox 573 1449 588 1475; x_wconf 82' lang='grc' dir='ltr'><strong><em>ὁ</em></strong></span> <span class='ocrx_word' id='word_1_447' title='bbox 602 1449 747 1484; x_wconf 82' lang='grc' dir='ltr'>Παμφίλου</span> <span class='ocrx_word' id='word_1_448' title='bbox 761 1448 846 1475; x_wconf 80' lang='grc' dir='ltr'>Εὐσέ-</span> 
     </span>
    </p>
   </div>
   <div class='ocr_carea' id='block_1_57' title="bbox 67 1493 847 1530">
    <p class='ocr_par' dir='ltr' id='par_1_57' title="bbox 67 1493 847 1530">
     <span class='ocr_line' id='line_1_57' title="bbox 67 1493 847 1530; baseline 0.005 -12"><span class='ocrx_word' id='word_1_449' title='bbox 67 1494 119 1524; x_wconf 82' lang='grc' dir='ltr'>6ιος</span> <span class='ocrx_word' id='word_1_450' title='bbox 131 1494 157 1519; x_wconf 76' lang='grc' dir='ltr'><strong>ὲν</strong></span> <span class='ocrx_word' id='word_1_451' title='bbox 175 1493 214 1528; x_wconf 81' lang='grc' dir='ltr'>τῷ</span> <span class='ocrx_word' id='word_1_452' title='bbox 227 1493 332 1530; x_wconf 82' lang='grc' dir='ltr'>πρώτῳ</span> <span class='ocrx_word' id='word_1_453' title='bbox 345 1494 416 1529; x_wconf 83' lang='grc' dir='ltr'>λόγῳ</span> <span class='ocrx_word' id='word_1_454' title='bbox 430 1495 469 1530; x_wconf 81' lang='grc' dir='ltr'><strong>τῷ</strong></span> <span class='ocrx_word' id='word_1_455' title='bbox 484 1494 552 1530; x_wconf 84' lang='grc' dir='ltr'>πρὸς</span> <span class='ocrx_word' id='word_1_456' title='bbox 572 1494 733 1530; x_wconf 82' lang='grc' dir='ltr'>Μάρκελλόν</span> <span class='ocrx_word' id='word_1_457' title='bbox 754 1502 847 1530; x_wconf 85' lang='grc' dir='ltr'>φησιν.</span> 
     </span>
    </p>
   </div>
   <div class='ocr_carea' id='block_1_58' title="bbox 68 1539 837 1575">
    <p class='ocr_par' dir='ltr' id='par_1_58' title="bbox 68 1539 837 1575">
     <span class='ocr_line' id='line_1_58' title="bbox 68 1539 837 1575; baseline 0.003 -11"><span class='ocrx_word' id='word_1_458' title='bbox 68 1539 118 1565; x_wconf 73' lang='grc' dir='ltr'><strong>Καὶ</strong></span> <span class='ocrx_word' id='word_1_459' title='bbox 131 1539 160 1564; x_wconf 83' lang='grc' dir='ltr'>ὲν</span> <span class='ocrx_word' id='word_1_460' title='bbox 168 1540 253 1575; x_wconf 81' lang='grc' dir='ltr'>τρίτῳ</span> <span class='ocrx_word' id='word_1_461' title='bbox 266 1540 296 1566; x_wconf 80' lang='grc' dir='ltr'>δὲ</span> <span class='ocrx_word' id='word_1_462' title='bbox 303 1541 317 1566; x_wconf 84' lang='grc' dir='ltr'>ὁ</span> <span class='ocrx_word' id='word_1_463' title='bbox 329 1540 420 1574; x_wconf 80' lang='grc' dir='ltr'>αὐτὸς,</span> <span class='ocrx_word' id='word_1_464' title='bbox 429 1540 561 1567; x_wconf 82' lang='grc' dir='ltr'><strong>διδάσκων</strong></span> <span class='ocrx_word' id='word_1_465' title='bbox 569 1540 627 1572; x_wconf 86' lang='grc' dir='ltr'><strong>πῶς</strong></span> <span class='ocrx_word' id='word_1_466' title='bbox 633 1541 674 1567; x_wconf 84' lang='grc' dir='ltr'><strong>δεῖ</strong></span> <span class='ocrx_word' id='word_1_467' title='bbox 682 1540 712 1567; x_wconf 83' lang='grc' dir='ltr'><strong>τὸ</strong></span> <span class='ocrx_word' id='word_1_468' title='bbox 725 1540 837 1573; x_wconf 81' lang='grc' dir='ltr'>κτίσμα</span> 
     </span>
    </p>
   </div>
   <div class='ocr_carea' id='block_1_59' title="bbox 67 1584 849 1621">
    <p class='ocr_par' dir='ltr' id='par_1_59' title="bbox 67 1584 849 1621">
     <span class='ocr_line' id='line_1_59' title="bbox 67 1584 849 1621; baseline 0.001 -11"><span class='ocrx_word' id='word_1_469' title='bbox 67 1585 112 1619; x_wconf 79' lang='grc' dir='ltr'><strong>τὴν</strong></span> <span class='ocrx_word' id='word_1_470' title='bbox 127 1584 197 1617; x_wconf 81' lang='grc' dir='ltr'>λέξιν</span> <span class='ocrx_word' id='word_1_471' title='bbox 218 1585 391 1621; x_wconf 77' lang='grc' dir='ltr'>ἐκδέχεσθαι,</span> <span class='ocrx_word' id='word_1_472' title='bbox 414 1586 502 1613; x_wconf 82' lang='grc' dir='ltr'>τοιάδε</span> <span class='ocrx_word' id='word_1_473' title='bbox 519 1588 601 1621; x_wconf 87' lang='grc' dir='ltr'>φησιν</span> <span class='ocrx_word' id='word_1_474' title='bbox 613 1593 622 1602; x_wconf 85' lang='grc'><strong>·</strong></span> <span class='ocrx_word' id='word_1_475' title='bbox 637 1585 745 1612; x_wconf 85' lang='grc' dir='ltr'>Τούτων</span> <span class='ocrx_word' id='word_1_476' title='bbox 759 1585 849 1612; x_wconf 82' lang='grc' dir='ltr'>τοίνυν</span> 
     </span>
    </p>
   </div>
   <div class='ocr_carea' id='block_1_60' title="bbox 67 1626 850 1667">
    <p class='ocr_par' dir='ltr' id='par_1_60' title="bbox 67 1626 850 1667">
     <span class='ocr_line' id='line_1_60' title="bbox 67 1626 850 1667; baseline 0.001 -10"><span class='ocrx_word' id='word_1_477' title='bbox 67 1626 114 1657; x_wconf 79' lang='grc' dir='ltr'><strong>ὧδέ</strong></span> <span class='ocrx_word' id='word_1_478' title='bbox 130 1639 167 1666; x_wconf 80' lang='grc' dir='ltr'><strong>πη</strong></span> <span class='ocrx_word' id='word_1_479' title='bbox 181 1631 446 1666; x_wconf 82' lang='grc' dir='ltr'>κατεσκευασμένων</span> <span class='ocrx_word' id='word_1_480' title='bbox 465 1631 533 1667; x_wconf 71' lang='grc'>(52),</span> <span class='ocrx_word' id='word_1_481' title='bbox 548 1631 692 1658; x_wconf 85' lang='grc' dir='ltr'>ἀκόλουθόν</span> <span class='ocrx_word' id='word_1_482' title='bbox 704 1632 761 1658; x_wconf 75' lang='grc' dir='ltr'>ἐστι</span> <span class='ocrx_word' id='word_1_483' title='bbox 781 1631 850 1666; x_wconf 83' lang='grc' dir='ltr'>μετὰ</span> 
     </span>
    </p>
   </div>
   <div class='ocr_carea' id='block_1_61' title="bbox 67 1675 850 1711">
    <p class='ocr_par' dir='ltr' id='par_1_61' title="bbox 67 1675 850 1711">
     <span class='ocr_line' id='line_1_61' title="bbox 67 1675 850 1711; baseline 0.003 -11"><span class='ocrx_word' id='word_1_484' title='bbox 67 1675 116 1701; x_wconf 82' lang='grc' dir='ltr'><strong>τῶν</strong></span> <span class='ocrx_word' id='word_1_485' title='bbox 129 1676 349 1711; x_wconf 78' lang='grc' dir='ltr'>προεκτεθέντων</span> <span class='ocrx_word' id='word_1_486' title='bbox 360 1676 496 1708; x_wconf 78' lang='grc' dir='ltr'>ἁπάντων,</span> <span class='ocrx_word' id='word_1_487' title='bbox 513 1677 560 1704; x_wconf 80' lang='grc' dir='ltr'>καὶ</span> <span class='ocrx_word' id='word_1_488' title='bbox 567 1676 607 1709; x_wconf 82' lang='grc' dir='ltr'><strong>τὸ,</strong></span> <span class='ocrx_word' id='word_1_489' title='bbox 623 1677 731 1711; x_wconf 83' lang='grc' dir='ltr'>Κύριος</span> <span class='ocrx_word' id='word_1_490' title='bbox 747 1676 850 1703; x_wconf 77' lang='grc' dir='ltr'>ἐκτισέ</span> 
     </span>
    </p>
   </div>
   <div class='ocr_carea' id='block_1_62' title="bbox 67 1721 847 1757">
    <p class='ocr_par' dir='ltr' id='par_1_62' title="bbox 67 1721 847 1757">
     <span class='ocr_line' id='line_1_62' title="bbox 67 1721 847 1757; baseline 0.001 -10"><span class='ocrx_word' id='word_1_491' title='bbox 67 1730 99 1755; x_wconf 76' lang='grc' dir='ltr'><strong>με</strong></span> <span class='ocrx_word' id='word_1_492' title='bbox 115 1721 212 1756; x_wconf 75' lang='grc' dir='ltr'><strong>ἀρχὴν</strong></span> <span class='ocrx_word' id='word_1_493' title='bbox 230 1721 312 1749; x_wconf 79' lang='grc' dir='ltr'><strong>ὁδῶν</strong></span> <span class='ocrx_word' id='word_1_494' title='bbox 330 1722 423 1750; x_wconf 80' lang='grc' dir='ltr'>αὐτοῦ</span> <span class='ocrx_word' id='word_1_495' title='bbox 443 1723 487 1755; x_wconf 80' lang='grc' dir='ltr'><strong>εις</strong></span> <span class='ocrx_word' id='word_1_496' title='bbox 502 1722 574 1757; x_wconf 77' lang='grc' dir='ltr'><strong>ἔργα</strong></span> <span class='ocrx_word' id='word_1_497' title='bbox 586 1722 691 1753; x_wconf 87' lang='grc' dir='ltr'><strong>αὑτοῦ.</strong></span> <span class='ocrx_word' id='word_1_498' title='bbox 713 1722 847 1757; x_wconf 84' lang='grc' dir='ltr'>λελέχθαι.</span> 
     </span>
    </p>
   </div>
   <div class='ocr_carea' id='block_1_63' title="bbox 68 1766 847 1802">
    <p class='ocr_par' dir='ltr' id='par_1_63' title="bbox 68 1766 847 1802">
     <span class='ocr_line' id='line_1_63' title="bbox 68 1766 847 1802; baseline 0.001 -10"><span class='ocrx_word' id='word_1_499' title='bbox 68 1767 96 1792; x_wconf 76' lang='grc' dir='ltr'><strong>Εἰ</strong></span> <span class='ocrx_word' id='word_1_500' title='bbox 109 1767 135 1792; x_wconf 78' lang='grc' dir='ltr'>δὲ</span> <span class='ocrx_word' id='word_1_501' title='bbox 151 1767 224 1801; x_wconf 78' lang='grc' dir='ltr'>λέγει</span> <span class='ocrx_word' id='word_1_502' title='bbox 241 1767 368 1794; x_wconf 77' lang='grc' dir='ltr'>ἐκτίσθαι</span> <span class='ocrx_word' id='word_1_503' title='bbox 379 1767 486 1801; x_wconf 74' lang='grc' dir='ltr'>ἑαυτὸν,</span> <span class='ocrx_word' id='word_1_504' title='bbox 500 1767 550 1802; x_wconf 80' lang='grc' dir='ltr'><strong>οὐχ</strong></span> <span class='ocrx_word' id='word_1_505' title='bbox 561 1767 599 1799; x_wconf 85' lang='grc' dir='ltr'>ὡς</span> <span class='ocrx_word' id='word_1_506' title='bbox 614 1767 646 1794; x_wconf 82' lang='grc' dir='ltr'>ὲκ</span> <span class='ocrx_word' id='word_1_507' title='bbox 654 1766 701 1793; x_wconf 84' lang='grc' dir='ltr'>τοῦ</span> <span class='ocrx_word' id='word_1_508' title='bbox 718 1766 755 1802; x_wconf 79' lang='grc' dir='ltr'>μὴ</span> <span class='ocrx_word' id='word_1_509' title='bbox 772 1766 847 1798; x_wconf 74' lang='grc' dir='ltr'>ὄντος</span> 
     </span>
    </p>
   </div>
   <div class='ocr_carea' id='block_1_64' title="bbox 67 1810 849 1848">
    <p class='ocr_par' dir='ltr' id='par_1_64' title="bbox 67 1810 849 1848">
     <span class='ocr_line' id='line_1_64' title="bbox 67 1810 849 1848; baseline -0.001 -10"><span class='ocrx_word' id='word_1_510' title='bbox 67 1813 102 1844; x_wconf 75' lang='grc' dir='ltr'>εἰς</span> <span class='ocrx_word' id='word_1_511' title='bbox 115 1812 144 1839; x_wconf 74' lang='grc' dir='ltr'><strong>τὸ</strong></span> <span class='ocrx_word' id='word_1_512' title='bbox 156 1810 225 1839; x_wconf 86' lang='grc' dir='ltr'>εἶναι</span> <span class='ocrx_word' id='word_1_513' title='bbox 243 1812 389 1848; x_wconf 78' lang='grc' dir='ltr'>παρελθὼν</span> <span class='ocrx_word' id='word_1_514' title='bbox 404 1812 489 1840; x_wconf 81' lang='grc' dir='ltr'>ταῦτα</span> <span class='ocrx_word' id='word_1_515' title='bbox 512 1812 546 1839; x_wconf 84' lang='grc' dir='ltr'><strong>ἂν</strong></span> <span class='ocrx_word' id='word_1_516' title='bbox 558 1812 639 1844; x_wconf 84' lang='grc' dir='ltr'>εῐποι,</span> <span class='ocrx_word' id='word_1_517' title='bbox 661 1811 714 1839; x_wconf 81' lang='grc' dir='ltr'>οὐδ’</span> <span class='ocrx_word' id='word_1_518' title='bbox 735 1811 773 1843; x_wconf 82' lang='grc' dir='ltr'>ὡς</span> <span class='ocrx_word' id='word_1_519' title='bbox 793 1812 849 1843; x_wconf 84' lang='grc' dir='ltr'>τοῖς</span> 
     </span>
    </p>
   </div>
   <div class='ocr_carea' id='block_1_65' title="bbox 70 1855 850 1892">
    <p class='ocr_par' dir='ltr' id='par_1_65' title="bbox 70 1855 850 1892">
     <span class='ocr_line' id='line_1_65' title="bbox 70 1855 850 1892; baseline 0 -10"><span class='ocrx_word' id='word_1_520' title='bbox 70 1857 165 1889; x_wconf 82' lang='grc' dir='ltr'>λοιποῖς</span> <span class='ocrx_word' id='word_1_521' title='bbox 181 1858 317 1892; x_wconf 79' lang='grc' dir='ltr'>κτίσμασι</span> <span class='ocrx_word' id='word_1_522' title='bbox 331 1857 377 1884; x_wconf 79' lang='grc' dir='ltr'>καὶ</span> <span class='ocrx_word' id='word_1_523' title='bbox 391 1857 472 1889; x_wconf 72' lang='grc' dir='ltr'>αὐτὸς</span> <span class='ocrx_word' id='word_1_524' title='bbox 487 1857 520 1883; x_wconf 79' lang='grc' dir='ltr'>ὲκ</span> <span class='ocrx_word' id='word_1_525' title='bbox 536 1856 584 1883; x_wconf 84' lang='grc' dir='ltr'>τοῦ</span> <span class='ocrx_word' id='word_1_526' title='bbox 599 1856 637 1892; x_wconf 80' lang='grc' dir='ltr'>μὴ</span> <span class='ocrx_word' id='word_1_527' title='bbox 656 1856 732 1887; x_wconf 78' lang='grc' dir='ltr'>δντος</span> <span class='ocrx_word' id='word_1_528' title='bbox 750 1855 850 1890; x_wconf 75' lang='grc' dir='ltr'>ὁμοίως</span> 
     </span>
    </p>
   </div>
   <div class='ocr_carea' id='block_1_66' title="bbox 68 1901 850 1939">
    <p class='ocr_par' dir='ltr' id='par_1_66' title="bbox 68 1901 850 1939">
     <span class='ocr_line' id='line_1_66' title="bbox 68 1901 850 1939; baseline 0 -11"><span class='ocrx_word' id='word_1_529' title='bbox 68 1903 189 1936; x_wconf 82' lang='grc' dir='ltr'>γεγονὼς,</span> <span class='ocrx_word' id='word_1_530' title='bbox 206 1904 222 1930; x_wconf 83' lang='grc' dir='ltr'><strong>ὃ</strong></span> <span class='ocrx_word' id='word_1_531' title='bbox 237 1912 313 1936; x_wconf 84' lang='grc' dir='ltr'>τινες</span> <span class='ocrx_word' id='word_1_532' title='bbox 335 1903 385 1930; x_wconf 81' lang='grc' dir='ltr'>οὐκ</span> <span class='ocrx_word' id='word_1_533' title='bbox 400 1903 487 1939; x_wconf 82' lang='grc' dir='ltr'>ὀρθῶς</span> <span class='ocrx_word' id='word_1_534' title='bbox 504 1902 696 1938; x_wconf 84' lang='grc' dir='ltr'>ὑπειλήφασιν.</span> <span class='ocrx_word' id='word_1_535' title='bbox 717 1901 788 1928; x_wconf 78' lang='grc' dir='ltr'><strong>Ἀλλ’</strong></span> <span class='ocrx_word' id='word_1_536' title='bbox 812 1902 850 1934; x_wconf 84' lang='grc' dir='ltr'>ὡς</span> 
     </span>
    </p>
   </div>
   <div class='ocr_carea' id='block_1_67' title="bbox 69 1947 850 1984">
    <p class='ocr_par' dir='ltr' id='par_1_67' title="bbox 69 1947 850 1984">
     <span class='ocr_line' id='line_1_67' title="bbox 69 1947 850 1984; baseline 0.001 -10"><span class='ocrx_word' id='word_1_537' title='bbox 69 1949 183 1981; x_wconf 69' lang='grc' dir='ltr'>ὑφεστὼς</span> <span class='ocrx_word' id='word_1_538' title='bbox 196 1949 247 1984; x_wconf 78' lang='grc' dir='ltr'><strong>μὲν</strong></span> <span class='ocrx_word' id='word_1_539' title='bbox 261 1949 311 1976; x_wconf 71' lang='grc' dir='ltr'>καὶ</span> <span class='ocrx_word' id='word_1_540' title='bbox 324 1948 390 1981; x_wconf 80' lang='grc' dir='ltr'><strong>ξῶν,</strong></span> <span class='ocrx_word' id='word_1_541' title='bbox 399 1948 490 1984; x_wconf 82' lang='grc' dir='ltr'>προών</span> <span class='ocrx_word' id='word_1_542' title='bbox 501 1958 531 1976; x_wconf 91' lang='grc' dir='ltr'><strong>τε</strong></span> <span class='ocrx_word' id='word_1_543' title='bbox 543 1948 589 1975; x_wconf 74' lang='grc' dir='ltr'>καὶ</span> <span class='ocrx_word' id='word_1_544' title='bbox 604 1948 790 1984; x_wconf 83' lang='grc' dir='ltr'>προῦπάρχων</span> <span class='ocrx_word' id='word_1_545' title='bbox 799 1947 850 1982; x_wconf 84' lang='grc' dir='ltr'><strong>τῆς</strong></span> 
     </span>
    </p>
   </div>
   <div class='ocr_carea' id='block_1_68' title="bbox 69 1994 850 2030">
    <p class='ocr_par' dir='ltr' id='par_1_68' title="bbox 69 1994 850 2030">
     <span class='ocr_line' id='line_1_68' title="bbox 69 1994 850 2030; baseline 0.003 -10"><span class='ocrx_word' id='word_1_546' title='bbox 69 1995 111 2020; x_wconf 75' lang='grc' dir='ltr'>τοῦ</span> <span class='ocrx_word' id='word_1_547' title='bbox 127 1996 227 2027; x_wconf 77' lang='grc' dir='ltr'>παντὸς</span> <span class='ocrx_word' id='word_1_548' title='bbox 243 1995 349 2030; x_wconf 80' lang='grc' dir='ltr'>κόσμου</span> <span class='ocrx_word' id='word_1_549' title='bbox 364 1995 520 2027; x_wconf 78' lang='grc' dir='ltr'>συστάσεως</span> <span class='ocrx_word' id='word_1_550' title='bbox 530 2003 537 2010; x_wconf 85' lang='grc'>⁶</span> <span class='ocrx_word' id='word_1_551' title='bbox 555 1994 650 2030; x_wconf 77' lang='grc' dir='ltr'>ἄρχειν</span> <span class='ocrx_word' id='word_1_552' title='bbox 671 1995 700 2021; x_wconf 80' lang='grc' dir='ltr'>δὲ</span> <span class='ocrx_word' id='word_1_553' title='bbox 715 1995 767 2021; x_wconf 86' lang='grc' dir='ltr'><strong>τῶν</strong></span> <span class='ocrx_word' id='word_1_554' title='bbox 783 1994 850 2022; x_wconf 85' lang='grc' dir='ltr'><strong>ὅλων</strong></span> 
     </span>
    </p>
   </div>
   <div class='ocr_carea' id='block_1_69' title="bbox 69 2040 849 2077">
    <p class='ocr_par' dir='ltr' id='par_1_69' title="bbox 69 2040 849 2077">
     <span class='ocr_line' id='line_1_69' title="bbox 69 2040 849 2077; baseline 0.001 -11"><span class='ocrx_word' id='word_1_555' title='bbox 69 2040 116 2066; x_wconf 70' lang='grc' dir='ltr'><strong>ὑπὸ</strong></span> <span class='ocrx_word' id='word_1_556' title='bbox 126 2040 172 2066; x_wconf 81' lang='grc' dir='ltr'>τοῦ</span> <span class='ocrx_word' id='word_1_557' title='bbox 188 2041 295 2077; x_wconf 80' lang='grc' dir='ltr'>Κυρίου</span> <span class='ocrx_word' id='word_1_558' title='bbox 310 2041 355 2067; x_wconf 77' lang='grc' dir='ltr'>τοῦ</span> <span class='ocrx_word' id='word_1_559' title='bbox 368 2041 465 2067; x_wconf 80' lang='grc' dir='ltr'>ἑαυτοῦ</span> <span class='ocrx_word' id='word_1_560' title='bbox 477 2040 583 2076; x_wconf 79' lang='grc' dir='ltr'>[ἰατρὸς</span> <span class='ocrx_word' id='word_1_561' title='bbox 597 2040 833 2076; x_wconf 86' lang='grc' dir='ltr'>κατατεταγμένος</span> <span class='ocrx_word' id='word_1_562' title='bbox 842 2049 849 2056; x_wconf 89' lang='grc'><strong>·</strong></span> 
     </span>
    </p>
   </div>
   <div class='ocr_carea' id='block_1_70' title="bbox 70 2085 850 2122">
    <p class='ocr_par' dir='ltr' id='par_1_70' title="bbox 70 2085 850 2122">
     <span class='ocr_line' id='line_1_70' title="bbox 70 2085 850 2122; baseline 0.001 -10"><span class='ocrx_word' id='word_1_563' title='bbox 70 2086 111 2112; x_wconf 78' lang='grc' dir='ltr'><strong>τοῦ</strong></span> <span class='ocrx_word' id='word_1_564' title='bbox 127 2087 250 2113; x_wconf 73' lang='grc' dir='ltr'>ἔκτισεν</span> <span class='ocrx_word' id='word_1_565' title='bbox 265 2086 394 2118; x_wconf 75' lang='grc' dir='ltr'>ἐνταῦθα,</span> <span class='ocrx_word' id='word_1_566' title='bbox 409 2087 469 2114; x_wconf 76' lang='grc' dir='ltr'>ἀντὶ</span> <span class='ocrx_word' id='word_1_567' title='bbox 478 2086 524 2113; x_wconf 80' lang='grc' dir='ltr'>τοῦ</span> <span class='ocrx_word' id='word_1_568' title='bbox 539 2085 685 2118; x_wconf 79' lang='grc' dir='ltr'>κατέταξεν</span> <span class='ocrx_word' id='word_1_569' title='bbox 694 2086 711 2121; x_wconf 78' lang='grc' dir='ltr'><strong>ἢ</strong></span> <span class='ocrx_word' id='word_1_570' title='bbox 724 2086 850 2122; x_wconf 77' lang='grc' dir='ltr'>κατέστη-</span> 
     </span>
    </p>
   </div>
   <div class='ocr_carea' id='block_1_71' title="bbox 70 2130 852 2168">
    <p class='ocr_par' dir='ltr' id='par_1_71' title="bbox 70 2130 852 2168">
     <span class='ocr_line' id='line_1_71' title="bbox 70 2130 852 2168; baseline 0 -10"><span class='ocrx_word' id='word_1_571' title='bbox 70 2141 111 2157; x_wconf 77' lang='grc' dir='ltr'><strong>σεν</strong></span> <span class='ocrx_word' id='word_1_572' title='bbox 132 2133 292 2168; x_wconf 70' lang='grc' dir='ltr'>εἰρημένου.</span> <span class='ocrx_word' id='word_1_573' title='bbox 312 2133 465 2168; x_wconf 81' lang='grc' dir='ltr'>Διαῤῥὴδην</span> <span class='ocrx_word' id='word_1_574' title='bbox 485 2130 531 2159; x_wconf 85' lang='grc' dir='ltr'>οὖν</span> <span class='ocrx_word' id='word_1_575' title='bbox 555 2132 619 2164; x_wconf 77' lang='grc' dir='ltr'>τοὺς</span> <span class='ocrx_word' id='word_1_576' title='bbox 644 2133 674 2158; x_wconf 79' lang='grc' dir='ltr'><strong>ἐν</strong></span> <span class='ocrx_word' id='word_1_577' title='bbox 699 2132 852 2167; x_wconf 75' lang='grc' dir='ltr'>ἀνθρώποις</span> 
     </span>
    </p>
   </div>
   <div class='ocr_carea' id='block_1_72' title="bbox 70 2178 852 2214">
    <p class='ocr_par' dir='ltr' id='par_1_72' title="bbox 70 2178 852 2214">
     <span class='ocr_line' id='line_1_72' title="bbox 70 2178 852 2214; baseline 0.001 -10"><span class='ocrx_word' id='word_1_578' title='bbox 70 2179 196 2213; x_wconf 78' lang='grc' dir='ltr'>ἄρχοντας</span> <span class='ocrx_word' id='word_1_579' title='bbox 220 2179 270 2206; x_wconf 76' lang='grc' dir='ltr'>καὶ</span> <span class='ocrx_word' id='word_1_580' title='bbox 292 2179 440 2214; x_wconf 83' lang='grc' dir='ltr'>ἡγεμόνας,</span> <span class='ocrx_word' id='word_1_581' title='bbox 460 2179 550 2205; x_wconf 81' lang='grc' dir='ltr'>κτίσιν</span> <span class='ocrx_word' id='word_1_582' title='bbox 567 2178 707 2214; x_wconf 81' lang='grc' dir='ltr'>ὠνόμασεν</span> <span class='ocrx_word' id='word_1_583' title='bbox 728 2179 743 2205; x_wconf 85' lang='grc' dir='ltr'><strong>ό</strong></span> <span class='ocrx_word' id='word_1_584' title='bbox 768 2178 852 2205; x_wconf 78' lang='grc' dir='ltr'>εἰπὼν</span> 
     </span>
    </p>
   </div>
   <div class='ocr_carea' id='block_1_73' title="bbox 69 2222 853 2259">
    <p class='ocr_par' dir='ltr' id='par_1_73' title="bbox 69 2222 853 2259">
     <span class='ocr_line' id='line_1_73' title="bbox 69 2222 853 2259; baseline 0.001 -9"><span class='ocrx_word' id='word_1_585' title='bbox 69 2225 220 2256; x_wconf 71' lang='grc' dir='ltr'>ἀπόστολος,</span> <span class='ocrx_word' id='word_1_586' title='bbox 249 2224 432 2259; x_wconf 78' lang='grc' dir='ltr'><strong>’Υποτάγητε</strong></span> <span class='ocrx_word' id='word_1_587' title='bbox 446 2222 503 2252; x_wconf 78' lang='grc' dir='ltr'><strong>οὖν</strong></span> <span class='ocrx_word' id='word_1_588' title='bbox 515 2224 598 2258; x_wconf 81' lang='grc' dir='ltr'><strong>πάσῃ</strong></span> <span class='ocrx_word' id='word_1_589' title='bbox 613 2224 782 2259; x_wconf 77' lang='grc' dir='ltr'><strong>ἀνθρωπίνῃ</strong></span> <span class='ocrx_word' id='word_1_590' title='bbox 793 2225 853 2251; x_wconf 77' lang='grc' dir='ltr'>κτί-</span> 
     </span>
    </p>
   </div>
   <div class='ocr_carea' id='block_1_74' title="bbox 69 2268 852 2304">
    <p class='ocr_par' dir='ltr' id='par_1_74' title="bbox 69 2268 852 2304">
     <span class='ocr_line' id='line_1_74' title="bbox 69 2268 852 2304; baseline -0.001 -8"><span class='ocrx_word' id='word_1_591' title='bbox 69 2278 111 2296; x_wconf 83' lang='grc' dir='ltr'><strong>σει</strong></span> <span class='ocrx_word' id='word_1_592' title='bbox 123 2270 170 2298; x_wconf 85' lang='grc' dir='ltr'>διὰ</span> <span class='ocrx_word' id='word_1_593' title='bbox 185 2271 239 2297; x_wconf 81' lang='grc' dir='ltr'><strong>τὸν</strong></span> <span class='ocrx_word' id='word_1_594' title='bbox 254 2271 376 2304; x_wconf 76' lang='grc' dir='ltr'>Κύριον,</span> <span class='ocrx_word' id='word_1_595' title='bbox 392 2270 452 2298; x_wconf 80' lang='grc' dir='ltr'>εἴτε</span> <span class='ocrx_word' id='word_1_596' title='bbox 463 2268 600 2302; x_wconf 76' lang='grc' dir='ltr'>βασιλεῖ,</span> <span class='ocrx_word' id='word_1_597' title='bbox 613 2270 653 2303; x_wconf 83' lang='grc' dir='ltr'>ὡς</span> <span class='ocrx_word' id='word_1_598' title='bbox 666 2270 852 2304; x_wconf 72' lang='grc' dir='ltr'>ὑπερέχοντι,</span> 
     </span>
    </p>
   </div>
   <div class='ocr_carea' id='block_1_75' title="bbox 69 2315 854 2352">
    <p class='ocr_par' dir='ltr' id='par_1_75' title="bbox 69 2315 854 2352">
     <span class='ocr_line' id='line_1_75' title="bbox 69 2315 854 2352; baseline -0.001 -10"><span class='ocrx_word' id='word_1_599' title='bbox 69 2318 123 2343; x_wconf 79' lang='grc' dir='ltr'>εἴτε</span> <span class='ocrx_word' id='word_1_600' title='bbox 146 2317 306 2352; x_wconf 77' lang='grc' dir='ltr'>ἡγεμόσιν,</span> <span class='ocrx_word' id='word_1_601' title='bbox 330 2316 370 2349; x_wconf 86' lang='grc' dir='ltr'><strong>ὡς</strong></span> <span class='ocrx_word' id='word_1_602' title='bbox 383 2316 420 2343; x_wconf 82' lang='grc' dir='ltr'>δι’</span> <span class='ocrx_word' id='word_1_603' title='bbox 436 2316 529 2343; x_wconf 79' lang='grc' dir='ltr'>αὑτοῦ</span> <span class='ocrx_word' id='word_1_604' title='bbox 543 2315 752 2350; x_wconf 78' lang='grc' dir='ltr'>πεμπομένοις.</span> <span class='ocrx_word' id='word_1_605' title='bbox 771 2315 827 2341; x_wconf 77' lang='grc' dir='ltr'><strong>Καὶ</strong></span> <span class='ocrx_word' id='word_1_606' title='bbox 840 2315 854 2341; x_wconf 84' lang='grc' dir='ltr'><strong>ὸ</strong></span> 
     </span>
    </p>
   </div>
   <div class='ocr_carea' id='block_1_76' title="bbox 70 2360 860 2397">
    <p class='ocr_par' dir='ltr' id='par_1_76' title="bbox 70 2360 860 2397">
     <span class='ocr_line' id='line_1_76' title="bbox 70 2360 860 2397; baseline 0.001 -11"><span class='ocrx_word' id='word_1_607' title='bbox 70 2361 147 2388; x_wconf 70' lang='grc' dir='ltr'>εἰπὼν</span> <span class='ocrx_word' id='word_1_608' title='bbox 161 2361 190 2388; x_wconf 78' lang='grc' dir='ltr'>δὲ</span> <span class='ocrx_word' id='word_1_609' title='bbox 205 2362 364 2397; x_wconf 74' lang='grc' dir='ltr'>προφήτης,</span> <span class='ocrx_word' id='word_1_610' title='bbox 387 2360 557 2396; x_wconf 76' lang='grc' dir='ltr'>Ἑτοιμάζου</span> <span class='ocrx_word' id='word_1_611' title='bbox 576 2360 629 2388; x_wconf 85' lang='grc' dir='ltr'>τοῦ</span> <span class='ocrx_word' id='word_1_612' title='bbox 647 2360 860 2389; x_wconf 71' lang='grc' dir='ltr'>ἐπικαλεῖσθαι</span> 
     </span>
    </p>
   </div>
   <div class='ocr_carea' id='block_1_77' title="bbox 932 1435 1685 1481">
    <p class='ocr_par' dir='ltr' id='par_1_77' title="bbox 932 1435 1685 1481">
     <span class='ocr_line' id='line_1_77' title="bbox 932 1435 1685 1481; baseline -0.02 -5"><span class='ocrx_word' id='word_1_613' title='bbox 932 1448 995 1476; x_wconf 81' lang='lat' dir='ltr'><strong>llaec</strong></span> <span class='ocrx_word' id='word_1_614' title='bbox 1014 1451 1042 1475; x_wconf 89' lang='lat' dir='ltr'><strong>et</strong></span> <span class='ocrx_word' id='word_1_615' title='bbox 1062 1445 1115 1474; x_wconf 86' lang='lat' dir='ltr'><strong>alia</strong></span> <span class='ocrx_word' id='word_1_616' title='bbox 1128 1444 1244 1481; x_wconf 87' lang='lat' dir='ltr'><strong>plurima</strong></span> <span class='ocrx_word' id='word_1_617' title='bbox 1263 1443 1298 1470; x_wconf 87' lang='lat' dir='ltr'><strong>ab</strong></span> <span class='ocrx_word' id='word_1_618' title='bbox 1316 1441 1436 1470; x_wconf 85' lang='lat' dir='ltr'><strong>Eusebio</strong></span> <span class='ocrx_word' id='word_1_619' title='bbox 1457 1436 1591 1473; x_wconf 82' lang='lat' dir='ltr'><strong>Pamphili</strong></span> <span class='ocrx_word' id='word_1_620' title='bbox 1611 1435 1685 1463; x_wconf 82' lang='lat' dir='ltr'><strong>dicta</strong></span> 
     </span>
    </p>
   </div>
   <div class='ocr_carea' id='block_1_78' title="bbox 895 1482 1685 1519">
    <p class='ocr_par' dir='ltr' id='par_1_78' title="bbox 895 1482 1685 1519">
     <span class='ocr_line' id='line_1_78' title="bbox 895 1482 1685 1519; baseline -0.019 0"><span class='ocrx_word' id='word_1_621' title='bbox 895 1495 961 1519; x_wconf 86' lang='lat' dir='ltr'><strong>sunt</strong></span> <span class='ocrx_word' id='word_1_622' title='bbox 977 1491 1006 1518; x_wconf 92' lang='lat' dir='ltr'><strong>in</strong></span> <span class='ocrx_word' id='word_1_623' title='bbox 1025 1490 1096 1518; x_wconf 89' lang='lat' dir='ltr'><strong>libro</strong></span> <span class='ocrx_word' id='word_1_624' title='bbox 1118 1489 1250 1517; x_wconf 87' lang='lat' dir='ltr'><strong>adversus</strong></span> <span class='ocrx_word' id='word_1_625' title='bbox 1262 1486 1429 1514; x_wconf 84' lang='lat' dir='ltr'><strong>Marcellum.</strong></span> <span class='ocrx_word' id='word_1_626' title='bbox 1448 1483 1479 1510; x_wconf 88' lang='lat' dir='ltr'><strong>In</strong></span> <span class='ocrx_word' id='word_1_627' title='bbox 1494 1482 1575 1509; x_wconf 79' lang='lat' dir='ltr'><strong>tertio</strong></span> <span class='ocrx_word' id='word_1_628' title='bbox 1593 1483 1685 1507; x_wconf 79' lang='lat' dir='ltr'><strong>autem</strong></span> 
     </span>
    </p>
   </div>
   <div class='ocr_carea' id='block_1_79' title="bbox 894 1521 1685 1569">
    <p class='ocr_par' dir='ltr' id='par_1_79' title="bbox 894 1521 1685 1569">
     <span class='ocr_line' id='line_1_79' title="bbox 894 1521 1685 1569; baseline -0.018 -7"><span class='ocrx_word' id='word_1_629' title='bbox 894 1534 1019 1569; x_wconf 86' lang='lat' dir='ltr'><strong>ejusdem</strong></span> <span class='ocrx_word' id='word_1_630' title='bbox 1033 1533 1123 1569; x_wconf 84' lang='lat' dir='ltr'><strong>operis</strong></span> <span class='ocrx_word' id='word_1_631' title='bbox 1142 1531 1224 1563; x_wconf 87' lang='lat' dir='ltr'><strong>libro,</strong></span> <span class='ocrx_word' id='word_1_632' title='bbox 1237 1531 1340 1557; x_wconf 90' lang='lat' dir='ltr'><strong>docens</strong></span> <span class='ocrx_word' id='word_1_633' title='bbox 1353 1527 1490 1564; x_wconf 90' lang='lat' dir='ltr'><strong>quomodo</strong></span> <span class='ocrx_word' id='word_1_634' title='bbox 1509 1521 1685 1559; x_wconf 78' lang='lat' dir='ltr'><strong>intelligenda</strong></span> 
     </span>
    </p>
   </div>
   <div class='ocr_carea' id='block_1_80' title="bbox 893 1570 1686 1615">
    <p class='ocr_par' dir='ltr' id='par_1_80' title="bbox 893 1570 1686 1615">
     <span class='ocr_line' id='line_1_80' title="bbox 893 1570 1686 1615; baseline -0.016 -7"><span class='ocrx_word' id='word_1_635' title='bbox 893 1581 931 1608; x_wconf 86' lang='lat' dir='ltr'><strong>sit</strong></span> <span class='ocrx_word' id='word_1_636' title='bbox 947 1581 1023 1615; x_wconf 76' lang='lat'><strong>107</strong></span> <span class='ocrx_word' id='word_1_637' title='bbox 1036 1580 1095 1607; x_wconf 71' lang='lat' dir='ltr'><strong>hrec</strong></span> <span class='ocrx_word' id='word_1_638' title='bbox 1104 1586 1157 1606; x_wconf 83' lang='lat' dir='ltr'><strong>vox</strong></span> <span class='ocrx_word' id='word_1_639' title='bbox 1170 1577 1281 1612; x_wconf 84' lang='grc' dir='ltr'>κτίσμα,</span> <span class='ocrx_word' id='word_1_640' title='bbox 1296 1576 1333 1603; x_wconf 89' lang='lat' dir='ltr'><strong>ita</strong></span> <span class='ocrx_word' id='word_1_641' title='bbox 1349 1574 1471 1609; x_wconf 84' lang='lat' dir='ltr'><strong>loquitur</strong></span> <span class='ocrx_word' id='word_1_642' title='bbox 1484 1581 1490 1598; x_wconf 74' lang='grc' dir='ltr'><strong>ι</strong></span> <span class='ocrx_word' id='word_1_643' title='bbox 1507 1571 1556 1598; x_wconf 79' lang='lat' dir='ltr'><strong>[lis</strong></span> <span class='ocrx_word' id='word_1_644' title='bbox 1569 1570 1606 1597; x_wconf 78' lang='lat' dir='ltr'><strong>ita</strong></span> <span class='ocrx_word' id='word_1_645' title='bbox 1620 1575 1686 1596; x_wconf 73' lang='lat' dir='ltr'><strong>con~</strong></span> 
     </span>
    </p>
   </div>
   <div class='ocr_carea' id='block_1_81' title="bbox 895 1616 1686 1659">
    <p class='ocr_par' dir='ltr' id='par_1_81' title="bbox 895 1616 1686 1659">
     <span class='ocr_line' id='line_1_81' title="bbox 895 1616 1686 1659; baseline -0.018 -5"><span class='ocrx_word' id='word_1_646' title='bbox 895 1627 1011 1658; x_wconf 88' lang='lat' dir='ltr'><strong>stitutis,</strong></span> <span class='ocrx_word' id='word_1_647' title='bbox 1024 1631 1195 1659; x_wconf 84' lang='lat' dir='ltr'><strong>consequens</strong></span> <span class='ocrx_word' id='word_1_648' title='bbox 1204 1626 1257 1655; x_wconf 88' lang='lat' dir='ltr'><strong>est,</strong></span> <span class='ocrx_word' id='word_1_649' title='bbox 1270 1626 1311 1654; x_wconf 87' lang='lat' dir='ltr'><strong>ut,</strong></span> <span class='ocrx_word' id='word_1_650' title='bbox 1323 1617 1554 1656; x_wconf 81' lang='lat' dir='ltr'><strong>quemadmodum</strong></span> <span class='ocrx_word' id='word_1_651' title='bbox 1567 1616 1614 1643; x_wconf 88' lang='lat' dir='ltr'><strong>illa</strong></span> <span class='ocrx_word' id='word_1_652' title='bbox 1625 1620 1686 1649; x_wconf 75' lang='lat' dir='ltr'><strong>qua:</strong></span> 
     </span>
    </p>
   </div>
   <div class='ocr_carea' id='block_1_82' title="bbox 896 1661 1685 1709">
    <p class='ocr_par' dir='ltr' id='par_1_82' title="bbox 896 1661 1685 1709">
     <span class='ocr_line' id='line_1_82' title="bbox 896 1661 1685 1709; baseline -0.018 -9"><span class='ocrx_word' id='word_1_653' title='bbox 896 1675 1105 1709; x_wconf 66' lang='lat' dir='ltr'><strong>praecesserunt,</strong></span> <span class='ocrx_word' id='word_1_654' title='bbox 1118 1671 1158 1698; x_wconf 87' lang='lat' dir='ltr'><strong>sic</strong></span> <span class='ocrx_word' id='word_1_655' title='bbox 1169 1670 1252 1697; x_wconf 89' lang='lat' dir='ltr'><strong>etiam</strong></span> <span class='ocrx_word' id='word_1_656' title='bbox 1263 1669 1321 1695; x_wconf 79' lang='lat' dir='ltr'><strong>haec</strong></span> <span class='ocrx_word' id='word_1_657' title='bbox 1336 1666 1420 1694; x_wconf 87' lang='lat' dir='ltr'><strong>verba</strong></span> <span class='ocrx_word' id='word_1_658' title='bbox 1433 1674 1440 1692; x_wconf 85' lang='lat'><strong>:</strong></span> <span class='ocrx_word' id='word_1_659' title='bbox 1453 1664 1579 1692; x_wconf 78' lang='lat' dir='ltr'><strong>Dominus</strong></span> <span class='ocrx_word' id='word_1_660' title='bbox 1595 1661 1685 1688; x_wconf 52' lang='lat' dir='ltr'><strong>condis</strong></span> 
     </span>
    </p>
   </div>
   <div class='ocr_carea' id='block_1_83' title="bbox 863 1707 1686 1747">
    <p class='ocr_par' dir='ltr' id='par_1_83' title="bbox 863 1707 1686 1747">
     <span class='ocr_line' id='line_1_83' title="bbox 863 1707 1686 1747; baseline -0.017 0"><span class='ocrx_word' id='word_1_661' title='bbox 863 1712 885 1741; x_wconf 65' lang='grc' dir='ltr'>θ’</span> <span class='ocrx_word' id='word_1_662' title='bbox 901 1719 939 1746; x_wconf 81' lang='lat' dir='ltr'><strong>dit</strong></span> <span class='ocrx_word' id='word_1_663' title='bbox 953 1726 994 1746; x_wconf 84' lang='lat' dir='ltr'><strong>me</strong></span> <span class='ocrx_word' id='word_1_664' title='bbox 1013 1718 1117 1745; x_wconf 80' lang='lat' dir='ltr'><strong>initium</strong></span> <span class='ocrx_word' id='word_1_665' title='bbox 1128 1717 1231 1744; x_wconf 77' lang='lat' dir='ltr'><strong>viarum</strong></span> <span class='ocrx_word' id='word_1_666' title='bbox 1243 1722 1352 1742; x_wconf 82' lang='lat' dir='ltr'><strong>suarum</strong></span> <span class='ocrx_word' id='word_1_667' title='bbox 1369 1712 1403 1739; x_wconf 77' lang='lat' dir='ltr'><strong>ad</strong></span> <span class='ocrx_word' id='word_1_668' title='bbox 1421 1719 1502 1747; x_wconf 79' lang='lat' dir='ltr'><strong>opera</strong></span> <span class='ocrx_word' id='word_1_669' title='bbox 1518 1718 1578 1742; x_wconf 77' lang='lat' dir='ltr'><strong>sua,</strong></span> <span class='ocrx_word' id='word_1_670' title='bbox 1593 1707 1628 1735; x_wconf 85' lang='lat' dir='ltr'><strong>de</strong></span> <span class='ocrx_word' id='word_1_671' title='bbox 1638 1715 1686 1734; x_wconf 81' lang='lat' dir='ltr'><strong>ea-</strong></span> 
     </span>
    </p>
   </div>
   <div class='ocr_carea' id='block_1_84' title="bbox 901 1758 1687 1800">
    <p class='ocr_par' dir='ltr' id='par_1_84' title="bbox 901 1758 1687 1800">
     <span class='ocr_line' id='line_1_84' title="bbox 901 1758 1687 1800; baseline -0.018 -7"><span class='ocrx_word' id='word_1_672' title='bbox 901 1765 963 1793; x_wconf 90' lang='lat' dir='ltr'><strong>dem</strong></span> <span class='ocrx_word' id='word_1_673' title='bbox 979 1772 1097 1800; x_wconf 87' lang='lat' dir='ltr'><strong>persona</strong></span> <span class='ocrx_word' id='word_1_674' title='bbox 1110 1763 1183 1790; x_wconf 87' lang='lat' dir='ltr'><strong>dicta</strong></span> <span class='ocrx_word' id='word_1_675' title='bbox 1206 1762 1270 1789; x_wconf 90' lang='lat' dir='ltr'><strong>sint.</strong></span> <span class='ocrx_word' id='word_1_676' title='bbox 1293 1759 1371 1793; x_wconf 85' lang='lat' dir='ltr'><strong>Quod</strong></span> <span class='ocrx_word' id='word_1_677' title='bbox 1393 1758 1417 1786; x_wconf 88' lang='lat' dir='ltr'><strong>si</strong></span> <span class='ocrx_word' id='word_1_678' title='bbox 1438 1759 1560 1784; x_wconf 89' lang='lat' dir='ltr'><strong>creatum</strong></span> <span class='ocrx_word' id='word_1_679' title='bbox 1573 1761 1603 1781; x_wconf 84' lang='lat' dir='ltr'><strong>se</strong></span> <span class='ocrx_word' id='word_1_680' title='bbox 1625 1759 1687 1781; x_wconf 87' lang='lat' dir='ltr'><strong>esse</strong></span> 
     </span>
    </p>
   </div>
   <div class='ocr_carea' id='block_1_85' title="bbox 901 1799 1687 1844">
    <p class='ocr_par' dir='ltr' id='par_1_85' title="bbox 901 1799 1687 1844">
     <span class='ocr_line' id='line_1_85' title="bbox 901 1799 1687 1844; baseline -0.019 -5"><span class='ocrx_word' id='word_1_681' title='bbox 901 1799 1042 1844; x_wconf 21' lang='lat' dir='ltr'><strong>dicit,rnon</strong></span> <span class='ocrx_word' id='word_1_682' title='bbox 1054 1810 1091 1837; x_wconf 90' lang='lat' dir='ltr'><strong>ita</strong></span> <span class='ocrx_word' id='word_1_683' title='bbox 1099 1808 1288 1844; x_wconf 86' lang='lat' dir='ltr'><strong>accipiendum</strong></span> <span class='ocrx_word' id='word_1_684' title='bbox 1299 1809 1350 1838; x_wconf 88' lang='lat' dir='ltr'><strong>est,</strong></span> <span class='ocrx_word' id='word_1_685' title='bbox 1363 1804 1441 1840; x_wconf 83' lang='lat' dir='ltr'><strong>quasi</strong></span> <span class='ocrx_word' id='word_1_686' title='bbox 1452 1803 1535 1834; x_wconf 80' lang='lat' dir='ltr'><strong>dicat,</strong></span> <span class='ocrx_word' id='word_1_687' title='bbox 1549 1808 1578 1828; x_wconf 89' lang='lat' dir='ltr'><strong>se</strong></span> <span class='ocrx_word' id='word_1_688' title='bbox 1590 1799 1687 1826; x_wconf 80' lang='lat' dir='ltr'><strong>denon</strong></span> 
     </span>
    </p>
   </div>
   <div class='ocr_carea' id='block_1_86' title="bbox 901 1845 1688 1889">
    <p class='ocr_par' dir='ltr' id='par_1_86' title="bbox 901 1845 1688 1889">
     <span class='ocr_line' id='line_1_86' title="bbox 901 1845 1688 1889; baseline -0.019 -4"><span class='ocrx_word' id='word_1_689' title='bbox 901 1857 1073 1886; x_wconf 81' lang='lat' dir='ltr'><strong>exstantibus</strong></span> <span class='ocrx_word' id='word_1_690' title='bbox 1085 1855 1119 1883; x_wconf 90' lang='lat' dir='ltr'><strong>ad</strong></span> <span class='ocrx_word' id='word_1_691' title='bbox 1132 1854 1160 1882; x_wconf 89' lang='lat' dir='ltr'><strong>id</strong></span> <span class='ocrx_word' id='word_1_692' title='bbox 1175 1853 1250 1889; x_wconf 86' lang='lat' dir='ltr'><strong>quod</strong></span> <span class='ocrx_word' id='word_1_693' title='bbox 1260 1856 1301 1880; x_wconf 89' lang='lat' dir='ltr'><strong>est</strong></span> <span class='ocrx_word' id='word_1_694' title='bbox 1312 1850 1479 1886; x_wconf 89' lang='lat' dir='ltr'><strong>pervenisse,</strong></span> <span class='ocrx_word' id='word_1_695' title='bbox 1492 1851 1520 1875; x_wconf 89' lang='lat' dir='ltr'><strong>et</strong></span> <span class='ocrx_word' id='word_1_696' title='bbox 1530 1845 1644 1881; x_wconf 83' lang='lat' dir='ltr'><strong>perinde</strong></span> <span class='ocrx_word' id='word_1_697' title='bbox 1655 1851 1688 1871; x_wconf 84' lang='lat' dir='ltr'><strong>ae</strong></span> 
     </span>
    </p>
   </div>
   <div class='ocr_carea' id='block_1_87' title="bbox 902 1891 1689 1938">
    <p class='ocr_par' dir='ltr' id='par_1_87' title="bbox 902 1891 1689 1938">
     <span class='ocr_line' id='line_1_87' title="bbox 902 1891 1689 1938; baseline -0.019 -7"><span class='ocrx_word' id='word_1_698' title='bbox 902 1904 1022 1938; x_wconf 80' lang='lat' dir='ltr'><strong>reliquas</strong></span> <span class='ocrx_word' id='word_1_699' title='bbox 1040 1904 1180 1929; x_wconf 85' lang='lat' dir='ltr'><strong>creaturas</strong></span> <span class='ocrx_word' id='word_1_700' title='bbox 1202 1907 1235 1926; x_wconf 83' lang='lat' dir='ltr'><strong>ex</strong></span> <span class='ocrx_word' id='word_1_701' title='bbox 1256 1897 1343 1925; x_wconf 89' lang='lat' dir='ltr'><strong>nihilo</strong></span> <span class='ocrx_word' id='word_1_702' title='bbox 1367 1895 1506 1923; x_wconf 89' lang='lat' dir='ltr'><strong>conditum</strong></span> <span class='ocrx_word' id='word_1_703' title='bbox 1525 1899 1601 1924; x_wconf 85' lang='lat' dir='ltr'><strong>esse,</strong></span> <span class='ocrx_word' id='word_1_704' title='bbox 1616 1891 1689 1918; x_wconf 79' lang='lat' dir='ltr'><strong>sicut</strong></span> 
     </span>
    </p>
   </div>
   <div class='ocr_carea' id='block_1_88' title="bbox 902 1937 1691 1982">
    <p class='ocr_par' dir='ltr' id='par_1_88' title="bbox 902 1937 1691 1982">
     <span class='ocr_line' id='line_1_88' title="bbox 902 1937 1691 1982; baseline -0.016 -5"><span class='ocrx_word' id='word_1_705' title='bbox 902 1937 1027 1976; x_wconf 83' lang='lat' dir='ltr'><strong>nonnulli</strong></span> <span class='ocrx_word' id='word_1_706' title='bbox 1039 1953 1182 1982; x_wconf 86' lang='lat' dir='ltr'><strong>perperam</strong></span> <span class='ocrx_word' id='word_1_707' title='bbox 1194 1943 1394 1971; x_wconf 79' lang='lat' dir='ltr'><strong>existimarunt.</strong></span> <span class='ocrx_word' id='word_1_708' title='bbox 1409 1939 1462 1967; x_wconf 85' lang='lat' dir='ltr'><strong>Sed</strong></span> <span class='ocrx_word' id='word_1_709' title='bbox 1474 1938 1501 1965; x_wconf 87' lang='lat' dir='ltr'><strong>id</strong></span> <span class='ocrx_word' id='word_1_710' title='bbox 1511 1937 1691 1976; x_wconf 65' lang='lat' dir='ltr'><strong>dieit,utpota</strong></span> 
     </span>
    </p>
   </div>
   <div class='ocr_carea' id='block_1_89' title="bbox 903 1983 1687 2030">
    <p class='ocr_par' dir='ltr' id='par_1_89' title="bbox 903 1983 1687 2030">
     <span class='ocr_line' id='line_1_89' title="bbox 903 1983 1687 2030; baseline -0.019 -8"><span class='ocrx_word' id='word_1_711' title='bbox 903 1994 952 2030; x_wconf 89' lang='lat' dir='ltr'><strong>qui</strong></span> <span class='ocrx_word' id='word_1_712' title='bbox 964 1993 1096 2022; x_wconf 86' lang='lat' dir='ltr'><strong>subsistat</strong></span> <span class='ocrx_word' id='word_1_713' title='bbox 1107 2000 1138 2019; x_wconf 88' lang='lat' dir='ltr'><strong>ac</strong></span> <span class='ocrx_word' id='word_1_714' title='bbox 1147 1989 1317 2026; x_wconf 71' lang='lat' dir='ltr'><strong>prmexsi‘stat</strong></span> <span class='ocrx_word' id='word_1_715' title='bbox 1331 1990 1394 2014; x_wconf 86' lang='lat' dir='ltr'><strong>ante</strong></span> <span class='ocrx_word' id='word_1_716' title='bbox 1408 1983 1631 2012; x_wconf 87' lang='lat' dir='ltr'><strong>constitutionem</strong></span> <span class='ocrx_word' id='word_1_717' title='bbox 1644 1984 1687 2007; x_wconf 88' lang='lat' dir='ltr'><strong>to-</strong></span> 
     </span>
    </p>
   </div>
   <div class='ocr_carea' id='block_1_90' title="bbox 904 2027 1689 2071">
    <p class='ocr_par' dir='ltr' id='par_1_90' title="bbox 904 2027 1689 2071">
     <span class='ocr_line' id='line_1_90' title="bbox 904 2027 1689 2071; baseline -0.017 -2"><span class='ocrx_word' id='word_1_718' title='bbox 904 2042 960 2069; x_wconf 88' lang='lat' dir='ltr'><strong>tius</strong></span> <span class='ocrx_word' id='word_1_719' title='bbox 970 2038 1080 2071; x_wconf 88' lang='lat' dir='ltr'><strong>mundi;</strong></span> <span class='ocrx_word' id='word_1_720' title='bbox 1093 2046 1108 2064; x_wconf 91' lang='lat' dir='ltr'><strong>a</strong></span> <span class='ocrx_word' id='word_1_721' title='bbox 1121 2038 1201 2065; x_wconf 84' lang='lat' dir='ltr'><strong>Patre</strong></span> <span class='ocrx_word' id='word_1_722' title='bbox 1213 2038 1304 2062; x_wconf 89' lang='lat' dir='ltr'><strong>autem</strong></span> <span class='ocrx_word' id='word_1_723' title='bbox 1316 2040 1366 2060; x_wconf 91' lang='lat' dir='ltr'><strong>suo</strong></span> <span class='ocrx_word' id='word_1_724' title='bbox 1384 2039 1416 2059; x_wconf 89' lang='lat' dir='ltr'><strong>ae</strong></span> <span class='ocrx_word' id='word_1_725' title='bbox 1429 2029 1543 2057; x_wconf 90' lang='lat' dir='ltr'><strong>Domino</strong></span> <span class='ocrx_word' id='word_1_726' title='bbox 1561 2027 1689 2064; x_wconf 77' lang='lat' dir='ltr'><strong>princeps</strong></span> 
     </span>
    </p>
   </div>
   <div class='ocr_carea' id='block_1_91' title="bbox 904 2074 1689 2118">
    <p class='ocr_par' dir='ltr' id='par_1_91' title="bbox 904 2074 1689 2118">
     <span class='ocr_line' id='line_1_91' title="bbox 904 2074 1689 2118; baseline -0.02 -3"><span class='ocrx_word' id='word_1_727' title='bbox 904 2094 938 2114; x_wconf 87' lang='lat' dir='ltr'><strong>ac</strong></span> <span class='ocrx_word' id='word_1_728' title='bbox 958 2089 1049 2113; x_wconf 88' lang='lat' dir='ltr'><strong>rector</strong></span> <span class='ocrx_word' id='word_1_729' title='bbox 1071 2083 1153 2118; x_wconf 84' lang='lat' dir='ltr'><strong>hujus</strong></span> <span class='ocrx_word' id='word_1_730' title='bbox 1174 2079 1294 2109; x_wconf 87' lang='lat' dir='ltr'><strong>universi</strong></span> <span class='ocrx_word' id='word_1_731' title='bbox 1316 2077 1482 2106; x_wconf 89' lang='lat' dir='ltr'><strong>constitutus</strong></span> <span class='ocrx_word' id='word_1_732' title='bbox 1501 2075 1554 2102; x_wconf 85' lang='lat' dir='ltr'><strong>sit:</strong></span> <span class='ocrx_word' id='word_1_733' title='bbox 1574 2074 1643 2101; x_wconf 85' lang='lat' dir='ltr'><strong>adeo</strong></span> <span class='ocrx_word' id='word_1_734' title='bbox 1658 2075 1689 2100; x_wconf 84' lang='lat' dir='ltr'><strong>ut</strong></span> 
     </span>
    </p>
   </div>
   <div class='ocr_carea' id='block_1_92' title="bbox 904 2121 1689 2162">
    <p class='ocr_par' dir='ltr' id='par_1_92' title="bbox 904 2121 1689 2162">
     <span class='ocr_line' id='line_1_92' title="bbox 904 2121 1689 2162; baseline -0.018 -3"><span class='ocrx_word' id='word_1_735' title='bbox 904 2131 1019 2159; x_wconf 83' lang='lat' dir='ltr'><strong>verbum</strong></span> <span class='ocrx_word' id='word_1_736' title='bbox 1031 2130 1094 2162; x_wconf 90' lang='lat' dir='ltr'><strong>hoc,</strong></span> <span class='ocrx_word' id='word_1_737' title='bbox 1106 2128 1223 2158; x_wconf 74' lang='grc' dir='ltr'>ἔκτισεν,</span> <span class='ocrx_word' id='word_1_738' title='bbox 1239 2124 1358 2160; x_wconf 87' lang='lat' dir='ltr'><strong>positum</strong></span> <span class='ocrx_word' id='word_1_739' title='bbox 1371 2123 1406 2150; x_wconf 86' lang='lat' dir='ltr'><strong>sit</strong></span> <span class='ocrx_word' id='word_1_740' title='bbox 1421 2121 1474 2149; x_wconf 88' lang='lat' dir='ltr'><strong>hoc</strong></span> <span class='ocrx_word' id='word_1_741' title='bbox 1489 2121 1549 2148; x_wconf 86' lang='lat' dir='ltr'><strong>loco</strong></span> <span class='ocrx_word' id='word_1_742' title='bbox 1563 2128 1613 2155; x_wconf 87' lang='lat' dir='ltr'><strong>pro</strong></span> <span class='ocrx_word' id='word_1_743' title='bbox 1621 2127 1689 2147; x_wconf 86' lang='lat' dir='ltr'><strong>eon-</strong></span> 
     </span>
    </p>
   </div>
   <div class='ocr_carea' id='block_1_93' title="bbox 905 2166 1690 2208">
    <p class='ocr_par' dir='ltr' id='par_1_93' title="bbox 905 2166 1690 2208">
     <span class='ocr_line' id='line_1_93' title="bbox 905 2166 1690 2208; baseline -0.019 -3"><span class='ocrx_word' id='word_1_744' title='bbox 905 2176 1005 2205; x_wconf 85' lang='lat' dir='ltr'><strong>stituit.</strong></span> <span class='ocrx_word' id='word_1_745' title='bbox 1017 2174 1097 2203; x_wconf 86' lang='lat' dir='ltr'><strong>Certe</strong></span> <span class='ocrx_word' id='word_1_746' title='bbox 1113 2171 1252 2208; x_wconf 85' lang='lat' dir='ltr'><strong>apostolus</strong></span> <span class='ocrx_word' id='word_1_747' title='bbox 1263 2170 1361 2198; x_wconf 84' lang='lat' dir='ltr'><strong>Petrus</strong></span> <span class='ocrx_word' id='word_1_748' title='bbox 1382 2166 1518 2203; x_wconf 86' lang='lat' dir='ltr'><strong>principes</strong></span> <span class='ocrx_word' id='word_1_749' title='bbox 1529 2169 1556 2193; x_wconf 86' lang='lat' dir='ltr'><strong>et</strong></span> <span class='ocrx_word' id='word_1_750' title='bbox 1570 2168 1690 2192; x_wconf 86' lang='lat' dir='ltr'><strong>rectores</strong></span> 
     </span>
    </p>
   </div>
   <div class='ocr_carea' id='block_1_94' title="bbox 906 2210 1688 2259">
    <p class='ocr_par' dir='ltr' id='par_1_94' title="bbox 906 2210 1688 2259">
     <span class='ocr_line' id='line_1_94' title="bbox 906 2210 1688 2259; baseline -0.019 -8"><span class='ocrx_word' id='word_1_751' title='bbox 906 2223 953 2259; x_wconf 88' lang='lat' dir='ltr'><strong>qui</strong></span> <span class='ocrx_word' id='word_1_752' title='bbox 963 2221 1122 2250; x_wconf 89' lang='lat' dir='ltr'><strong>hominibus</strong></span> <span class='ocrx_word' id='word_1_753' title='bbox 1134 2222 1264 2255; x_wconf 73' lang='lat' dir='ltr'><strong>prmsunt,</strong></span> <span class='ocrx_word' id='word_1_754' title='bbox 1281 2216 1382 2243; x_wconf 86' lang='lat' dir='ltr'><strong>diserte</strong></span> <span class='ocrx_word' id='word_1_755' title='bbox 1395 2217 1548 2241; x_wconf 84' lang='lat' dir='ltr'><strong>creaturam</strong></span> <span class='ocrx_word' id='word_1_756' title='bbox 1561 2210 1688 2246; x_wconf 87' lang='lat' dir='ltr'><strong>appellat,</strong></span> 
     </span>
    </p>
   </div>
   <div class='ocr_carea' id='block_1_95' title="bbox 907 2261 1690 2300">
    <p class='ocr_par' dir='ltr' id='par_1_95' title="bbox 907 2261 1690 2300">
     <span class='ocr_line' id='line_1_95' title="bbox 907 2261 1690 2300; baseline -0.019 -3"><span class='ocrx_word' id='word_1_757' title='bbox 907 2269 950 2296; x_wconf 90' lang='lat' dir='ltr'><strong>his</strong></span> <span class='ocrx_word' id='word_1_758' title='bbox 959 2268 1072 2296; x_wconf 84' lang='lat' dir='ltr'><strong>verbis:</strong></span> <span class='ocrx_word' id='word_1_759' title='bbox 1092 2265 1206 2300; x_wconf 79' lang='lat' dir='ltr'><strong>Subjccli</strong></span> <span class='ocrx_word' id='word_1_760' title='bbox 1226 2266 1306 2290; x_wconf 79' lang='lat' dir='ltr'><strong>estote</strong></span> <span class='ocrx_word' id='word_1_761' title='bbox 1332 2261 1403 2288; x_wconf 79' lang='lat' dir='ltr'><strong>omni</strong></span> <span class='ocrx_word' id='word_1_762' title='bbox 1423 2261 1544 2287; x_wconf 79' lang='lat' dir='ltr'><strong>humana:</strong></span> <span class='ocrx_word' id='word_1_763' title='bbox 1562 2261 1690 2284; x_wconf 68' lang='lat' dir='ltr'><strong>malum:</strong></span> 
     </span>
    </p>
   </div>
   <div class='ocr_carea' id='block_1_96' title="bbox 907 2302 1690 2351">
    <p class='ocr_par' dir='ltr' id='par_1_96' title="bbox 907 2302 1690 2351">
     <span class='ocr_line' id='line_1_96' title="bbox 907 2302 1690 2351; baseline -0.019 -9"><span class='ocrx_word' id='word_1_764' title='bbox 907 2318 1014 2351; x_wconf 79' lang='lat' dir='ltr'><strong>propter</strong></span> <span class='ocrx_word' id='word_1_765' title='bbox 1038 2312 1195 2343; x_wconf 83' lang='lat' dir='ltr'><strong>Dominum;</strong></span> <span class='ocrx_word' id='word_1_766' title='bbox 1220 2310 1274 2337; x_wconf 80' lang='lat' dir='ltr'><strong>sive</strong></span> <span class='ocrx_word' id='word_1_767' title='bbox 1293 2308 1348 2343; x_wconf 74' lang='lat' dir='ltr'><strong>regi</strong></span> <span class='ocrx_word' id='word_1_768' title='bbox 1369 2311 1496 2341; x_wconf 81' lang='lat' dir='ltr'><strong>tanquam</strong></span> <span class='ocrx_word' id='word_1_769' title='bbox 1521 2302 1690 2339; x_wconf 76' lang='lat' dir='ltr'><strong>prwcellenli,</strong></span> 
     </span>
    </p>
   </div>
   <div class='ocr_carea' id='block_1_97' title="bbox 906 2349 1690 2392">
    <p class='ocr_par' dir='ltr' id='par_1_97' title="bbox 906 2349 1690 2392">
     <span class='ocr_line' id='line_1_97' title="bbox 906 2349 1690 2392; baseline -0.018 -4"><span class='ocrx_word' id='word_1_770' title='bbox 906 2349 961 2388; x_wconf 70' lang='lat' dir='ltr'><strong>sive</strong></span> <span class='ocrx_word' id='word_1_771' title='bbox 985 2357 1127 2387; x_wconf 78' lang='lat' dir='ltr'><strong>rectoribus</strong></span> <span class='ocrx_word' id='word_1_772' title='bbox 1145 2361 1274 2392; x_wconf 79' lang='lat' dir='ltr'><strong>tanquam</strong></span> <span class='ocrx_word' id='word_1_773' title='bbox 1291 2354 1323 2381; x_wconf 76' lang='lat' dir='ltr'><strong>ab</strong></span> <span class='ocrx_word' id='word_1_774' title='bbox 1344 2353 1391 2380; x_wconf 84' lang='lat' dir='ltr'><strong>illo</strong></span> <span class='ocrx_word' id='word_1_775' title='bbox 1407 2351 1493 2383; x_wconf 70' lang='lat' dir='ltr'><strong>missis</strong></span> <span class='ocrx_word' id='word_1_776' title='bbox 1505 2351 1538 2378; x_wconf 79' lang='lat'><strong>&quot;.</strong></span> <span class='ocrx_word' id='word_1_777' title='bbox 1552 2349 1690 2384; x_wconf 72' lang='lat' dir='ltr'><strong>Propheta</strong></span> 
     </span>
    </p>
   </div>
   <div class='ocr_carea' id='block_1_98' title="bbox 70 2390 846 2442">
    <p class='ocr_par' dir='ltr' id='par_1_98' title="bbox 70 2390 846 2442">
     <span class='ocr_line' id='line_1_98' title="bbox 70 2390 846 2442; baseline 0.001 -10"><span class='ocrx_word' id='word_1_778' title='bbox 70 2407 118 2434; x_wconf 73' lang='grc' dir='ltr'><strong>τὼ·</strong></span> <span class='ocrx_word' id='word_1_779' title='bbox 128 2409 201 2435; x_wconf 79' lang='grc' dir='ltr'>θεόν</span> <span class='ocrx_word' id='word_1_780' title='bbox 214 2390 288 2440; x_wconf 57' lang='lat'><strong>0:01;,</strong></span> <span class='ocrx_word' id='word_1_781' title='bbox 295 2390 301 2397; x_wconf 50' lang='grc' dir='ltr'><strong>Ι</strong></span> <span class='ocrx_word' id='word_1_782' title='bbox 312 2390 436 2442; x_wconf 43' lang='lat' dir='ltr'><strong>idem“</strong></span> <span class='ocrx_word' id='word_1_783' title='bbox 446 2416 452 2422; x_wconf 90' lang='grc'>·</span> <span class='ocrx_word' id='word_1_784' title='bbox 464 2390 538 2434; x_wconf 60' lang='grc' dir='ltr'>διότι</span> <span class='ocrx_word' id='word_1_785' title='bbox 549 2406 613 2434; x_wconf 81' lang='grc' dir='ltr'>ιδυὺ</span> <span class='ocrx_word' id='word_1_786' title='bbox 625 2406 756 2441; x_wconf 77' lang='grc' dir='ltr'>στερεῶν</span> <span class='ocrx_word' id='word_1_787' title='bbox 765 2406 846 2441; x_wconf 60' lang='grc' dir='ltr'>,ϐρονη</span> 
     </span>
    </p>
   </div>
   <div class='ocr_carea' id='block_1_99' title="bbox 919 2390 1741 2442">
    <p class='ocr_par' dir='ltr' id='par_1_99' title="bbox 919 2390 1690 2441">
     <span class='ocr_line' id='line_1_99' title="bbox 919 2390 1690 2441; baseline -0.016 -8"><span class='ocrx_word' id='word_1_788' title='bbox 919 2412 1018 2441; x_wconf 76' lang='lat' dir='ltr'><strong>[noque</strong></span> <span class='ocrx_word' id='word_1_789' title='bbox 1030 2411 1093 2432; x_wconf 89' lang='lat' dir='ltr'><strong>cum</strong></span> <span class='ocrx_word' id='word_1_790' title='bbox 1113 2403 1181 2432; x_wconf 87' lang='lat' dir='ltr'><strong>dicit</strong></span> <span class='ocrx_word' id='word_1_791' title='bbox 1190 2390 1339 2436; x_wconf 22' lang='lat' dir='ltr'><strong>:VPrwpara</strong></span> <span class='ocrx_word' id='word_1_792' title='bbox 1354 2404 1390 2432; x_wconf 74' lang='lat' dir='ltr'><strong>te,</strong></span> <span class='ocrx_word' id='word_1_793' title='bbox 1404 2397 1499 2430; x_wconf 73' lang='lat' dir='ltr'><strong>Israel,</strong></span> <span class='ocrx_word' id='word_1_794' title='bbox 1516 2396 1551 2424; x_wconf 84' lang='lat' dir='ltr'><strong>ad</strong></span> <span class='ocrx_word' id='word_1_795' title='bbox 1565 2397 1690 2423; x_wconf 73' lang='lat' dir='ltr'><strong>invocan-</strong></span> 
     </span>
    </p>
   </div>
   <div class='ocr_carea' id='block_1_100' title="bbox 101 2484 686 2519">
    <p class='ocr_par' dir='ltr' id='par_1_100' title="bbox 101 2484 686 2519">
     <span class='ocr_line' id='line_1_100' title="bbox 101 2484 686 2519; baseline -0.003 -6"><span class='ocrx_word' id='word_1_796' title='bbox 101 2484 121 2501; x_wconf 84' lang='lat'><strong>&quot;</strong></span> <span class='ocrx_word' id='word_1_797' title='bbox 132 2485 212 2513; x_wconf 83' lang='lat' dir='ltr'><strong>Prov.</strong></span> <span class='ocrx_word' id='word_1_798' title='bbox 226 2493 286 2519; x_wconf 82' lang='lat' dir='ltr'><strong>vin,</strong></span> <span class='ocrx_word' id='word_1_799' title='bbox 300 2484 346 2512; x_wconf 67' lang='lat'><strong>22.</strong></span> <span class='ocrx_word' id='word_1_800' title='bbox 384 2485 407 2501; x_wconf 80' lang='lat'><strong>&quot;</strong></span> <span class='ocrx_word' id='word_1_801' title='bbox 421 2485 432 2512; x_wconf 83' lang='grc' dir='ltr'><strong>Ι</strong></span> <span class='ocrx_word' id='word_1_802' title='bbox 444 2485 519 2513; x_wconf 83' lang='lat' dir='ltr'><strong>Petr.</strong></span> <span class='ocrx_word' id='word_1_803' title='bbox 537 2492 565 2518; x_wconf 84' lang='grc' dir='ltr'><strong>ιι,</strong></span> <span class='ocrx_word' id='word_1_804' title='bbox 584 2484 628 2518; x_wconf 73' lang='grc'><strong>15,</strong></span> <span class='ocrx_word' id='word_1_805' title='bbox 643 2484 686 2511; x_wconf 80' lang='lat' dir='ltr'><strong>M.</strong></span> 
     </span>
    </p>
   </div>
   <div class='ocr_carea' id='block_1_101' title="bbox 39 2540 1086 2585">
    <p class='ocr_par' dir='ltr' id='par_1_101' title="bbox 39 2540 1086 2585">
     <span class='ocr_line' id='line_1_101' title="bbox 39 2540 1086 2585; baseline -0.007 0"><span class='ocrx_word' id='word_1_806' title='bbox 39 2540 49 2585; x_wconf 71' lang='grc'><em>9</em></span> <span class='ocrx_word' id='word_1_807' title='bbox 662 2551 797 2580; x_wconf 81' lang='lat' dir='ltr'><strong>VALESII</strong></span> <span class='ocrx_word' id='word_1_808' title='bbox 815 2550 1086 2579; x_wconf 81' lang='lat' dir='ltr'><strong>ANNO’I‘ATIONES.</strong></span> 
     </span>
    </p>
   </div>
   <div class='ocr_carea' id='block_1_102' title="bbox 50 2598 69 2605">
    <p class='ocr_par' dir='ltr' id='par_1_102' title="bbox 50 2598 69 2605">
     <span class='ocr_line' id='line_1_102' title="bbox 50 2598 69 2605; baseline 0 0"><span class='ocrx_word' id='word_1_809' title='bbox 50 2598 69 2605; x_wconf 59' lang='grc' dir='ltr'><strong>-ς</strong></span> 
     </span>
    </p>
   </div>
   <div class='ocr_carea' id='block_1_103' title="bbox 70 2606 850 2645">
    <p class='ocr_par' dir='ltr' id='par_1_103' title="bbox 70 2606 850 2645">
     <span class='ocr_line' id='line_1_103' title="bbox 70 2606 850 2645; baseline -0.004 -8"><span class='ocrx_word' id='word_1_810' title='bbox 70 2607 123 2637; x_wconf 63' lang='grc' dir='ltr'>λῶν</span> <span class='ocrx_word' id='word_1_811' title='bbox 143 2608 290 2645; x_wconf 36' lang='grc' dir='ltr'>γεννητῶν,</span> <span class='ocrx_word' id='word_1_812' title='bbox 310 2606 453 2645; x_wconf 75' lang='grc' dir='ltr'>ἔσταιεῖς.</span> <span class='ocrx_word' id='word_1_813' title='bbox 478 2607 507 2636; x_wconf 91' lang='lat' dir='ltr'><strong>ld</strong></span> <span class='ocrx_word' id='word_1_814' title='bbox 525 2612 588 2645; x_wconf 52' lang='lat' dir='ltr'><strong>est;</strong></span> <span class='ocrx_word' id='word_1_815' title='bbox 596 2607 748 2645; x_wconf 66' lang='lat' dir='ltr'><strong>_Hoc_eru&#39;m</strong></span> <span class='ocrx_word' id='word_1_816' title='bbox 773 2612 850 2643; x_wconf 79' lang='lat' dir='ltr'><strong>pacto</strong></span> 
     </span>
    </p>
   </div>
   <div class='ocr_carea' id='block_1_104' title="bbox 73 2643 851 2685">
    <p class='ocr_par' dir='ltr' id='par_1_104' title="bbox 73 2643 851 2685">
     <span class='ocr_line' id='line_1_104' title="bbox 73 2643 851 2685; baseline -0.003 -14"><span class='ocrx_word' id='word_1_817' title='bbox 73 2645 151 2685; x_wconf 68' lang='lat' dir='ltr'><strong>frater</strong></span> <span class='ocrx_word' id='word_1_818' title='bbox 166 2643 255 2680; x_wconf 75' lang='lat' dir='ltr'><strong>potius</strong></span> <span class='ocrx_word' id='word_1_819' title='bbox 270 2643 379 2671; x_wconf 71' lang='lat' dir='ltr'><strong>illorum</strong></span> <span class='ocrx_word' id='word_1_820' title='bbox 390 2644 467 2685; x_wconf 73' lang='lat' dir='ltr'><strong>fuerit</strong></span> <span class='ocrx_word' id='word_1_821' title='bbox 479 2652 560 2679; x_wconf 82' lang='lat' dir='ltr'><strong>quam</strong></span> <span class='ocrx_word' id='word_1_822' title='bbox 571 2643 642 2678; x_wconf 77' lang='lat' dir='ltr'><strong>ﬁlius</strong></span> <span class='ocrx_word' id='word_1_823' title='bbox 653 2643 701 2670; x_wconf 76' lang='lat' dir='ltr'><strong>Dei</strong></span> <span class='ocrx_word' id='word_1_824' title='bbox 709 2651 719 2676; x_wconf 85' lang='lat'><strong><em>;</em></strong></span> <span class='ocrx_word' id='word_1_825' title='bbox 733 2650 851 2678; x_wconf 75' lang='lat' dir='ltr'><strong>unusque</strong></span> 
     </span>
    </p>
   </div>
   <div class='ocr_carea' id='block_1_105' title="bbox 36 2684 557 2709">
    <p class='ocr_par' dir='ltr' id='par_1_105' title="bbox 36 2684 557 2709">
     <span class='ocr_line' id='line_1_105' title="bbox 36 2684 557 2709; baseline -0.008 0"><span class='ocrx_word' id='word_1_826' title='bbox 36 2707 38 2709; x_wconf 95' lang='lat'><strong>.</strong></span> <span class='ocrx_word' id='word_1_827' title='bbox 73 2684 119 2707; x_wconf 80' lang='lat' dir='ltr'><strong>cm</strong></span> <span class='ocrx_word' id='word_1_828' title='bbox 129 2687 160 2707; x_wconf 70' lang='lat' dir='ltr'><strong>ea:</strong></span> <span class='ocrx_word' id='word_1_829' title='bbox 172 2688 284 2707; x_wconf 84' lang='lat' dir='ltr'><strong>numero</strong></span> <span class='ocrx_word' id='word_1_830' title='bbox 296 2687 384 2706; x_wconf 82' lang='lat' dir='ltr'><strong>rerum</strong></span> <span class='ocrx_word' id='word_1_831' title='bbox 398 2684 557 2706; x_wconf 81' lang='lat' dir='ltr'><strong>creatarum.</strong></span> 
     </span>
    </p>
   </div>
   <div class='ocr_carea' id='block_1_106' title="bbox 34 2712 850 2749">
    <p class='ocr_par' dir='ltr' id='par_1_106' title="bbox 34 2712 850 2749">
     <span class='ocr_line' id='line_1_106' title="bbox 34 2712 850 2749; baseline -0.004 -8"><span class='ocrx_word' id='word_1_832' title='bbox 34 2712 37 2723; x_wconf 91' lang='lat'><strong><em>&#39;</em></strong></span> <span class='ocrx_word' id='word_1_833' title='bbox 105 2715 159 2749; x_wconf 81' lang='grc'><strong>(51)</strong></span> <span class='ocrx_word' id='word_1_834' title='bbox 169 2715 223 2741; x_wconf 76' lang='lat' dir='ltr'><strong>Kal</strong></span> <span class='ocrx_word' id='word_1_835' title='bbox 237 2714 351 2748; x_wconf 79' lang='grc' dir='ltr'>κτίσμα</span> <span class='ocrx_word' id='word_1_836' title='bbox 361 2714 583 2749; x_wconf 71' lang='grc' dir='ltr'>προηγούμενον</span> <span class='ocrx_word' id='word_1_837' title='bbox 594 2713 628 2749; x_wconf 74' lang='grc' dir='ltr'>ἐκ</span> <span class='ocrx_word' id='word_1_838' title='bbox 638 2712 691 2749; x_wconf 53' lang='grc' dir='ltr'>τσῦ</span> <span class='ocrx_word' id='word_1_839' title='bbox 699 2712 741 2749; x_wconf 72' lang='grc' dir='ltr'>μὴ</span> <span class='ocrx_word' id='word_1_840' title='bbox 753 2712 850 2749; x_wconf 67' lang='grc' dir='ltr'>ᾷντος.</span> 
     </span>
    </p>
   </div>
   <div class='ocr_carea' id='block_1_107' title="bbox 72 2747 851 2783">
    <p class='ocr_par' dir='ltr' id='par_1_107' title="bbox 72 2747 851 2783">
     <span class='ocr_line' id='line_1_107' title="bbox 72 2747 851 2783; baseline -0.003 -7"><span class='ocrx_word' id='word_1_841' title='bbox 72 2747 252 2776; x_wconf 79' lang='lat' dir='ltr'><strong>Scrihendum</strong></span> <span class='ocrx_word' id='word_1_842' title='bbox 267 2747 314 2776; x_wconf 83' lang='lat' dir='ltr'><strong>est</strong></span> <span class='ocrx_word' id='word_1_843' title='bbox 329 2747 510 2783; x_wconf 66' lang='grc' dir='ltr'>προήγμένον,</span> <span class='ocrx_word' id='word_1_844' title='bbox 521 2753 552 2776; x_wconf 89' lang='lat' dir='ltr'><strong>ut</strong></span> <span class='ocrx_word' id='word_1_845' title='bbox 564 2748 647 2775; x_wconf 87' lang='lat' dir='ltr'><strong>habet</strong></span> <span class='ocrx_word' id='word_1_846' title='bbox 663 2747 798 2775; x_wconf 86' lang='lat' dir='ltr'><strong>Eusebius</strong></span> <span class='ocrx_word' id='word_1_847' title='bbox 824 2747 851 2774; x_wconf 91' lang='lat' dir='ltr'><strong>in</strong></span> 
     </span>
    </p>
   </div>
   <div class='ocr_carea' id='block_1_108' title="bbox 72 2783 856 2819">
    <p class='ocr_par' dir='ltr' id='par_1_108' title="bbox 72 2783 856 2819">
     <span class='ocr_line' id='line_1_108' title="bbox 72 2783 856 2819; baseline -0.001 -9"><span class='ocrx_word' id='word_1_848' title='bbox 72 2784 128 2811; x_wconf 85' lang='lat' dir='ltr'><strong>loco</strong></span> <span class='ocrx_word' id='word_1_849' title='bbox 143 2792 226 2819; x_wconf 87' lang='lat' dir='ltr'><strong>supra</strong></span> <span class='ocrx_word' id='word_1_850' title='bbox 244 2785 345 2816; x_wconf 81' lang='lat' dir='ltr'><strong>citato;</strong></span> <span class='ocrx_word' id='word_1_851' title='bbox 359 2784 468 2818; x_wconf 77' lang='grc' dir='ltr'>γενητόν</span> <span class='ocrx_word' id='word_1_852' title='bbox 480 2791 589 2818; x_wconf 87' lang='lat' dir='ltr'><strong>quoque</strong></span> <span class='ocrx_word' id='word_1_853' title='bbox 600 2783 789 2819; x_wconf 19' lang='lat' dir='ltr'><strong>rscribendum,</strong></span> <span class='ocrx_word' id='word_1_854' title='bbox 802 2791 856 2809; x_wconf 87' lang='lat' dir='ltr'><strong>non</strong></span> 
     </span>
    </p>
   </div>
   <div class='ocr_carea' id='block_1_109' title="bbox 74 2817 855 2857">
    <p class='ocr_par' dir='ltr' id='par_1_109' title="bbox 74 2817 855 2857">
     <span class='ocr_line' id='line_1_109' title="bbox 74 2817 855 2857; baseline 0 -14"><span class='ocrx_word' id='word_1_855' title='bbox 74 2817 208 2857; x_wconf 59' lang='grc' dir='ltr'>γεννητόν.</span> <span class='ocrx_word' id='word_1_856' title='bbox 225 2820 291 2847; x_wconf 66' lang='grc' dir='ltr'>Ιιιυρ</span> <span class='ocrx_word' id='word_1_857' title='bbox 310 2819 382 2857; x_wconf 79' lang='lat' dir='ltr'><strong>enim</strong></span> <span class='ocrx_word' id='word_1_858' title='bbox 399 2817 456 2846; x_wconf 84' lang='lat' dir='ltr'><strong>duo</strong></span> <span class='ocrx_word' id='word_1_859' title='bbox 476 2817 571 2857; x_wconf 56' lang='lat' dir='ltr'><strong>verba2</strong></span> <span class='ocrx_word' id='word_1_860' title='bbox 588 2818 652 2845; x_wconf 84' lang='lat' dir='ltr'><strong>licet</strong></span> <span class='ocrx_word' id='word_1_861' title='bbox 664 2817 855 2857; x_wconf 46' lang='lat' dir='ltr'><strong>uuieamlittera</strong></span> 
     </span>
    </p>
   </div>
   <div class='ocr_carea' id='block_1_110' title="bbox 75 2852 853 2884">
    <p class='ocr_par' dir='ltr' id='par_1_110' title="bbox 75 2852 853 2884">
     <span class='ocr_line' id='line_1_110' title="bbox 75 2852 853 2884; baseline -0.003 -4"><span class='ocrx_word' id='word_1_862' title='bbox 75 2853 288 2884; x_wconf 61' lang='lat' dir='ltr'><strong>distinguantur.</strong></span> <span class='ocrx_word' id='word_1_863' title='bbox 311 2855 425 2882; x_wconf 89' lang='lat' dir='ltr'><strong>multum</strong></span> <span class='ocrx_word' id='word_1_864' title='bbox 450 2858 541 2882; x_wconf 90' lang='lat' dir='ltr'><strong>tamen</strong></span> <span class='ocrx_word' id='word_1_865' title='bbox 564 2853 636 2881; x_wconf 89' lang='lat' dir='ltr'><strong>inter</strong></span> <span class='ocrx_word' id='word_1_866' title='bbox 661 2860 689 2880; x_wconf 89' lang='lat' dir='ltr'><strong>sc</strong></span> <span class='ocrx_word' id='word_1_867' title='bbox 713 2852 853 2880; x_wconf 79' lang='lat' dir='ltr'><strong>diﬁ&#39;erunt.</strong></span> 
     </span>
    </p>
   </div>
   <div class='ocr_carea' id='block_1_111' title="bbox 903 2599 1691 2642">
    <p class='ocr_par' dir='ltr' id='par_1_111' title="bbox 903 2599 1691 2642">
     <span class='ocr_line' id='line_1_111' title="bbox 903 2599 1691 2642; baseline -0.014 -7"><span class='ocrx_word' id='word_1_868' title='bbox 903 2607 971 2636; x_wconf 86' lang='lat' dir='ltr'><strong>Nam</strong></span> <span class='ocrx_word' id='word_1_869' title='bbox 987 2607 1114 2642; x_wconf 86' lang='grc' dir='ltr'>γεννητόν</span> <span class='ocrx_word' id='word_1_870' title='bbox 1131 2604 1241 2642; x_wconf 76' lang='lat' dir='ltr'><strong>quidem</strong></span> <span class='ocrx_word' id='word_1_871' title='bbox 1260 2608 1303 2632; x_wconf 88' lang='lat' dir='ltr'><strong>est</strong></span> <span class='ocrx_word' id='word_1_872' title='bbox 1321 2603 1348 2630; x_wconf 90' lang='lat' dir='ltr'><strong>id</strong></span> <span class='ocrx_word' id='word_1_873' title='bbox 1369 2601 1443 2637; x_wconf 85' lang='lat' dir='ltr'><strong>quod</strong></span> <span class='ocrx_word' id='word_1_874' title='bbox 1456 2599 1592 2636; x_wconf 72' lang='lat' dir='ltr'><strong>gignitur:</strong></span> <span class='ocrx_word' id='word_1_875' title='bbox 1610 2606 1691 2632; x_wconf 72' lang='grc' dir='ltr'><strong>ἰιενη⁹</strong></span> 
     </span>
    </p>
   </div>
   <div class='ocr_carea' id='block_1_112' title="bbox 903 2640 1359 2677">
    <p class='ocr_par' dir='ltr' id='par_1_112' title="bbox 903 2640 1359 2677">
     <span class='ocr_line' id='line_1_112' title="bbox 903 2640 1359 2677; baseline -0.009 -8"><span class='ocrx_word' id='word_1_876' title='bbox 903 2643 949 2669; x_wconf 81' lang='grc' dir='ltr'><strong>τόν</strong></span> <span class='ocrx_word' id='word_1_877' title='bbox 964 2640 1028 2671; x_wconf 81' lang='lat' dir='ltr'><strong>vero</strong></span> <span class='ocrx_word' id='word_1_878' title='bbox 1043 2640 1070 2669; x_wconf 88' lang='lat' dir='ltr'><strong>id</strong></span> <span class='ocrx_word' id='word_1_879' title='bbox 1087 2640 1160 2677; x_wconf 85' lang='lat' dir='ltr'><strong>quod</strong></span> <span class='ocrx_word' id='word_1_880' title='bbox 1175 2643 1359 2677; x_wconf 47' lang='lat' dir='ltr'><strong>creatur-inest.</strong></span> 
     </span>
    </p>
   </div>
   <div class='ocr_carea' id='block_1_113' title="bbox 941 2668 1687 2713">
    <p class='ocr_par' dir='ltr' id='par_1_113' title="bbox 941 2668 1687 2713">
     <span class='ocr_line' id='line_1_113' title="bbox 941 2668 1687 2713; baseline -0.016 -8"><span class='ocrx_word' id='word_1_881' title='bbox 941 2668 1006 2713; x_wconf 16' lang='lat'><strong>(52‘),</strong></span> <span class='ocrx_word' id='word_1_882' title='bbox 1016 2668 1130 2713; x_wconf 60' lang='grc' dir='ltr'>Ῠὸὗζιξιν</span> <span class='ocrx_word' id='word_1_883' title='bbox 1145 2675 1248 2713; x_wconf 65' lang='grc' dir='ltr'>τοίνυν</span> <span class='ocrx_word' id='word_1_884' title='bbox 1266 2668 1687 2713; x_wconf 44' lang='grc' dir='ltr'>ὤιξε-ἐπικατεσκευσσιιένιον.</span> 
     </span>
    </p>
   </div>
   <div class='ocr_carea' id='block_1_114' title="bbox 905 2705 1689 2747">
    <p class='ocr_par' dir='ltr' id='par_1_114' title="bbox 905 2705 1689 2747">
     <span class='ocr_line' id='line_1_114' title="bbox 905 2705 1689 2747; baseline -0.014 -7"><span class='ocrx_word' id='word_1_885' title='bbox 905 2705 993 2747; x_wconf 63' lang='grc' dir='ltr'>ΔιιιιιΓ</span> <span class='ocrx_word' id='word_1_886' title='bbox 1007 2712 1156 2747; x_wconf 80' lang='lat' dir='ltr'><strong>Eusebium</strong></span> <span class='ocrx_word' id='word_1_887' title='bbox 1177 2710 1205 2747; x_wconf 85' lang='lat' dir='ltr'><strong>in</strong></span> <span class='ocrx_word' id='word_1_888' title='bbox 1221 2717 1280 2747; x_wconf 77' lang='lat' dir='ltr'><strong>cap.</strong></span> <span class='ocrx_word' id='word_1_889' title='bbox 1298 2708 1376 2747; x_wconf 66' lang='lat' dir='ltr'><strong>21H).</strong></span> <span class='ocrx_word' id='word_1_890' title='bbox 1394 2715 1422 2733; x_wconf 91' lang='lat' dir='ltr'><strong>Ill</strong></span> <span class='ocrx_word' id='word_1_891' title='bbox 1443 2706 1481 2747; x_wconf 79' lang='lat' dir='ltr'><strong>De</strong></span> <span class='ocrx_word' id='word_1_892' title='bbox 1505 2705 1689 2747; x_wconf 65' lang='lat' dir='ltr'><strong>ecclesiastica</strong></span> 
     </span>
    </p>
   </div>
   <div class='ocr_carea' id='block_1_115' title="bbox 908 2739 1690 2782">
    <p class='ocr_par' dir='ltr' id='par_1_115' title="bbox 908 2739 1690 2782">
     <span class='ocr_line' id='line_1_115' title="bbox 908 2739 1690 2782; baseline -0.023 -6"><span class='ocrx_word' id='word_1_893' title='bbox 908 2739 1073 2782; x_wconf 65' lang='lat' dir='ltr'><strong>Tlicologia,</strong></span> <span class='ocrx_word' id='word_1_894' title='bbox 1083 2747 1120 2773; x_wconf 90' lang='lat' dir='ltr'><strong>ita</strong></span> <span class='ocrx_word' id='word_1_895' title='bbox 1133 2745 1233 2782; x_wconf 76' lang='lat' dir='ltr'><strong>legitur</strong></span> <span class='ocrx_word' id='word_1_896' title='bbox 1304 2744 1390 2782; x_wconf 82' lang='lat' dir='ltr'><strong>locus,</strong></span> <span class='ocrx_word' id='word_1_897' title='bbox 1404 2741 1505 2782; x_wconf 78' lang='grc' dir='ltr'>τούτων</span> <span class='ocrx_word' id='word_1_898' title='bbox 1519 2739 1690 2782; x_wconf 32' lang='lat' dir='ltr'><strong>(hietque.</strong></span> 
     </span>
    </p>
   </div>
   <div class='ocr_carea' id='block_1_116' title="bbox 908 2772 1689 2817">
    <p class='ocr_par' dir='ltr' id='par_1_116' title="bbox 908 2772 1689 2817">
     <span class='ocr_line' id='line_1_116' title="bbox 908 2772 1689 2817; baseline -0.015 -8"><span class='ocrx_word' id='word_1_899' title='bbox 908 2772 1126 2817; x_wconf 50' lang='grc' dir='ltr'><strong>ἕέὲὲῦὶέξμέζιων,</strong></span> <span class='ocrx_word' id='word_1_900' title='bbox 1138 2772 1191 2807; x_wconf 57' lang='lat' dir='ltr'><strong>etc.</strong></span> <span class='ocrx_word' id='word_1_901' title='bbox 1204 2780 1239 2817; x_wconf 76' lang='lat' dir='ltr'><strong>In</strong></span> <span class='ocrx_word' id='word_1_902' title='bbox 1246 2777 1403 2805; x_wconf 78' lang='lat' dir='ltr'><strong>Florentino</strong></span> <span class='ocrx_word' id='word_1_903' title='bbox 1415 2779 1503 2817; x_wconf 66' lang='lat' dir='ltr'><strong>tamen</strong></span> <span class='ocrx_word' id='word_1_904' title='bbox 1514 2777 1542 2799; x_wconf 81' lang='lat' dir='ltr'><strong>et</strong></span> <span class='ocrx_word' id='word_1_905' title='bbox 1553 2772 1608 2799; x_wconf 74' lang='lat' dir='ltr'><strong>Sl&#39;ot</strong></span> <span class='ocrx_word' id='word_1_906' title='bbox 1616 2772 1689 2799; x_wconf 82' lang='lat' dir='ltr'><strong>tiauo</strong></span> 
     </span>
    </p>
   </div>
   <div class='ocr_carea' id='block_1_117' title="bbox 907 2808 1566 2852">
    <p class='ocr_par' dir='ltr' id='par_1_117' title="bbox 907 2808 1566 2852">
     <span class='ocr_line' id='line_1_117' title="bbox 907 2808 1566 2852; baseline -0.02 -6"><span class='ocrx_word' id='word_1_907' title='bbox 1026 2808 1157 2852; x_wconf 71' lang='lat' dir='ltr'><strong>scriptum</strong></span> <span class='ocrx_word' id='word_1_908' title='bbox 1176 2819 1218 2843; x_wconf 79' lang='lat' dir='ltr'><strong>est</strong></span> <span class='ocrx_word' id='word_1_909' title='bbox 1231 2808 1566 2844; x_wconf 77' lang='grc' dir='ltr'>ὲπικατασκευαζομένων.</span> 
     </span>
    </p>
   </div>
  </div>
