1887 3067
174 105 226 131 ’34ιῖ

908 106 1073 134 SOCRATIS

1749 111 1813 138 2-56

175 163 261 191 hostis
274 163 360 198 ipsius
374 167 456 195 esset,
471 163 627 199 bellumque
643 163 770 199 protinus
782 168 962 198 exspectaret.

1037 166 1070 191 ῐσι
1085 167 1150 201 παρ’
1167 167 1228 201 ἐμοὶ
1248 166 1403 198 Ἀθανάσιος
1417 167 1463 193 καὶ
1473 167 1594 199 “altior
1612 167 1684 195 ἀλλὰ
1702 167 1815 194 πυνθα-

173 209 285 237 Littera:
298 213 389 236 autem
403 218 470 244 quas
487 209 521 236 ad
537 209 649 236 fratrem
661 209 779 244 scripsit.
793 212 857 236 sunt
868 209 964 244 hujus-

174 255 263 282 modi:
276 254 346 282 Sunt
356 255 401 282 hic
414 255 484 290 apud
499 262 541 282 me
553 254 716 282 Athanasius
725 258 754 282 ct
768 255 868 282 l‘aulus
880 263 886 281 :
896 262 966 290 quos

175 300 286 334 quidem
302 300 412 335 pietatis
423 307 503 326 causa
521 299 740 334 persecutionem
751 299 806 334 pati
820 304 965 334 perconta-

177 349 220 372 tus
231 345 354 380 cognovi.
373 345 400 372 Si
416 351 481 380 ergo
505 344 642 379 pollicitus
664 344 761 377 fueris,
777 348 803 371 te
827 352 891 372 suas
911 344 966 372 illis

176 391 255 418 sedes
267 390 450 422 redditurum,
474 393 502 417 et
524 390 553 417 in
576 397 624 418 eos
643 390 901 418 animadversurum
918 390 965 426 qui

176 437 235 464 sine
258 444 338 464 causa
364 436 425 464 illos
442 436 622 469 insectantur,
645 437 721 464 viros
739 436 774 464 ad
799 441 825 463 te
844 436 963 464 mittam.

177 482 254 515 Quod
277 483 300 510 si
316 483 373 510 haec
389 482 438 515 ita,
455 487 486 510 ut
501 482 568 515 dixi,
586 482 677 510 facere
694 482 876 514 recusareris,
895 482 965 509 scias

175 528 255 555 velim
277 527 341 555 illuc
361 534 406 555 me
434 531 583 555 venturum
600 533 671 560 esse,
688 531 769 562 teque
789 527 875 554 invito
903 534 966 554 suas

175 572 229 600 illis
244 573 323 600 sedes
337 573 523 601 redditurum.

479 630 555 659 CAP.
569 630 666 659 XXIII.

175 674 310 709 Quomodo
329 676 498 704 Constantius
519 676 610 711 fratris
622 677 708 703 minas
726 676 833 709 veritus,
847 676 965 704 Athana-

209 712 278 752 sium
301 712 355 738 suis
380 711 475 738 litteris
496 712 631 744 evocavit,
654 715 679 738 et
703 711 896 739 Alexandriam
917 712 966 738 mi-

209 750 254 773 sit.

211 791 275 820 Hzec
287 800 349 820 eum
362 793 512 828 imperator
528 792 650 820 Orientis
662 793 845 828 cognovisset,
859 792 887 820 in
905 800 965 819 ma-

175 836 277 863 ximam
295 837 423 865 redactus
435 841 477 865 est
489 837 686 865 difﬁcultatem.
702 837 854 872 Statimque
871 845 966 865 accer-

177 881 239 910 sitis
251 882 323 910 haud
336 884 432 918 paucis
441 882 563 911 Orientis
574 884 722 919 episcopis,
735 883 829 911 fratris
840 883 881 911 sui
898 891 965 911 con-

177 927 298 956 ditiones
309 928 350 956 eis
366 929 519 964 proposuit,
531 934 560 957 et
576 929 707 965 quidnam
724 928 878 956 faciendum
895 933 968 956 esset

178 972 368 1008 interrogavit.
385 973 426 1001 illi
444 974 531 1002 satius
539 982 601 1002 esse
619 974 749 1002 dixerunt
769 977 801 1002 ut
818 973 968 1002 Athanasio

178 1019 396 1046 concederentur
408 1019 547 1053 Ecclesiae,
562 1027 644 1055 quam
658 1024 689 1047 ut
702 1019 783 1047 civile
795 1019 896 1047 bellum
909 1026 968 1046 sus—

178 1063 330 1098 ciperetur.
349 1063 469 1091 Proinde
500 1064 648 1099 imperator
668 1064 830 1092 necessitate
848 1063 967 1091 constri-

178 1112 240 1136 ctus
252 1109 431 1136 Athanasium
453 1109 487 1137 ad
510 1117 539 1137 se
560 1114 649 1137 vocat.
674 1109 786 1137 Interim
811 1108 968 1137 Occidentis

178 1154 330 1189 imperator
347 1154 462 1182 Paulum
480 1162 542 1182 eum
554 1155 662 1182 duobus
674 1155 811 1190 episcopis
821 1158 850 1182 et
862 1155 969 1189 reliquo

178 1197 331 1226 honorifico
348 1203 482 1234 apparatu
503 1199 769 1235 Constantinopolim
789 1200 890 1232 mittit,
910 1204 968 1226 tum

178 1246 245 1278 suis,
270 1251 327 1273 tum
351 1247 448 1283 synodi
472 1248 572 1276 litteris
595 1249 803 1276 communitum.
827 1248 880 1276 Sed
906 1255 968 1276 cum

177 1292 344 1320 Athanasius
367 1293 459 1320 adhuc
477 1293 679 1326 reformidaret,
692 1298 721 1322 et
734 1298 827 1321 utrum
849 1294 882 1321 ad
899 1293 970 1321 Con-

178 1338 310 1364 stantium
323 1338 545 1373 proﬁcisceretur
563 1347 661 1371 necne,
674 1347 775 1374 anceps
791 1344 872 1374 atque
885 1339 969 1367 animi

179 1383 281 1410 dubius
293 1384 411 1411 haereret
422 1393 428 1410 :
439 1384 578 1411 metuebat
590 1384 663 1411 enim
683 1384 911 1411 ealumniatorum
930 1385 971 1411 in-

180 1428 281 1456 sidias:
295 1428 417 1456 Orientis
430 1429 580 1464 imperator
591 1430 753 1462 nonsemel,
766 1430 814 1457 sed
825 1429 924 1456 iterum
938 1437 971 1457 ac

182 1473 264 1499 tertio
277 1480 340 1499 eum
359 1472 393 1499 ad
411 1473 571 1500 comitatum
591 1481 670 1500 suum
688 1474 822 1506 evocavit,
835 1474 907 1501 sicut
928 1474 971 1502 lit-

1016 211 1127 246 νόμενος
1142 211 1262 246 διέγνων,
1278 213 1417 244 εὐσεϐείας
1432 213 1529 245 αὐτοὺς
1542 214 1623 248 χάριν
1643 213 1813 240 διώκεσθαι.

1017 256 1047 282 Ei
1067 256 1116 290 μὲν
1131 255 1178 283 οὖν
1198 257 1354 293 ἐπαγγέλλῃ
1367 258 1520 286 ἀποδιδόναι
1534 259 1641 289 τούτοις
1661 258 1726 289 τοὺς
1741 258 1817 293 θρό-

1019 310 1092 335 νους,
1119 303 1324 338 ἐπαμυνόμενος
1336 305 1400 335 τοὺς
1417 304 1504 339 μάτην
1525 305 1617 335 αὐτοῖς
1630 302 1817 339 προσᾳιομιὲ⁴

1015 357 1087 381 νους,
1103 349 1244 376 ἀποστελῶ
1259 349 1326 385 πρὸς
1343 350 1372 376 σὲ
1383 351 1446 381 τοὺς
1460 350 1568 386 ἄνδρας.
1583 351 1614 376 Et
1625 350 1648 376 δ’
1664 348 1816 378 ἀνανεύοις

1014 390 1100 418 ταῦτα
1118 391 1188 418 οὕτω
1205 394 1301 424 ποιεῖν,
1316 390 1346 420 εὖ
1373 393 1438 425 ῐσθι,
1453 394 1493 420 ὃτι
1519 394 1600 425 αὐτὸς
1625 392 1684 428 ἐγὼ
1708 392 1814 419 αὐτόθι

1014 437 1169 472 γενόμενος,
1182 438 1228 465 καὶ
1240 437 1352 471 ἄκοντος
1365 447 1412 466 σου
1421 439 1525 473 τούτοις
1533 440 1595 472 τοὺς
1607 439 1730 471 οἰκείους
1739 439 1816 465 ἀπο-

1014 480 1110 516 δίδωμι
1127 481 1248 518 θρόνους.

1305 629 1430 657 ΚΕΦΑΛ.
1451 628 1515 658 Kl".

1021 673 1068 706 Ὧς
1089 674 1229 708 φοϐηθεὶς
1255 676 1272 702 ὁ
1285 675 1492 708 Κωνσῑάντιος
1515 675 1568 708 τὰς
1592 675 1724 708 ἀπειλὰς
1744 674 1806 702 τοῦ

1049 708 1198 743 ἀδελφοῦ,
1213 709 1251 735 δι’
1272 710 1441 736 ἐπιστολῶν
1455 710 1582 737 ἐκάλεσε
1600 711 1656 736 τὸν
1678 710 1807 737 Ἀθανά-

1049 751 1129 775 mor,
1142 744 1190 770 καὶ
1205 745 1248 777 εὶς
1260 746 1316 778 τὴν
1334 745 1558 779 Ἀλεξάνδρειαν
1569 746 1700 779 ἔπεμψε.

1049 790 1143 818 Ταῦτα
1160 790 1241 824 γνοὺς
1256 791 1270 817 ὁ
1288 790 1337 825 τῆς
1356 790 1441 826 Ἐῲας
1465 791 1606 825 βασιλεὺς,
1625 791 1667 822 εἰς
1686 789 1816 824 ἀγωνίαν

983 847 1003 875 Β
1017 837 1048 864 ού
1059 837 1109 872 τὴν
1120 835 1256 871 τυχοῦσαν
1268 836 1397 871 κατέστη.
1410 836 1668 872 Μεταπεμψάμενος
1680 845 1712 862 τε
1727 836 1816 868 εὐθὺς

1016 884 1161 914 πλείστους
1170 882 1226 909 τῶν
1236 882 1404 909 ἀνατολικῶν
1417 883 1586 912 ἐπισκόπων,
1596 883 1646 917 τήν
1657 890 1688 908 τε
1700 881 1815 916 αἵρεσιν

1015 930 1063 957 τοῦ
1088 928 1204 962 ἀδελφοῦ
1231 927 1389 962 προύτίθει,
1415 927 1464 954 καὶ
1490 928 1553 964 περὶ
1583 927 1630 953 τοῦ
1667 927 1814 962 πρακτέου

1016 973 1218 1002 διεπυνθάνετο.
1228 973 1260 998 Οἱ
1268 971 1306 1002 δὲ.
1316 972 1442 1006 κρεῖσσον
1452 971 1556 1006 ἔφασαν
1568 971 1621 998 τῶν
1637 970 1815 1006 Ἐκκλησιῶν

1017 1017 1219 1055 παραχωρῆσαι
1233 1017 1290 1048 τοῖς
1306 1016 1370 1051 περὶ
1386 1016 1556 1048 ’Δθανάσιον,
1573 1016 1590 1050 ἢ
1602 1015 1738 1051 ἐμφύλιον
1748 1016 1815 1042 ἁνα-

1016 1064 1145 1097 δέξασθαι
1167 1062 1296 1097 πόλεμον.
1322 1061 1404 1088 Ὅθεν
1433 1061 1475 1087 ἐπ’
1497 1061 1602 1096 ἀνάγκῃ
1632 1059 1776 1091 καταστὰς
1799 1061 1816 1086 ὁ

1019 1110 1161 1147 βασιλεὺς,
1176 1108 1268 1135 ἐκάλει
1283 1107 1351 1143 πρὸς
1366 1107 1463 1134 ἑαυτὸν
1479 1107 1540 1137 τοὺς
1554 1106 1618 1142 περὶ
1635 1106 1810 1133 ’Δθανάσιον.

1017 1156 1074 1183 Καὶ
1092 1155 1159 1186 τέως
1183 1154 1232 1189 μὲν
1257 1153 1429 1188 παραχρῆμα
1451 1152 1496 1178 τὸν
1517 1151 1624 1178 Παῦλον
1649 1151 1721 1186 μετὰ
1737 1151 1814 1177 δυεῖν

1018 1201 1176 1228 ἐπισκόπων
1191 1200 1238 1226 καὶ
1249 1199 1299 1234 τῆς
1311 1198 1394 1233 ἄλλης
1407 1198 1490 1233 τιμῆς
1499 1217 1507 1229 ,
1523 1196 1670 1232 γράμμασί
1685 1205 1717 1223 τε
1728 1197 1813 1223 πάλιν

1018 1249 1076 1278 τοῖς
1097 1247 1209 1278 οίκείοις
1231 1247 1245 1272 ὁ
1261 1245 1316 1272 τῶν
1335 1244 1471 1279 ἐσπερίων
1493 1243 1636 1279 βασιλεὺς,
1652 1243 1693 1269 ἔτι
1711 1251 1743 1269 τε
1765 1243 1813 1269 καὶ

1018 1295 1076 1326 τοῖς
1088 1292 1142 1320 ἀπὸ
1162 1293 1211 1326 τῆς
1233 1291 1342 1318 συνόδου
1364 1289 1560 1325 κατοχυρώσας
1577 1287 1740 1314 ἀποστέλλει
1765 1288 1813 1314 ἐπὶ

1019 1339 1068 1375 τὴν
1094 1338 1298 1365 Κωνσταντίνου
1329 1335 1418 1363 πόλιν.
1448 1335 1502 1362 Τοῦ
1527 1335 1555 1361 δὲ
1585 1334 1747 1360 Ἀθανασίου
1771 1333 1813 1360 ἔτι

1020 1383 1268 1418 ὑποστελλομένου,
1296 1382 1344 1408 καὶ
1375 1380 1592 1416 ἀμφιϐάλλοντος
1623 1379 1714 1406 ἐλθεῖν
1743 1378 1813 1413 πρὸς

1019 1430 1100 1458 αὐτόν
1108 1438 1115 1444 ’
1131 1428 1276 1464 ηὐλαὸεὲιο
1284 1426 1338 1462 γὰρ
1345 1426 1393 1457 τὰς
1400 1425 1455 1452 τῶν
1461 1423 1636 1460 συκοφαντῶν
1645 1422 1811 1457 σκευωρίας

1020 1478 1035 1504 ὁ
1052 1475 1178 1511 βασιλεὺς
1188 1473 1239 1509 τῆς
1259 1472 1347 1509 Ἐᾠας
1365 1472 1448 1499 αὑτὸν
1464 1471 1513 1506 οὐχ
1533 1470 1605 1503 ἅπαξ
1627 1469 1710 1505 μῧνον
1721 1489 1728 1500 ,
1744 1467 1812 1494 ἀλλὰ

181 1521 247 1545 tera:
269 1518 355 1552 ipsius
377 1518 536 1551 ostendunt,
554 1527 615 1554 qum
635 1527 668 1546 ex
683 1519 781 1548 Latino
799 1527 926 1549 sermone
944 1520 970 1548 in

1037 1522 1072 1549 :a‘t
1086 1522 1126 1553 δὶς
1144 1521 1192 1547 xui.
1214 1519 1273 1555 τρὶς
1294 1518 1388 1546 ἐκάλει
1411 1519 1477 1553 παρ’
1497 1517 1593 1544 ἑαυτόν
1606 1524 1612 1531 ·
1631 1515 1670 1546 ὡς
1690 1513 1728 1541 τὰ
1747 1513 1810 1548 παρ’

181 1562 305 1591 Graecum
320 1571 460 1591 conversa
472 1564 512 1593 sic
525 1565 629 1592 habent
643 1573 650 1592 :

306 1661 426 1697 Epistula
445 1662 592 1690 Constantii
611 1664 646 1690 ad
663 1663 847 1690 Athanasium.

271 1707 452 1741 Constantius,
473 1708 566 1750 Victor,
581 1709 723 1744 Augustus,
739 1708 883 1737 Athanasio

498 1760 502 1765 -
515 1752 644 1779 episcopo.

213 1788 314 1816 Jactari
346 1792 373 1816 te
396 1788 502 1816 diutius
530 1790 678 1825 vexarique
707 1789 864 1817 sawissimis
888 1788 973 1816 maris

184 1834 323 1867 ﬂuetibus,
347 1835 502 1862 clementia:
519 1840 619 1862 nostra
639 1835 796 1863 humanitas
817 1844 872 1863 non
895 1835 971 1862 sinit.

183 1882 239 1908 Nec
250 1884 276 1908 te
289 1880 378 1915 patrio
394 1881 450 1908 lare
464 1882 607 1914 nudatum,
627 1881 761 1917 bonisque
776 1882 933 1916 spoliatum,
945 1885 974 1908 et

186 1927 212 1953 in
229 1927 345 1954 desertis
362 1931 444 1962 atque
464 1927 546 1954 inviis
570 1927 743 1954 oberrantem
763 1927 832 1954 locis
850 1926 974 1962 despexit

185 1973 320 2001 indefessa
345 1973 432 2008 pietas
456 1977 558 2000 nostra.
579 1973 612 2004 Et
638 1973 765 2008 quamvis
785 1973 885 2002 mentis
906 1981 973 2000 meae

185 2019 355 2053 propositum
370 2020 449 2054 110
463 2019 496 2046 ad
513 2023 538 2046 te
550 2019 671 2046 scribere
687 2019 792 2046 diutius
805 2019 972 2050 distulerim,
985 2021 991 2026 '

185 2070 347 2099 exSpeetans
357 2065 422 2097 dum
443 2065 500 2100 ipse
520 2069 565 2096 tua
584 2070 680 2100 sponte
696 2065 730 2092 ad
747 2073 796 2092 nos
807 2065 925 2096 venires,
945 2068 974 2091 et

186 2119 372 2140 :erunmarum
391 2115 500 2139 tuarum
516 2112 667 2139 remedium
685 2112 852 2147 postulares:
871 2116 971 2142 tamen,

186 2156 251 2190 quia
263 2155 413 2182 voluntatis
428 2159 480 2182 tua:
497 2156 667 2190 propositum
688 2156 802 2183 fortasse
817 2160 906 2182 metus
922 2155 973 2182 im-

1021 1567 1103 1594 αὐτοῦ
1115 1566 1267 1601 γράμματα
1287 1564 1422 1597 δεικνύει,
1437 1563 1510 1599 ἅπερ
1527 1563 1559 1589 ὲκ
1579 1563 1630 1596 τῆς
1652 1561 1811 1595 Ῥωμαῖκῆς

1023 1609 1227 1646 μεταϐληθέντα
1244 1608 1389 1643 γλώσσης,
1404 1607 1497 1634 τοῦτον
1513 1606 1569 1642 ἔχει
1584 1606 1631 1632 τὸν
1651 1605 1756 1641 τρόπον
1767 1611 1777 1620 ⁹

1069 1662 1228 1698 Ἐὲιιστολὴ
1249 1664 1461 1692 Κωνσταντίου
1482 1662 1558 1697 πρὸς
1583 1662 1772 1689 Ἄθανὰσιον.

1023 1711 1246 1744 Κωνστάντιος,
1269 1709 1628 1772 Νικτέτὴς,όΑὔΤουστος,
1650 1706 1811 1740 Ἀθανασίφ

1349 1753 1423 1771 πισκ
1443 1752 1496 1772 πω.

1349 1752 1496 1777 πισκοπῳ.

1065 1793 1127 1820 Ἐπὶ
1142 1792 1209 1821 πολύ
1225 1800 1254 1818 σε
1272 1790 1483 1823 κλυδωνίςεσθαι
1501 1789 1557 1825 (56)
1571 1788 1617 1815 καὶ
1632 1785 1810 1823 χειμάζεσθαι

1023 1840 1079 1871 τοῖς
1103 1839 1152 1873 τῆς
1180 1838 1318 1874 Θαλάσσης
1340 1837 1441 1872 ὁμοίως
1467 1835 1587 1871 κύμασιν
1613 1834 1739 1869 ἀγρίοις,
1764 1832 1811 1859 οὒκ

1024 1885 1129 1920 ἀφῆκεν
1151 1886 1168 1920 ἡ
1192 1884 1242 1919 τῆς
1256 1883 1394 1919 ἡμετέρας
1415 1882 1586 1918 ἡμερότητος
1610 1878 1809 1914 φιλανθρωπία.

1024 1930 1205 1966 Γυμνωθέντα
1218 1939 1247 1956 σε
1260 1930 1310 1964 τῆς
1322 1928 1452 1964 πατρῴας
1466 1927 1573 1959 ἑστίας,
1586 1926 1634 1953 καὶ
1646 1924 1810 1961 στερηθέντα

1024 1976 1078 2003 τῶν
1096 1975 1179 2008 ἰδίων,
1197 1975 1245 2003 καὶ
1262 1974 1440 2009 πλανώμενον
1454 1974 1483 2000 ὲν
1501 1972 1661 2008 θηριώδεσιν
1677 1970 1808 2000 ἀνοδίαις,

1023 2023 1053 2048 οὐ
1066 2022 1194 2057 παρεῖδεν
1213 2022 1230 2056 ὴ
1246 2021 1388 2056 ἀκάματος
1406 2019 1485 2055 ἡμῶν
1501 2019 1638 2046 εὐσέϐεια.
1654 2017 1687 2044 Εἰ
1706 2016 1755 2042 καὶ
1767 2023 1810 2042 ται

1026 2067 1144 2103 μάλιστα
1160 2067 1276 2094 ἐπιπολὺ
1300 2066 1474 2102 ὑπερεθέμην
1494 2065 1598 2100 γράψαι
1619 2063 1669 2100 τὴν
1684 2063 1810 2098 πρὸθεσνν

1025 2115 1073 2148 τῆς
1086 2113 1156 2148 ἐμῆς
1174 2113 1310 2143 διανοίας,
1326 2111 1484 2147 προσδοκῶν
1500 2110 1660 2146 αὺοαίρετόν
1676 2117 1707 2135 σε
1725 2116 1810 2143 παρα-

1025 2159 1151 2193 γενέσθαι
1167 2158 1234 2194 πρὸς
1250 2160 1339 2194 ἡμᾶς,
1351 2158 1397 2185 καὶ
1410 2157 1464 2184 τῶν
1482 2157 1613 2193 καμάτων
1628 2156 1718 2182 αἰτεῖν
1735 2154 1809 2189 θερα-

186 2201 283 2236 pediit,
299 2200 404 2227 ideirco
427 2200 534 2227 litteras
556 2200 731 2235 indulgentiae
750 2200 922 2235 plenissimas
940 2199 970 2226 ad

1037 2204 1126 2230 κείαν⁵
1149 2204 1223 2238 ὅμως
1243 2203 1339 2238 ἐπειδὴ
1362 2203 1426 2234 ἴσως
1447 2202 1461 2228 ὁ
1483 2201 1563 2236 φὸὃος
1582 2200 1631 2236 τὴν
1654 2199 1811 2235 προαίρεσιν

189 2338 254 2366 bere
271 2339 382 2365 festines
392 2359 398 2371 ,
412 2347 466 2373 quo
476 2340 580 2368 scilicet
592 2349 703 2376 compos
717 2346 842 2368 votorum
857 2345 976 2372 tuorum,

137 2274 146 2279 _
187 2247 349 2282 gravitatem
372 2250 445 2274 tuam
460 2247 595 2278 misimus,
612 2251 642 2273 ut
659 2246 761 2281 absque
782 2250 856 2273 metu
876 2245 970 2272 nostri:

1037 2250 1073 2284 ῑῆς
1086 2250 1134 2284 σῆς
1150 2249 1305 2285 προθέσεως
1324 2248 1460 2280 ὲνεπόδιζε
1473 2269 1479 2281 ,
1490 2247 1613 2274 διατοῦτο
1629 2246 1736 2281 δωρεᾶς
1748 2244 1809 2279 πλη-

188 2293 382 2327 conspectibns
396 2294 567 2328 praesentiam
591 2299 663 2322 tuam
679 2294 881 2329 quamprimum
901 2293 978 2320 exhi-

1027 2296 1143 2329 ρέστατα
1169 2295 1321 2330 γράμματα
1349 2296 1417 2330 πρὸς
1443 2294 1492 2329 τὴν
1516 2294 1564 2328 σὴν
1590 2292 1762 2327 στερρότητα
1776 2290 1809 2318 δι-

1025 2341 1224 2375 επεμψάμεθα·
1240 2341 1282 2367 ἵνα
1298 2340 1406 2375 ἀφόϐως
1425 2341 1485 2371 ταῖς
1502 2339 1650 2374 ἡμετέραις
1664 2336 1809 2371 προσόψεσι

188 2389 216 2411 et
242 2385 437 2412 humanitatem
462 2391 583 2413 nostram
608 2392 755 2422 expertus,
782 2387 837 2414 tuis
865 2387 970 2414 sedibus

1037 2387 1136 2420 ταχεῖαν
1147 2385 1196 2421 τὴν
1208 2385 1307 2412 σαυτοῦ
1319 2384 1472 2420 παρουσίαν
1484 2383 1636 2418 παρασχεῖν
1647 2380 1807 2417 omo-obiens,

399 2429 416 2446 Ω

791 2476 925 2503 VALESII
946 2477 1221 2505 ANNOTATIONES.

189 2544 269 2571 quam
279 2535 323 2562 hic
335 2535 417 2562 refert
429 2535 564 2567 Soerates,
579 2535 670 2571 dubia:
686 2535 748 2562 fidei
764 2535 832 2571 mihi
847 2535 974 2571 videtur:

189 2579 251 2598 nam
265 2576 292 2597 et
307 2570 470 2598 Athanasius
482 2571 583 2597 nullam
599 2570 658 2604 ejus
672 2570 794 2605 epistola:
810 2570 975 2596 mentionem

191 2606 272 2636 facit,
291 2610 319 2631 et
339 2614 436 2632 nomen
450 2606 537 2637 Pauli,
553 2606 626 2640 quod
652 2606 679 2632 in
703 2613 736 2632 ea
759 2609 857 2636 exstat,
878 2606 976 2631 merito

189 2645 343 2676 suspectam
374 2641 463 2668 reddit
482 2641 635 2675 epistolam.
662 2641 762 2676 Paulus
778 2640 851 2676 enim
868 2640 975 2676 episeo-

189 2680 319 2716 patrisuo
335 2680 399 2702 tunc
423 2677 595 2716 potiebatur;
618 2684 669 2703 nec
691 2675 852 2716 Serdicensi‘
873 2675 975 2716 synodo

191 2710 331 2744 interfurit,
343 2710 431 2746 neque
447 2712 508 2746 ejus
526 2711 637 2738 decreto
650 2710 794 2746 restitutus
814 2713 866 2740 est,
878 2713 909 2746 ut
928 2718 975 2746 su—

190 2746 282 2781 perius
304 2744 498 2774 demonstravi.
515 2746 604 2781 Quare
627 2745 649 2772 si
673 2745 730 2771 hate
743 2744 900 2781 Constantis
917 2744 975 2781 epi-

192 2779 259 2808 ﬂola
272 2790 336 2809 vera
356 2787 407 2813 est,
425 2785 487 2808 ante
503 2780 692 2807 Serdieensem
713 2779 847 2814 synodum
872 2779 973 2813 scripta

191 2815 273 2842 fuerit
286 2824 397 2845 necesse
418 2820 468 2844 est.
486 2815 608 2850 Denique
625 2816 704 2850 epist.
729 2813 742 2842 ⁷1
768 2815 920 2843 Constantii
941 2813 973 2843 ad

1028 2535 1218 2565 Athanasium,
1236 2542 1317 2568 qmun
1334 2542 1394 2560 mox
1410 2533 1493 2562 refert
1505 2533 1642 2563 Socrates,
1655 2532 1727 2568 hanc
1742 2531 1806 2558 Con-

1028 2571 1127 2598 stantis
1135 2567 1277 2598 eoistolam
1292 2569 1351 2595 falsi
1367 2569 1514 2596 convincit.
1530 2567 1575 2594 Ait
1589 2567 1663 2594 enim
1677 2567 1805 2594 Constan-

1026 2607 1079 2632 tius
1102 2613 1131 2632 se
1153 2602 1256 2632 litteris
1281 2604 1314 2630 ad
1343 2603 1455 2631 fratrem
1483 2602 1593 2637 scriptis
1624 2610 1756 2636 rogasse,
1781 2605 1805 2627 ut

1027 2641 1177 2668 Athanasio
1189 2640 1222 2666 ad
1234 2647 1282 2666 sua
1297 2638 1429 2665 redeundi
1444 2642 1602 2673 potestatem
1617 2637 1707 2663 daret.

1062 2675 1117 2710 (56)
1137 2673 1203 2702 Ἐπὶ
1227 2674 1307 2700 πολύ
1337 2682 1373 2700 σε
1393 2671 1630 2710 κλρδῳνίζεᾳραι.
1660 2673 1724 2699 llaec
1742 2671 1806 2710 Con-

1027 2707 1119 2737 stantii
1135 2710 1250 2746 epistola
1267 2717 1320 2746 una
1343 2716 1405 2746 eum
1420 2708 1532 2746 duabus
1547 2707 1607 2746 aliis
1622 2707 1803 2746 sequentibus,

1028 2741 1161 2771 ret'ertur'
1178 2745 1211 2772 ab
1236 2744 1385 2772 Athanasio
1418 2744 1445 2771 in
1481 2742 1641 2772 Defensioue
1669 2741 1802 2773 secunda,

1029 2788 1087 2815 pag.
1107 2780 1167 2808 769.
