1887 3067
35 128 79 154 937

513 123 674 152 HISTORIA
694 124 966 152 ECCLESIASTICA.
989 140 1023 144 ——~
1042 123 1105 151 LlD.
1127 125 1158 152 ll.

1585 127 1638 156 258

35 186 92 216 λέως
105 183 143 214 είς
153 182 203 214 τὰς
220 180 324 209 ἑαυτῶν
339 180 434 216 ἐφοίτα
454 179 560 211 πόλεις,
575 179 719 207 κελεύοντα
734 180 803 207 ἑτοί-

875 187 957 211 ιιοιρς
969 182 1054 218 ipsius
1061 181 1231 217 aufugerant.
1240 182 1356 210 Proinde
1369 183 1540 218 imperatoris
1550 185 1638 214 edicta

33 239 84 268 μως
98 228 193 259 αὐτοὺς
215 226 403 262 ὑποδέχεσθαι.
422 226 466 252 Ἐν
486 225 536 261 μὲν
547 223 593 252 οὖν
614 225 736 260 ’Λγκύρᾳ
752 226 805 252 Βα-

37 275 122 302 mou
147 272 349 307 ἐξωθουμένου,
367 272 414 298 καὶ
435 271 614 302 ἀντεισιόντος
628 270 805 306 Μαρκέλλου,

35 319 128 355 ταραχὴ
142 319 192 352 οὐχ
211 318 230 353 ἡ
251 317 370 352 τυχοῦσα
385 317 493 351 ἐγένετο
505 337 512 347 ,
532 317 549 351 ἥ
569 316 705 351 πρόφασιν
723 315 807 342 λοιῶ-

36 367 88 402 ριας
96 364 214 400 παρέσχε
227 364 283 394 τοῖς
297 363 332 389 τὰ
345 362 453 389 ἐναντία
468 362 611 397 φρονοῦσιν
623 370 630 378 ο
652 361 808 397 ’Δσκληπᾶν

35 411 57 437 δὲ
74 409 183 443 ἑτοίμως
200 407 314 439 Γαζαῖοι
329 406 462 439 ἐδέξαντο.
483 406 527 432 Ἐν
542 406 570 432 δὲ
588 407 621 440 τῇ
636 406 808 432 Κωνσταντί-

35 465 72 483 νω
84 454 155 481 πόλει
170 453 338 484 Μακεδόνιος
359 452 458 487 Παύλῳ
471 451 540 486 πρὸς
553 450 645 485 ὀλίγον
660 451 806 486 ὑπεξέστη,

35 500 85 526 καθ’
96 498 190 525 ἑαυτὸν
204 498 235 524 ὲν
260 496 400 532 ἰδιαζούσῃ
423 495 557 531 ἐκκλησίᾳ
572 495 622 531 τῆς
640 496 742 527 πόλεως
759 496 808 527 τὰς

36 544 144 575 συνόδους
166 541 338 577 ποιούμενος.
363 541 451 577 ’Υπὲρ
474 540 564 576 μέντοι
594 540 769 573 ’Λοανασίου,
793 542 808 567 ό

35 588 147 624 βασιλεὺς
172 587 335 618 ἐπισκόποις
357 595 386 613 τε
415 587 462 612 καὶ¹
483 586 625 621 κληρικοῖς
647 585 693 612 καὶ
714 586 807 618 λαοῖς,

37 635 88 670 περὶ
106 633 151 660 τοῦ
173 633 302 668 ἁσμένως
330 632 412 658 αὑτὸν
434 631 618 666 nomen“;
640 631 807 658 ἐπέστειλεν.

37 682 87 707 Ἐτι
103 680 154 715 μὴν
178 680 227 706 καὶ
241 679 276 705 τὰ
298 678 359 706 κατ’
383 677 465 704 αὑτοῦ
483 679 512 704 ἐν
526 677 711 712 δικαστηρίοις
732 686 809 712 πρα-

36 726 128 766 χθέντα,
136 725 168 752 δι’
183 725 285 760 ἐτέρων
295 724 466 760 γραμμάτων
477 723 657 759 ἀφανισθῆναι
669 724 807 751 ἐκέλευσε.

37 772 70 798 Τὰ
87 771 113 798 δὲ
136 771 199 806 περὶ
209 770 374 806 ἀμφοτέρων
385 770 486 797 τούτων
499 769 649 806 γραφέντα,
662 769 719 796 ἔστι
730 770 808 797 τάδε·

69 871 225 904 Ἐπιστολὴ
251 871 464 898 Κωνσταντίου
482 870 559 905 ὑπὲρ
586 871 771 898 Ἄθανασίου.

37 917 151 951 Νικητὴς
165 916 384 948 Κωνστάντιος,
400 914 562 951 Μέγιστος,
573 917 723 948 Σεϐαστὸς
733 936 740 945 .
749 916 810 942 ἐπι-

65 953 181 984 σκόποις
193 952 244 978 καὶ
261 951 474 1012 πρεσόιῗέροις
490 950 545 984 τῆς
556 950 726 984 Καθολικῆς
744 951 809 978 Ἐχ-

344 994 362 1012 κ
386 992 486 1019 ησιας.

64 1031 116 1058 οὐκ
127 1030 279 1066 ἀπελείφθη
294 1031 343 1066 τῆς
357 1031 404 1057 τοῦ
420 1030 488 1057 Θεοῦ
503 1030 615 1066 χάριτος
631 1031 646 1057 ὁ
666 1030 810 1066 αὶδεσιμὼ-

36 1086 105 1110 ure;
126 1077 272 1109 ἐπίσκοπος
296 1077 465 1108 Ἀθανάσιος.
489 1076 558 1102 Ἀλλ’
578 1077 603 1103 εί
623 1077 670 1103 καὶ
693 1077 722 1103 ὲν
744 1077 810 1112 βρα-

37 1124 72 1158 χεῖ
84 1122 166 1158 χρόνῳ
180 1123 213 1158 τῇ
231 1122 305 1149 κατὰ
317 1122 476 1156 ἀνθρώπους
492 1121 640 1158 δοκιμασία
651 1122 791 1158 ὑπεὸλήοη
801 1142 808 1154 ,

36 1170 99 1203 ὅμως
107 1169 153 1204 τὴν
161 1168 342 1204 ὀφειλομένην
352 1168 427 1203 παρὰ
439 1168 488 1203 τῆς
498 1167 668 1203 παντεφόρου
678 1168 811 1204 Προνοίας

37 1215 198 1249 ἀπηνέγκατο
209 1214 302 1249 ψῆφον
314 1222 322 1229 ·
340 1213 484 1241 ἀπολαϐὼν
505 1213 630 1249 βουλήσει
651 1213 698 1240 τοῦ
717 1214 810 1250 κρείτ-

37 1268 114 1291 τηνπς,
136 1259 182 1285 καὶ
207 1259 300 1294 κρίσει
321 1259 444 1295 ἡμετέρα
463 1258 512 1295 τὴν
534 1259 654 1294 πατρίδα
676 1259 744 1294 ὁμοῦ
764 1259 812 1286 καὶ

38 1306 77 1341 τὴν
113 1304 298 1340 Ἐκκλησίαν,
333 1303 368 1341 ἧς
406 1305 472 1340 θείῳ
506 1305 621 1340 νεύματι
656 1306 811 1341 προστάτης

39 1353 164 1388 ἐτύγχανε.
176 1352 274 1388 Τούτῳ
287 1352 321 1379 τὰ
340 1352 474 1379 ἀκόλουθα
491 1351 544 1378 ἔδει
563 1351 638 1386 παρὰ
652 1352 702 1387 τῆς
715 1352 812 1388 ἡμετέ-

41 1407 81 1433 ρας
92 1397 205 1432 ὑπάρξαι
219 1399 385 1434 πραότητος.
401 1398 483 1424 Ὥστε
502 1397 591 1424 πάντα
605 1397 639 1424 τὰ
652 1397 705 1433 πρὸ
717 1397 811 1424 τούτου

39 1446 100 1472 κατὰ
124 1445 177 1472 τῶν
207 1444 286 1480 αὐτῷ
313 1444 552 1480 κεκοινωνηκότων
579 1443 738 1479 ὡρισμένα,
765 1443 813 1470 νῦν

39 1489 163 1525 ἀμνηστίᾳ
178 1488 383 1524 παραδοθῆναι,
401 1489 493 1515 πᾶσάν
509 1496 538 1515 τε
555 1488 674 1524 ὑποψίαν
690 1488 739 1524 τὴν
752 1488 812 1515 κατ’

857 228 890 255 ad
905 229 1024 263 ipsorum
1038 229 1121 255 missa
1137 232 1200 255 sunt
1216 228 1349 261 civitates,
1373 229 1474 263 quibus
1493 230 1640 265 jubebatur

857 277 887 300 ut
904 274 965 301 illos
985 278 1109 308 prompte
1131 273 1312 308 susciperent.
1333 274 1365 301 Et
1391 275 1505 309 Ancyra:
1529 276 1639 309 quidem

856 325 919 345 eum
935 318 1050 345 Basilius
1064 318 1273 351 exturbarctur,
1292 319 1434 346 Marcellus
1454 327 1520 347 vero
1535 320 1562 347 in
1582 321 1641 355 ejus

857 363 1070 390 substitueretur
1102 364 1191 391 locum
1209 384 1216 397 ,
1244 372 1299 391 non
1332 365 1478 392 mediocris
1508 367 1642 393 tumultus

859 409 939 444 114
950 413 1062 436 exortus
1073 415 1124 441 est,
1137 411 1182 444 qui
1196 410 1378 438 calumniandi
1391 411 1561 438 occasionem
1573 420 1642 446 prar~

858 455 917 482 buit
937 454 1100 481 adversariis
1126 464 1133 480 :
1156 454 1243 482 ϐειιωί
1265 463 1329 482 vero
1357 455 1473 483 libenter
1500 457 1641 491 Asclepam

857 504 1048 534 susceperunt.
1080 500 1315 536 Constantinopoli
1344 506 1435 528 autem
1468 502 1642 530 Macedonius

858 545 942 572 Paulo
963 544 999 571 ad
1017 544 1155 571 modicum
1178 549 1286 579 tempus
1304 545 1364 572 loco
1384 546 1476 578 cessit,
1496 546 1523 573 in
1536 546 1642 581 privata

857 590 975 625 quadam
997 590 1075 618 urbis
1103 591 1217 617 ecclesia
1239 599 1361 618 seorsum
1382 597 1533 619 conventus
1549 600 1640 627 agens.

858 636 910 664 Pro
923 636 1072 663 Athanasio
1089 644 1153 663 vero
1170 636 1318 670 imperator
1328 637 1361 664 ad
1375 638 1516 672 episcopos
1526 643 1553 665 et
1563 638 1643 665 cleri—

858 689 905 708 cos
917 686 945 708 et
956 681 989 708 ad
1001 681 1117 716 populos
1132 681 1253 715 scripsit,
1267 686 1297 708 ut
1310 681 1459 709 libentibus
1471 683 1569 710 animis
1579 690 1642 710 eum

858 727 1027 761 exciperent.
1043 726 1096 753 Sed
1109 730 1136 753 et
1149 734 1197 761 per
1210 727 1276 753 alias
1294 727 1398 754 litteras
1411 728 1502 762 jussit,
1517 732 1547 755 ut
1567 735 1642 762 quae—

858 780 967 806 cunque
979 771 1130 807 injudieiis
1138 776 1232 799 contra
1249 771 1324 799 illum
1337 776 1397 799 acta
1413 772 1531 805 fuerant,
1549 774 1642 801 abole—

860 823 966 846 rentur.
976 819 1013 846 Dc
1025 822 1141 853 utraque
1153 827 1181 846 re
1193 818 1301 853 scripta:
1318 819 1415 846 littera:
1425 819 1466 846 sic
1479 827 1508 846 se
1521 819 1642 847 habent:

982 875 1104 910 Epistula
1126 875 1275 903 Constantii
1295 884 1343 911 pro
1364 876 1520 903 Athanasio.

860 920 947 948 Victor
965 919 1146 952 Constantius,
1164 921 1306 957 Maximus,
1323 922 1466 957 Augustus.
1479 922 1603 957 episcopis
1621 925 1645 948 et

1023 956 1179 992 presbyteris
1198 956 1338 984 Catholica:
1355 956 1488 984 Ecclesiaz.

895 1037 954 1065 Non
967 1041 1010 1064 est
1031 1037 1180 1064 derelictus
1191 1044 1207 1064 a
1220 1036 1267 1064 Dei
1288 1037 1376 1072 gratia
1401 1037 1646 1066 reverendissimus

859 1083 1006 1118 episcopus
1018 1081 1193 1109 Athanasius.
1208 1081 1262 1108 Sed
1275 1090 1430 1117 quanquam
1447 1082 1524 1110 brevi
1539 1086 1645 1118 tempo-

859 1127 898 1154 ris
910 1127 1001 1162 spatio
1013 1127 1139 1153 humanm
1151 1126 1307 1161 probationi
1326 1126 1474 1162 subjacuit,
1487 1127 1580 1154 divina
1604 1131 1645 1154 ta-

860 1181 923 1200 men
937 1172 1104 1207 suﬂragante
1116 1171 1302 1203 Providentia,
1314 1171 1415 1206 justam
1427 1172 1527 1199 meruit
1541 1172 1645 1200 referre

860 1218 1025 1246 sententiam
1040 1227 1045 1244 :
1060 1217 1206 1244 restitutus
1219 1221 1275 1244 tum
1287 1217 1335 1244 Dei
1354 1217 1505 1249 voluntate,
1520 1221 1578 1244 tum
1598 1226 1646 1245 no—

861 1269 920 1292 stro
928 1264 1044 1299 judicio,
1059 1263 1087 1290 in
1100 1263 1216 1298 patriam
1238 1262 1319 1289 simul
1333 1265 1363 1290 et
1386 1263 1414 1290 in
1427 1263 1586 1295 Ecclesiam,
1601 1264 1645 1290 cui

861 1309 955 1336 divino
967 1313 1035 1336 nutu
1048 1307 1221 1343 praesidebat.
1239 1307 1309 1334 lluic
1318 1308 1514 1342 consequentia
1525 1316 1540 1335 a
1553 1312 1647 1336 nostra

861 1358 970 1390 oportet
981 1353 1107 1389 praestari
1127 1353 1292 1385 clementia;
1308 1356 1338 1379 ut
1360 1352 1465 1380 scilicet
1478 1358 1574 1380 cuncta
1587 1361 1647 1388 qua:

861 1399 978 1426 antehac
990 1399 1123 1426 adversus
1135 1397 1197 1425 illos
1209 1398 1256 1432 qui
1275 1398 1316 1425 illi
1339 1398 1586 1431 communicabant,
1601 1399 1648 1426 de-

862 1447 938 1471 creta
961 1447 1036 1475 sunt,
1064 1451 1137 1470 nunc
1159 1442 1292 1470 oblivioni
1319 1441 1479 1474 tradantur,
1504 1443 1648 1477 omnisque

864 1489 993 1524 deinceps
1005 1493 1101 1516 contra
1114 1488 1190 1515 illum
1202 1493 1290 1516 cesset
1301 1488 1429 1523 suspicio.
1442 1488 1476 1515 Et
1491 1486 1649 1516 immunitas

39 1535 109 1561 αὐτοῦ
137 1535 268 1570 σχολάσαι
292 1535 340 1562 τοῦ
362 1534 473 1566 λοιποῦ,
497 1535 548 1570 τήν
575 1542 605 1561 τε
631 1534 754 1560 ἀτέλειαν
777 1531 811 1569 ἦς

875 1544 916 1571 [ua
930 1535 1033 1567 clerici,
1046 1535 1093 1570 qui
1107 1543 1170 1562 cum
1178 1542 1211 1562 eo
1227 1540 1301 1567 sunt,
1312 1535 1378 1561 olim
1389 1534 1562 1567 fruebantur,
1572 1535 1648 1570 ipsis,

39 1581 120 1615 ἔτυχον
131 1581 214 1608 παλαι
225 1581 250 1607 oi
269 1580 327 1616 ἅμα
342 1580 417 1616 αὐτῷ
427 1580 554 1616 κληρικοὶ
563 1599 571 1611 ,
585 1578 691 1610 τούτοις
704 1579 816 1614 βεϐαιω-

39 1626 108 1661 θῆναι
131 1627 334 1663 προσηκόντως.
363 1626 444 1653 Ἀλλὰ
469 1627 523 1662 μὴν
546 1625 594 1652 καὶ
615 1625 694 1652 τοῦτο
715 1626 748 1660 τῇ
775 1625 815 1656 είς

40 1670 108 1696 αὐτὸν
138 1671 230 1706 χάριτι
268 1670 452 1706 προστεθῆναι
489 1668 705 1704 ὲδικαιώσαμεν.
739 1667 812 1694 ὥστε

41 1715 132 1748 πει-ηας
151 1717 216 1749 τοὺς
233 1716 282 1743 τοῦ
305 1715 376 1752 ἱεροῦ
394 1715 545 1749 καταλόγου
561 1714 723 1750 γινώσκειν,
743 1714 815 1740 ἑνδε-

40 1761 120 1788 6ὁςοαι
133 1762 163 1789 τὸ
178 1763 282 1797 ἁφοὸον
303 1763 368 1788 πᾶσι
390 1762 446 1793 τοῖς
463 1760 536 1796 αὐτῷ
558 1759 811 1796 προστεθειμένοις,

41 1807 86 1833 εἴτε
100 1808 256 1839 ἐπισκόποις
265 1829 272 1839 ,
284 1807 339 1834 εἴτε
349 1807 500 1842 κληρικοῖς.
518 1806 620 1833 Ἱκανὸν
630 1805 659 1832 δὲ
670 1805 814 1841 γνώρισμα

40 1854 81 1888 τῆς
94 1854 206 1881 ἑκάστου
223 1853 310 1890 ὀρθῆς
322 1852 509 1888 προαιρέσεως
523 1851 600 1879 ἔσται
611 1871 620 1884 ,
633 1853 650 1886 ἡ
667 1851 735 1887 πρὸς
753 1850 815 1877 τοῦ-

41 1906 78 1925 τον
88 1899 189 1931 ἒνωσις.
205 1899 284 1925 Ὅσοι
294 1899 349 1934 γὰρ
361 1899 394 1925 ἂν
405 1898 454 1933 τῆς
464 1897 603 1928 καλλίονος
616 1896 685 1932 ὀμοῦ
699 1895 814 1932 κρίσεώς

41 1953 64 1970 τε
78 1945 119 1971 καὶ
133 1945 228 1980 μοίρας
243 1945 398 1980 γενόμενοι,
413 1944 463 1979 τὴν
483 1943 578 1970 τούτου
593 1943 708 1970 ἕλωνται
724 1951 818 1970 κοινω-

42 1989 106 2023 νὶαν,
126 1989 235 2021 τοῦτους
257 1990 360 2021 πάντας
374 1988 573 2024 ἐκελεύσαμεν,
588 1988 649 2015 καο’
672 1989 817 2023 ὁμοιότητα

41 2035 83 2068 τῆς
95 2035 244 2070 φθανοὺσης
259 2034 452 2070 Προνοίας,καὶ
459 2033 506 2060 νῦν
517 2034 566 2068 τῆς
579 2033 622 2068 ὑφ’
633 2033 711 2069 ἡμῶν
722 2032 817 2068 βουλὴ-

44 2088 77 2107 σει
88 2081 130 2108 τοῦ
144 2081 296 2116 κρείττονος
308 2079 526 2115 παρασχεθείσης
537 2079 646 2114 χάριτος
659 2078 816 2106 ἀπολαύειν.

45 2126 124 2159 Ἄλλη
141 2126 300 2159 ἐπιστολὴ,
314 2126 376 2159 τοῖς
397 2125 624 2160 Ἀλεξανδρεῦσι
638 2125 816 2160 πεμφθεῖσα.
834 2129 857 2158 D

44 2172 160 2206 Νικητὴς
179 2171 402 2204 Κωγστάντιος,
424 2171 571 2206 Μέγιστος
581 2193 588 2204 ,
601 2172 760 2204 Σεϐαστὸς,
777 2169 818 2204 τῷ

71 2206 129 2239 λαῷ
149 2206 205 2242 τῆς
222 2207 298 2234 κατὰ
321 2205 546 2269 uagarentur
566 2205 736 2240 Καθολικῐκι
757 2206 819 2232 Ἐκ-

352 2250 370 2268 ac
393 2248 494 2276 ησιας.

74 2287 170 2315 Σκοπὸν
189 2287 348 2323 ποιούμενοι
360 2287 410 2322 τὴν
430 2286 566 2322 ὑμετέραν
581 2287 611 2313 ὲν
625 2286 728 2314 ἅπασιν
740 2285 816 2312 εὑνο⁴

47 2332 101 2366 μίαν
117 2333 172 2368 (68)
184 2353 192 2365 ,
215 2333 318 2365 εἰδότες
333 2341 362 2359 τε
381 2332 419 2364 ὡς
442 2332 558 2359 ἐπιπολὺ
579 2331 630 2367 τῆς
645 2331 693 2358 τοῦ
710 2333 820 2358 ἐπισκο-

46 2378 146 2412 ποῦντος
169 2379 301 2414 προνοίας
323 2378 490 2414 ὲστέρησθε,
520 2377 678 2406 Ἀθανάσιον
693 2378 739 2404 τὸν
761 2377 821 2404 ἐπί-

47 2432 150 2457 σκοπον,
177 2425 262 2460 ἄνδρα
287 2425 346 2460 τοῖς
368 2424 435 2450 πᾶσι
460 2423 505 2450 διά
537 2432 566 2450 τε
594 2423 642 2458 τὴν
665 2422 821 2459 προσοῦσαν

50 2433 134 2451 norm
143 2445 150 2457 ,
177 2433 262 2460 ανορα
287 2433 328 2451 τοι
368 2433 435 2450 πασι
460 2433 505 2450 οια
537 2433 566 2450 τε
594 2433 642 2458 την
665 2433 819 2459 προσουσαν

50 2469 183 2506 ὀρθότητα,
196 2471 244 2497 καὶ
256 2470 302 2497 διὰ
316 2433 365 2504 silv
378 2469 482 2497 οἰκείαν
493 2469 639 2504 εὐτροπίαν
649 2468 786 2504 γνώριμον
798 2472 819 2500 °,

861 1587 893 1609 ut
916 1590 966 1616 par
989 1586 1042 1612 est,
1063 1580 1252 1608 confirmetur.
1272 1580 1329 1608 lloc
1346 1580 1428 1608 etiam
1446 1584 1547 1608 nostrte
1560 1581 1587 1607 in
1614 1581 1648 1607 il-

861 1628 919 1655 lum
941 1627 1119 1662 indulgentia:
1138 1627 1322 1662 adjiciendum
1345 1634 1405 1654 esse
1429 1627 1596 1658 censuimus,
1619 1632 1650 1654 ut

861 1681 957 1701 omnes
977 1673 1049 1700 sacri
1073 1672 1179 1699 ordinis
1201 1671 1253 1699 viri
1283 1672 1445 1707 intelligant,
1472 1672 1649 1699 securitatem

862 1718 969 1746 cunctis
980 1719 1028 1754 qui
1044 1718 1195 1745 Athanasio
1215 1716 1402 1750 adhmserunt,
1424 1717 1482 1745 sive
1501 1718 1650 1753 episcopis,

865 1763 923 1791 sive
934 1764 1052 1796 clericis,
1074 1772 1135 1791 esse
1155 1771 1324 1791 concessam.
1345 1763 1421 1790 Recti
1445 1771 1511 1791 vero
1533 1764 1651 1799 singulo-

866 1818 927 1837 rum
940 1810 1072 1846 propositi
1083 1810 1266 1837 eertissimum
1276 1810 1329 1837 erit
1342 1809 1484 1841 indicium,
1498 1809 1574 1837 firma
1588 1818 1651 1837 cum

867 1856 915 1884 illo
936 1856 1090 1884 consensio.
1104 1856 1266 1892 Quicunque
1278 1864 1344 1891 ergo
1362 1856 1581 1890 meliorijudicio
1598 1856 1650 1887 usi,

867 1905 896 1929 et
907 1901 1044 1929 saniorem
1057 1906 1163 1936 partem
1177 1901 1274 1934 secuti,
1289 1901 1508 1928 communionem
1521 1901 1581 1936 ejus
1592 1909 1650 1928 am-

868 1947 941 1982 plexi
954 1950 1028 1979 sunt,
1042 1955 1090 1974 eos
1101 1955 1197 1974 omnes
1206 1947 1340 1982 jussimus
1348 1947 1425 1982 juxta
1437 1947 1591 1981 exemplum
1603 1954 1651 1973 su-

869 1993 987 2028 perioris
1009 1993 1202 2026 Providentiae,
1216 2001 1290 2020 nunc
1310 2000 1419 2027 quoque
1437 1992 1499 2020 data
1523 1999 1538 2019 a
1561 1992 1650 2024 nobis,

868 2045 924 2065 non
946 2038 1008 2066 sine
1028 2039 1077 2066 Dei
1098 2039 1250 2071 voluntate,
1275 2037 1445 2074 indulgentia
1466 2038 1581 2073 perfrui.

1061 2128 1184 2164 Epistula
1205 2128 1240 2155 ad
1258 2127 1464 2156 Alexandrinos.

872 2174 957 2202 Victor
968 2173 1146 2205 Constantius,
1166 2173 1309 2204 Maximus,
1329 2173 1472 2207 Augustus,
1492 2172 1589 2208 popqu
1601 2172 1652 2201 Ca-

1009 2208 1111 2237 tholicw
1124 2207 1250 2236 Ecclesiae
1263 2207 1514 2235 Alexandrinorum.

904 2289 972 2317 Cum
991 2291 1055 2316 ante
1076 2287 1171 2315 oculos
1190 2294 1299 2322 semper
1321 2286 1471 2314 habeamus
1488 2291 1606 2314 vestram
1628 2286 1655 2314 in

871 2333 1000 2360 omnibus
1012 2331 1195 2366 disciplinam,
1215 2338 1266 2358 nec
1279 2331 1365 2366 ignari
1387 2331 1474 2358 simus
1492 2331 1656 2366 jampridem

870 2385 920 2405 vos
930 2377 1078 2412 episcopali
1098 2376 1272 2412 providentia
1293 2376 1441 2404 destitutos
1462 2383 1534 2409 esse,
1547 2384 1656 2411 aequum

871 2421 1041 2454 censuimus,
1053 2421 1234 2449 Athanasium
1252 2421 1421 2456 episcopum,
1434 2421 1524 2448 virum
1537 2421 1572 2448 ob
1594 2422 1657 2449 vita:

871 2467 1079 2494 sanctimoniam
1100 2474 1263 2501 morumque
1277 2466 1440 2502 probitatem
1460 2466 1590 2494 omnibus
1609 2475 1656 2495 co-

629 2535 763 2563 VALESII
782 2533 1057 2562 ANNOTATIONES.

78 2583 127 2620 (68)
140 2584 258 2620 magar
268 2583 438 2620 ποιούμενοι
452 2581 666 2620 τὴν-ὐμεςέρᾳν
676 2582 710 2620 έν
716 2582 810 2620 ᾶεατασι

875 2590 923 2616 ραν
938 2601 945 2614 ,
966 2580 1102 2620 sic_eni_m_
1117 2580 1199 2620 vertit
1218 2589 1224 2607 :
1240 2580 1273 2608 In
1299 2580 1418 2609 omnibus
1434 2580 1597 2616 perhibentes
1611 2587 1658 2606 no-

51 2617 188 2653 εὺνομιιιν.
198 2617 369 2655 Epiphanius
384 2617 569 2646 Scholasticus
583 2617 647 2652 legit
662 2617 711 2652 τὴν
725 2617 823 2652 ἡμετέ-

875 2620 938 2643 stra:
950 2615 1081 2652 aequitatis
1093 2615 1273 2643 intentionem.

758 2694 950 2723 VARIORUM.

81 2745 93 2760 °
109 2743 164 2777 Τῆν
180 2744 294 2771 οἰκείαν
315 2742 474 2777 εὐτροπίαν
496 2741 649 2802 γνώριμον.
665 2742 776 2770 Rectius
793 2743 821 2770 in

81 2778 126 2802 teri
147 2779 278 2802 editione.
299 2778 347 2802 τὴν
363 2778 417 2802 τῶν
437 2778 493 2802 οίκε
506 2785 538 2802 αν
552 2777 691 2802 (mendose
713 2785 763 2802 oro
782 2779 821 2802 οἰ-

52 2778 127 2813 Veteri
147 2779 279 2810 editione,
299 2778 347 2813 τὴν
363 2778 417 2804 τῶν
437 2777 538 2813 οίκείαν
552 2777 691 2813 (mendose
713 2785 763 2812 pro
782 2779 821 2804 οἰ-

53 2811 133 2848 κείων)
157 2814 230 2848 ἡῦων
248 2811 393 2849 εὐτροπίαν
415 2811 562 2848 γνώριμον,
577 2819 632 2847 quo
653 2811 719 2840 item
740 2813 821 2840 modo

873 2743 939 2777 legit
966 2741 1135 2776 Epiphanius
1163 2740 1357 2777 Scholasticus,
1383 2745 1540 2777 sacrumque
1556 2745 1656 2777 morum

876 2771 1032 2813 probitatem
1046 2777 1144 2803 cunctis
1159 2776 1281 2813 innotuit.
1300 2775 1422 2813 Monachi
1442 2771 1580 2801 Benedict.
1598 2771 1655 2800 Au—

877 2810 933 2840 not.
949 2813 975 2839 in
990 2812 1131 2844 Albanas,
1150 2812 1204 2839 vol.
1218 2811 1238 2844 l,
1254 2818 1314 2846 pag.
1330 2810 1389 2836 175.
