1887 3067
173 101 225 128 ’ἐνί-’1

906 103 1071 132 SOCRATI’S

1748 110 1801 137 258

174 160 260 187 hostis
272 159 358 194 ipsius
372 164 455 191 esset.
470 161 626 196 bellumque
641 161 768 196 protinus
781 165 960 194 exspectaret.

1032 164 1068 189 ἰσι
1083 164 1148 198 παρ’
1165 165 1227 199 ἐμοὶ
1246 164 1401 196 Ἀθανάσιος
1414 166 1460 191 καὶ
1471 165 1591 198 Παῦλος·
1609 166 1679 194 ἀλλὰ
1698 166 1802 193 πυνθα-

172 205 284 233 Littera:
296 210 387 233 autem
401 215 469 242 quas
486 207 520 234 ad
536 206 647 233 fratrem
659 206 778 240 scripsit.
791 209 855 232 sunt
867 205 962 241 hujus-

173 251 261 279 modi:
274 251 344 279 Sunt
354 252 399 278 hic
412 251 483 286 apud
497 259 540 279 me
551 251 714 278 Athanasius
723 255 752 279 et
766 251 866 279 Paulus
878 260 884 277 ι
894 259 964 286 quos

173 296 284 331 quidem
300 297 410 331 pietatis
422 303 502 323 causa
519 295 738 330 persecutionem
749 296 805 330 pati
819 301 963 330 perconta-

175 345 218 369 tus
229 342 352 376 cognovi.
371 341 398 368 Si
414 348 479 376 ergo
503 340 640 375 pollicitus
662 341 759 374 fueris,
775 345 801 368 te
826 349 889 368 suas
909 341 963 369 illis

174 387 253 414 sedes
265 387 448 419 redditurum,
472 389 500 413 et
522 386 551 414 in
575 394 623 414 eos
642 387 898 415 animadversurum
915 387 963 422 qui

173 433 233 460 sine
257 440 337 460 causa
363 433 423 460 illos
439 432 620 465 insectantur,
643 433 718 461 viros
738 433 771 460 ad
797 437 822 460 te
842 433 961 460 mittam.

175 479 252 512 Quod
276 478 297 505 si
314 478 371 506 lane
387 478 436 511 ita,
453 483 484 506 ut
499 478 566 511 dixi,
584 478 675 506 facere
691 479 873 511 recusaveris,
892 479 962 506 scias

173 523 253 550 velim
275 523 339 551 illuc
360 530 404 550 me
432 527 581 551 venturum
597 530 668 557 esse,
685 527 766 559 teque
786 523 872 551 invito
900 531 964 552 suas

173 568 227 596 illis
242 568 321 596 sedes
336 569 521 598 redditurum.

476 626 552 655 CAP.
566 626 662 655 XXIII.

173 670 307 704 Quomodo
326 671 495 699 Constantius
516 672 607 707 fratris
620 673 705 700 minas
722 673 830 705 veritus,
844 673 962 701 Athana-

206 707 275 768 sipm
298 708 352 734 suis
377 707 472 735 litteris
493 708 627 741 evocavit,
651 711 676 734 et
700 707 893 736 Alexandriam
914 709 963 735 mi-

207 750 228 768 ει
244 762 251 768 .

207 750 251 768 εει.

208 787 272 816 Haec
284 796 346 816 eum
359 789 509 824 imperator
525 788 647 817 Orientis
659 789 841 824 cognovisset,
856 788 884 816 in
902 796 961 816 ma-

1015 208 1125 243 νόμενος
1139 209 1260 244 διέγνων,
1277 210 1415 242 εὐσεϐείας
1429 211 1527 243 αὐτοὺς
1541 212 1619 247 χάριν
1639 211 1801 239 διώκεσθαι.

1015 253 1045 279 ΕΙ
1065 253 1114 288 μὲν
1129 253 1176 281 οὖν
1196 255 1351 291 ἐπαγγέλλῃ
1365 256 1518 284 ἀποδιδόναι
1531 257 1638 288 τούτοις
1657 257 1723 288 τοὺς
1739 257 1803 292 θρό-

1017 307 1090 332 νους,
1117 301 1322 336 ἐπαμυνὸμενος
1334 303 1397 333 τοὺς
1414 302 1502 338 μάτην
1522 303 1614 334 αὐτοῖς
1626 301 1804 338 προσφυομὲκ

1013 354 1084 378 νους,
1101 346 1242 373 ἀποστελῶ
1257 347 1323 383 πρὸς
1340 348 1370 374 σὲ
1381 349 1444 380 τοὺς
1457 348 1565 384 ἄνδρας.
1580 349 1610 375 Εἰ
1621 348 1643 375 δ’
1659 347 1804 378 ἀνανεύοις

1012 388 1097 415 ταῦτα
1116 389 1186 416 οὕτω
1203 392 1299 422 ποιεῖν,
1314 388 1343 418 εὖ
1371 391 1435 423 ἴσθι,
1450 392 1490 418 ὅτι
1516 392 1597 423 αὐτὸς
1621 391 1679 426 ἐγὼ
1703 391 1802 418 αὐτόθι

1012 434 1166 470 γενόμενος,
1180 436 1226 462 καὶ
1238 435 1350 469 ἄκοντός
1363 445 1409 464 σου
1418 437 1522 471 τούτοις
1530 438 1592 470 τοὺς
1605 437 1726 470 οἰκείους
1735 437 1805 464 ἀπο-

1012 477 1108 514 δίδωμι
1125 479 1139 506 θ
1143 479 1245 515 ρόνονς.

1302 627 1427 655 ΚΕΦΑΛ.
1448 626 1512 656 Kl".

1018 670 1226 707 Dg_500611081c
1252 673 1268 699 ό
1282 673 1489 706 Κωνστάντιος
1512 673 1565 706 τὰς
1589 673 1719 707 ἀπειλὰς
1740 673 1797 701 τοῦ

1046 705 1195 740 ἀδελφοῦ,
1210 707 1248 733 δι’
1269 708 1439 734 ἐπιστολῶν
1452 705 1579 736 sicarios
1598 709 1651 735 τὸν
1673 705 1798 736 Ἀθανά-

1046 748 1125 773 σιον,
1139 742 1187 768 καὶ
1201 743 1244 775 εὶς
1256 744 1312 775 τὴν
1331 743 1555 777 Ἀ.1εξάνδρειαν
1567 744 1695 777 ἔπεμψε.

1046 787 1139 815 Ταῦτα
1156 788 1237 822 γνοὺς
1253 789 1266 814 ὁ
1285 788 1334 822 τῆς
1353 787 1438 823 Ἐῲας
1462 788 1603 823 βασιλεὺς,
1622 790 1662 820 είς
1681 788 1806 823 ἀγωνίαν

172 832 273 859 ximam
291 832 420 860 redactus
431 837 474 860 est
485 833 683 861 difﬁcultatem.
699 833 850 869 Statimque
868 841 963 873 accer-

1032 834 1044 861 ὺ
1056 834 1105 869 τὴν
1117 832 1252 869 τυχοῦσαν
1264 833 1394 868 κατέστη.
1407 835 1663 870 Μεταπεμψάμενός
1675 843 1707 861 τε
1722 834 1806 866 εὐθὺς

173 877 235 905 sitis
247 878 320 905 haud
333 879 428 914 paucis
437 878 560 907 Orientis
571 880 718 915 episcopis,
731 879 825 907 fratris
836 880 878 907 sui
895 887 962 907 con—

174 923 294 951 ditiones
305 923 346 951 eis
362 925 515 959 proposuit,
528 929 556 953 et
572 925 703 960 quidnam
720 924 874 952 faciendum
891 929 964 952 esset

174 968 365 1004 interrogavit.
381 969 422 996 illi
440 970 526 997 satius
535 977 597 998 esse
615 970 745 998 dixerunt
766 974 797 997 ut
814 969 964 997 Athanasio

174 1014 392 1042 concederentur
405 1015 543 1048 Ecclesiae,
558 1023 640 1050 quam
654 1019 686 1043 ut
699 1015 779 1043 civile
791 1015 892 1043 bellum
905 1022 965 1042 sus-

174 1058 326 1094 ciperetur.
346 1059 465 1087 Proinde
496 1060 645 1095 imperator
665 1060 827 1088 necessitate
845 1059 964 1087 constri—

175 1107 237 1132 ctus
249 1104 427 1132 Athanasium
449 1105 483 1132 ad
505 1113 535 1133 se
556 1109 645 1133 vocat.
670 1105 782 1133 Interim
807 1105 965 1133 Occidentis

174 1149 326 1184 imperator
345 1150 458 1178 Paulum
477 1158 538 1178 cum
550 1151 658 1178 duobus
671 1151 807 1187 episcopis
818 1155 846 1178 et
858 1150 965 1185 reliquo

174 1193 328 1222 honorifico
345 1199 478 1230 apparatu
499 1194 766 1231 Constantinopolim
784 1195 887 1229 mittit,
906 1200 965 1222 tum

175 1242 242 1274 suis,
268 1246 324 1269 tum
348 1243 445 1278 synodi
468 1243 569 1272 litteris
591 1245 799 1272 communitum.
823 1245 877 1272 Sed
902 1252 964 1272 eum

174 1288 340 1316 Athanasius
364 1289 455 1316 adhuc
473 1289 675 1322 reformidaret,
689 1295 717 1318 et
730 1295 823 1318 utrum
845 1290 878 1318 ad
895 1289 966 1318 Con-

175 1334 306 1360 stantium
319 1334 540 1369 proﬁcisceretur
559 1343 656 1367 necne,
670 1343 771 1370 anceps
787 1340 868 1371 atque
881 1336 965 1363 animi

175 1379 276 1406 dubius
289 1379 574 1407 harrcrettmctuebat
585 1380 659 1407 enim
678 1381 906 1408 calumniatorum
925 1381 967 1408 in-

176 1423 277 1451 sidias:
292 1424 413 1452 Orientis
425 1424 575 1459 imperator
586 1426 748 1458 nonsemel,
761 1426 809 1453 sed
820 1426 920 1453 iterum
934 1433 967 1453 ac

178 1467 259 1495 tertio
272 1476 335 1495 cum
354 1468 387 1495 ad
407 1469 566 1496 comitatum
586 1477 664 1496 suum
683 1470 817 1503 evocavit,
831 1470 903 1498 sicut
923 1471 967 1498 lit-

1013 881 1157 911 πλείστους
1167 879 1222 906 τῶν
1232 880 1400 906 ἀνατολικῶν
1413 881 1571 906 ἐπισκόπων
1578 901 1584 910 ,
1594 881 1643 916 τήν
1653 889 1684 906 τε
1696 880 1806 915 αἰρεσιν

1011 926 1060 954 τοῦ
1085 925 1200 959 ἀδελφοῦ
1227 925 1385 960 προύτίθει,
1412 925 1460 952 καὶ
1487 926 1550 961 περὶ
1580 925 1626 952 τοῦ
1662 925 1806 961 πρακτέου

1012 970 1214 999 διεπυνθάνετο.
1225 970 1257 996 Οἱ
1265 969 1303 999 δὲ.
1313 970 1438 1004 κρεῖσσον
1448 969 1553 1004 ἔφασαν
1565 969 1618 996 τῶν
1634 969 1806 1004 Ἑκκλησιῶν

1014 1014 1216 1052 παραχωρῆσαι
1229 1015 1286 1046 τοῖς
1302 1014 1366 1049 περὶ
1383 1014 1553 1046 Ἀθανάσιον,
1570 1014 1587 1049 ἢ
1599 1013 1733 1048 ἐμφύλιον
1744 1014 1807 1040 ἀνα-

1013 1061 1141 1094 δέξασθαι
1163 1060 1292 1095 πόλεμον.
1318 1059 1400 1086 Ὅθεν
1429 1059 1472 1085 ἐπ’
1493 1059 1599 1094 ἀνάγκῃ
1629 1058 1771 1090 καταστὰς
1791 1059 1807 1084 ὁ

1015 1107 1157 1144 βασιλεὺς,
1172 1105 1264 1132 ἐκάλει
1279 1105 1347 1140 πρὸς
1363 1104 1459 1131 ἑαυτὸν
1475 1104 1537 1135 τοὺς
1551 1104 1616 1140 περὶ
1632 1103 1804 1131 Ἀθανάσιον.

1015 1153 1070 1180 Καὶ
1089 1152 1156 1183 τέως
1180 1151 1229 1187 μὲν
1253 1151 1425 1185 παραχρῆμα
1447 1150 1493 1176 τὸν
1514 1149 1620 1176 Παῦλον
1645 1149 1715 1184 μετὰ
1732 1149 1806 1175 δυεῖν

1015 1198 1172 1225 ἐπισκόπων
1187 1197 1234 1223 καὶ
1246 1197 1295 1231 τῆς
1307 1196 1390 1230 ἄλλης
1403 1195 1486 1230 τιμῆς
1496 1215 1503 1227 ,
1520 1194 1666 1230 γράμμασί
1681 1203 1712 1221 τε
1723 1195 1806 1222 πάλιν

1014 1246 1072 1275 τοῖς
1093 1243 1205 1274 οἰκείοις
1228 1244 1242 1269 ὁ
1257 1242 1311 1268 τῶν
1331 1241 1467 1277 ἑσπερίων
1490 1241 1632 1276 βασιλεὺς,
1649 1240 1689 1266 ἔτι
1706 1249 1738 1267 τε
1759 1241 1806 1267 καὶ

1015 1291 1072 1322 τοῖς
1084 1289 1138 1316 ἀπὸ
1158 1289 1208 1323 τῆς
1229 1288 1338 1314 συνόδου
1360 1286 1556 1322 κατοχυρώσας
1573 1285 1735 1312 ἀποστέλλει
1759 1286 1806 1312 ἐπὶ

1015 1336 1064 1372 τὴν
1090 1335 1294 1362 Κωνσταντίνου
1324 1333 1414 1360 πόλιν.
1444 1332 1497 1359 Τοῦ
1523 1332 1551 1358 δὲ
1581 1332 1742 1358 ’Δθανασξου
1765 1331 1806 1358 ἐτι

1016 1380 1263 1415 ὑποστελλομένου,
1291 1379 1340 1405 καὶ
1370 1378 1588 1413 ἀμφιϐάλλοντος
1619 1377 1708 1403 ἐλθεῖν
1738 1376 1807 1411 πρὸς

1015 1427 1096 1454 αὐτόν
1104 1435 1111 1441 ·
1127 1425 1271 1460 ηὑλαὸεῐτο
1279 1423 1333 1459 γὰρ
1340 1423 1388 1454 τὰς
1396 1422 1450 1449 τῶν
1457 1421 1631 1457 συκοφαντῶν
1640 1420 1805 1455 σκευωρίας⁹

1016 1474 1031 1500 ὁ
1047 1472 1173 1508 βασιλεὺς
1184 1470 1234 1505 τῆς
1255 1469 1343 1505 Ἐᾠας
1361 1469 1443 1496 αὑτὸν
1459 1469 1509 1504 οὑχ
1528 1468 1601 1500 ἅπαξ
1623 1467 1704 1502 μόνον
1715 1487 1723 1498 ,
1739 1465 1806 1492 ἀλλὰ

177 1516 243 1541 terte
265 1513 350 1549 ipsius
372 1514 531 1548 ostendunt,
549 1523 610 1550 quae
630 1523 663 1543 ex
678 1515 776 1544 Latino
795 1523 922 1545 sermone
939 1516 965 1544 in

1032 1519 1067 1545 :al.
1082 1518 1121 1550 δὶς
1140 1518 1187 1544 καὶ
1209 1516 1268 1552 τρὶς
1290 1516 1383 1543 ἐκάλει
1406 1516 1472 1550 παρ’
1493 1514 1589 1541 ἑαυτόν
1602 1522 1608 1528 ·
1627 1513 1665 1544 ὡς
1685 1512 1721 1539 τὰ
1742 1511 1805 1547 παρ’

176 1558 301 1587 Graecum
315 1567 455 1588 conversze
467 1560 507 1590 sic
520 1561 624 1589 habent
638 1570 644 1588 :

301 1657 421 1692 Epistula
441 1658 586 1686 Constantii
606 1660 640 1686 ad
658 1659 843 1687 Athanasium.

266 1703 447 1737 Constantius,
468 1704 562 1746 Victor,
576 1705 719 1740 Augustus,
735 1704 879 1733 Athanasio

493 1755 498 1761 -
510 1748 639 1775 episcopo.

209 1784 310 1812 Jactari
342 1788 368 1812 te
392 1785 498 1812 diutius
526 1786 673 1821 vexarique
703 1785 860 1814 saevissimis
884 1785 968 1812 maris

179 1831 319 1863 ﬂuetibus,
343 1831 498 1859 clementiae
515 1836 615 1859 nostra;
635 1831 791 1859 humanitas
812 1840 868 1859 non
891 1831 967 1858 sinit.

179 1878 235 1905 Nee.
247 1881 273 1904 te
286 1877 374 1912 patrio
390 1877 446 1905 lare
460 1878 603 1910 nudatum,
623 1877 756 1913 bonisque
772 1878 928 1913 spoliatum,
941 1881 969 1904 et

182 1923 209 1949 in
225 1923 342 1951 desertis
358 1928 440 1958 atque
460 1923 541 1950 inviis
565 1923 739 1950 oberrantem
759 1923 827 1951 locis
845 1923 969 1958 despexit

181 1969 316 1997 indefessa
341 1969 428 2004 pietas
452 1973 554 1996 nostra.
575 1969 608 2000 Et
634 1969 761 2004 quamvis
780 1969 880 1997 mentis
901 1977 968 1997 mete

182 2015 350 2050 propositum
366 2016 445 2049 110
458 2015 491 2042 ad
509 2020 534 2042 te
546 2015 667 2042 scribere
682 2015 787 2042 diutius
801 2015 967 2046 distulerim,
980 2017 986 2022 '

181 2066 342 2095 ex5peetans
353 2061 417 2093 dum
437 2061 495 2096 ipse
515 2066 560 2092 tua
579 2066 675 2096 sponte
692 2061 726 2088 ad
741 2068 792 2088 nos
802 2061 921 2093 venires,
941 2064 969 2088 et

181 2115 367 2136 arrumnarum
386 2111 495 2135 tuarum
511 2108 662 2136 remedium
680 2108 847 2143 postulares:
866 2112 966 2138 tamen.

181 2152 246 2186 quia
257 2152 408 2179 voluntatis
423 2156 475 2179 tua:
491 2153 663 2187 propositum
683 2153 797 2179 fortasse
812 2156 901 2178 metus
916 2151 968 2178 im-

1017 1563 1099 1591 αὐτοῦ
1111 1563 1263 1598 γράμματα
1283 1561 1416 1594 δεικνύει,
1432 1561 1506 1596 ἆπερ
1523 1561 1555 1586 ἐκ
1575 1560 1625 1593 τῆς
1648 1559 1806 1592 Ῥωμαῖκῆς

1018 1606 1222 1642 μεταδληθέντα
1240 1605 1384 1640 γλώσσης,
1399 1603 1493 1631 τοῦτον
1508 1603 1565 1639 ἔχει
1580 1603 1626 1630 τὸν
1647 1603 1750 1638 τρόπον
1762 1609 1771 1618 ⁸

1064 1660 1223 1695 Ἐπιστολὴ
1245 1661 1456 1688 Κωνσταντίου
1478 1659 1554 1694 πρὸς
1579 1659 1766 1687 Ἄθακὰσιον.

1018 1708 1225 1741 Κωνστάντιος
1233 1727 1241 1740 ,
1265 1706 1608 1774 Νικτέξῑὶιὲἐόῇῗρηουστος
1615 1724 1623 1737 ,
1645 1704 1806 1738 Ἀθανασιφ

1060 1789 1123 1816 Ἐπὶ
1137 1789 1204 1817 πολύ
1220 1797 1250 1815 σε
1266 1787 1478 1820 κλυδωνίςεσθαι
1496 1785 1552 1822 (56)
1566 1786 1613 1812 καὶ
1627 1783 1806 1821 χειμάζεσθαι

1018 1837 1073 1867 τοῖς
1097 1836 1147 1870 τῆς
1175 1834 1313 1870 θαλάσσης
1335 1833 1436 1868 ὁμοίως
1462 1832 1582 1868 κύμασιν
1608 1831 1732 1867 ἀγρίοις,
1757 1830 1807 1856 οὐκ

1019 1882 1124 1916 ἀφῆκεν
1147 1883 1163 1917 ἡ
1187 1881 1237 1916 τῆς
1251 1880 1388 1916 ἡμετέρας
1410 1879 1581 1915 ἡμερότητος
1606 1876 1805 1912 φιλανθρωπία.

1019 1926 1200 1962 Γυμνωθέντα
1213 1935 1243 1953 σε
1255 1927 1305 1961 τῆς
1317 1925 1447 1961 πατρῴας
1461 1925 1568 1956 ἑστίας,
1581 1923 1629 1950 καὶ
1641 1922 1806 1958 στερηθέντα

1019 1972 1073 1999 τῶν
1091 1972 1174 2005 ἰδίων,
1192 1972 1240 1999 καὶ
1257 1971 1434 2006 πλανώμενον
1449 1971 1478 1997 ὲν
1496 1969 1656 2005 θηριώδεσιν
1672 1967 1804 1999 ἀνοδίαις,

1019 2020 1047 2045 οὐ
1061 2019 1188 2054 παρεῖδεν
1208 2019 1225 2053 ὴ
1241 2018 1383 2053 ἀκάματος
1401 2016 1481 2052 ἡμῶν
1497 2016 1633 2043 εὐσέϐεια,
1650 2015 1681 2041 Εἰ
1700 2014 1748 2040 καὶ
1760 2021 1806 2039 τα-

1021 2064 1139 2099 μάλιστα
1155 2064 1271 2092 ἐπιπολὺ
1295 2063 1468 2098 ὑπερεθέμην
1489 2062 1593 2097 γράψαι
1615 2061 1664 2097 τὴν
1679 2060 1805 2095 πρόθεσιν

1020 2111 1068 2145 τῆς
1080 2110 1151 2144 ἐμῆς
1169 2109 1305 2140 διανοίας,
1321 2108 1479 2144 προσδοκῶν
1496 2107 1656 2143 αὐθαίρετόν
1670 2115 1701 2132 σε
1718 2114 1806 2140 παρα-

1020 2156 1146 2189 γενέσθαι
1162 2155 1230 2190 πρὸς
1245 2156 1333 2190 ἡμᾶς,
1345 2155 1391 2181 καὶ
1405 2154 1459 2181 τῶν
1477 2154 1608 2190 καμάτων
1623 2153 1711 2179 αἰτεῖν
1727 2151 1804 2186 θερα-

181 2197 277 2232 pediit,
294 2197 398 2224 ideirco
421 2197 528 2224 litteras
550 2197 725 2232 indulgentia:
745 2197 916 2232 plenissimas
935 2196 965 2222 ad

1032 2200 1121 2226 τείαν·
1143 2200 1218 2235 ὅμως
1238 2199 1333 2234 ἐπειδὴ
1356 2199 1420 2230 ἴσως
1441 2199 1456 2225 ὸ
1477 2199 1558 2233 φόϐος
1577 2197 1626 2233 τὴν
1649 2196 1807 2232 προαίρεσιν

182 2336 247 2363 bere
265 2335 376 2363 festines
386 2357 393 2368 ,
406 2344 461 2370 quo
471 2337 575 2364 scilicet
587 2346 698 2372 compos
712 2342 837 2364 votorum
851 2341 971 2368 tuorum,

132 2270 141 2276 _
182 2244 342 2278 gravitatem
366 2247 439 2270 tuam
455 2243 590 2275 misimus,
607 2248 637 2270 ut
653 2243 756 2277 absque
778 2247 851 2269 metu
871 2241 965 2268 nostri:

1032 2246 1068 2280 πῆς
1081 2245 1129 2280 σῆς
1145 2245 1300 2281 προθέσεως
1318 2245 1455 2277 ὲνεπόδιζε
1467 2266 1474 2277 ,
1484 2244 1608 2271 διο.τοῦτο
1624 2243 1729 2278 δωρεᾶς
1742 2242 1806 2277 πλη-

183 2290 376 2324 eonspectibus
390 2290 563 2324 praesentiam
586 2295 658 2318 tuam
674 2290 876 2325 quamprimum
896 2289 972 2316 exhi-

1022 2292 1137 2325 ρέστατα
1164 2291 1316 2326 γράμματα
1344 2292 1411 2326 πρὸς
1437 2291 1487 2326 τὴν
1511 2290 1559 2326 σὴν
1585 2289 1755 2324 στερρότητα
1771 2288 1805 2316 δι-

1020 2336 1218 2372 επεμψάμεθα·
1234 2337 1277 2363 ἵνα
1292 2336 1401 2371 ἀφόϐως
1420 2338 1479 2367 ταῖς
1497 2336 1644 2372 ἡμετέραις
1659 2333 1806 2368 προσόψεσι

182 2386 209 2408 et
235 2381 432 2409 humanitatem
457 2386 578 2409 nostram
603 2388 749 2418 expertus,
777 2383 832 2410 tuis
860 2383 965 2410 sedibus

1032 2383 1130 2416 taxeiav
1141 2381 1191 2417 τὴν
1203 2381 1301 2408 σαι)τοῦ
1314 2381 1466 2416 παρουσίαν
1478 2380 1630 2416 παρασχεῖν
1642 2378 1803 2414 σπουδάσῃς,

394 2426 411 2443 κ

786 2472 920 2499 VALESll
941 2472 1215 2501 ANNOTATIONES.

184 2532 318 2568 (punnhie
330 2531 413 2568 refert
424 2531 559 2568 Soerates,
574 2531 664 2568 dubia:
681 2531 742 2568 ﬁdei
757 2530 827 2568 mihi
842 2530 968 2568 videtur:

184 2565 246 2595 nam
259 2572 287 2593 et
302 2567 465 2594 Athanasius
478 2567 577 2593 nullam
594 2566 652 2600 ejus
666 2566 789 2601 epistola:
805 2565 970 2592 mentionem

186 2603 267 2632 furii,
286 2607 313 2627 et
334 2610 431 2628 nomen
445 2602 531 2633 Pauli,
547 2602 621 2636 quod
647 2602 674 2628 in
698 2609 730 2628 ea
754 2605 852 2631 exstat,
872 2601 971 2627 merito

183 2642 339 2671 suspectam
369 2637 458 2664 reddit
477 2635 630 2671 epistolam.
657 2636 757 2663 Paulus
773 2636 846 2671 enim
863 2635 970 2669 episeo—

184 2670 247 2712 patu
261 2680 315 2712 suo
330 2676 394 2698 tunc
417 2670 589 2712 potiebatur;
613 2679 664 2698 nec
686 2670 846 2712 Serdieensi
867 2671 969 2712 synodo

185 2706 325 2738 interfuit,
338 2715 426 2741 neque
442 2708 501 2741 ejus
519 2707 631 2734 decreto
645 2706 788 2741 restitutus
809 2709 860 2736 est,
873 2709 904 2741 ut
923 2713 969 2732 su-

184 2742 278 2778 perius
299 2740 492 2769 demonstravi.
510 2742 598 2778 Quare
621 2741 644 2767 si
668 2741 725 2767 hmc
738 2740 894 2778 Constantis
911 2740 969 2778 epi-

186 2775 254 2805 smla
268 2785 330 2804 vera
350 2783 401 2809 est,
419 2781 481 2804 ante
497 2776 687 2803 Serdieensem
708 2775 841 2810 synodum
866 2775 967 2810 scripta

184 2812 267 2840 fuerit
280 2820 391 2841 necesse
412 2816 462 2840 est.
480 2812 602 2846 Denique
619 2811 699 2846 epist.
726 2811 736 2838 l
762 2811 913 2840 Constantii
935 2811 966 2840 ad

1022 2531 1212 2561 Athanasium,
1231 2538 1311 2564 quam
1327 2538 1389 2557 mox
1405 2530 1487 2558 refert
1499 2530 1636 2560 Socrates.
1649 2529 1720 2557 hanc
1735 2528 1802 2556 Con-

1023 2567 1122 2593 stantis
1129 2566 1272 2593 epistolam
1286 2565 1345 2592 falsi
1361 2566 1508 2592 convincit.
1525 2565 1570 2591 Ait
1584 2565 1657 2592 enim
1671 2564 1802 2592 Constan-

1021 2602 1074 2628 tius
1097 2608 1126 2628 se
1147 2599 1250 2628 litteris
1275 2599 1308 2626 ad
1336 2600 1448 2627 fratrem
1477 2600 1588 2634 scriptis
1618 2607 1749 2634 rogasse,
1775 2602 1802 2625 ut

1022 2636 1171 2664 Athanasio
1184 2635 1216 2662 ad
1228 2643 1276 2662 sua
1291 2635 1423 2662 redeundi
1438 2639 1596 2669 potestatem
1611 2634 1700 2661 daret.

1057 2670 1111 2706 (56)
1131 2669 1197 2698 Ἐπὶ
1221 2670 1301 2697 πολύ
1331 2679 1367 2696 σε
1386 2670 1624 2706 κνίνυδῳνίζείτριιι.
1654 2670 1717 2697 llaec
1735 2669 1803 2706 Con-

1021 2704 1113 2734 sla‘ntii
1129 2706 1244 2741 epistola
1261 2713 1314 2732 una
1337 2713 1399 2732 eum
1416 2705 1524 2741 duabus
1541 2704 1602 2741 aliis
1616 2704 1799 2741 sequentibus,

1021 2739 1155 2804 relrrt7uGIb'
1172 2741 1205 2768 ab
1230 2741 1378 2768 Athanasio
1412 2740 1439 2768 in
1475 2739 1635 2769 Defensioue
1663 2739 1800 2770 secunda.

1023 2785 1080 2804 nae.
1154 2797 1160 2803 .

1023 2785 1080 2812 pag.
1100 2777 1160 2804 769.
