1887 3067
204 140 258 169 255

935 130 1104 161 SOCRATIS

1778 112 1847 151 236

205 202 279 223 tuam
303 195 415 227 tribuat,
432 195 571 230 praemium
593 193 716 221 referens
739 191 904 220 admiranda:
926 190 989 217 iidei

1064 187 1136 222 ωτὴρ
1160 185 1237 220 ἡμῶν
1265 184 1367 221 Ἰησοῦς
1390 183 1524 218 Χριστὸς,
1539 183 1652 218 διηνεκῆ
1673 183 1725 218 τὴν
1749 182 1850 216 χάριν

205 242 313 271 vestnc,
333 246 414 273 quam
441 238 540 265 illustri
567 237 723 264 testimonio
740 245 805 272 erga
828 236 989 271 episcopum

205 288 326 311 vestrum
343 283 515 315 declarastis;
528 286 558 310 ut
569 290 617 310 vos
636 286 814 317 posterosque
827 286 933 309 vestros
945 281 991 308 hic

206 333 234 356 et
250 328 277 355 in
296 329 388 354 futuro
400 327 498 354 smequ
513 327 701 361 praestantiora
715 330 853 358 maneant,
867 333 928 360 qua:
941 332 991 352 nec

206 374 303 401 oculus
321 372 399 403 vidit,
414 380 464 399 nec
480 372 555 399 auris
569 372 686 404 audivit,
707 380 758 400 nec
774 379 851 399 mens
871 371 992 398 hominis

207 418 429 454 comprehendit;
454 426 514 452 qua:
535 418 641 446 scilicet
665 418 829 453 prteparavit
854 418 928 445 Deus
957 417 992 444 iis

207 464 254 498 qui
272 464 361 498 ipsum
371 463 489 498 diligunt
500 462 534 494 “.
549 471 598 497 per
606 463 752 490 Dominum
766 466 890 490 nostrum
901 462 993 490 losum

1042 231 1143 266 ταύτην
1157 231 1221 265 ὑμῖν
1236 230 1371 265 παράσχοι
1383 249 1389 261 ,
1401 228 1487 260 διδοὺς
1503 227 1619 254 ἔπαθλον
1631 228 1665 263 τῇ
1686 227 1849 262 θαυμαστῇ

1043 275 1119 310 ὑμῶν
1137 274 1228 301 πίστει
1240 295 1247 308 ,
1262 274 1296 310 ἢν
1321 274 1385 309 περὶ
1401 273 1447 300 τὸν
1469 271 1618 314 ἐπίσκοποι
1635 272 1714 308 ὑμῶν
1735 271 1852 306 ἐνδόξῳ

1045 321 1184 357 μαρτυρίᾳ
1209 320 1393 352 ἐνεδείξασθε·
1419 319 1463 346 ἴνα
1485 319 1549 354 ὑμῖν
1573 327 1603 345 τε
1631 319 1748 349 καὶτοῖς
1775 316 1850 353 μεθ’

1045 370 1117 405 ὑμᾶς
1132 368 1248 396 ἐνταῦθα
1258 368 1320 401 ,καὶ
1333 369 1362 395 ὲν
1372 367 1411 403 τῷ
1429 366 1553 402 μέλλοντι
1563 366 1597 392 τὰ
1606 364 1734 401 βελτίονα
1747 365 1849 401 μένοι.

1044 415 1062 443 ἃ
1074 414 1212 450 ὀφθαλμὸς
1228 415 1278 441 οὐκ
1299 412 1368 445 εἶδε,
1388 413 1436 440 καὶ
1455 410 1501 444 οὖς
1514 413 1565 439 οὐκ
1583 412 1698 447 ἢκουσε,
1720 411 1771 438 καὶ
1795 411 1850 437 ἐπὶ

1047 460 1162 496 καρδίαν
1181 459 1326 496 ἀνθρώπου
1347 459 1396 486 οὐκ
1417 458 1500 492 ἀνέϐη
1514 466 1522 474 ο
1537 457 1555 485 ἃ
1571 457 1719 493 ἡτοίμασεν
1733 457 1748 482 δ
1770 455 1851 487 Θεὸς

207 508 344 536 Christum
354 516 360 534 :
369 515 418 542 per
426 515 506 542 quem
513 507 692 542 omnipotenti
701 507 756 534 Deo
765 507 849 542 gloria
859 506 886 533 in
897 505 995 533 saecula

1064 508 1104 538 οῖς
1121 505 1263 540 ἀγαπῶσιν
1278 505 1377 538 αὑτὸν,
1394 504 1439 531 διὰ
1456 504 1504 531 τοῦ
1523 503 1626 539 Κυρίου
1639 502 1719 538 ἡμῶν
1748 501 1851 537 Ἰησοῦ

207 552 577 581 swculorum.Amen.Valere
587 560 634 580 vos
641 557 716 588 opto,
726 552 825 579 fratres
831 550 994 579 charissimi.

1049 551 1186 588 Χριστοῦ,
1209 551 1243 578 δι’
1265 548 1296 578 οὗ
1318 550 1357 586 τῷ
1381 549 1582 586 παντοκράτορι
1604 549 1692 585 Θεῷὴ
1711 548 1779 581 δόξα
1805 546 1854 579 είς

208 602 270 633 τοὺς
291 601 392 632 αἰῶνας
406 600 460 627 τῶν
480 599 595 627 αἰώνων.
625 600 721 636 Ἀμήν.
746 599 898 635 Ὲῤῥῶσθαι
919 598 993 634 ὑμᾶς
1003 598 1136 635 εὔχομαι,
1149 598 1286 633 ἀγαπητοὶ
1305 597 1424 633 ἀδελφοί.

253 645 302 672 His
338 644 440 672 litteris
473 644 560 672 fretus
597 644 762 671 Athanasius
798 643 826 670 in
855 643 996 670 Orientem

209 689 341 725 perrexit.
376 689 411 716 At
431 689 581 724 imperator
606 688 783 716 Constantius
807 691 865 714 tum
885 688 997 722 quidem

211 743 266 762 non
287 735 393 762 infenso
409 734 500 761 animo
513 742 576 761 eum
592 733 708 768 excepit.
726 733 941 768 Suggerentibus
953 736 995 760 ta-

211 788 274 807 men
296 780 405 807 Arianis
426 779 626 807 circumvenire
648 778 724 805 illum
739 782 855 806 conatus
875 782 928 810 est,
953 777 997 806 his

211 824 304 852 verbis
320 824 458 851 hominem
475 822 641 857 compellans
655 830 660 848 :
675 821 773 849 Sede
789 821 901 855 quidem
923 825 996 848 tuam

211 878 246 898 ex
268 871 379 898 decreto
405 868 513 896 concilii
535 872 563 895 et
574 875 608 894 ex
623 874 758 894 consensu
775 870 869 894 nostro
882 874 999 901 recupe-

213 915 290 943 rasti.
315 914 368 942 Sed
389 914 517 949 quoniam
533 912 703 940 Alexandrite
717 912 828 947 quidam
844 919 876 939 ex
898 912 1001 947 popqu

212 960 433 988 communionem
448 963 520 986 tuam
533 958 681 993 refugiunt,
699 958 774 986 sinas
790 957 851 984 illos
870 965 952 984 unam
970 958 999 984 in

213 1006 324 1033 civitate
337 1005 478 1032 ecclesiam
489 1003 601 1031 habere.
616 1003 658 1030 Ad
672 1003 742 1030 hanc
754 1003 915 1038 petitionem
927 1002 1000 1030 illico

214 1050 378 1078 Athanasius
397 1048 541 1084 respondit
565 1048 609 1075 his
625 1048 719 1075 verbis
738 1057 744 1074 ε
767 1047 832 1075 Tua:
858 1048 1001 1082 potestatis

213 1101 266 1127 est,
281 1097 436 1130 imperator,
452 1094 549 1130 jubere
567 1099 596 1122 et
607 1094 697 1121 facere
710 1093 895 1128 quodcunque
908 1093 1003 1120 volue-

215 1141 262 1167 ris.
281 1141 336 1175 Ego
352 1147 416 1166 vero
432 1147 446 1166 a
470 1144 496 1165 te
512 1138 633 1166 vicissim
648 1137 812 1165 beneﬁcium
831 1142 895 1172 peto
910 1145 942 1164 ae
955 1145 1003 1172 ρος

217 1186 300 1217 stulo,
314 1185 386 1220 quod
407 1184 474 1211 mihi
490 1184 625 1211 concedas
636 1184 728 1211 velim.
744 1183 867 1218 Cumque
882 1183 1002 1218 impera-

216 1237 258 1260 tor
277 1231 360 1258 alacri
377 1231 469 1258 animo
487 1230 615 1257 daturum
632 1237 661 1257 se
672 1229 852 1264 promisisset,
870 1229 1003 1256 continuo

215 1277 356 1313 subjunxit
371 1277 547 1307 Athanasius,
565 1280 658 1310 petere
674 1283 703 1302 se
723 1280 754 1302 ut
776 1275 849 1302 idem
867 1275 918 1302 sibi
936 1282 1003 1302 con-

215 1324 360 1352 cederetur
372 1322 446 1357 quod
464 1323 612 1357 imperator
624 1321 658 1348 ab
671 1321 731 1356 ipso
746 1324 883 1356 exegerat.
898 1321 964 1348 Nam
976 1324 1005 1348 et

217 1370 274 1404 ipse
293 1368 447 1403 postulabat
462 1371 492 1394 ut
513 1375 562 1402 per
578 1367 699 1402 singulas
711 1367 836 1394 civitates
848 1374 901 1394 una
915 1359 1005 1393 eccle-

216 1414 256 1441 sia
270 1414 436 1440 tribueretur
450 1412 514 1444 illis,
532 1412 579 1446 qui
591 1411 757 1438 Arianorum
777 1411 1004 1438 communionem

218 1459 400 1493 refugiebant.
429 1457 497 1484 Cum
515 1460 606 1483 autem
622 1455 715 1483 Ariani
741 1456 906 1483 sententiam
919 1455 1004 1482 Atha-

1014 848 1034 876 Β

1084 642 1196 674 Τούτοις
1204 641 1394 675 πεπιστευκὼς
1403 643 1459 674 τοῖς
1472 642 1658 679 γράμμασινιιι
1666 642 1852 674 Ἄδανάσιος,

1049 687 1096 714 ἐπὶ
1110 688 1160 722 τὴν
1181 687 1325 723 Ἀνατολὴν
1339 688 1515 722 παρεγένετο.
1527 688 1714 720 Κωνστάντιος
1728 688 1758 714 δὲ
1770 688 1787 713 ὁ
1800 687 1853 722 βα-

1050 733 1149 765 σιλεὺς.
1160 734 1210 760 οὐκ
1221 733 1349 769 ἀπεχθῶς
1359 733 1408 768 μὲν
1423 733 1484 760 τότε
1499 733 1656 766 ἀπεδέξατο.
1675 733 1851 768 Σοφίζετθαι

1048 779 1077 806 δὲ
1091 779 1172 806 αὐτὸν
1185 779 1332 814 ἐπεχείρει,
1341 779 1374 805 ἐκ
1381 778 1554 814 κατασκευῆς
1565 779 1619 805 τῶν
1627 778 1852 814 ἀρειανιξόντων

1049 824 1277 860 ὐποδαλλόμενος·
1287 824 1334 851 καί
1344 833 1410 859 φησι
1425 823 1493 859 πρὸς
1505 823 1586 851 αὐτόν
1594 832 1601 839 '
1613 823 1666 850 Τὸν
1678 824 1729 859 μὲν
1746 824 1851 859 θρόνον

1048 870 1094 896 τὸν
1110 869 1209 897 σαυτοῦ
1219 869 1301 905 ψήφῳ
1315 869 1366 904 τῆς
1378 869 1487 895 συνόδου
1497 869 1543 896 καὶ
1553 868 1676 904 ἡμετέρᾳ
1687 868 1851 895 συναινέσει

1048 913 1214 949 ἀπείληφας.
1230 914 1340 949 Ἐπειδὴ
1350 914 1378 941 δὲ
1391 914 1459 940 είσὶν
1476 913 1506 939 ὲν
1518 914 1550 949 τῇ
1565 913 1757 950 Ἀλεξανδρείᾳ
1769 914 1849 945 τινες

1049 959 1095 985 τοῦ
1108 959 1172 986 λαοῦ
1183 979 1190 991 ,
1208 959 1409 995 διακρινόμενα
1425 958 1474 995 τὴν
1488 959 1557 994 πρὸς
1570 958 1598 985 σὲ
1613 959 1759 986 κοινωνίαν
1773 959 1849 994 (66),

1051 1005 1114 1040 μίαν
1127 1006 1156 1032 ἐν
1167 1007 1200 1041 τῇ
1216 1005 1292 1032 πόλει
1308 1005 1455 1040 ἐκκλησίαν
1467 1005 1546 1031 ἔασον
1561 1005 1633 1040 ἔχειν
1645 1005 1756 1037 αὐτούς.
1768 1006 1847 1041 Πρὸς

1050 1050 1099 1086 τὴν
1120 1051 1251 1086 πρότασιν
1272 1051 1375 1085 ταύτην
1400 1050 1559 1082 Ἀθανάσιος
1581 1050 1688 1086 γοργῶς
1713 1051 1847 1086 ὑπαπὴν-

1050 1105 1126 1132 τησε,
1142 1097 1188 1123 καί
1205 1105 1271 1132 φησι
1281 1105 1288 1112 ·
1309 1094 1345 1123 Ὦ
1360 1096 1469 1132 βασιλεῦ
1480 1116 1487 1127 .
1503 1096 1546 1123 ἐπ’
1562 1096 1686 1129 ἐξουσίας
1701 1097 1753 1132 μὲν
1769 1096 1847 1132 ἔχεις

1052 1143 1174 1170 κελεύειν
1186 1151 1217 1169 τε
1233 1143 1280 1169 καὶ
1293 1142 1423 1177 πράττειν
1435 1142 1486 1168 ὅσα
1502 1141 1535 1168 ἂν
1547 1141 1636 1177 θέλῃς.
1653 1141 1742 1176 Χάριν
1755 1142 1786 1168 δὲ
1798 1142 1847 1168 καὶ

1052 1188 1131 1219 αὐτὸς
1154 1187 1222 1214 αἰτῶ
1245 1187 1293 1214 καὶ
1314 1187 1427 1222 δέομαι,
1445 1187 1489 1218 δός
1511 1195 1565 1222 μοι.
1583 1186 1636 1213 Τοῦ
1657 1186 1686 1212 δὲ
1709 1186 1848 1221 βασιλέως

1052 1233 1149 1260 δώσειν
1174 1233 1291 1268 ἑτοίμως
1313 1233 1568 1267 ἐπαγγειλαμένου,
1593 1232 1675 1264 εὐθὺς
1701 1233 1848 1268 ἐπήγαγεν

1059 1279 1234 1311 Ἀθανάσιος,
1261 1279 1310 1314 τὴν
1338 1279 1424 1314 αὐτὴν
1439 1278 1522 1311 ἀξιῶν
1545 1279 1625 1313 χάριν
1648 1278 1759 1309 λαϐεῖν,
1775 1279 1812 1313 ἢν
1832 1279 1847 1304 δ

1055 1325 1179 1360 βασιλεὺς
1195 1324 1322 1360 ἐπεζήτει
1337 1324 1440 1350 λαϐεῖν.
1472 1324 1545 1351 Μίαν
1575 1324 1629 1360 γὰρ
1641 1324 1689 1350 καὶ
1705 1324 1788 1355 αὐτὸς
1800 1325 1846 1350 ὲκ-

1055 1369 1169 1405 κλησίαν
1194 1369 1425 1405 ἀπονεμηθῆναιη
1444 1369 1520 1404 ἠξίου
1545 1370 1605 1396 καθ’
1631 1369 1752 1404 ἑκάστην
1767 1370 1846 1397 πόλιν

1056 1416 1112 1446 τοῖς
1145 1414 1363 1450 διακρινομένοις
1396 1414 1465 1449 πρὸς
1485 1414 1533 1450 τὴν
1556 1415 1609 1441 τῶν
1632 1415 1847 1450 ἀρειανιξόντων

1058 1460 1210 1487 κοινωνίαν.
1240 1459 1296 1495 Τὴν
1328 1459 1488 1487 ’ΔΘανασίου
1519 1459 1608 1487 τοίνυν
1635 1460 1748 1495 γνώμην
1770 1460 1846 1487 λυσι-

218 1505 287 1532 nasii
301 1504 358 1531 suis
374 1502 499 1538 partibus
510 1501 710 1528 incommodam
727 1509 788 1528 esse
807 1501 1002 1536 intelligerent.

1064 1505 1119 1539 τελῆ
1132 1504 1187 1539 (67)
1199 1504 1307 1539 γνόντες
1318 1505 1342 1531 οι
1356 1505 1562 1540 ἀρειανίξοντες,
1576 1505 1770 1541 ὑπερτίθεσθαι
1791 1506 1842 1541 μὲν

218 1551 245 1577 id
261 1548 371 1585 quidem
389 1549 415 1575 in
428 1547 503 1575 aliud
520 1552 627 1582 tempus
645 1546 827 1574 diﬂ‘erendum
849 1555 910 1574 esse
926 1547 1005 1574 dixe-

1064 1550 1134 1577 :oii-ro
1153 1550 1246 1585 ἔλεγον
1257 1559 1265 1566 ⁸
1284 1550 1415 1586 πράττειν
1433 1551 1462 1577 δὲ
1485 1550 1519 1577 τὰ
1539 1551 1668 1578 δοκοῦντα
1685 1551 1724 1586 τῷ
1739 1551 1847 1586 βασιλεῖ

217 1600 283 1623 ι-υιιι
300 1604 306 1621 :
323 1595 515 1629 imperatorem
532 1601 598 1620 vero
621 1592 693 1628 passi
710 1596 775 1620 sunt
794 1600 827 1620 ea
847 1601 926 1627 agere
947 1601 1008 1627 quae

218 1639 309 1665 vellet.
327 1638 373 1665 Ille
388 1637 470 1672 igitur
482 1637 642 1669 Athanasio,
662 1637 746 1665 Paulo
761 1641 844 1671 atque
857 1637 985 1665 Marcello
998 1658 1006 1670 ,

218 1683 416 1718 Asclnpzeitem
440 1689 472 1709 ac
486 1681 571 1708 Lucio
582 1702 588 1714 ,
613 1689 729 1716 quorum
751 1682 820 1709 alter
836 1682 924 1714 Gazae,
941 1683 1010 1709 alter

219 1729 409 1763 Adrianopolis
428 1733 488 1755 erat
512 1728 667 1762 episcopus,
690 1728 770 1756 sedes
791 1736 855 1755 suas
875 1728 1006 1755 restituit.

219 1775 287 1802 Nam
300 1779 328 1801 et
341 1774 383 1801 isti
400 1782 416 1801 ει
433 1773 587 1811 Serdieensi
604 1773 720 1800 concilio
736 1773 856 1808 suscepti
873 1774 982 1801 fuerant
996 1782 1003 1800 :

220 1820 348 1854 Aselepas
372 1819 480 1854 quidem
504 1827 566 1846 cum
586 1824 646 1847 acta
666 1819 845 1851 exhibuisset,
862 1819 1009 1853 exquibus

221 1866 364 1893 constabat
373 1865 520 1892 Eusebium
532 1865 666 1899 Pamphili
677 1873 732 1892 una
742 1872 805 1892 cum
812 1864 937 1899 pluribus
948 1865 1010 1892 aliis

220 1911 352 1946 de-ipsius
359 1910 467 1946 negotio
479 1914 699 1944 cognoscentem,
710 1910 857 1945 pristinum
869 1910 1010 1945 dignitatis

220 1956 334 1991 gradum
347 1955 398 1991 ipsi
409 1955 577 1988 reddidisse;
593 1950 695 1983 Lucius
706 1962 782 1988 vero,
795 1962 829 1983 eo
845 1955 919 1990 quod
930 1962 1011 1983 accu-

257 2045 280 2061 ‘°
297 2046 307 2073 1
322 2046 384 2074 Cor.
399 2054 428 2079 ιι,
442 2046 468 2074 9.

1056 1595 1244 1630 παρεχώρουν.
1270 1595 1368 1630 Διόπερ
1390 1596 1404 1622 ὁ
1427 1594 1552 1629 βασιλεὺς
1573 1595 1724 1631 Ἀθανασίῳ
1742 1604 1773 1622 τε
1799 1597 1846 1623 καὶ

1057 1640 1156 1675 Παύλῳ
1174 1640 1222 1667 καὶ
1233 1640 1386 1676 Μαρκέλλῳ
1399 1641 1462 1672 τοὺς
1479 1641 1560 1672 ίδίους
1578 1641 1703 1667 ἀπεδίδου
1721 1641 1844 1676 θρόνους.

1059 1687 1120 1712 ΙῚῐτι
1152 1685 1205 1721 μὴν
1231 1686 1278 1712 καὶ
1308 1685 1448 1721 ’Δσκληπᾷ
1470 1685 1509 1720 τῷ
1535 1685 1641 1720 Γάζης,
1664 1686 1710 1712 καὶ
1737 1687 1844 1722 Λουκίῳ

1064 1731 1320 1766 ’Λδριανουπόλεως.
1333 1731 1388 1758 Καὶ
1400 1731 1454 1766 γὰρ
1469 1727 1542 1757 οὗτοι
1555 1731 1608 1757 ὑπὸ
1621 1732 1671 1764 τῆς
1684 1733 1713 1758 ἐν
1725 1732 1844 1767 Σαρδικῇ

1063 1776 1172 1802 συνόδου
1203 1775 1367 1810 ἐδέχθησαν·
1397 1775 1553 1810 ’Δσκληπᾶς
1581 1775 1631 1810 μὲν
1658 1776 1844 1812 ὑπομνήματα

1061 1819 1216 1852 ἐπιδείξας,
1242 1821 1270 1846 ἑν
1295 1817 1335 1851 οἷς
1357 1820 1491 1846 ἐδέδεικτο
1515 1819 1644 1851 Εὐσέϐιος
1660 1821 1674 1846 ὸ
1700 1821 1844 1855 Παμφίλου

1058 1865 1117 1900 ἅμα
1139 1865 1243 1892 πλείοσι
1263 1865 1388 1899 διαγνοὺς
1411 1865 1446 1892 τὰ
1469 1866 1530 1892 κατ’
1548 1866 1644 1899 αὐτὸν,
1665 1866 1713 1893 καὶ
1731 1867 1844 1898 ἀποδοὺς

1057 1910 1107 1945 τὴν
1120 1909 1198 1942 ἀξίαν
1215 1910 1308 1936 αὐτοῦ.
1325 1909 1440 1941 Λούκιος
1452 1910 1504 1943 δὲ,
1520 1911 1561 1937 ὅτι
1580 1911 1604 1937 oi
1627 1911 1844 1946 κατηγοροῦντες

1059 1955 1142 1983 αὑτοῦ
1160 1957 1233 1992 φυγῇ
1256 1956 1419 1992 ἐχρήσαντο.
1429 1957 1630 1992 Προστάγματα
1649 1954 1698 1984 οὖν
1709 1957 1760 1984 τοῦ
1773 1957 1845 1993 βασι-

819 2093 954 2122 VALESII
973 2094 1248 2124 ANNOTATIONES.

258 2149 313 2188 (iiii)
337 2150 560 2188 διακρινόμενα
586 2149 644 2188 τὴν
667 2148 742 2188 πρὸς
765 2149 804 2188 σᾷ
833 2151 1004 2188 κοινωνίαν.

1064 2152 1161 2188 πιτελῇ,
1177 2153 1273 2188 supple
1288 2153 1387 2188 σφίσιν.
1404 2153 1491 2186 Quam
1510 2154 1731 2188 emendationem
1746 2154 1841 2182 contir-

221 2185 402 2213 SCribendum
412 2190 477 2219 puto
485 2184 680 2220 διακρινόμενοι
689 2184 757 2218 πρὸς
775 2184 824 2218 τὴν
831 2185 899 2218 πρὸς
910 2186 1006 2216 σὲῖκοι-

223 2219 329 2245 νωνίαν.
358 2220 403 2247 Sic
421 2220 494 2246 enim
512 2219 633 2253 loquitur
647 2220 774 2246 Socrates
785 2220 866 2253 paulo
880 2220 1005 2248 interius.

223 2254 308 2281 Porro
327 2254 398 2282 hanc
413 2254 555 2282 historiam
582 2254 673 2281 hausit
697 2253 822 2280 Soerates
843 2262 876 2280 ex
897 2255 1006 2283 Ruﬁno.

223 2289 301 2330 Apud
316 2289 493 2316 Athanasium
512 2296 579 2316 vero
595 2289 668 2316 nulla
680 2288 762 2323 hujus
776 2288 815 2315 rei
828 2294 917 2318 exstat
929 2299 1007 2318 men-

224 2329 313 2394 uolti'l)
327 2359 453 2393 Γνώμην
468 2357 626 2392 λυσιτελῆ.
644 2357 826 2386 Scribendum
840 2359 931 2393 potius
944 2360 1009 2387 ἁλυ-

1058 2192 1114 2214 mat
1134 2185 1266 2221 Ruﬁn-us;
1285 2185 1324 2216 sic
1341 2185 1423 2215 enim,
1440 2189 1541 2216 habet:
1556 2188 1607 2216 Sed
1621 2198 1680 2216 cum
1701 2185 1758 2216 rem
1774 2190 1842 2216 delu-

1058 2221 1129 2259 lisaet
1143 2223 1177 2249 ad
1192 2231 1245 2255 eos,
1261 2232 1372 2259 quorum
1384 2224 1501 2250 consiliis
1519 2224 1650 2255 utebatur,
1669 2233 1754 2259 neque
1772 2225 1807 2251 ibi
1818 2232 1842 2250 se

1057 2256 1124 2283 velle
1143 2256 1271 2293 arripere
1283 2258 1427 2289 errlesiam,
1442 2267 1525 2293 neque
1538 2259 1578 2285 hic
1592 2259 1657 2285 dare
1678 2256 1840 2293 respondent,

1057 2292 1123 2333 quiq
1135 2292 1193 2333 plus
1202 2293 1253 2333 sibi
1267 2293 1365 2333 singuli
1381 2292 1497 2328 quique,
1511 2302 1591 2333 quain
1608 2292 1769 2333 Δ(ιινδεηῑξίᾶμε
1786 2302 1840 2319 ron-

1057 2326 1187 2367 sulelirmt.
1202 2326 1371 2368 Epiphanius
1387 2326 1499 2364 queque
1517 2326 1584 2364 legit
1601 2329 1760 2364 ἀλυσιτελῆ,
1774 2333 1842 2356 utex

1057 2368 1184 2389 versione
1196 2370 1256 2397 eius
1268 2368 1394 2398 apparet.

943 2438 1135 2467 VARIORUM.

259 2497 279 2511 ω
299 2493 417 2524 Τούτοις
441 2492 648 2524 πεπιστευκὼς
663 2491 725 2524 τοῖς
736 2492 916 2526 γράμμασιν.
930 2493 1006 2520 Μετὰ

224 2528 327 2554 τούτων
343 2527 453 2553 ὲλοόντα
470 2535 502 2560 με
514 2527 630 2560 γνησίως
647 2527 767 2561 ἑώρακεν
782 2528 795 2553 ὁ
808 2527 943 2561 βασιλεὺς,
959 2529 1006 2554 καὶ

226 2562 368 2588 ἀπέστειλε
379 2561 445 2595 πρὸς
454 2561 503 2596 τὴν
511 2561 626 2596 πατρίδα
637 2562 682 2588 καὶ
694 2562 743 2596 τὴν
760 2562 930 2597 Ἐκκλησίαν.
944 2563 1009 2589 Cum

226 2598 265 2624 his
282 2597 462 2623 advenientem
487 2604 528 2622 me
549 2597 693 2630 imperator
713 2597 769 2631 (qui
788 2601 844 2624 tum
860 2597 1010 2624 Antiochiae

226 2631 353 2666 degebat)
371 2631 566 2667 perhumaniter
580 2632 698 2663 intuitus,
715 2632 749 2658 ad
774 2633 890 2667 patriam
916 2632 1010 2659 Eccle-

227 2665 344 2701 siainquc
359 2666 438 2697 misit,
453 2665 539 2700 inquit
555 2666 611 2700 ipse
624 2665 797 2696 Athanasius.
811 2667 866 2693 vol.
876 2666 896 2698 Ι,
906 2675 932 2701 p.
948 2666 1007 2693 172.

262 2706 276 2719 η
289 2700 368 2727 Μίαν
375 2700 428 2734 γὰρ
439 2701 487 2727 καὶ
497 2702 584 2733 αὐτὸς
596 2701 763 2735 ἐκκλησίαν
773 2701 1007 2734 ἀπονεμηθῆνίιι.

227 2735 296 2764 Cum
312 2735 458 2770 imperator
471 2735 647 2763 Athanasium
666 2740 795 2770 rogasset,
809 2740 839 2763 ut
862 2744 914 2762 una
929 2735 1007 2762 Aria~

228 2771 271 2797 nis
284 2757 398 2796 eccldsia
424 2771 592 2798 Alexandria:
607 2757 820 2804 concetlerelui';
844 2770 1008 2797 Athanasius

229 2809 320 2831 autem
334 2805 482 2839 annuisset,
495 2814 525 2833 ea
545 2807 710 2837 conditione,
728 2809 758 2832 ut
773 2813 820 2839 per
835 2805 955 2839 singulas
967 2806 1007 2831 ci-

228 2839 328 2866 vitates
346 2848 399 2867 una
412 2841 525 2869 ecclesia
539 2841 686 2869 Catholicis
711 2841 879 2868 tribueretur
896 2839 1007 2866 :Ariani

1060 2495 1132 2532 hanc
1146 2495 1331 2532 conditionem
1346 2497 1458 2525 minime
1473 2497 1661 2532 accipiendam
1675 2505 1737 2526 esse
1756 2506 1839 2526 cense-

1061 2530 1137 2557 bant.
1154 2531 1221 2567 Nam
1233 2539 1294 2558 cum
1309 2532 1420 2567 grandis
1432 2530 1572 2559 Athanasii
1584 2537 1657 2560 esset
1677 2533 1839 2561 Alexandriae

1061 2566 1220 2605 auctoritas,
1232 2574 1288 2605 non
1301 2566 1392 2605 magni
1414 2567 1546 2605 interesse
1562 2568 1697 2605 putabant
1708 2569 1839 2595 sodalibus

1063 2600 1339 2640 suisAlei-iandrinist
1350 2600 1424 2636 quod
1444 2600 1768 2640 ecclesiainrobtinerent.
1785 2611 1837 2631 cum

1063 2636 1131 2662 tanti
1149 2636 1222 2671 rviri
1245 2636 1356 2663 monitis
1386 2641 1469 2671 atque
1492 2637 1696 2665 hortationibus
1724 2638 1838 2665 futurum

1063 2670 1262 2704 prospicerent,
1281 2676 1311 2698 ut
1324 2670 1431 2706 exigua,
1447 2676 1495 2698 aut
1517 2673 1590 2699 nulla
1613 2673 1683 2699 foret
1713 2673 1838 2700 Arianicis

1064 2705 1146 2741 [rhus
1157 2706 1288 2737 accessio,
1303 2705 1410 2733 etiamsi
1424 2707 1565 2733 ecclesiam
1584 2707 1639 2734 illic
1663 2708 1836 2741 possiderent.

1061 2739 1161 2778 Contra
1176 2748 1243 2778 vero
1257 2741 1462 2778 nietueliantne
1472 2741 1614 2778 catholici,
1634 2739 1671 2778 in
1683 2743 1837 2769 Arianorum

1062 2774 1192 2801 ditionem
1211 2775 1334 2806 admissi,
1359 2776 1441 2803 rebus
1466 2776 1522 2803 suis
1545 2777 1677 2810 augendis
1692 2778 1836 2808 studerent.

1061 2816 1122 2836 cum
1135 2818 1231 2845 magno
1244 2810 1459 2838 adversariorum
1479 2811 1660 2839 incommodo.
