1887 3067
43 126 86 153 257

516 119 676 149 HISTORIA
695 120 968 149 ECGLESIASTICA.
990 136 1025 140 —
1044 119 1107 148 LIB.
1129 120 1160 147 ll.

1587 122 1639 152 258

43 183 99 213 λέως
112 181 149 212 εἰς
159 179 207 210 τὰς
223 177 325 206 ἑαυτῶν
341 177 436 212 ἐφοίτα
456 176 561 208 πόλεις,
578 176 721 203 κελεύοντα
736 177 805 204 ἐτοι-

875 183 958 207 itores
971 179 1055 213 ipsius
1063 177 1233 213 aufugeraut.
1242 177 1358 205 Proinde
1371 178 1542 214 imperatoris
1552 181 1640 209 edicta

42 236 92 266 μως
104 226 197 257 αὐτοὺς
219 223 405 259 ὑποδέχεσθαι.
424 223 468 249 Ἔν
489 222 538 257 μὲν
549 219 595 248 οὖν
616 221 738 257 Ἀγκύρᾳ
754 222 807 248 Βα-

44 272 128 300 σιλείου
153 269 351 304 ἐξωθουμένου,
368 269 416 294 καὶ
438 267 616 298 ἀντεισιόντος
630 267 807 303 Μαρκέλλου,

43 316 134 353 ταραχὴ
148 316 196 350 οὺχ
215 315 232 350 ὴ
254 313 373 349 τυχοῦσα
387 313 514 348 ἐγένετο,
534 313 551 348 ἣ
572 313 707 348 πρόφασιν
726 312 809 339 λοιδο-

43 365 94 400 ρίας
103 362 218 397 παρέσχε
230 361 285 391 τοῖς
299 360 334 386 τὰ
347 359 456 386 ἐναντία
470 359 613 393 φρονοῦσιν
625 367 633 374 ο
655 358 809 394 Ἀσκληπᾶν

42 409 65 435 δέ
81 406 188 441 ἑτοίμως
204 404 316 436 Γαζαῖοι
331 403 465 435 ἐδέξαντο.
486 403 529 429 Ἐν
544 402 573 429 δὲ
591 403 623 437 τῇ
639 402 810 429 Κωνσταντί-

42 462 79 480 νου
91 451 160 478 πόλει
176 449 340 480 Μακεδόνιος
361 448 461 483 Παύλῳ
474 448 542 483 πρὸς
556 447 647 482 ὀλίγον
663 447 808 482 ὑπεξέστη,

43 497 92 524 καθ’
103 489 194 523 ἑαυτὸν
209 495 237 521 ἐν
264 493 403 528 ἱδιαζούσῃ
426 492 559 528 ἐκκλησίᾳ
575 492 625 527 τῆς
642 492 745 524 πόλεως
761 492 810 522 τὰς

43 541 150 572 συνόδους
171 538 341 574 ποιούμενος.
365 537 453 573 ’Υπὲρ
476 537 566 572 μέντοι
596 537 772 569 ’Λοανασίου,
796 538 811 563 ὁ

42 585 152 621 ﬁxam-ia;
177 584 338 615 ἐπισκόποις
359 591 389 609 τε
417 583 464 609 καὶ
485 582 627 618 κληρικοῖς
649 582 696 608 καὶ
717 582 809 615 λαοῖς,

43 633 95 667 περὶ
113 630 157 658 τοῦ
178 630 304 665 ἀσμένως
333 628 414 655 αὐτὸν
438 627 621 663 ἀποδεχοῆναι
643 628 810 655 ἐπέστειλεν.

44 679 93 705 Ἐτι
109 678 159 713 μὴν
183 675 279 703 καὶτὰ
301 675 362 702 κατ’
386 674 468 701 αὐτοῦ
486 675 514 701 ὲν
529 674 714 709 δικαστηρίοις
735 682 812 709 πρα-

43 724 134 763 χθέντα,
142 723 173 749 δι’
188 722 288 758 ἑτέρων
299 721 469 757 γραμμάτων
480 720 660 756 ἀφανισθῆναι
672 720 810 747 ἐκέλευσε.

43 769 76 796 Τὰ
93 769 118 795 δέ
141 768 203 803 περὶ
213 767 377 802 ἀμφοτέρων
388 767 488 794 τούτων
502 766 651 802 γραφέντα,
665 766 722 792 ἔστι
733 766 810 793 τάδε·

75 868 229 902 Ἐπιστολὴ
255 867 467 895 Κωνσταντίου
485 867 562 901 ὑπὲρ
589 867 774 895 Ἂθανασίου.

42 914 156 948 Νιχητὴς
170 913 387 945 Κωνστάντιος,
403 911 564 948 Μέγιστρς,
576 913 726 948 Σεϐαστός
737 912 812 948 ,νέπιι

70 946 185 981 σκόποις
198 948 248 975 καὶ
266 947 478 1008 πρεσϐιΞτέζροις
493 946 548 981 τῆς
559 946 728 980 Καθολικῆς
747 947 812 974 Ἐκ-

347 991 373 1008 κ.
389 988 489 1015 ησιίις.

70 1028 121 1055 Οὐκ
132 1027 283 1063 ἀπελείφθη
298 1028 346 1063 τῆς
360 1027 407 1054 τοῦ
424 1026 491 1054 Θεοῦ
507 1027 618 1062 χάριτος
634 1027 649 1053 ὁ
669 1027 812 1062 αἰδεσιμοῦ-

41 1083 110 1107 τατος
131 1074 276 1106 ἐπίσκοπος
300 1073 469 1105 Ἀοανάσιος.
492 1072 561 1099 Ἀλλ’
581 1073 606 1099 εἰ
627 1073 673 1099 καὶ
696 1073 725 1099 ὲν
748 1073 813 1108 βρα-

42 1121 77 1155 χεῖ
89 1119 170 1155 χρόνῳ
184 1120 217 1155 τῇ
235 1119 308 1145 κατὰ
321 1118 480 1153 ἀνθρώπους
496 1118 643 1154 δοκιμασίᾳ
654 1118 794 1154 ὑπεΰλήθη
804 1137 812 1150 ,

40 1167 104 1201 ὅμως
112 1165 158 1200 τὴν
165 1164 346 1200 ὀφειλομένην
355 1164 430 1200 παρὰ
442 1164 491 1200 τῆς
501 1164 671 1199 παντεφόρου
682 1164 814 1200 Προνοίας

42 1211 201 1246 ἀπηνέγκατο
213 1210 305 1246 ψῆφον
318 1218 325 1225 ·
344 1210 488 1237 ἀπολαϐὼν
509 1210 633 1245 βουλήσει
654 1209 702 1236 τοῦ
720 1210 813 1245 κρείτ-

41 1264 118 1288 τονος,
141 1257 186 1282 καὶ
210 1256 304 1291 κρίσει
324 1255 448 1291 ἡμετέρᾳ
466 1255 515 1291 τὴν
538 1255 657 1291 πατρίδα
679 1255 747 1291 ὁμοῦ
768 1255 815 1282 καὶ

41 1303 81 1337 τὴν
118 1301 301 1337 Ἐκκλησίαν,
337 1299 372 1338 ἧς
411 1301 475 1337 οείῳ
509 1301 625 1337 νεύματι
660 1302 814 1337 προστάτης

43 1350 169 1385 ἐτύγχανε.
180 1348 277 1384 Τοῦτῳ
290 1348 325 1376 τὰ
344 1348 478 1375 ἀκόλουθα
494 1348 548 1375 ἔδει
567 1347 641 1383 παρὰ
656 1348 706 1383 τῆς
718 1348 816 1384 ἡμετέ-

45 1403 86 1430 ρας
97 1394 209 1429 ὑπάρξαι
222 1395 389 1431 πραότητος.
405 1395 487 1420 ’Ὥστε
506 1394 595 1420 πάντα
609 1393 642 1420 τὰ
655 1393 708 1429 πρὸ
721 1393 815 1420 τούτου

43 1443 104 1469 κατὰ
129 1441 181 1469 τῶν
211 1441 289 1476 αὐτῷ
317 1440 556 1476 κεκοινωνηκότων
582 1439 742 1476 ὡρισμένα,
769 1439 817 1466 νῦν

43 1486 167 1522 ἀμνηστίᾳ
183 1485 387 1521 παραδοθῆναι,
405 1485 497 1511 πᾶσάν
513 1493 543 1511 τε
560 1484 677 1520 ὑποψίαν
694 1485 743 1520 τὴν
756 1485 816 1511 κατ’

859 225 893 251 ad
907 225 1025 259 ipsorum
1041 225 1123 251 missa
1139 228 1203 250 sunt
1218 223 1350 256 civitates,
1375 225 1476 259 quibus
1495 226 1642 260 jubebatur

859 274 889 296 ut
906 271 967 297 illos
987 273 1111 304 prompte
1133 269 1314 304 susciperent.
1335 270 1367 296 Et
1393 270 1507 305 Ancyra:
1531 271 1641 304 quidem

858 322 921 341 cum
936 314 1052 341 Basilius
1066 314 1275 347 exturbaretur,
1294 314 1436 342 Marcellus
1455 323 1521 342 vero
1538 315 1564 342 in
1584 316 1643 350 ejus

859 359 1072 386 substitueretur
1104 360 1194 387 locum
1211 380 1218 393 ,
1246 367 1301 387 non
1334 360 1480 387 mediocris
1510 362 1643 388 tumultus

862 405 941 441 1ιάΙ
953 409 1064 432 exortus
1075 411 1126 437 est,
1139 407 1185 440 qui
1198 406 1381 433 calumniandi
1394 407 1563 434 occasionem
1575 415 1644 441 prais

860 451 920 478 buit
940 450 1102 477 adversariis
1128 459 1135 476 :
1159 450 1246 478 Gazaei
1267 458 1331 478 vero
1359 451 1475 478 libenter
1502 452 1643 486 Asclepam

859 500 1050 530 susceperunt.
1083 495 1318 531 Constantinopoli
1346 501 1437 524 autem
1470 497 1644 525 Macedonius

860 540 944 568 Paulo
966 540 1001 567 ad
1019 540 1157 567 modicum
1181 545 1288 575 tempus
1306 541 1366 568 loco
1387 541 1478 574 cessit,
1498 541 1525 568 in
1539 541 1644 576 privata

860 586 976 621 quadam
1000 586 1077 613 urbis
1105 586 1220 613 ecclesia
1242 594 1363 614 seorsum
1382 592 1535 614 conventus
1551 595 1642 622 agens.

860 633 913 660 Pro
926 632 1074 659 Athanasio
1091 640 1156 658 vero
1172 632 1320 666 imperator
1331 633 1364 659 ad
1378 633 1518 668 episcopos
1528 638 1556 660 et
1566 633 1645 660 cleri-

860 685 907 704 cos
920 682 947 704 οι
958 677 991 704 ad
1003 677 1119 712 populos
1135 676 1255 711 scripsit,
1269 681 1300 703 ut
1312 677 1461 704 libentibus
1474 678 1571 705 animis
1582 685 1644 705 eum

860 723 1030 757 exciperent.
1046 722 1098 749 Sed
1111 726 1139 749 et
1151 730 1199 756 per
1212 722 1279 748 alias
1296 722 1401 749 litteras
1414 723 1505 757 jussit,
1519 727 1550 750 ut
1570 730 1644 758 qu;e-
1658 720 1675 735 ⁵

861 776 969 802 cunque
982 768 1009 794 in
1020 767 1132 803 judiciis
1140 771 1234 794 contra
1251 767 1327 794 illum
1340 771 1399 795 acta
1415 768 1533 800 fuerant,
1552 769 1645 795 abole-

862 819 968 842 rentur.
979 814 1015 841 De
1027 817 1143 848 utraque
1155 822 1183 841 re
1196 814 1304 849 scriptae
1321 814 1417 842 litterae
1428 814 1467 841 sic
1481 822 1510 842 se
1524 814 1644 842 habent:

985 870 1107 906 Epistula
1129 871 1277 899 Constantii
1297 880 1346 906 pro
1366 871 1523 898 Athanasio.

863 916 949 944 Victor
968 916 1148 948 Constantius,
1167 917 1309 948 Maximus,
1325 917 1469 952 Augustus,
1481 917 1605 952 episcopis
1624 921 1647 944 ct

1026 953 1182 987 presbyteris
1201 951 1341 979 Cat/taliae
1357 951 1490 979 Ecclesia'.

897 1033 957 1061 Non
970 1038 1012 1060 est
1035 1032 1183 1060 derelictus
1194 1039 1209 1059 a
1222 1031 1270 1059 Dei
1291 1032 1379 1068 gratia
1403 1032 1648 1061 reverendissimus

862 1079 1009 1114 episcopus
1021 1077 1196 1104 Athanasius.
1211 1076 1265 1104 Sed
1278 1085 1433 1112 quanquam
1450 1077 1527 1105 brevi
1543 1082 1647 1113 tempo-

863 1123 901 1150 ris
913 1123 1004 1158 spatio
1017 1122 1142 1149 humanm
1154 1121 1310 1156 probationi
1329 1122 1476 1157 subjacuit,
1490 1122 1583 1149 divina
1607 1127 1648 1149 ta—

863 1177 926 1196 men
940 1168 1107 1203 suﬂragante
1119 1166 1305 1199 Providentia,
1316 1166 1417 1202 justam
1430 1167 1530 1194 meruit
1544 1167 1648 1194 referre

864 1214 1028 1242 sententiam
1043 1223 1048 1239 :
1063 1213 1209 1240 restitutus
1222 1216 1278 1239 tum
1290 1213 1338 1240 Dei
1358 1213 1508 1244 voluntate,
1524 1217 1580 1239 tum
1601 1221 1650 1240 no-

865 1265 923 1288 stro
932 1259 1048 1295 judicio,
1063 1258 1090 1285 in
1103 1259 1220 1293 patriam
1241 1258 1322 1284 simul
1337 1261 1366 1285 et
1389 1258 1417 1285 in
1430 1258 1589 1290 Ecclesiam,
1604 1259 1648 1286 cui

865 1305 959 1333 divino
970 1308 1039 1332 nutu
1051 1303 1224 1339 prtcsidebat.
1243 1302 1312 1330 lluic
1322 1303 1517 1337 consequentia
1528 1311 1543 1330 a
1556 1307 1650 1331 nostra

865 1353 974 1386 oportet
985 1348 1110 1384 prrestari
1130 1348 1296 1381 clementia;
1312 1351 1342 1374 ut
1364 1348 1468 1375 scilicet
1481 1353 1578 1376 cuncta
1590 1357 1651 1383 qua:

865 1395 982 1422 antehac
993 1394 1126 1421 adversus
1138 1393 1200 1420 illos
1212 1394 1259 1428 qui
1278 1393 1319 1420 illi
1342 1393 1589 1427 eounnuuicabant,
1604 1394 1651 1421 de—

866 1443 942 1467 creta
964 1442 1039 1471 sunt,
1067 1446 1141 1466 nunc
1163 1438 1296 1466 oblivioni
1323 1437 1482 1470 tradantur,
1507 1438 1651 1472 omnisque

868 1485 997 1520 deinceps
1009 1489 1105 1512 contra
1116 1484 1193 1511 illum
1205 1488 1294 1511 cesset
1304 1483 1433 1519 suspicio.
1446 1483 1480 1510 Et
1494 1482 1653 1511 immunitas

42 1531 113 1558 αὐτοῦ
141 1531 270 1567 σχολάσαι
296 1531 344 1558 τοῦ
366 1530 477 1562 λοιποῦ,
501 1531 552 1565 τήν
579 1539 609 1557 τε
634 1530 758 1556 ἀτέλειαν
781 1527 815 1565 ἧς

875 1540 920 1567 [ua
934 1531 1037 1563 clerici,
1050 1531 1097 1566 qui
1111 1538 1173 1558 cum
1181 1538 1215 1557 eo
1231 1535 1304 1562 sunt,
1316 1530 1381 1557 olim
1393 1529 1565 1563 fruebantur,
1576 1530 1651 1565 ipsis,

42 1578 125 1612 ἔτυχον
135 1578 218 1605 πάλαι
229 1578 254 1604 οἱ
272 1577 331 1612 ἅμα
347 1576 421 1612 αὐτῷ
432 1576 558 1612 κληρικοὶ
567 1595 574 1607 ,
589 1574 695 1606 τούτοις
707 1574 819 1610 βεϐαιω-

42 1622 111 1658 θῆναι
135 1623 339 1660 προσηκόντως.
367 1622 448 1649 Ἀλλὰ
473 1623 527 1658 μὴν
550 1621 597 1648 καὶ
619 1621 698 1648 τοῦτο
719 1622 752 1656 τῇ
779 1621 819 1652 είς

43 1667 112 1693 αὑτὸν
142 1668 233 1702 χάριτι
271 1666 456 1702 προστεθῆναι
493 1664 709 1700 ἐδικαιώσαμεν.
743 1663 816 1690 ὥστε

44 1712 136 1745 πᾶν-τας
156 1714 219 1745 τοὺς
237 1713 286 1740 τοῦ
309 1712 380 1748 ἱεροῦ
398 1711 549 1745 καταλόγου
565 1710 727 1746 γινώσκειν,
747 1710 820 1736 ἐνδε‹

42 1758 123 1786 δόσῢαι
138 1759 166 1786 τδ
182 1759 286 1794 ἄφοῦον
307 1759 373 1785 πᾶσι
394 1759 450 1789 τοῖς
467 1756 540 1792 αὑτῷ
562 1755 816 1791 προστεθειμένοις,

43 1804 89 1831 εἴτε
103 1805 259 1836 ἐπισκόποις
268 1826 275 1836 ,
289 1804 344 1831 εἴτε
354 1803 504 1838 κληρικοῖς.
522 1801 624 1829 Ἱκανὸν
635 1801 663 1828 δὲ
675 1801 818 1837 γνώρισμα

43 1851 85 1885 τῆς
98 1851 210 1878 ἑκάστου
228 1850 314 1886 ὀρθῆς
327 1849 514 1885 προαιρέσεως
527 1848 604 1874 ἔσται
616 1867 624 1880 ,
637 1848 654 1881 ἡ
671 1847 739 1882 πρὸς
758 1846 819 1873 τοῦ·

43 1903 81 1922 τον
91 1896 192 1928 ἐνωσις.
209 1897 289 1922 Ὅσοι
299 1895 353 1930 γὰρ
366 1895 399 1921 ἂν
409 1895 459 1929 τῆς
469 1893 608 1924 καλλίονος
621 1892 689 1928 ὁμοῦ
703 1891 819 1927 κρίσεώς

43 1950 67 1967 τε
80 1942 122 1968 καὶ
137 1942 232 1977 μοίρας
247 1941 403 1977 γενόμενοι,
417 1940 467 1975 τὴν
487 1939 582 1966 τούτου
598 1939 712 1966 ἕλωνται
729 1947 823 1965 κοινω-

44 1987 108 2021 νίαν,
129 1986 239 2018 τούτους
261 1986 365 2018 πάντας
379 1984 577 2020 ἐκελεύσαμεν,
593 1984 653 2011 καθ’
677 1984 821 2019 ὁμοιότητα

43 2032 85 2066 τῆς
98 2032 247 2067 σθανούσης
261 2030 456 2066 Προνοίας,κα’ί
464 2029 511 2056 νῦν
521 2030 572 2064 τῆς
583 2030 627 2064 ὑφ’
637 2029 715 2065 ἡμῶν
727 2028 822 2064 βουλή-

45 2085 80 2104 σει
91 2078 134 2105 τοῦ
148 2078 301 2113 κρείττονος
313 2075 530 2112 παρασχεθείσης
541 2075 650 2110 χάριτος
664 2074 820 2102 ἀπολαύειν.

46 2124 126 2156 Ἄλλη
144 2122 305 2156 ἐπιστολὴ,
319 2122 380 2155 τοῖς
402 2121 629 2156 Ἀλεξανδρεῦσι
643 2121 821 2156 πεμφθεῖσα.
838 2125 862 2154 ι)

45 2169 163 2203 Νικητὴς
183 2167 407 2200 Κωνστάντιος,
421 2167 575 2203 ,Μέγιστος
585 2188 592 2200 ,
606 2165 823 2203 Σεόασζὸςητῷ

73 2201 208 2239 latitarit;
225 2203 302 2231 κατὰ
326 2201 551 2265 Ἀλεξάνδρειαν
571 2201 740 2236 Καθολικῆς
762 2202 824 2228 Ἑκ-

357 2246 375 2264 κ
398 2245 499 2272 ησιιις.

75 2284 172 2312 Σκοπὸν
192 2283 352 2319 ποιούμενοι
365 2283 415 2318 τὴν
434 2282 571 2318 ὑμετέραν
587 2283 616 2309 ἐν
631 2283 733 2309 ἆπασιν
745 2281 820 2308 εὐνο-

47 2329 103 2364 μίαν
119 2330 195 2366 (68),
219 2329 323 2361 ειδότες
338 2337 367 2355 τε
386 2329 424 2360 ὡς
447 2328 562 2355 ἐπιπολὺ
585 2328 636 2362 τῆς
650 2327 698 2354 τοῦ
715 2328 825 2354 ἐπισκο-

46 2376 148 2409 ποῦντος
172 2376 305 2411 προνοίας
329 2375 495 2410 ἐστέρησθε,
525 2373 684 2402 Ἀθανάσιον
698 2373 745 2400 τὸν
766 2373 826 2399 ἐπί-

47 2430 152 2454 σκοπον,
179 2422 266 2457 ἄνδρα
292 2421 352 2457 τοῖς
373 2420 440 2446 πᾶσι
466 2419 510 2446 διά
542 2428 571 2446 τε
599 2419 648 2454 τὴν
670 2418 826 2454 προσοῦσαν

49 2430 136 2448 nam»;
145 2442 152 2454 ,
179 2429 266 2457 ανορα
292 2429 333 2447 τοι
373 2429 440 2446 πασι
466 2429 510 2446 οια
542 2429 571 2446 τε
599 2429 648 2454 την
670 2429 825 2454 προσουσαν

49 2467 186 2503 ὀρθότητα,
198 2468 247 2494 καὶ
261 2466 307 2493 διὰ
320 2429 370 2501 τξν
383 2465 487 2492 οίκείαν
498 2465 644 2500 εὐτροπίαν
654 2463 792 2500 γνώριμον
803 2468 825 2496 °,

865 1582 896 1605 ut
919 1585 970 1612 par
993 1581 1045 1608 est,
1066 1576 1255 1604 confirmetur.
1275 1576 1333 1603 lloc
1349 1575 1431 1603 etiam
1449 1580 1550 1603 nostra:
1564 1576 1591 1602 in
1618 1576 1652 1602 il-

865 1623 922 1650 lum
946 1623 1122 1658 indulgentim
1141 1622 1326 1658 adjiciendum
1349 1630 1409 1650 esse
1433 1622 1600 1654 censuimus,
1623 1627 1654 1649 ut

866 1676 961 1696 omnes
982 1668 1053 1695 sacri
1077 1667 1183 1695 ordinis
1205 1667 1257 1694 viri
1287 1667 1449 1702 intelligant,
1475 1667 1653 1694 securitatem

866 1714 973 1742 cunctis
984 1714 1032 1749 qui
1048 1713 1198 1741 Athanasio
1219 1712 1405 1745 adhaeserunt,
1427 1713 1486 1740 sive
1504 1713 1653 1748 episcopis,

869 1759 927 1787 sive
938 1759 1056 1792 clericis,
1078 1767 1138 1787 esse
1159 1766 1327 1786 concessam.
1348 1758 1425 1785 Recti
1448 1766 1515 1786 vero
1537 1758 1655 1793 singulo—

871 1813 931 1832 rum
945 1806 1076 1841 propositi
1087 1805 1270 1833 certissimum
1280 1805 1333 1832 erit
1345 1805 1488 1836 indicium,
1502 1804 1578 1832 firma
1592 1812 1655 1832 eum

872 1851 919 1879 illo
941 1852 1094 1879 consensio.
1108 1851 1270 1886 Quicunque
1283 1859 1348 1886 ergo
1366 1851 1472 1878 meliori
1482 1851 1585 1885 judicio
1602 1851 1654 1882 usi,

872 1901 900 1924 et
911 1897 1048 1924 saniorem
1060 1901 1167 1932 partem
1181 1897 1278 1929 secuti,
1293 1897 1512 1924 communionem
1525 1897 1585 1931 ejus
1596 1904 1654 1923 am-

873 1942 946 1977 plexi
958 1946 1032 1974 sunt,
1046 1950 1093 1969 eos
1105 1950 1201 1970 omnes
1210 1942 1344 1978 jussimus
1352 1943 1429 1977 juxta
1442 1942 1595 1976 exemplum
1608 1949 1655 1968 su-

873 1988 991 2024 perioris
1013 1988 1206 2021 Providentia},
1220 1996 1294 2016 nunc
1315 1995 1423 2023 quoque
1442 1988 1504 2015 data
1528 1995 1542 2014 a
1565 1987 1654 2020 nobis,

873 2041 929 2061 non
951 2034 1012 2062 sine
1032 2034 1081 2062 Dei
1103 2035 1254 2066 voluntate,
1280 2033 1450 2069 indulgentia
1471 2033 1585 2068 perfrui.

1066 2124 1189 2160 Epistola
1209 2123 1245 2151 ad
1262 2123 1468 2151 Alexandrinos.

877 2170 962 2198 Victor
972 2169 1151 2201 Constantius,
1171 2168 1313 2200 Maximus,
1333 2168 1477 2203 Augustus,
1497 2167 1594 2203 populo
1605 2167 1657 2196 Ca-

1014 2204 1116 2232 tholicte
1129 2203 1254 2232 Ecclesite
1268 2203 1519 2231 Alexandrinorum.

909 2285 978 2313 Cum
996 2287 1060 2311 ante
1081 2283 1176 2310 oculos
1195 2289 1303 2317 semper
1325 2282 1476 2309 habeamus
1492 2285 1610 2309 vestram
1633 2282 1660 2308 in

875 2328 1005 2356 omnibus
1017 2326 1201 2361 disciplinam,
1219 2333 1271 2354 nec
1284 2326 1370 2361 ignari
1392 2326 1479 2353 simus
1497 2326 1660 2361 jampridem

875 2381 925 2401 vos
935 2373 1083 2408 episcopali
1103 2372 1276 2407 providentia
1298 2372 1446 2399 destitutos
1467 2379 1539 2404 esse,
1552 2379 1661 2406 aequum

876 2417 1046 2449 censuimus,
1058 2417 1238 2444 Athanasium
1257 2417 1426 2452 episcopum,
1439 2416 1528 2444 virum
1542 2417 1577 2444 ob
1599 2417 1662 2444 vitae

876 2462 1084 2490 sanctimoniam
1105 2469 1268 2497 morumque
1281 2461 1445 2496 probitatem
1465 2462 1595 2489 omnibus
1613 2470 1662 2490 co-

634 2530 769 2559 VALESII
788 2529 1062 2558 ANNOTATIONES.

78 2580 127 2617 (68)
142 2580 262 2617 Σκοπὸν
272 2579 442 2617 ξτοιρύμεχοι
457 2577 671 2617 ζὴνιύμεζέρᾳν
682 2577 816 2617 ᾆνᾶεπασι

879 2585 929 2611 ραν
943 2597 950 2609 ,
971 2576 1107 2617 εἰουοιιίἠῐη.
1122 2576 1205 2617 vertit
1224 2585 1229 2602 :
1245 2575 1278 2603 In
1305 2576 1423 2604 omnibus
1439 2575 1602 2611 perhibentes
1616 2581 1663 2601 no-

49 2612 190 2650 εὺκομιαν.
201 2612 374 2652 Epiphanius
389 2613 574 2642 Scholasticus
588 2613 653 2648 legit
667 2612 717 2647 τὴν
731 2612 829 2647 ἡμετέ-

880 2616 943 2639 strw
956 2611 1086 2647 aequitatis
1099 2611 1278 2639 intentionem.

764 2690 956 2719 VARJORUM.

80 2743 92 2758 °
108 2740 166 2775 Τῆν
182 2741 299 2768 οἰκείαν
319 2739 478 2775 εὐτροπίαν
501 2738 654 2775 γνώριμον.
671 2738 782 2765 Rectius
798 2739 826 2766 in

50 2776 127 2803 veteri
139 2773 283 2807 editione,
303 2775 351 2810 τὴν
368 2773 421 2801 τῶν
441 2773 543 2810 οίκείαν
556 2773 697 2810 (mendose
719 2781 768 2808 pro
788 2775 827 2810 oi-

51 2810 133 2846 κείων)
159 2811 234 2846 ηοων
252 2808 397 2846 εὐτροπίαν
419 2809 566 2845 γνώριμον,
582 2815 637 2843 quo
658 2808 724 2835 item
746 2808 827 2836 modo

879 2738 945 2773 legit
972 2737 1140 2772 Epiphanius
1168 2736 1362 2773 Scholasticus,
1389 2741 1546 2773 suorumque.
1561 2740 1661 2773 rnoer

882 2767 1038 2808 probitatem
1051 2773 1149 2799 cunctis
1164 2772 1287 2808 inno_tuit.
1304 2771 1427 2808 Monachi
1447 2767 1585 2797 Benedict.
1603 2767 1660 2795 An-

883 2806 938 2836 not.
954 2808 981 2835 in
995 2808 1137 2840 Athamas,
1155 2807 1209 2834 vol.
1223 2806 1244 2839 l,
1260 2813 1319 2841 pag.
1335 2806 1394 2831 175.
