1887 3067
198 149 247 176 291

930 145 1096 174 SOCRATIS

1775 142 1828 171 $92

197 214 261 234 men
278 204 420 233 descendit
439 213 501 233 cum
519 205 645 236 Photino,
663 204 777 231 notariis
790 203 875 230 verba
891 210 969 230 eorui

1041 204 1168 237 παρεῖναι
1196 202 1229 236 τῇ
1248 201 1362 232 διαλέξει
1377 201 1391 227 ὁ
1411 199 1546 235 βασιλεὺς.
1571 199 1629 233 Ἐφ’
1648 195 1686 226 ὧν
1701 199 1828 226 ἀντικατ-

197 251 408 286 excipientibus.
426 250 565 278 Certatum
578 254 620 277 est
638 249 766 283 utrinque
787 248 903 275 maxima
918 256 984 275 con-

198 297 321 323 tentione
338 295 484 323 verborum
502 298 584 328 atque
599 294 747 321 rationum.
773 293 868 321 Victus
893 297 984 321 tamen

198 342 330 369 Photinus
343 345 371 369 et
385 340 582 368 condemnatus
599 343 652 366 est.
678 338 731 372 Qui
757 338 931 374 postmodum
956 339 984 365 in

198 388 295 415 exsilio
305 387 387 414 vitam
401 393 493 421 agens,
509 385 611 412 librum
634 384 730 412 Graeco
755 389 784 412 et
809 384 906 412 Latino
924 392 984 412 ser-

199 441 279 460 mone
295 432 414 467 scripsit,
435 431 536 466 quippe
556 431 603 466 qui
620 439 657 458 ne
670 430 768 458 Latine
783 430 895 466 quidem
911 435 986 458 esset

173 500 179 504 .
197 479 315 514 ignarus.
340 477 456 512 Scripsit
481 484 565 512 porro
585 476 716 504 adversus
741 484 838 504 omnes
856 467 983 509 haereses,

196 532 275 552 suum
289 523 374 558 ipsius
388 523 485 558 dogma
497 522 692 550 tantummodo
710 529 878 557 proponens.
897 521 937 549 Ac
951 521 985 549 de

195 567 311 596 Photino
323 567 434 602 quidem
448 567 507 594 hac
522 566 597 594 dicta
614 566 759 594 suciant.
774 566 922 594 Sciendum
936 573 985 593 au-

194 616 249 640 tem
267 615 320 645 est,
334 612 470 647 episcopis
485 611 532 647 qui
545 611 637 639 Sirmii
649 615 847 644 convenerant,
859 611 985 639 Latinam

194 658 268 686 illam
282 658 346 685 ﬁdei
361 658 506 685 formulam
523 657 572 684 abs
586 665 615 684 se
631 657 744 689 editam,
768 661 863 692 postea
887 656 984 691 displi-

193 703 294 731 cuisse.
307 703 371 730 Visa
393 703 467 730 enim
490 703 545 729 illis
562 706 606 730 est
632 702 718 729 multa
740 701 884 736 complecti
912 702 984 728 inter

192 756 221 776 se
237 749 394 784 pugnantia.
405 747 539 781 Quocirca
549 755 661 783 operam
675 747 814 774 dederunt
835 751 866 774 ut
875 755 935 775 eam
949 747 984 774 ab

193 795 249 824 illis
270 794 317 829 qui
341 794 552 828 descripserant,
577 793 741 828 reciperent.
770 792 824 820 Sed
852 793 982 828 quoniam

193 840 272 868 multi
291 847 351 867 eam
369 838 551 870 occultabant,
567 838 716 873 imperator
733 838 825 866 edicto
852 839 984 873 praecepit

1035 248 1101 283 έστη
1118 248 1156 283 τῷ
1170 247 1294 282 Φωτεινῷ
1314 247 1452 277 Βασίλειος
1472 247 1486 273 ὁ
1501 246 1550 280 τῆς
1565 247 1594 272 ἐν
1624 245 1746 281 Ἀγκύρᾳ
1766 247 1826 272 τότε

1034 293 1173 329 προεστὼς
1194 293 1374 327 Ἐκκλησίας,
1390 292 1553 327 ὀξυγράφων
1565 300 1595 318 τε
1609 291 1659 323 τὰς
1674 293 1767 326 φωνὰς
1782 293 1827 319 αὐ-

1033 339 1087 365 τῶν
1100 337 1270 374 γραφόντων.
1291 337 1415 372 Μεγίστη
1434 337 1462 363 δὲ
1481 337 1553 372 μάχη
1571 336 1674 371 μεταξὺ
1692 333 1746 362 τῶν
1760 338 1826 372 παρ’

1034 384 1164 419 ἐκατέρου
1182 384 1269 418 λόγων
1290 383 1408 418 ἐγένετο.
1434 383 1478 409 Ἐν
1500 379 1541 414 οἷς
1564 383 1578 408 ὁ
1593 382 1726 414 Φωτεινὺς
1750 383 1829 417 ἡττη-

1034 428 1091 462 θεὶς
1103 449 1112 462 ,
1132 428 1293 464 κατεκρίθη.
1321 428 1366 455 Ἐν
1382 429 1455 463 φυγῇ
1472 435 1502 454 τε
1524 427 1625 461 διάγων
1648 426 1696 453 τοῦ
1715 427 1826 459 λοιποῦ,

1034 474 1114 509 λόγον
1133 473 1304 509 συνέγραψεν
1329 473 1356 494 δ’
1382 472 1551 508 ἀμφοτέραις
1578 472 1738 506 γλώσσαις,
1765 472 1827 498 ἐπεὶ

1036 521 1105 556 μηδὲ
1121 521 1172 556 τῆς
1192 518 1351 555 Ῥωμαῖκῆς
1373 516 1409 554 ἢν
1428 518 1553 554 ἄμοιρος.
1573 519 1696 554 Ἔγραφε
1711 517 1740 544 δὲ
1756 517 1827 544 κατὰ

1033 566 1128 594 πασῶν
1142 565 1286 601 αἱρέσεων,
1301 565 1332 591 τὸ
1345 565 1445 591 οἰκεῖον
1463 564 1544 599 μόνον
1562 563 1651 599 δόγμα
1675 562 1826 599 παρατιθέ-

1035 620 1125 647 μενος.
1152 611 1221 647 Περὶ
1245 610 1296 646 μὲν
1321 609 1368 637 οὖν
1389 609 1524 637 Φωτεινοῦ
1549 609 1668 637 τοσαῦτα
1693 609 1825 645 εἰρήσθω.

1040 657 1136 684 Ἰστέον
1153 657 1243 692 μέντοι
1256 656 1298 683 ὅτι
1311 657 1335 682 οἱ
1347 656 1376 683 ἐν
1393 655 1499 691 Σιρμίῳ
1518 655 1690 687 συνελθόντες
1711 655 1823 682 ἐπίσκο-

1035 711 1097 734 ποι,
1117 703 1291 737 μετέγνωσαν
1304 702 1350 728 ἐπὶ
1365 703 1398 737 τῇ
1419 702 1560 737 Ῥωμαϊκῇ
1580 702 1630 736 τῆς
1643 702 1762 733 πίστεως
1778 702 1824 728 ἐκ-

1034 748 1104 774 δόσει
1117 748 1184 783 (ιι).
1199 747 1288 774 Πολλὰ
1301 747 1355 782 γὰρ
1370 747 1440 782 μετὰ
1450 747 1500 782 τὴν
1516 747 1621 774 ἔκδοσιν
1631 746 1740 773 ἐναντία
1752 746 1824 781 ἔχειν

1034 793 1125 824 αὐτοῖς
1139 792 1328 826 κατεφαίνετο.
1344 792 1389 818 Διὸ
1404 792 1525 827 σπουδὴν
1540 792 1658 819 ἐτίθεντο
1677 793 1753 828 παρὰ
1768 792 1823 818 τῶν

1034 838 1250 874 ἐγγραψαμένων
1262 837 1463 873 ἀναλαμϐάνειν
1478 838 1574 873 αὑτήν.
1597 837 1707 873 Ἐπειδὴ
1720 838 1750 864 δέ
1763 838 1822 864 πολ-

192 889 224 912 ut
240 884 406 918 exemplaria
423 883 482 918 ejus
497 883 588 910 omnia
605 882 848 917 conquirerentur,
869 889 971 918 pmnan

1032 883 1072 910 λοὶ
1090 884 1283 919 ἀπέκρυπτον,
1307 884 1321 910 ὁ
1345 883 1471 918 βασιλεὺς
1491 883 1673 918 διατάγμασιν
1696 883 1822 910 ἐκέλευσε

192 930 385 958 interminatus
412 928 434 956 si
452 928 515 963 quis
538 935 598 955 eam
621 929 771 956 occultasse
784 928 863 963 13o
880 928 979 964 depre-

193 975 370 1004 henderetur.
386 974 487 1002 Verum
502 974 586 1000 semel
601 973 703 1000 editam
713 974 794 1001 nulla:
810 974 892 1001 minae
910 974 980 1002 abo-

192 1020 248 1046 lere
274 1022 434 1054 potuerunt,
457 1018 559 1052 quippe
583 1025 645 1052 qua:
671 1018 698 1045 in
713 1018 862 1056 multorum
882 1026 981 1047 manus

188 1065 244 1099 jam
260 1063 438 1099 pervenisset.
457 1062 509 1090 Sed
523 1063 557 1089 de
577 1062 620 1089 his
635 1063 777 1090 hactenus.

488 1118 562 1145 CAP.
584 1118 678 1145 XXXI.

358 1164 394 1191 De
410 1163 488 1191 Hosio
502 1163 661 1191 Cordubensi
679 1165 806 1199 episcopo.

223 1209 356 1242 Quoniam
370 1217 434 1236 vero
447 1209 480 1236 dc
492 1209 575 1236 Ilosio
587 1209 707 1244 Hispano
732 1218 815 1245 supra
834 1210 978 1238 retulimus

189 1259 252 1279 eum
265 1252 330 1279 illuc
343 1252 458 1279 invitum
470 1253 629 1285 accessisse,
642 1261 727 1287 pauca
738 1254 820 1280 etiam
833 1254 866 1281 de
878 1255 925 1282 illo
936 1255 977 1282 di-

188 1298 274 1325 cenda
291 1302 364 1325 sunt.
386 1298 435 1325 Hic
456 1298 592 1333 siquidem
610 1307 659 1333 per
681 1300 795 1326 insidias
811 1300 975 1327 Arianorum

189 1343 270 1377 paulo
282 1347 344 1370 ante
359 1343 386 1369 in
397 1344 523 1370 exsilium
535 1344 630 1378 pulsus
642 1343 740 1371 fuerat.
754 1345 830 1372 Tunc
841 1353 908 1372 vero
920 1352 977 1372 stu-

188 1388 235 1414 dio
249 1392 331 1422 atque
342 1388 460 1422 impulsu
471 1396 567 1415 eorum
579 1390 626 1423 qui
638 1389 769 1416 Sirmium
779 1395 974 1422 convenerant,

190 1435 338 1469 imperator
350 1434 415 1461 illuc
428 1443 490 1462 eum
503 1435 626 1462 evocavit
641 1456 648 1467 ,
664 1436 760 1463 volens
773 1441 803 1463 ut
815 1437 858 1464 vel
882 1442 977 1472 sponte

188 1480 231 1506 vel
243 1483 353 1506 coactus
372 1487 434 1506 cum
447 1480 582 1515 episcopis
599 1481 646 1516 qui
664 1481 778 1508 aderant
796 1483 974 1510 consentiret.

1030 929 1170 964 ζητεῖσθαι
1196 929 1246 965 τὴν
1267 929 1381 960 ἔκδοσιν,
1402 929 1538 964 τιμωρίαν
1561 928 1711 963 ἀπειλήσας
1734 928 1762 954 εἴ
1779 936 1822 959 τις

1029 975 1168 1011 φωραθείη
1183 975 1311 1011 κρύπτων
1325 975 1421 1010 αὑτήν.
1446 974 1514 1000 Ἀλλ’
1530 974 1584 1001 οὐδ’
1599 975 1631 1001 αἱ
1649 974 1761 1001 ἀπειλαὶ
1771 975 1821 1008 τὴν

1029 1020 1103 1052 ἅπαξ
1117 1020 1272 1048 ἐκδοθεῖσαν
1286 1020 1416 1055 ἀφανίσαι
1430 1019 1584 1054 δεδύνηνται
1593 1040 1600 1051 ,
1613 1019 1651 1054 τῷ
1666 1019 1769 1054 φθάσαι
1782 1020 1821 1050 εἰς

1030 1065 1155 1097 πλείονας
1163 1064 1302 1100 ἐμπεσεῖν.
1316 1064 1440 1091 Τοσαῦτα
1452 1064 1501 1100 μὲν
1513 1065 1575 1100 περὶ
1585 1065 1678 1091 τούτου
1691 1064 1818 1099 λελέχθω.

1319 1122 1444 1149 ΚΕΦΑΛ.
1465 1123 1525 1148 AA'.

1100 1168 1167 1201 Περὶ
1184 1168 1280 1194 Ὁσίου
1294 1167 1347 1194 τοῦ
1358 1167 1545 1201 Κυ-υδρούϐης
1563 1167 1740 1193 ἐπισκόπου.

1071 1213 1179 1248 Ἐπειδὴ
1201 1213 1228 1239 δὲ
1251 1213 1315 1248 περὶ
1332 1213 1420 1240 Ὀσίου
1437 1213 1483 1240 τοῦ
1502 1212 1626 1239 Ἰσκανοῦ
1653 1213 1765 1247 μνήμην
1783 1211 1819 1242 ὡς

1029 1259 1164 1290 ἀκουσίως
1185 1259 1317 1295 παρόντος
1343 1258 1533 1294 πεποιήμεθα,
1558 1259 1659 1294 βραχέα
1685 1258 1733 1284 καὶ
1757 1258 1819 1291 περὶ

1028 1303 1122 1330 τούτου
1138 1303 1257 1330 λεκτέον.
1271 1303 1376 1338 Μικρὸν
1389 1303 1443 1338 γὰρ
1457 1302 1612 1338 ἔμπροσθεν
1628 1299 1704 1333 οὗτος
1720 1302 1753 1327 ἐκ
1777 1309 1818 1326 συ-

1030 1349 1130 1383 σκευῆς
1140 1349 1193 1375 τῶν
1204 1349 1411 1384 ἀρειανιζόντων
1426 1349 1464 1378 είς
1473 1348 1579 1383 ἐξορίαν
1587 1348 1740 1375 ἀπέσταλτο
1750 1347 1814 1383 (l2).

1029 1395 1096 1420 Τότε
1107 1395 1134 1421 δὲ
1147 1394 1248 1428 σπουδῇ
1262 1394 1315 1421 τῶν
1327 1395 1356 1421 ἐν
1369 1394 1407 1430 τῷ
1424 1395 1528 1429 Σιρμίῳ
1547 1393 1728 1420 συνελθόντων
1743 1394 1756 1419 ὁ
1769 1393 1816 1427 βω

1031 1440 1120 1470 σιλεὺς
1135 1439 1216 1466 αὐτὸν
1230 1440 1440 1475 μετεπέμψατο,
1458 1439 1617 1474 βουλόμενος
1635 1438 1652 1472 ἢ
1673 1437 1779 1467 πειθοῖ,
1800 1436 1816 1471 ἢ

1031 1485 1138 1522 ἀνάγκῃ
1150 1487 1205 1517 τοῖς
1219 1485 1352 1520 παροῦσιν
1363 1485 1548 1520 ὁμοφωνῆσαι.
1566 1483 1668 1510 Τούτου
1680 1483 1734 1518 γὰρ
1747 1490 1817 1516 γενο-

189 1525 246 1552 lloc
254 1526 327 1552 enim
339 1525 421 1558 facto,
432 1526 540 1553 illorum
553 1527 615 1554 ﬁdei
628 1527 776 1555 maximum
789 1529 971 1558 testimonium

1032 1532 1121 1567 μένου,
1135 1531 1260 1567 μέγιστον
1275 1531 1361 1558 ἐδόκει
1378 1530 1527 1566 μαρτύριον
1541 1529 1674 1564 ὑπάρχειν
1688 1528 1739 1562 τῆς
1749 1528 1817 1554 ἐκεί-

187 1571 333 1598 videbatur
344 1571 484 1599 accedere.
498 1572 574 1599 lianc
587 1573 668 1608 igitur
681 1573 716 1600 ob
734 1582 842 1602 causam
854 1576 975 1603 necessi-

189 1620 243 1642 tate
257 1615 423 1650 compulsus,
437 1620 467 1643 ut
479 1616 546 1649 dixi,
560 1617 647 1644 adfuit
660 1618 771 1646 invitus.
785 1618 839 1646 Sed
852 1627 915 1647 cum
931 1620 975 1647 ille

188 1661 343 1689 consentire
355 1666 495 1694 renueret,
507 1662 622 1689 verbera
634 1666 661 1690 ct
674 1666 808 1691 tormenta
818 1664 976 1692 inﬁixerunt

188 1706 257 1732 scni.
277 1706 371 1741 Itaque
391 1707 418 1734 vi
435 1711 463 1734 et
482 1707 644 1735 necessitate
666 1708 795 1741 adactus,
814 1710 897 1737 editis
918 1715 974 1738 tum

189 1751 251 1780 ﬁdei
264 1752 481 1787 expositionibus
499 1754 638 1781 consensit
655 1757 736 1788 atque
757 1755 928 1790 subscripsit.
942 1757 976 1784 Et

189 1805 234 1824 res
245 1798 356 1832 quidem
377 1802 442 1825 tunc
461 1799 592 1833 temporis
609 1799 702 1826 Sirmii
733 1805 816 1835 gestae
833 1801 906 1828 hunc
918 1803 976 1829 cxi-

188 1848 244 1870 tum
268 1843 400 1871 habuere.
421 1845 507 1872 Porro
529 1845 679 1880 imperator
700 1845 877 1875 Constantius
896 1848 923 1874 in
944 1856 977 1875 ea

188 1889 256 1917 urbe
280 1889 383 1917 diutius
402 1895 587 1918 commoratus
605 1895 662 1924 est,
677 1891 743 1918 dum
764 1897 892 1920 eventum
913 1893 976 1920 belli

185 1936 281 1962 contra
292 1935 475 1971 Magnentium
493 1940 674 1972 exspectaret.

1029 1586 1081 1605 νων
1104 1577 1228 1609 πίστεως.
1250 1576 1385 1604 Διαταῦτα
1400 1576 1457 1608 οὖν,
1479 1576 1517 1608 ὡς
1541 1576 1620 1610 ἔφην,
1643 1574 1673 1607 ἐξ
1694 1574 1816 1608 ἀνάγκης

1028 1623 1102 1650 ἄκων
1119 1623 1218 1658 παρῆν.
1239 1623 1314 1649 Ἐπεὶ
1330 1623 1357 1649 δὲ
1373 1622 1454 1653 αὐτὸς
1468 1622 1616 1658 παρῃτεῖτο
1632 1619 1813 1647 συντίθεσθαι.

1028 1669 1135 1703 πληγάς
1146 1677 1175 1694 τε
1187 1668 1233 1695 καὶ
1245 1668 1423 1703 στρεϐλώσεις
1435 1667 1474 1702 τῷ
1485 1667 1624 1703 πρεσϐύτῃ
1635 1667 1812 1702 προσέφερον.

1028 1714 1073 1740 Διὺ
1089 1715 1134 1740 καὶ
1153 1713 1182 1746 ἐξ
1198 1714 1335 1749 ἀνάγκης,
1355 1715 1414 1745 ταῖς
1428 1714 1486 1740 τότε
1513 1713 1652 1747 δοθείσαις,
1667 1712 1815 1747 ὑπαγορεύ-

1028 1768 1087 1786 σεσι
1110 1760 1156 1786 καὶ⁸
1171 1759 1295 1786 συνέθετο
1310 1759 1356 1785 καὶ
1370 1759 1512 1794 ὑπέγραψε
1526 1764 1550 1786 ε.
1568 1759 1623 1785 Καὶ
1650 1759 1684 1784 τὰ
1718 1758 1768 1793 μὲν
1786 1759 1814 1784 ἐν

1024 1803 1130 1839 Σιρμίῳ
1154 1803 1214 1829 τότε
1237 1803 1371 1838 γενόμενα
1398 1803 1518 1831 τοιοῦτον
1541 1804 1598 1838 ἔχει
1618 1803 1648 1830 τὺ
1668 1803 1757 1835 τέλος.
1785 1805 1813 1830 ’0

1026 1849 1116 1884 μέντοι
1131 1848 1256 1883 βασιλεὺς
1273 1849 1461 1882 Κωνστάντιος
1481 1850 1628 1885 παρεῖλκεν
1647 1850 1676 1876 ὲν
1693 1849 1733 1885 τῷ
1750 1849 1812 1882 Σιρ-

1026 1893 1089 1929 μίῳ,
1109 1894 1262 1930 περιμένων
1284 1894 1331 1921 τοῦ
1353 1895 1421 1930 πρὸς
1434 1895 1600 1929 Μαγνέντιον
1624 1895 1744 1930 πολέμου
1764 1895 1811 1930 τὴν

1025 1939 1148 1966 ἑκϐασιν.

780 2013 914 2042 VALESII
933 2015 1208 2045 ANNOTATIONES.

186 2069 299 2097 Latinus
311 2077 456 2104 perperam
475 2069 568 2097 vertit.
582 2069 734 2104 Cecropius
766 2074 857 2098 autem
871 2072 969 2099 eodem

184 2111 257 2131 anno
274 2105 363 2141 lactus
377 2108 419 2131 est
428 2104 768 2141 episcopusqucomediaa,
787 2110 818 2133 ut
831 2107 969 2141 colligitur

183 2147 217 2176 es
231 2138 394 2176 supradicto
419 2138 560 2176 Athanasii
584 2139 654 2166 loco.
669 2139 822 2168 Auxentius
847 2138 968 2176 denique.

184 2173 217 2200 ad
229 2173 457 2200 Mediolanensem
469 2173 655 2208 episcopatum
673 2179 815 2208 promotus
833 2180 875 2203 est
898 2173 970 2203 anno
987 2178 1008 2205 D

184 2208 286 2235 Christi
298 2208 397 2244 555,et
410 2211 542 2244 sequente
558 2215 629 2235 anno
653 2208 787 2244 Georgius
804 2210 968 2238 Alexandri-

184 2251 247 2269 nam
259 2243 351 2270 sedem
372 2242 483 2269 invasit.

235 2278 276 2313 ll)
289 2276 488 2313 Μεζέγνωᾳατς
502 2277 548 2303 ἐπὶ
562 2276 600 2313 ζῆ
615 2277 763 2312 Ῥωμαϊκῇ
773 2279 828 2312 τῆς
840 2280 970 2313 πίστεως

183 2310 313 2338 ἐκδόσει.
336 2310 458 2346 Sumpsit
478 2311 535 2338 haec
563 2310 690 2339 Socrates
713 2310 761 2340 ex"
775 2310 915 2342 Athanasii
934 2310 970 2342 li;

183 2347 234 2374 bro
248 2347 286 2373 De
296 2346 408 2381 synodis
422 2346 536 2381 Arimini
552 2350 580 2373 et
606 2347 746 2374 Seleuciaz.
776 2349 877 2376 Verum
897 2350 924 2377 in
936 2357 970 2377 eo

182 2381 378 2413 hallucinatur,
398 2380 471 2416 quod
488 2389 519 2408 ea
532 2389 592 2416 quae
613 2382 778 2410 Athanasius
806 2384 913 2412 dixerat
935 2385 969 2412 de

181 2416 264 2443 tertia
283 2415 427 2443 Sirmiensi
442 2415 569 2448 formula,
585 2417 630 2444 cui
647 2417 749 2451 praeﬁxi
762 2423 841 2446 erant
868 2427 969 2447 consu-

1022 2073 1071 2105 les.
1087 2073 1215 2102 Socrates
1233 2075 1329 2102 tribuit
1359 2074 1497 2105 secundm.
1524 2074 1557 2101 ab
1584 2073 1667 2101 Hosio
1687 2078 1716 2100 et
1729 2073 1808 2101 Pota-

1022 2109 1078 2135 mio
1094 2110 1265 2144 conscriptae.
1295 2110 1383 2137 l/qus
1401 2110 1540 2136 Athanasii
1560 2113 1648 2135 exstat
1660 2116 1722 2143 pag.
1748 2108 1806 2144 9M,

1043 2151 1104 2170 uem
1138 2144 1173 2171 ob
1203 2142 1388 2178 prolixitatem
1413 2145 1457 2170 hic
1486 2145 1624 2171 ascribere
1654 2142 1806 2178 supersedi.

1061 2179 1144 2205 cratis
1159 2177 1281 2206 errorem
1304 2184 1415 2206 secutus
1434 2184 1476 2206 est
1492 2179 1617 2206 Petavius
1637 2178 1663 2204 in
1681 2177 1808 2204 Animad-

1023 2213 1198 2249 versionibus
1212 2213 1244 2240 ad
1260 2214 1454 2248 Epiphanium,
1480 2222 1539 2249 pag.
1552 2214 1613 2240 518,

1060 2248 1115 2283 (l2)
1135 2250 1186 2281 Εὶς
1199 2247 1581 2283 ὲξορίίιιὲὰπέσταλτὸξιῐδηι
1604 2247 1733 2283 superius
1762 2247 1807 2274 ob—

1024 2283 1143 2315 servavi,
1166 2282 1391 2310 Hosii'exsilium
1418 2283 1566 2310 Sirmi‘ense
1581 2288 1608 2310 et
1623 2282 1686 2309 ﬁdei
1703 2282 1806 2309 formu-

1024 2318 1078 2344 lam
1089 2318 1124 2345 ab
1148 2317 1195 2345 illo
1221 2318 1417 2352 conscriptam,
1440 2318 1485 2345 hic
1499 2322 1666 2352 praepostere
1681 2317 1779 2352 referri
1792 2324 1805 2343 a

1024 2352 1146 2388 Socrate.
1166 2353 1272 2387 Lapsus
1288 2351 1366 2383 enim
1380 2352 1455 2388 llosii
1479 2351 1611 2388 contingit
1637 2359 1711 2379 anno
1726 2351 1805 2379 Chri-

1023 2388 1058 2414 sti
1071 2387 1132 2421 557,
1150 2392 1181 2415 ιιι
1196 2392 1270 2415 recte
1285 2387 1390 2416 notavit
1402 2387 1544 2414 Baronius.

902 2497 1092 2525 VARIORUM.

217 2551 244 2572 δ’
272 2553 370 2587 Λόγον
391 2553 591 2587 συνέγραψεν.
608 2554 638 2581 ln
653 2553 746 2582 codice
765 2554 866 2582 Leonis
877 2554 968 2581 Allatii

183 2586 282 2627 legitur
299 2586 403 2621 λόγους.
415 2586 503 2627 Atque
523 2586 560 2627 ita
576 2589 641 2623 legit
661 2589 832 2627 Epiphanius
853 2589 967 2627 Schola-

183 2623 277 2658 sticus,
294 2626 325 2649 ut
340 2630 374 2658 ex
388 2623 516 2650 versione
535 2624 594 2658 ejus
604 2629 727 2658 apparet.
755 2624 800 2651 Sic
816 2625 889 2650 enim
904 2632 968 2651 ver-

183 2657 226 2688 tit,
242 2657 276 2683 Et
288 2657 315 2694 iu
332 2657 394 2694 fuga
408 2657 561 2689 consistens,
579 2657 669 2693 postea
681 2658 760 2685 libros
784 2663 898 2694 utraque
916 2659 969 2686 lin-

181 2699 234 2726 gua
246 2692 408 2725 conﬁciebat,
424 2697 477 2720 etc.

218 2732 230 2746 ο
252 2727 430 2767 ’Υπξτρᾳψω
442 2728 531 2767 Etiam
541 2735 602 2754 cum
617 2728 730 2756 Ursacio
741 2734 768 2755 et
783 2727 897 2755 Valente
908 2727 971 2767 iniit

182 2763 383 2797 communionis
401 2763 560 2790 societatem
579 2771 584 2788 :
608 2770 664 2790 non
678 2768 768 2790 tamen
790 2770 910 2797 unquam
926 2763 969 2789 in-

182 2795 245 2823 duci
260 2797 349 2830 potuit
357 2801 387 2823 ut
400 2797 534 2824 calculum
554 2797 639 2824 ferret
653 2797 681 2824 in
690 2795 884 2828 Athanasium,
896 2797 969 2830 quod

183 2831 364 2866 peroptabant
389 2832 495 2860 Ariani.
518 2832 556 2859 De
570 2832 646 2859 Hosii
663 2833 740 2866 lapsu
764 2840 779 2858 a
803 2832 898 2858 multis
918 2831 970 2858 hoc

1021 2555 1120 2582 saeculo
1137 2554 1307 2589 disputatum
1328 2559 1379 2583 est.
1401 2555 1472 2583 Sunt
1490 2555 1536 2590 qui
1562 2555 1656 2583 dicant
1671 2554 1760 2582 virum
1778 2554 1801 2582 id

1019 2590 1113 2626 uitatis
1122 2597 1176 2617 non
1199 2595 1241 2617 sat
1259 2590 1361 2626 mentis
1376 2595 1540 2626 compotem
1563 2595 1621 2617 tum
1645 2590 1742 2622 fuisse,
1759 2590 1801 2617 sed

1019 2625 1173 2661 calamitate
1185 2630 1214 2661 et
1226 2625 1303 2661 senio
1319 2625 1493 2661 debilitatum
1508 2626 1541 2652 ad
1558 2625 1734 2661 imperatoris
1743 2633 1802 2661 con-

1019 2659 1138 2687 ditiones
1155 2660 1272 2687 venisse.
1289 2660 1334 2687 Ait
1350 2667 1434 2691 porro
1445 2659 1621 2691 Athanasius,
1635 2659 1748 2687 Hesium
1762 2660 1800 2686 in-

1019 2699 1107 2721 stante
1116 2699 1205 2722 morte
1212 2694 1268 2730 vim
1280 2695 1332 2721 sibi
1343 2694 1446 2730 illatam
1455 2695 1533 2730 quasi
1545 2699 1708 2722 testamento
1718 2695 1800 2730 decla-

1020 2737 1104 2761 rasse,
1115 2730 1244 2757 Arianam
1255 2729 1372 2756 hatresin
1382 2729 1492 2757 feriisse
1503 2730 1687 2761 anathemate,
1703 2729 1799 2756 vetuis-

1019 2771 1103 2800 seque
1112 2772 1147 2791 ne
1166 2765 1228 2800 quis
1240 2764 1474 2800 illamqreciperet.
1493 2765 1544 2800 (Cl.
1559 2764 1732 2792 Benedictini
1746 2763 1798 2792 Vim

1019 2799 1162 2831 Athanas.,
1177 2799 1209 2826 ad
1229 2806 1293 2825 ann.
1309 2798 1384 2833 557.)
