1887 3067
116 139 168 168 τιιῦ

115 198 156 225 λοι
174 199 321 232 γένωνται.
344 200 387 232 Ὠς
409 201 464 236 γὰρ
488 202 534 228 ἐπὶ
555 202 682 231 πλεῖστον
700 205 911 238 διασκοποῦντες
925 214 946 238 Α

114 244 286 279 εὑρήκαμεν,
305 245 421 280 ἀρεστὸν
437 246 536 282 ἐφάνη,
551 248 601 283 τὴν
618 249 711 277 πίστιν
726 250 775 286 τὴν
793 251 910 279 ἔκπαλαι

112 290 311 324 διαμένουσαν,
330 292 364 327 ῆν
378 292 425 319 καὶ
440 294 463 319 οἱ
477 294 617 329 προφῆται
631 296 678 321 καὶ
692 295 727 322 τὰ
745 297 910 331 Εὑαγγέλια,

113 336 160 361 καὶ
178 336 204 362 οἱ
220 335 370 362 ἀπόστολοι
390 336 434 363 διὰ
452 337 500 364 τοῦ
522 338 625 373 Κυρίου
643 339 722 374 ήμῶν
743 341 830 375 Ἰησοῦ
845 343 912 377 Χρι-

113 381 179 407 στοῦ
195 381 348 417 ἐκήρυξαν,
365 382 414 408 τοῦ
427 383 474 409 καὶ
494 383 544 418 τῆς
570 385 619 419 σῆς
635 384 774 419 βασιλείας
791 386 910 422 φρουροῦ

111 427 160 454 καὶ
181 429 236 462 τῆς
253 427 304 462 σῆς
319 427 432 463 ῥώσεως
456 429 625 464 προστάτου·
642 430 687 457 ἵνα
708 431 809 467 ταύτην
825 441 910 459 κατα-

111 471 227 505 σχόντες
252 471 428 507 φυλάξωμεν,
451 473 498 500 καὶ
519 474 699 508 φυλάττοντες
718 476 798 512 μέχρι
815 477 910 509 τέλους

108 515 302 552 διατηρῶμεν.
319 519 437 545 Ἀτοπον
454 519 508 554 γὰρ
525 520 572 546 καὶ
592 520 721 556 ἀθέμιτον
740 522 838 557 ἐφάνη,
856 522 910 549 τῶν

109 562 202 596 ὀρθῶς
225 563 274 590 καὶ
295 563 407 596 δικαίως
421 565 582 600 ὡρισμένων
596 575 622 593 τι
641 567 848 602 μεταλλάσσειν,
864 569 910 595 καὶ

109 609 168 635 τῶν
178 611 208 635 ὲν
221 610 327 645 Νικαῐᾳ.
340 612 416 646 κοινῇ
429 611 552 646 μετὰτοῦ
566 612 738 646 ὲνδοξοτὰτου
748 622 795 640 σου
807 615 910 650 πατρὸς

112 656 160 682 aut
176 655 311 690 βασιλέως
324 658 529 684 Κωνσταντίνου
545 659 733 694 ἐσκεμμένων,
754 657 819 695 ὦνὴ
836 661 909 687 διδα-

113 702 217 728 σκαλία
230 710 260 728 τε
276 703 322 728 καὶ
343 702 374 728 τὸ
398 703 526 738 φρόνημα
542 703 632 739 διῆλθέ
650 713 679 730 τε
697 705 745 731 καὶ
767 705 907 741 ἐκηρύχθη

111 748 153 778 εἰς
174 747 267 778 πάσας
289 747 442 783 ἀνθρώπων
465 749 550 780 ἀκοάς
575 758 605 776 τε
629 750 676 776 καὶ
697 750 833 783 διανοίαςο
848 752 910 787 ἥτις

111 793 262 825 ἀντίπαλος
281 793 348 829 μόνη
374 794 422 821 καὶ
447 794 546 831 ὁλετὴρ
571 795 621 830 τῆς
644 796 749 832 Ἀρείου
778 797 909 833 αἱρέσεως

111 839 231 875 ὑπῆρξε.
252 840 291 866 Δι’
306 838 340 876 ἧς
360 840 391 866 οὐ
406 840 488 875 μόνον
511 841 592 876 αὑτὴ,
608 841 676 868 ἀλλὰ
701 843 748 868 καὶ
772 844 800 870 αἱ
817 843 910 870 λοιπαὶ

111 886 236 920 αἱρέσεις
249 886 452 921 καθῃρέθησαν.
469 884 538 923 Ἑνῇ
551 887 636 919 ὅντως
651 888 735 914 καὶτὸ
749 889 908 924 προσθεῖναι
925 885 946 912 Β

111 939 138 957 τι
152 931 358 966 σφαλερὸν,καὶ
372 932 402 958 τὸ
417 931 565 966 ἀφελέσθαι
585 933 755 960 ἐπικίνδυνον
778 934 906 970 ὑπάρχει.

117 976 165 1007 Ὧς
182 976 263 1011 εἴπερ
279 977 328 1004 καὶ
354 977 468 1013 θάτερον
485 978 600 1011 γένοιτο,
624 978 701 1004 ἔσται
725 980 782 1010 τοῖς
802 980 909 1015 ἐχθροῖς

111 1022 192 1048 ἄδεια
207 1022 255 1048 τοῦ
279 1024 366 1050 ποιεῖν
382 1023 437 1058 (40)
454 1024 528 1059 ἅπερ
541 1024 689 1058 βούλοιντο.
705 1024 788 1052 Ὅθεν
802 1026 908 1062 Οὑρσά-

110 1067 173 1098 κιός
188 1076 219 1094 τε
233 1068 280 1094 καὶ
301 1068 408 1103 Οὐάλης
425 1069 494 1105 (Η),
508 1070 602 1105 ἐπειδὴ
624 1070 741 1098 ἔκπαλαι
756 1071 864 1108 μέτοχοι
877 1081 908 1099 τε

110 1115 160 1140 καὶ
177 1114 332 1150 σύμφρονες
348 1115 395 1142 τοῦ
418 1116 589 1150 Ἀρειανικοῦ
603 1118 737 1153 δόγματος
751 1117 820 1154 ἦσαν
846 1120 908 1147 καθ-

108 1161 269 1195 εστηκότες,
286 1162 333 1188 καὶ
348 1162 398 1196 τῆς
419 1163 557 1198 ἡμετέρας
568 1164 711 1196 κοινωνίας
727 1166 907 1201 χωρισθέντες

108 1207 329 1242 ἀπειράνθησαν·
352 1206 386 1244 ἦς
409 1209 451 1235 ἵνα
481 1209 664 1244 μετάσχωσιν,
687 1211 730 1245 ἐφ’
747 1209 787 1243 οἷς
801 1212 908 1245 ἑαυτοῖς

110 1253 333 1288 συνεγνώκεισαν
362 1255 619 1291 πλημμελήσαντες,
645 1258 790 1292 μετανοίας
809 1267 839 1285 τε
859 1259 907 1285 καὶ

110 1299 282 1335 συγγνώμης
291 1300 386 1335 ἠξίουν
393 1303 496 1336 τυχεῖν,
509 1302 546 1334 ὡς
558 1303 606 1329 καὶ
617 1303 651 1329 τὰ
666 1303 793 1339 ἔγγραφα
813 1305 847 1331 τὰ
861 1306 906 1331 ὑπ’

109 1346 228 1372 ἐκείνων
243 1347 416 1382 γεγενημένα
428 1351 563 1384 μαρτυρεῖ
572 1349 619 1376 ’δι’
631 1347 669 1377 ὧν
681 1350 809 1377 ἁπάντων
823 1352 907 1386 φειδὼ

108 1393 270 1428 γεγένηται,
284 1394 331 1420 καὶ
345 1394 400 1420 τῶν
415 1395 597 1430 ἐγκλημάτων
612 1396 772 1432 συγγνώμη.
788 1395 842 1425 Ἦν
851 1398 878 1424 δὲ
893 1399 907 1424 ὁ

109 1437 207 1472 καιρὸς
229 1439 292 1465 καθ’
306 1439 336 1465 ὃν
353 1439 440 1466 ταῦτα
465 1441 628 1475 ἐπράττετο,
649 1441 693 1468 ὅτε
706 1443 734 1469 ἐν
752 1442 907 1478 Μεδιολάνῳ

108 1483 140 1508 τὸ
156 1483 294 1519 συνέδριον
308 1484 358 1519 τῆς
374 1485 483 1511 συνόδου
496 1485 552 1520 (ἀὲ)
564 1488 762 1522 συνεκροτεῖτο,
778 1495 906 1523 συμπαρ-

107 1529 197 1555 όντων
213 1529 242 1556 δὲ
257 1530 305 1556 καὶ
325 1530 380 1557 τῶν
402 1531 597 1566 πρεσϐυτέρων
611 1532 667 1566 (45)
689 1533 739 1568 τῆς
760 1533 905 1568 Ῥωμαίων

116 1575 292 1610 Ἐκκλησίας.
313 1577 478 1611 Ἑγνωκότες
498 1577 526 1603 δὲ
548 1577 607 1612 ἆμα
628 1578 736 1605 καὶτὸν
761 1579 832 1614 μετὰ
852 1579 902 1614 τὴν

107 1621 244 1658 τελευτὴν
265 1622 340 1656 ἄξιον
357 1624 469 1659 μνήμης
493 1624 709 1658 Κωνσταντίνον,
727 1625 797 1661 μετὰ
816 1626 906 1661 πάσης

617 147 780 179 HISTORIA
800 150 1076 181 ECCLESIASTICA.
1094 169 1129 173 —
1148 154 1213 182 LIB.
1229 155 1262 182 II.

1705 164 1761 191 5M.

962 213 992 236 ut
1013 209 1094 237 ﬁdem
1117 210 1152 238 ab
1173 211 1337 246 antiquitate
1359 217 1592 247 perseverantem,
1605 225 1686 251 quam
1707 227 1758 254 per

962 255 1278 292 proplrctas,—Evangclia
1293 261 1321 284 et
1336 258 1485 292 apostolos,
1498 267 1548 294 per
1563 261 1652 296 ipsum
1670 264 1756 291 Deum

960 305 988 328 et
1003 301 1149 328 Dominum
1171 307 1295 330 nostrum
1313 303 1407 331 Jesum
1427 303 1578 339 Christum,
1592 308 1755 336 salvatorem

961 345 1069 380 imperii
1090 347 1127 374 tui
1150 352 1178 374 et
1203 348 1361 384 largitorem
1387 349 1483 377 salutis
1508 355 1562 379 tua:
1587 354 1754 388 accepimus,

960 399 1041 426 quam
1066 401 1174 428 semper
1195 395 1377 428 obtinuimus,
1399 400 1550 424 teneamus.
1574 398 1656 426 Nefas
1682 400 1755 427 enim

960 436 1098 470 duximus,
1114 442 1188 465 recte
1208 443 1236 466 et
1253 440 1327 474 juste
1350 441 1517 468 sancitorum
1544 443 1646 477 aliquid
1672 445 1756 472 muti-

960 480 1031 514 lare;
1050 486 1078 508 et
1095 490 1190 509 eorum
1210 484 1255 518 qui
1270 484 1296 511 in
1308 485 1420 513 Nicamo
1443 490 1558 515 tractatu
1571 490 1756 518 consederant.

960 535 1013 554 una
1034 536 1097 554 cum
1116 529 1240 563 gloriosa:
1256 533 1396 559 mcmorim
1412 532 1592 561 Constantino
1605 541 1682 570 patre
1697 537 1755 571 pie-

961 573 1024 600 tatis
1037 577 1098 600 tuaz.
1108 574 1159 607 Qui
1172 578 1303 603 tractatus
1314 577 1503 606 manifestatus
1514 585 1556 607 est
1563 584 1590 607 et
1601 581 1754 610 insinuatus

960 619 1103 646 mentibus
1122 620 1296 654 populorum,
1311 627 1339 649 et
1360 627 1454 651 contra
1476 625 1600 652 haeresim
1617 627 1753 654 ‘Arianam

960 668 1026 691 tunc
1047 665 1190 699 oppositus
1210 665 1359 699 invenitur,
1381 672 1412 694 ut
1436 676 1490 696 non
1512 670 1600 697 solum
1619 671 1686 706 ipsa,
1705 673 1753 700 sed

959 709 1042 736 etiam
1059 710 1172 745 reliqua:
1191 711 1309 739 haereses
1325 712 1389 740 inde
1406 714 1461 740 sint
1480 720 1649 750 expugnata
1665 717 1684 744 Α
1699 725 1754 752 quo

960 755 982 782 si
1005 756 1109 791 aliquid
1130 756 1271 792 demptum
1299 758 1400 790 fuerit,
1420 760 1534 787 venenis
1561 761 1753 790 hmreticorum

960 801 1050 828 aditus
1061 802 1198 836 panditur.
1213 803 1275 830 Ideo
1286 804 1417 832 Ursacius
1431 808 1459 832 et
1468 806 1567 833 Valens
1581 807 1607 833 in
1621 808 1755 842 suspicio-

961 855 1023 873 nem
1038 847 1160 882 ejusdem
1177 848 1313 876 hmreseos
1326 849 1434 877 Arianae
1444 855 1581 878 venerunt
1596 852 1753 887 aliquando,

960 897 988 920 et
1000 894 1125 928 suspcnSi
1141 899 1220 921 erant
1234 902 1248 921 a
1261 897 1464 924 communione.
1477 897 1512 924 Et
1527 903 1692 932 rogaverunt
1705 907 1753 926 ve-

959 939 1044 971 niam,
1062 939 1134 966 sicut
1157 948 1253 967 eorum
1276 942 1420 968 continent
1447 942 1557 977 scripta.
1582 942 1669 976 Quam
1693 952 1753 971 me-

960 989 1077 1012 ruerunt
1094 990 1159 1013 tunc
1175 987 1307 1021 temporis
1321 995 1335 1014 a
1352 988 1470 1015 concilio
1486 988 1693 1022 Mediolanensi,
1708 997 1754 1017 as-

959 1031 1120 1060 sistentibus
1128 1033 1451 1068 etiamlegatisllomanze
1464 1035 1603 1062 Ecclesize.
1619 1035 1754 1064 Constan-

959 1077 1017 1104 tino
1032 1083 1166 1113 pr:escnte
1186 1079 1212 1105 in
1232 1079 1295 1112 hoc,
1311 1087 1373 1107 cum
1396 1088 1494 1116 magno
1513 1082 1637 1108 examine
1658 1081 1754 1111 fuisset

958 1124 1155 1159 conscriptum,
1176 1125 1250 1160 quod
1276 1129 1373 1153 tenens
1395 1125 1551 1160 baptilatus
1576 1126 1609 1153 ad
1632 1127 1753 1161 quietem

958 1169 1006 1195 Dei
1026 1170 1226 1204 commigravit,
1245 1171 1323 1198 nefas
1337 1175 1467 1206 putamus
1484 1172 1548 1199 inde
1568 1172 1671 1207 aliquid
1692 1180 1754 1199 mu-

960 1214 1047 1247 tilare,
1065 1219 1094 1242 et
1109 1219 1150 1242 tot
1167 1220 1276 1243 sanctos
1298 1221 1326 1244 cl
1346 1217 1520 1244 confessores
1536 1222 1564 1244 et
1581 1225 1754 1244 successores

958 1264 1119 1296 martyrum,
1135 1261 1222 1296 ipsius
1240 1266 1374 1290 tractatus
1392 1263 1597 1298 conscriptores
1614 1263 1641 1290 in
1661 1263 1754 1297 aliquo

957 1313 1115 1337 removere.
1141 1314 1204 1334 cum
1234 1311 1262 1334 ct
1293 1307 1345 1342 ipsi
1375 1307 1582 1342 praeteritorum
1612 1306 1754 1333 catholica:

960 1350 1036 1386 14],
1074 1351 1202 1378 Ecclesia:
1235 1352 1403 1387 scriptorum
1437 1357 1536 1379 cuncta
1569 1352 1752 1379 servaverint.

958 1395 1110 1431 Mansitque
1135 1405 1221 1432 usque
1242 1397 1270 1424 in
1290 1397 1348 1425 haec
1372 1402 1514 1433 tempora,
1538 1397 1640 1432 quibus
1664 1397 1754 1432 pietas

959 1447 1005 1469 tua
1024 1451 1039 1469 a
1056 1443 1112 1470 Deo
1136 1443 1215 1470 Patre
1230 1451 1280 1478 per
1303 1444 1389 1471 Deum
1409 1448 1438 1471 et
1459 1444 1606 1470 Dominum
1627 1447 1756 1470 nostrum

957 1488 1049 1515 Jesnm
1066 1487 1206 1516 Christum
1226 1493 1389 1524 potestatem
1408 1488 1522 1524 regendi
1539 1488 1616 1515 orbis
1634 1488 1752 1523 accepit.

958 1534 1060 1561 Verum
1083 1534 1176 1561 miseri
1194 1535 1321 1562 homines
1344 1539 1372 1562 et
1398 1534 1502 1562 infelici
1521 1542 1604 1561 sensu
1628 1533 1752 1569 praediti,

956 1581 1056 1608 iterum
1073 1588 1139 1608 ausu
1155 1581 1300 1608 temerat-io
1313 1589 1342 1608 se
1357 1588 1497 1616 pmcones
1513 1580 1605 1615 impiae
1619 1579 1754 1607 doctrina:

962 1627 1168 1660 renuntiarunt,
1185 1630 1214 1655 et
1232 1634 1308 1654 nunc
1332 1627 1416 1654 etiam
1439 1630 1576 1654 conantur
1599 1625 1756 1653 convellere

715 1714 848 1742 VALESII
868 1714 1148 1743 ANNOTATIONES.

150 1782 206 1816 (.l0)
229 1782 329 1809 Ἀδεια
342 1782 396 1808 τοῦ
410 1783 518 1809 ποιεῖν.
540 1782 681 1810 Articulus
706 1782 753 1809 τοῦ
772 1782 850 1810 deest
876 1783 906 1809 in

110 1818 217 1845 nostris
247 1817 459 1852 exemplaribus,
480 1818 576 1852 Regio,
597 1817 755 1845 Florentino
779 1821 807 1844 et
831 1818 906 1845 Sfor—

112 1854 202 1885 tiano,
216 1853 334 1880 habetur
350 1857 439 1880 tamen
452 1852 530 1888 apud
545 1853 724 1880 Athanasium
736 1853 763 1880 in
775 1852 847 1880 libro
868 1853 906 1881 De

113 1889 239 1916 svnodis.

129 1919 137 1924 ”
149 1923 207 1958 (tl)
219 1923 309 1950 Ὅθεν
315 1923 482 1958 οὐρσάκιός
489 1932 521 1949 τε
529 1923 577 1950 καὶ
587 1923 716 1957 Οὐάλης.
727 1923 789 1951 Ilwc
798 1931 853 1950 non
863 1931 907 1954 sa-

114 1959 151 1985 tis
163 1957 304 1986 cohaerent
313 1967 375 1986 cum
385 1959 585 1993 superioribus.
595 1957 726 1993 Suspicor
734 1958 825 1993 itaque
836 1958 911 1986 hunc

111 1993 206 2029 locum
220 1994 417 2029 transpositum
432 1994 517 2029 fuisse
530 1994 559 2021 in
576 1993 682 2020 Latinis
694 1993 907 2028 exemplaribus.

113 2028 180 2056 Post
199 2029 257 2056 haec
278 2028 362 2064 igitur
379 2029 475 2061 verba,
490 2028 600 2056 Veneriis
622 2029 804 2056 hieronicarum
823 2029 910 2064 quitus

113 2064 259 2098 panditur,
272 2063 430 2092 collocanda
449 2071 509 2091 esse
523 2064 651 2091 existimo
663 2071 695 2091 ea
711 2072 773 2098 quae
794 2063 910 2092 inferius

113 2096 245 2134 leguntur
254 2096 305 2127 hoc
315 2099 397 2127 modo
409 2108 415 2126 :
427 2098 602 2126 Constantino
614 2096 742 2134 praesente
751 2099 779 2125 in
792 2099 839 2126 Itoc
849 2107 909 2126 cum

960 1782 1058 1810 Latino
1081 1783 1248 1818 exemplari,
1278 1783 1460 1810 assistentibus
1484 1783 1565 1810 etiam
1589 1783 1683 1818 legatis
1704 1783 1756 1812 Ro-

961 1826 1048 1845 mana:
1063 1817 1196 1845 Ecclesiae.
1220 1819 1307 1846 Porro
1326 1818 1354 1845 hi
1370 1818 1451 1853 legati
1476 1817 1756 1847 Ecclesiae’liomanzn

960 1853 1103 1888 prast‘uisse
1115 1854 1318 1881 mihividentur
1328 1853 1433 1888 synodo
1445 1853 1642 1880 Mediolanensi
1655 1862 1661 1885 ;
1672 1854 1755 1888 idque

961 1897 995 1924 ex
1008 1895 1041 1915 eo
1053 1889 1182 1924 conjicio,
1199 1889 1273 1923 quod
1288 1888 1408 1916 Hilarius
1428 1888 1633 1924 inrfragimentis
1641 1889 1751 1918 scribit.

961 1923 1089 1950 haeresim
1116 1924 1224 1951 Photini
1252 1924 1280 1950 in
1307 1923 1358 1950 hac
1383 1923 1488 1958 synodo
1511 1923 1708 1950 Mediolanensi
1740 1932 1755 1951 a

962 1958 1094 1986 Romanis
1115 1966 1176 1986 esse
1189 1959 1355 1985 damnatam.
1373 1957 1452 1991 Quod
1467 1961 1542 1984 certe
1557 1966 1611 1985 non
1637 1958 1754 1989 diceret,

960 1994 1014 2020 nisi
1032 1994 1147 2020 Romani
1172 1994 1236 2021 huic
1257 1994 1361 2029 synodo
1389 1992 1573 2029 praefuissent.
1599 1993 1637 2019 De
1658 1994 1755 2021 eadem

961 2029 1067 2064 synodo
1082 2029 1280 2056 Mediolanensi
1293 2028 1416 2063 loquitur
1424 2028 1553 2064 Liberius
1570 2035 1640 2064 papa
1653 2029 1681 2055 in
1693 2029 1755 2063 epi-

961 2063 1030 2092 stola
1059 2072 1142 2099 quam
1161 2072 1211 2099 per
1227 2063 1385 2092 Luciferum
1413 2063 1488 2090 misit
1510 2063 1544 2090 ad
1563 2063 1754 2099 Constantium

962 2099 1155 2139 imperatorem
1163 2098 1175 2125 7:
1189 2098 1253 2139 Quia
1263 2104 1375 2139 estpux,
1389 2098 1588 2139 clementissime
1597 2098 1753 2139 imperator,

113 2133 212 2175 magn-9
223 2136 344 2162 examine
368 2135 671 2175 fuissethconseriptum,‘
690 2137 858 2175 et£.,_usque
875 2135 908 2175 ad
925 2141 948 2170 ι)
961 2133 1020 2175 cuti}
1039 2135 1137 2175 sirtt'ea:
1152 2133 1358 2175 partibusnipsis
1374 2138 1497 2175 quatuor
1520 2134 1644 2175 episcopi,
1658 2133 1755 2175 perno-

113 2169 171 2205 illa,
185 2169 347 2197 Potestatem
369 2169 476 2205 regendi
492 2170 562 2197 orbis
584 2170 692 2204 accepit.
716 2169 822 2205 Quibus
840 2170 907 2197 sub-

112 2204 251 2239 jungenda
267 2209 332 2232 sunt
355 2203 426 2232 illa:
443 2204 505 2232 Ideo
529 2203 653 2232 Ursae-ius
678 2209 702 2231 et
725 2203 831 2237 Valens,
851 2209 906 2232 etc.

149 2239 208 2273 (42)
226 2241 290 2266 "Ore
304 2240 339 2267 ἐν
355 2239 529 2272 Μεδιολάνῳ
542 2240 574 2266 τὸ
589 2239 751 2273 συνέδριον
766 2239 821 2273 τῆς
833 2247 908 2266 συν-

113 2274 198 2302 όδου.
211 2275 300 2310 Supra
316 2275 349 2302 ad
368 2279 451 2309 caput
472 2275 506 2302 20
520 2275 601 2310 hujus
620 2274 695 2306 libri,
710 2274 794 2310 multa
813 2274 909 2310 obser-

113 2311 241 2337 vavimus
251 2309 285 2337 de
300 2311 351 2338 hac
363 2310 468 2345 synodo
483 2310 677 2338 Mediolancnsi
697 2309 795 2344 prima.
811 2309 839 2336 in
854 2317 908 2344 qua

113 2345 243 2372 Ursacius
254 2350 282 2372 et
298 2344 397 2373 Valens
410 2346 502 2372 oblato
515 2345 708 2372 satisfactionis
725 2345 817 2371 libello
828 2344 908 2372 Aria-

114 2388 178 2407 nam
196 2381 322 2407 hzercsim
335 2380 543 2407 damnaverunt.
554 2380 628 2407 Idem
638 2380 802 2406 conﬁrmant
814 2387 911 2414 supra-

113 2415 181 2442 dicti
196 2415 325 2443 Ursacius
337 2419 365 2442 et
374 2416 474 2442 Valens
486 2415 512 2442 in
520 2415 606 2442 altero
619 2415 713 2442 libello
724 2422 805 2449 quem
817 2415 910 2443 Roma:

113 2455 210 2484 postea
235 2451 397 2478 obtulerunt
419 2450 491 2478 Julio
511 2458 587 2485 papa:
603 2450 645 2477 his
666 2450 779 2477 verbis:
795 2450 909 2477 Haereti-

113 2494 175 2512 cum
187 2494 248 2512 vero
259 2486 365 2517 Arium,
378 2491 444 2517 ctc.,
460 2486 524 2512 sicut
537 2494 584 2521 per
605 2486 720 2520 priorem
739 2491 858 2512 nostrum
875 2485 908 2512 Ii-

113 2520 223 2552 brllum,
238 2529 315 2556 quem
337 2521 409 2555 apud
422 2520 601 2548 Mediolanum
614 2521 789 2555 porreximus,
802 2525 827 2547 et
839 2529 909 2547 nunc

113 2560 139 2582 ct
151 2564 256 2590 semper
268 2556 506 2582 anathematizasae
519 2556 682 2591 proﬁtemur.

152 2591 208 2627 (-l5)
228 2593 252 2618 Σ
255 2592 450 2626 υμπαρόντων
464 2591 499 2617 δὲ
509 2591 557 2618 καὶ
573 2591 632 2617 τῶν
645 2591 863 2624 πρεσϐυτέρων.
877 2590 906 2618 In

961 2169 1058 2204 philus,
1070 2169 1249 2202 Macedonius,
1274 2170 1423 2201 Eudoxius,
1447 2169 1604 2204 Martyrium,
1625 2169 1670 2204 qui
1693 2172 1755 2196 ante

961 2213 1045 2232 annos
1057 2209 1124 2237 octo,
1145 2213 1205 2232 cum
1228 2205 1300 2240 apud
1321 2204 1503 2240 Mediolanum
1521 2204 1580 2231 Arii
1597 2205 1755 2240 sententiam

961 2240 1112 2267 hwreticam
1137 2239 1283 2267 noluissent
1315 2241 1455 2271 damnare,
1486 2239 1519 2266 de
1541 2239 1651 2266 concilio
1678 2239 1755 2266 iratis

962 2276 1058 2302 animis
1073 2276 1194 2302 exierunt
1205 2275 1216 2301 ἶ)
1227 2275 1290 2303 Haec
1309 2279 1401 2303 autem
1417 2274 1534 2309 epistola
1560 2275 1662 2309 scripta
1683 2278 1726 2300 est
1740 2282 1755 2300 a

962 2309 1083 2342 Liberio,
1102 2318 1157 2337 non
1176 2318 1249 2337 anno
1261 2310 1323 2342 554,
1336 2314 1367 2337 ut
1378 2310 1438 2337 vult
1456 2309 1600 2340 Baronius.
1619 2317 1671 2337 nec
1692 2317 1754 2335 rur-

962 2353 1009 2372 sus
1024 2352 1096 2372 anno
1117 2345 1178 2377 555,
1205 2349 1236 2372 ut
1249 2345 1366 2372 allirmat
1390 2345 1519 2372 Petavius
1541 2344 1570 2371 in
1593 2344 1688 2372 libello
1721 2343 1755 2370 de

960 2380 1063 2415 duplici
1077 2380 1180 2415 synodo
1190 2380 1344 2411 Sirmiensi,
1355 2380 1404 2407 sed
1414 2388 1486 2407 anno
1496 2379 1599 2407 Christi
1614 2379 1755 2415 556.7Nam

960 2414 1131 2443 Libet-iusin
1150 2416 1246 2443 eadem
1261 2415 1377 2450 cpistola
1396 2415 1499 2442 diserte
1515 2419 1642 2446 testatur.
1669 2414 1754 2450 Geor—

979 2451 1034 2478 ium
1044 2455 1111 2477 tunc
1122 2453 1254 2485 temporis
1263 2449 1449 2478 Alexandrino
1458 2450 1619 2485 episcopatu
1632 2449 1752 2485 potitum

979 2460 1034 2478 lum
1044 2460 1111 2477 tunc
1122 2460 1254 2485 temporis
1263 2460 1449 2478 Alexanurtno
1458 2460 1619 2485 episcopatu
1632 2460 1752 2485 pomum

959 2460 1055 2513 ﬁnisse.
1075 2486 1104 2513 Id
1118 2489 1210 2513 autem
1219 2486 1333 2521 contigit
1346 2486 1459 2513 ineunte
1473 2492 1545 2512 anno
1559 2484 1663 2513 Christi
1691 2484 1753 2511 556.

959 2521 1049 2554 Quare
1063 2521 1193 2548 mendum
1212 2525 1255 2549 est
1269 2520 1305 2548 in’
1315 2521 1369 2548 illis
1391 2520 1494 2552 verbis,
1510 2524 1572 2547 ante
1584 2528 1668 2547 annos
1679 2524 1754 2550 octo;

962 2556 1111 2591 malimque
1125 2557 1260 2589 scribere,
1276 2560 1338 2583 ante
1351 2564 1436 2583 annos
1465 2564 1569 2589 novem,
1590 2555 1665 2591 quod
1681 2554 1753 2582 idem

961 2591 1034 2619 valet
1048 2600 1080 2619 ac
1091 2591 1114 2619 si
1135 2591 1251 2624 diceret,
1270 2591 1370 2619 decimo
1383 2591 1475 2619 abhinc
1488 2599 1568 2618 anno.

842 2667 1033 2696 VARIORUM.

112 2728 176 2757 ut;
209 2724 387 2760 Ἐκκλησίαις
408 2733 414 2750 :
432 2724 472 2752 sic
497 2724 569 2754 enim
586 2724 685 2760 Latine
710 2724 909 2760 interpretatus

111 2767 153 2789 cst
164 2771 170 2788 Ζ
191 2765 220 2787 ut
245 2758 312 2794 ﬁdes
325 2759 479 2786 clarescere!
492 2760 610 2786 omnibus
623 2758 745 2786 Eccleriis
759 2759 904 2786 catholicis.

111 2798 183 2824 Olim
214 2800 310 2823 autem
331 2795 434 2830 qumvis
453 2795 568 2822 ecclesia
603 2794 788 2830 particularis,
812 2803 906 2822 veram

111 2831 215 2859 Christi
235 2829 392 2857 doctrinam
406 2830 539 2865 amplexa,
555 2829 684 2856 catholica
703 2829 776 2865 dicta
793 2829 854 2858 fuit.
873 2830 906 2856 ad

112 2866 326 2896 distinctionem
345 2864 534 2893 hauri-ticarutn
556 2866 582 2892 in
599 2865 694 2893 eadem
712 2864 782 2891 forte
799 2865 907 2892 civitate

963 2726 1054 2754 locum
1071 2727 1252 2760 habentium;
1272 2733 1300 2755 ut
1320 2727 1446 2762 pluribus
1467 2725 1588 2762 ostendit
1602 2724 1641 2751 Cl.
1668 2724 1752 2762 fear-

962 2771 1047 2790 sonns
1062 2763 1160 2799 Itirpas.
1189 2763 1300 2799 symboli
1321 2759 1421 2797 'aposL,
1448 2769 1513 2823 Sag.
1534 2760 1594 2786 547.
1621 2773 1654 2798 ῖ-
1668 2759 1752 2786 Rct'lc

964 2798 1091 2823 Pearsnni
1110 2799 1193 2823 verba
1220 2797 1423 2823 renrmsentavi.
1471 2803 1515 2822 nm
1542 2794 1750 2822 Valcsmlalncn

964 2794 1194 2826 Pcarsoni'verba
1204 2794 1423 2826 "rcnrzesentavi.
1448 2794 1515 2823 Cnin
1542 2794 1648 2822 Valcsio
1661 2797 1750 2820 tamen

963 2842 1062 2861 censeo
1071 2843 1104 2861 cx
1118 2834 1223 2871 Latinis
1241 2830 1335 2861 Graeca
1356 2832 1440 2860 fuisse
1458 2830 1539 2859 facta.
