1887 3067
163 145 216 174 5ιὸ

889 144 1057 174 εοςιιΑτιε

1746 147 1795 174 516

161 205 236 240 quod
254 204 341 236 fuerat
356 205 475 240 positqu
494 203 608 232 ratione.
629 203 735 231 Etenim
757 211 819 231 cum
843 204 953 239 pietatis

1034 202 1147 239 φιϐείας
1162 203 1209 230 καὶ
1225 203 1375 235 ἑξετασεως
1393 203 1442 239 τὴν
1470 205 1676 239 συγγραφεϊσαν
1705 203 1795 230 πίστιν

163 257 218 279 tua:
238 252 338 280 littera:
360 251 492 286 iusserint
513 251 622 278 tractari
643 249 678 277 de
700 250 763 282 ﬁde.
785 251 954 279 oﬁ‘erebatur

164 298 245 324 nobis
269 305 284 324 a
306 296 471 332 supradictis
491 295 680 322 turbatoribus
697 295 892 328 Ecclesiarum,
908 304 952 323 as-

163 343 269 370 sociato
286 341 435 373 Germinio,
447 340 583 367 Auxentio
603 345 631 367 et
647 340 723 373 Caio,
740 349 843 368 novum
860 342 954 369 nescio

162 379 230 422 quid
243 386 481 417 considerandum,
491 385 565 420 quod
580 386 663 413 multa
675 395 812 421 perversa:
823 387 954 415 doctrina:

166 433 335 460 continebat.
352 432 385 459 At
401 439 466 458 vero
483 438 546 457 cum
562 431 705 460 videretur
718 433 864 468 displicere
879 433 954 468 quod

165 478 316 505 oil'erebant
341 477 450 512 publice
480 478 507 505 in
534 478 660 511 Concilio,
682 483 849 515 putaverunt
874 480 954 507 aliter
979 476 983 480 ί

164 531 224 551 esse
248 523 477 551 conscribendum
495 530 544 553 :et
568 525 678 560 quidem
705 525 762 552 haec
783 525 860 552 brevi
883 530 953 552 tem-

165 575 230 602 pore
244 576 314 603 satpe
327 574 458 602 mutasse,
477 570 651 597 manifestum
666 575 717 597 est.
734 570 786 597 Sed
805 579 838 597 ne
858 571 954 598 Eccle—

164 614 211 640 siae
229 614 401 649 frequentius
421 617 631 651 perturbentur,
647 617 748 651 placuit
767 616 890 644 instituta
906 625 954 644 ve-

165 660 221 683 tera
251 662 310 684 rata
335 663 418 693 atque
445 660 612 687 inviolabilia
637 661 754 693 servari;
782 661 955 696 supradictas

164 709 232 729 vero
249 710 264 730 a
280 705 476 732 communione
490 711 583 733 nostra
599 706 744 733 removeri.
759 706 799 733 Ad
816 707 954 733 instruen-

165 748 227 775 dam
243 749 326 784 igitur
340 755 412 778 tuam
426 752 601 779 clementiam
616 752 718 787 legatos
733 757 842 780 nostros
855 753 955 780 direxi-

165 801 237 825 mus,
256 796 366 823 concilii
387 798 550 825 sententiam
570 806 619 832 per
639 798 742 825 litteras
762 792 868 825 nostras
883 806 954 825 nun-

165 839 289 866 tiaturos.
307 839 412 873 Quibus
428 842 480 869 hoc
499 843 586 877 ipsum
603 843 691 870 solum
712 838 909 875 mandavimus,
925 848 956 870 ut

165 892 221 912 non
249 886 328 913 aliter
352 887 515 922 legationem
546 889 718 924 perferrent,
746 897 827 923 quam
856 893 956 917 statuta

165 935 258 958 vetera
274 939 437 966 permanere
457 934 612 962 ﬁrmissima
627 944 632 961 :
646 939 676 962 ut
697 939 726 962 et
748 935 882 970 sapientia
911 940 955 962 tua

165 983 353 1011 cognosceret.
371 987 424 1006 non
443 980 496 1007 hoc
512 981 583 1015 quod
603 982 783 1015 promiserant
805 981 955 1016 supradicti

164 1021 264 1049 Valens
286 1027 313 1049 et
333 1024 470 1056 Ursaeius,
487 1024 644 1053 Germinius
662 1030 689 1053 et
708 1026 800 1058 Caius,
817 1026 839 1053 si
860 1026 954 1053 subla-

164 1071 223 1094 tum
241 1067 335 1095 [uisset
350 1070 500 1104 quidpiam,
519 1079 612 1105 pacem
634 1072 877 1106 posse-compleri.
896 1072 955 1105 Quo

164 1113 238 1139 enim
262 1114 344 1140 modo
367 1123 418 1150 pax
442 1116 545 1143 servari
570 1117 652 1151 possit
678 1117 711 1144 ab
736 1117 769 1144 iis
791 1118 838 1152 qui
860 1126 954 1152 pacem

165 1158 348 1186 subvertunt?
367 1160 451 1196 Magis
473 1163 546 1189 enim
572 1163 694 1190 turbatio
709 1163 817 1191 cunctis
834 1164 954 1199 regioni-

163 1204 226 1237 bus,
249 1209 276 1233 et
294 1207 431 1242 prmcipue
455 1207 585 1235 Ecclesia:
605 1209 734 1236 Romana:
758 1209 879 1236 immissa
902 1215 954 1237 est.

163 1249 205 1284 0b
220 1258 302 1286 quam
319 1260 375 1279 rem
393 1256 467 1280 tuam
484 1262 612 1289 rogamus
624 1255 809 1288 clementiam,
824 1262 853 1283 ut
870 1257 956 1292 placi-

163 1295 207 1322 dis
228 1296 343 1324 auribus
364 1301 394 1325 et
417 1306 516 1326 sereno
533 1300 610 1328 vultu
627 1301 769 1330 universos
786 1303 888 1338 legatos
904 1312 956 1331 no-

163 1345 236 1369 stros
249 1347 277 1370 et
290 1343 406 1378 aspicias
429 1348 457 1372 et
479 1346 574 1374 audias
590 1355 596 1373 :
611 1355 680 1374 neve
698 1348 800 1382 aliquid
818 1350 957 1384 permittat

163 1388 311 1415 clementia
335 1393 381 1416 tua
406 1390 434 1417 in
459 1391 588 1427 iniuriam
611 1397 736 1421 veterum
762 1395 889 1427 convelli,
908 1395 956 1423 sed

164 1441 276 1461 manere
300 1442 331 1462 ea
358 1443 419 1470 qum
443 1445 458 1463 a
485 1438 636 1472 majoribus
658 1440 760 1467 nostris
783 1440 954 1475 accepimus;

164 1487 235 1513 quos
259 1484 287 1506 ct
309 1480 395 1508 fuisse
419 1482 580 1516 prudentes,
600 1488 628 1511 et
652 1484 712 1512 sine
735 1484 838 1520 Spiritu
862 1491 956 1514 sancto

165 1524 214 1551 Dei
232 1532 288 1552 non
307 1525 395 1565 egisse
412 1527 585 1558 conﬁdimus.
604 1528 673 1562 Quia
693 1530 745 1557 ista
762 1531 883 1559 novitate
902 1539 956 1559 non

166 1569 255 1596 solum
272 1569 367 1598 ﬁdeles
383 1572 477 1606 populi
495 1573 646 1607 perturbati
667 1578 740 1607 sunt,
757 1583 852 1602 verum
874 1576 955 1604 etiam

167 1613 291 1642 inﬁdeles
313 1615 347 1643 ad
373 1617 563 1645 credulitatem
579 1623 708 1647 vetantur
728 1620 867 1648 accedere.
888 1621 955 1649 Ora-

167 1667 228 1687 mus
249 1660 332 1688 etiam
356 1665 386 1688 ut
409 1663 562 1700 prmcipias,
577 1667 617 1691 tot
641 1665 785 1700 episcopos
809 1666 887 1702 142
909 1667 956 1701 qui

166 1705 291 1734 Arimino
315 1707 485 1741 detinentur,
504 1709 576 1737 inter
600 1718 670 1744 quos
692 1711 802 1746 plurimi
825 1716 889 1739 sunt
909 1713 955 1747 qui

166 1755 245 1779 :etate
264 1756 292 1780 et
311 1758 473 1788 paupertate
490 1754 588 1783 defecti
607 1761 681 1789 sunt,
695 1757 728 1784 ad
746 1765 822 1784 suam
843 1759 956 1792 provin-

167 1798 236 1827 ciam
257 1807 394 1834 remeare;
412 1809 447 1828 ne
468 1801 591 1829 destituti
610 1803 668 1830 suis
682 1803 818 1838 episcopis
832 1804 957 1832 laborent

166 1845 260 1879 populi
275 1845 467 1874 Eeclesiarum.
483 1847 539 1874 Hoc
554 1847 637 1875 etiam
651 1847 822 1883 frequentius
834 1849 956 1883 postula-

165 1897 239 1922 mus,
254 1894 284 1918 ut
299 1891 365 1918 nihil
383 1892 540 1925 innovetur.
556 1893 625 1921 nihil
648 1893 804 1926 minuatur;
827 1894 875 1921 sed
898 1902 957 1921 ma—

167 1941 251 1963 neant
273 1937 434 1973 incorrupta
459 1947 519 1974 qua),
541 1940 628 1974 patris
650 1945 750 1968 sanctae
773 1941 884 1975 pietatis
905 1945 958 1968 tua;

167 1983 349 2018 temporibus,
363 1988 390 2011 et
403 1985 457 2012 tuis
470 1986 605 2021 religiosis
617 1986 724 2014 saeculis
737 1991 955 2021 permanserunt.

166 2029 222 2056 Nec
233 2030 288 2064 jam
305 2039 356 2057 nos
373 2031 479 2067 fatigari
496 2036 543 2059 aut
556 2033 672 2060 convelli
689 2041 704 2060 a
722 2032 834 2060 sedibus
856 2033 959 2060 nostris

168 2081 213 2102 tua
228 2081 320 2104 saneta
338 2077 485 2111 prudentia
498 2078 650 2112 permittat,
665 2079 712 2106 sed
731 2079 818 2114 quieti
831 2087 893 2106 cum
908 2087 958 2114 po-

167 2123 240 2157 pulis
260 2123 318 2150 suis
337 2124 458 2159 episcopi
476 2129 573 2152 vacent
592 2133 700 2160 semper
716 2126 957 2161 postulationibus,

166 2176 235 2204 quas
257 2169 361 2197 habent
380 2178 432 2205 pro
453 2171 541 2199 salute
566 2176 612 2199 tua
636 2176 663 2198 et
686 2180 736 2207 pro
756 2179 841 2206 regno
858 2176 915 2203 tuo,
929 2175 958 2199 et

1005 249 1193 277 ἔκτεθεικότα·
1220 249 1315 284 ἐπειδὴ
1339 249 1368 276 δὲ
1392 249 1430 281 ώς
1457 250 1487 281 ἑξ
1511 249 1663 285 ἀνθρώπων
1689 249 1797 284 ἐγένετο

1005 294 1172 329 βαπτισθεὶς.
1189 294 1236 321 καὶ
1257 294 1326 330 πρὸς
1342 294 1391 330 τὴν
1412 294 1589 330 ὀφειλομένην
1607 296 1720 330 εἰρήνην
1752 295 1795 321 ἁν-

1005 341 1154 376 εχώρησεν,
1169 341 1269 367 ἄτοπον
1283 340 1447 375 ἐνομίσαμεν
1462 341 1516 375 (64)
1535 339 1605 368 εἶναι
1621 342 1680 376 μετ’
1692 342 1794 368 ἐκεῖνόν

1005 396 1031 414 τι
1047 388 1230 422 καινοτομεῖν,
1244 387 1290 413 καὶ
1303 386 1447 418 τοσούτους
1460 387 1555 420 ἁγίους
1565 386 1736 421 όμολογητὰς
1749 387 1794 413 καὶ

1007 432 1160 468 μάρτυρας,
1179 433 1241 463 τοὺς
1253 432 1301 459 καὶ
1313 431 1391 459 τοῦδε
1411 431 1460 458 τοῦ
1473 432 1608 467 δόγματος
1624 433 1794 468 συγγραφεῖς

1005 486 1034 504 τε
1050 478 1094 505 καὶ
1113 477 1226 512 εὑρετὰς
1251 477 1388 513 ὑπεριδεῖν
1400 486 1407 492 ·
1425 477 1521 508 οἵτινες
1535 477 1606 504 κατὰ
1618 477 1664 504 τδν
1682 477 1794 504 παλαιὸν

1005 524 1054 559 τῆς
1068 523 1218 559 καθολικῆς
1235 523 1397 558 Ὲκκλησίας
1415 522 1525 557 θεσμὸν.
1538 523 1645 550 ἅπαντα
1664 523 1793 558 φρονοῦν-

1005 578 1050 601 τες
1069 569 1312 606 διαμεμενήκασιν.
1328 568 1379 596 ⁷ον
1396 569 1410 595 ό
1423 568 1490 601 Θεὸς
1505 569 1554 604 τὴν
1580 569 1672 596 πίστιν
1693 569 1740 597 καὶ
1755 571 1793 599 είς

1005 615 1068 647 τοὺς
1088 616 1151 647 σοὺς
1167 617 1280 651 χρόνους
1296 616 1346 651 τῆς
1363 616 1501 651 βασιλείας
1519 615 1666 651 μετέδωκε,
1684 616 1728 642 διὰ
1748 616 1793 644 τοῦ

1007 661 1110 695 Κυρίου
1126 661 1204 696 ὴμῶν
1219 661 1307 695 Ἰησοῦ
1324 660 1453 696 Χριστοῦ,
1466 660 1499 695 διῖ
1510 657 1541 687 οὗ
1557 669 1599 687 σοι
1614 661 1661 687 καὶ
1673 661 1703 687 τὸ
1719 660 1795 695 βατι-

1006 707 1095 733 λεύειν
1111 706 1198 738 οὕτως
1214 706 1346 742 ὑπῆρξεν,
1361 708 1399 738 ώς
1411 707 1458 733 καὶ
1476 706 1527 741 τῆς
1543 707 1603 734 καθ’
1618 707 1692 742 ἡμᾶς
1707 708 1795 733 οἰκου-

1009 754 1092 789 μένης
1100 755 1220 789 κρατεῖν.
1231 753 1314 780 Πάλιν
1321 753 1387 787 γοῦν
1395 754 1419 780 οί
1429 753 1539 780 ὶλεεινοὶ
1547 753 1616 785 lixa!
1627 753 1731 788 οἰκτροὶ
1740 756 1747 785 (
1755 753 1795 780 151

1006 799 1046 834 τῷ
1062 799 1227 834 φρονήματι,
1252 799 1375 834 ἀθεμίτῳ
1398 798 1554 834 τολμήματι
1578 798 1628 833 τῆς
1650 798 1797 830 δυσσεϐοῦς

1009 845 1167 880 φρονήσεως
1196 845 1320 879 κήρυκας
1345 844 1457 875 ἑαυτοὺς
1481 843 1654 878 ἀνήγγειλαν,
1674 843 1721 870 καὶ
1739 844 1798 869 ὲπι-

975 890 994 916 Β
1009 889 1148 925 χειροῦσιν
1163 890 1326 925 ἀνατρέπειν
1334 890 1387 916 πᾶν
1399 889 1431 916 τὸ
1441 889 1490 924 τῆς
1500 889 1629 924 ἀληθείας
1644 888 1796 922 σύνταγμα.

1016 936 1058 967 Ὠς
1072 936 1126 970 γὰρ
1153 935 1223 962 κατὰ
1242 935 1273 962 τὸ
1291 935 1337 962 σὸν
1352 935 1518 971 πρόσταγμα
1540 935 1571 961 τδ
1592 934 1731 969 συνέδριον
1749 934 1798 969 τῆς

1011 981 1121 1008 συνόδου
1146 982 1345 1016 συνεκροτεῖτο,
1372 981 1495 1008 κάκεῖνοι
1522 981 1572 1015 τῆς
1599 980 1668 1012 ιδίας
1690 980 1798 1014 ἀπάτης

1009 1026 1146 1061 ἐγύμνουν
1163 1026 1212 1061 τὴν
1227 1026 1333 1060 σκέψιν,
1346 1026 1496 1061 ἐπειρῶντο
1508 1026 1562 1061 γὰρ
1581 1025 1735 1061 πανουργίᾳ
1747 1025 1798 1051 τινὶ

1010 1072 1057 1099 καὶ
1074 1074 1180 1108 ταραχῇ
1194 1072 1395 1108 προσφέροντες
1410 1081 1435 1099 τι
1453 1072 1694 1106 καινοτομεῖν,τῆς
1706 1070 1798 1097 τοιαύ-

1009 1127 1058 1154 της
1071 1120 1194 1155 ἑτεροίας
1210 1121 1274 1151 τοὺς
1288 1119 1533 1154 συναλισκομένους
1549 1119 1673 1155 εὑρόντες
1691 1118 1798 1153 Γερμα-

1009 1175 1075 1197 νιον,
1091 1165 1234 1198 Αὺξέντιον
1245 1167 1292 1193 καὶ
1307 1167 1396 1199 Γάϊον,
1408 1167 1471 1198 τοὺς
1483 1166 1532 1202 τὴν
1543 1165 1600 1201 ἔριν
1611 1166 1659 1191 καὶ
1673 1165 1798 1199 διχοστα-

1011 1212 1072 1239 σίαν
1088 1211 1280 1247 ἐμποιοῦντας,
1293 1210 1343 1238 Ὧν
1357 1213 1372 1247 ἡ
1390 1211 1547 1239 διδασκαλία
1563 1210 1611 1245 μία
1632 1209 1682 1243 μὲν
1696 1207 1764 1236 οὖσα
1774 1214 1796 1241 ε,

1010 1259 1065 1286 πᾶν
1076 1257 1177 1293 πλῆθος
1189 1258 1368 1293 βλασφημιῶν
1380 1257 1583 1293 ὑπερϐέϐηκεν·
1598 1256 1635 1288 ὡς
1643 1256 1673 1282 at
1679 1255 1798 1282 συνεῖδον

1009 1304 1070 1338 οὐχὶ
1083 1304 1134 1338 τῆς
1153 1304 1239 1338 αὐτῆς
1255 1303 1438 1339 προαιρέσεως
1452 1304 1541 1335 ὄντας,
1563 1302 1624 1329 οὔτε
1639 1303 1797 1336 ὁμογνωμο-

1009 1348 1124 1380 νοῦντας
1146 1348 1188 1382 ἐφ’
1201 1345 1242 1380 οἷς
1259 1348 1351 1380 κακῶς
1377 1349 1518 1384 ἐφρόνουν,
1534 1349 1574 1379 εἰς
1586 1347 1616 1374 τὸ
1636 1346 1797 1382 συμϐούλιον

1010 1393 1088 1429 ἡμῶν
1102 1394 1256 1429 μετήγαγον
1270 1394 1394 1428 ἑαυτοὺς,
1407 1393 1444 1425 ὡς
1460 1394 1548 1421 δοκεῖν
1564 1394 1657 1428 ἕτερον
1669 1393 1796 1429 γράφειν.

1009 1436 1064 1466 Ἦν
1077 1439 1104 1466 δὲ
1117 1440 1131 1466 ὁ
1143 1440 1236 1475 καιρὸς
1245 1439 1348 1475 βραχὺς
1361 1440 1428 1474 (46),
1437 1440 1506 1467 ὁκαὶ
1519 1439 1568 1472 τὰς
1581 1439 1694 1474 γνώμας
1706 1438 1796 1466 αὐτῶν

1009 1485 1230 1521 ὲξελέγχων,”1να
1244 1487 1281 1522 μὴ
1293 1484 1339 1513 οὖν
1353 1487 1409 1518 τοῖς
1420 1487 1511 1518 αὐτοῖς
1523 1486 1566 1513 ἀεὶ
1578 1486 1612 1512 τὰ
1621 1487 1670 1521 τῆς
1686 1485 1799 1520 Ἐκκλη-

1011 1530 1072 1562 σίας
1087 1531 1250 1567 περιπίπτῃ,
1277 1531 1324 1558 καὶ
1339 1531 1445 1566 ταραχὴ
1463 1531 1510 1558 καὶ
1530 1530 1644 1566 οόρυὸος
1659 1530 1797 1558 κυλινδού-

971 1568 992 1597 c
1012 1585 1093 1612 μενος
1122 1577 1230 1604 ἅπαντα
1256 1578 1371 1613 συγχέῃ,
1400 1577 1508 1612 βέϐαιον
1536 1577 1634 1612 ἐφάνη,
1662 1577 1697 1604 τὰ
1715 1578 1797 1605 πάλαι

1010 1623 1162 1658 ὡρισμένα,
1181 1622 1288 1658 ἐμμονα
1311 1623 1358 1651 καὶ
1381 1623 1568 1658 ἀμετακίνητα
1591 1623 1795 1658 διαφυλάττειν·

1008 1670 1072 1701 τοὺς
1091 1668 1119 1695 δὲ
1134 1669 1349 1705 προειρημένους
1361 1669 1415 1696 ἀπὸ
1442 1670 1492 1704 τῆς
1506 1669 1642 1705 ἡμετέρας
1656 1669 1798 1700 κοινωνίας

1009 1715 1243 1750 ἀποκεχωρίσθαι.
1265 1716 1304 1741 Δι’
1329 1715 1363 1750 ἢν
1383 1715 1484 1747 αἰτίαν,
1503 1715 1567 1746 τοὺς
1587 1715 1798 1747 ἁναδιδάξαντας

1010 1761 1140 1795 πρέσϐεις
1156 1761 1222 1796 πρὸς
1235 1761 1284 1796 τὴν
1293 1761 1341 1796 σὴν
1353 1761 1503 1788 ἐπιείκειαν
1513 1761 1736 1796 ἀπεστάλκαμεν,
1751 1761 1798 1795 τὴν

1009 1805 1122 1842 γνώμην
1131 1806 1178 1834 τοῦ
1192 1806 1330 1842 συνεδρίου
1339 1806 1382 1834 διὰ
1394 1807 1442 1842 τῆς
1456 1807 1600 1842 ἐπιστολῆς
1614 1806 1796 1842 μηνύσοντας·

1009 1853 1066 1882 τοῖς
1087 1860 1119 1886 γε
1134 1852 1318 1887 πρεσϐεύουσι
1335 1853 1387 1888 πρό
1399 1853 1558 1886 γεπάντων
1575 1852 1654 1880 τοῦτο
1678 1861 1798 1888 παρεκε-

1009 1896 1175 1930 λευσάμεθα,
1189 1896 1229 1932 τῷ
1245 1896 1294 1932 τὴν
1307 1896 1435 1932 ἀλήθειαν
1450 1896 1637 1923 πιστώσασθαι
1652 1895 1679 1927 ἀ,
1697 1896 1731 1922 ἐκ
1745 1895 1799 1922 τῶν

1011 1942 1094 1968 πάλαι
1111 1941 1232 1977 ἀρχαίων
1247 1942 1294 1969 καὶ
1308 1942 1418 1969 δικαίων
1433 1942 1620 1978 ὁρμωμένους.
1637 1942 1669 1968 Οἵ
1690 1943 1738 1969 καὶ
1751 1941 1798 1977 τὴν

1012 1988 1063 2023 σὴν
1079 1987 1284 2021 ἁναδιδάξουσιν
1302 1988 1439 2023 ὁσιότητα,
1461 1988 1501 2014 ὅτι
1519 1988 1568 2023 οὺχ
1579 1987 1674 2024 ὥσπερ
1694 1987 1799 2023 ἔφησαν

1012 2033 1164 2068 Οὑρσάκιός
1177 2041 1206 2059 τε
1218 2033 1266 2060 καὶ
1278 2033 1395 2067 Οὐάλης,
1411 2033 1486 2060 ἔσται
1498 2033 1604 2069 εἰρήνη,
1617 2033 1696 2069 εἴπερ
1708 2042 1736 2060 τι
1746 2033 1800 2060 τῶν

1011 2078 1123 2105 δικαίων
1132 2078 1311 2114 ἀνατραπείη.
1324 2078 1387 2110 Πῶς
1401 2077 1456 2114 γὰρ
1471 2078 1583 2114 εἰρήνην
1595 2076 1651 2105 οἷόν
1663 2087 1692 2105 τε
1708 2079 1798 2112 ἄγειν,

1012 2125 1074 2156 τοὺς
1090 2124 1140 2160 τὴν
1156 2124 1268 2160 εἰρήνην
1282 2124 1483 2156 καταλύονταςι
1496 2124 1603 2152 Μᾶλλον
1617 2125 1669 2160 γὰρ
1682 2125 1741 2160 ἔρις
1751 2125 1799 2151 καὶ

1010 2171 1116 2207 ταραχὴ
1132 2172 1164 2198 ἐκ
1179 2170 1281 2198 τούτων
1297 2171 1345 2197 σὺν
1368 2172 1427 2202 ταῖς
1443 2171 1549 2202 λοιπαῖς
1566 2171 1670 2205 πόλεσι,
1695 2171 1744 2198 καὶ
1766 2173 1798 2206 τῇ

763 2255 899 2283 VALESII
921 2253 1197 2281 ANNOTATIONES.

203 2309 258 2345 (Mt)
276 2310 406 2336 Ἄτοπον
419 2310 610 2345 ἐνομίσαμεν.
629 2311 770 2338 Postrema
795 2319 847 2337 vox
877 2311 954 2338 deest

1034 2318 1047 2337 s
1055 2310 1228 2345 aliquatenus
1236 2308 1535 2345 responderet.reliqua
1544 2307 1589 2345 hic
1597 2308 1797 2345 supplevimus.

167 2344 194 2371 in
215 2345 343 2381 omnibus
363 2346 464 2373 nostris
474 2344 627 2378 codicibus,
644 2350 673 2373 et
687 2345 759 2381 apud
775 2345 953 2372 Athanasium

167 2388 199 2407 ac
216 2379 408 2407 Sozomenum.

203 2414 257 2449 (45)
269 2415 364 2441 Πάλιν
377 2416 450 2449 γοῦν
464 2417 491 2442 οἱ
505 2416 630 2443 ἐλεεινοί
650 2415 828 2449 καὶοικτροί.
839 2415 955 2443 Latinus

167 2449 263 2486 codel.
282 2458 426 2486 quorusus
442 2455 485 2478 est
502 2451 613 2478 Graecus
643 2451 780 2486 interpres
796 2451 878 2485 hujus
893 2451 955 2486 epi—

166 2485 261 2521 stolas,
278 2485 386 2512 auctior
407 2485 491 2513 fuisse
508 2486 619 2513 videtur
635 2493 668 2513 eo
685 2485 766 2521 quem
782 2486 862 2513 nobis
875 2485 955 2513 exhi-

168 2519 228 2556 buit
241 2520 370 2556 Hilarius.
387 2521 455 2547 Nam
475 2521 546 2556 apud
561 2519 700 2548 Hilarium‘
716 2521 774 2548 haec
795 2521 882 2548 solum
906 2521 955 2547 ha—

168 2554 269 2581 bentur
284 2564 290 2580 ε
310 2555 385 2581 Nunc
402 2557 482 2582 etiam
494 2554 780 2583 conanturcoywellere
789 2557 857 2591 quod
866 2557 952 2590 fuerat

167 2590 279 2623 positum
295 2590 408 2616 ratione.
428 2591 492 2623 Nos,
511 2595 541 2618 ut
555 2591 651 2618 Latina
666 2591 856 2626 interpretatio
877 2591 953 2618 Cra:-

1044 2343 1179 2379 (tey'ur
1200 2345 1234 2371 δὲ
1251 2343 1381 2380 data/96c
1403 2344 1532 2380 βραχύς.
1556 2343 1635 2380 rNihil
1661 2343 1715 2380 big
1731 2345 1800 2372 vidit

1008 2381 1120 2408 Graecus
1134 2381 1281 2415 interpres.
1302 2378 1399 2407 Latina
1411 2379 1485 2407 eniln
1500 2379 1540 2406 sic
1556 2379 1658 2415 habent
1671 2387 1676 2405 :
1690 2378 1725 2406 Et
1739 2381 1799 2414 qui-

1008 2416 1067 2443 dem
1078 2417 1132 2444 hac
1145 2414 1215 2443 brevi
1228 2420 1343 2450 tempore
1353 2423 1422 2450 swpe
1436 2418 1550 2450 mutasse
1567 2414 1739 2448 martifestum
1750 2419 1798 2441 est.

1008 2451 1073 2484 Quae
1084 2451 1216 2478 adversus
1227 2450 1370 2478 Ursaeium
1386 2449 1412 2477 et
1429 2449 1570 2476 Valentem
1584 2457 1737 2483 eorumque
1756 2458 1799 2476 ag

1009 2487 1096 2513 seclas
1108 2486 1249 2517 dicuntur,
1270 2486 1317 2519 qui
1341 2486 1402 2513 ﬁdei
1419 2484 1550 2512 lormulas
1572 2492 1656 2511 novas
1673 2484 1799 2519 quotidi.-

1009 2522 1230 2556 promulgahant,
1244 2521 1347 2548 nullam
1362 2529 1390 2548 se
1406 2521 1489 2556 ﬁdem
1503 2523 1606 2556 certam
1626 2519 1729 2556 habere
1747 2520 1798 2556 hoc

1009 2553 1111 2583 indicio
1122 2553 1358 2587 demonstrantes,
1374 2553 1606 2591 quemadmodum
1627 2555 1725 2589 objicit
1745 2555 1799 2582 illis

1008 2591 1174 2619 Athanasius
1186 2599 1241 2618 non
1259 2599 1314 2617 uno
1332 2591 1358 2618 in
1372 2593 1441 2619 loco.

890 2669 1080 2697 VARIORITM.

202 2715 216 2735 ιι
239 2715 334 2742 Πάλιν
357 2716 430 2750 γοῦν
453 2717 479 2744 οἱ
499 2716 634 2744 ἐλεεινή.
654 2717 785 2745 Ursaeius
803 2722 831 2744 et
853 2717 954 2744 Valens

167 2751 447 2788 pettitentiamsnam
461 2757 647 2788 retraetarunt
660 2752 687 2780 in
701 2753 805 2788 synodo
821 2752 954 2788 Mediola-

168 2785 255 2823 nensi,
269 2794 341 2823 anno
360 2786 421 2819 555,
441 2792 509 2815 teste
519 2787 669 2815 Athanasio
687 2785 722 2815 in'
737 2788 824 2823 Epist.
840 2787 873 2814 ad
889 2787 954 2814 soli—

168 2820 262 2848 tarios.
277 2821 321 2848 W.
333 2822 443 2850 Lowrn.

157 2876 160 2881 .
204 2860 216 2875 ε
239 2856 421 2884 Διδασκαλίαι
433 2857 487 2893 μία
506 2858 563 2892 μὲν
578 2856 664 2886 οὗι-(ι.
685 2858 854 2886 Sozomenus
875 2857 957 2884 habet

1007 2717 1166 2756 διδασκριλία
1188 2718 1224 2756 μῂ
1248 2718 1374 2756 μένουσα,
1392 2724 1443 2756 nec
1457 2720 1578 2756 possunt
1601 2715 1658 2755 haec
1683 2715 1796 2756 inncon-

1009 2757 1083 2778 tcxtu
1099 2749 1196 2779 Latino
1210 2749 1358 2780 internosci
1377 2760 1383 2784 ;
1399 2751 1436 2778 ita
1457 2749 1542 2778 libera
1563 2750 1690 2778 versione
1703 2749 1796 2777 Grmea

1008 2786 1128 2813 donatus
1147 2792 1199 2814 est.
1217 2788 1266 2820 (Cl.
1285 2786 1454 2813 Bettedictini
1473 2787 1499 2813 in
1511 2785 1654 2820 Athanas.)

1044 2820 1058 2840 Ἰ
1083 2821 1124 2854 Ίῷ
1138 2822 1195 2855 τὴν
1209 2822 1352 2855 ἀλήθειαν
1377 2821 1594 2848 πιστώσασθαι.
1616 2820 1712 2847 Melius
1729 2819 1795 2853 leg.-

1011 2860 1056 2882 tur
1068 2857 1096 2882 τὸ
1114 2857 1186 2891 apud
1202 2857 1347 2884 Sozomen.
1365 2857 1413 2883 lib.
1430 2865 1466 2888 tv,
1481 2864 1540 2890 cap.
1559 2855 1602 2883 18.
1623 2855 1666 2882 W.
1685 2855 1794 2882 Lowm.
