  <div class='ocr_page' id='page_1' title='image "/cluster/home/n/w/nwhite01/storage/ocr_20150623/67/njp.32101077772703/188.png"; bbox 0 0 1887 3067; ppageno 0'>
   <div class='ocr_carea' id='block_1_1' title="bbox 39 126 80 154">
    <p class='ocr_par' dir='ltr' id='par_1_1' title="bbox 39 126 80 154">
     <span class='ocr_line' id='line_1_1' title="bbox 39 126 80 154; baseline -0.024 0"><span class='ocrx_word' id='word_1_1' title='bbox 39 126 80 154; x_wconf 69' lang='grc'><strong>521</strong></span> 
     </span>
    </p>
   </div>
   <div class='ocr_carea' id='block_1_2' title="bbox 39 183 855 222">
    <p class='ocr_par' dir='ltr' id='par_1_2' title="bbox 39 183 855 222">
     <span class='ocr_line' id='line_1_2' title="bbox 39 183 855 222; baseline 0.001 -10"><span class='ocrx_word' id='word_1_2' title='bbox 39 185 121 212; x_wconf 68' lang='grc' dir='ltr'>πίε-πει</span> <span class='ocrx_word' id='word_1_3' title='bbox 138 183 295 216; x_wconf 79' lang='grc' dir='ltr'><strong>συνθέσθαι,</strong></span> <span class='ocrx_word' id='word_1_4' title='bbox 311 183 450 219; x_wconf 79' lang='grc' dir='ltr'>ὲξόριστος</span> <span class='ocrx_word' id='word_1_5' title='bbox 466 185 582 218; x_wconf 83' lang='grc' dir='ltr'>γίνεται,</span> <span class='ocrx_word' id='word_1_6' title='bbox 598 186 653 212; x_wconf 73' lang='grc' dir='ltr'>τῶν</span> <span class='ocrx_word' id='word_1_7' title='bbox 673 186 735 222; x_wconf 74' lang='grc' dir='ltr'>περὶ</span> <span class='ocrx_word' id='word_1_8' title='bbox 750 187 821 222; x_wconf 78' lang='grc' dir='ltr'><strong>Οὖρ-</strong></span> <span class='ocrx_word' id='word_1_9' title='bbox 835 191 855 218; x_wconf 78' lang='grc' dir='ltr'>Α</span> 
     </span>
    </p>
   </div>
   <div class='ocr_carea' id='block_1_3' title="bbox 40 229 818 267">
    <p class='ocr_par' dir='ltr' id='par_1_3' title="bbox 40 229 818 267">
     <span class='ocr_line' id='line_1_3' title="bbox 40 229 818 267; baseline 0.001 -10"><span class='ocrx_word' id='word_1_10' title='bbox 40 231 124 258; x_wconf 72' lang='grc' dir='ltr'>σίοιιον</span> <span class='ocrx_word' id='word_1_11' title='bbox 138 230 179 261; x_wconf 78' lang='grc' dir='ltr'>εἰς</span> <span class='ocrx_word' id='word_1_12' title='bbox 194 230 240 256; x_wconf 80' lang='grc' dir='ltr'><strong>τὸν</strong></span> <span class='ocrx_word' id='word_1_13' title='bbox 266 229 349 256; x_wconf 83' lang='grc' dir='ltr'>τόπον</span> <span class='ocrx_word' id='word_1_14' title='bbox 363 229 445 257; x_wconf 77' lang='grc' dir='ltr'>αὐτοῦ</span> <span class='ocrx_word' id='word_1_15' title='bbox 460 232 690 266; x_wconf 80' lang='grc' dir='ltr'><strong>καταστησάντων</strong></span> <span class='ocrx_word' id='word_1_16' title='bbox 705 231 818 267; x_wconf 77' lang='grc' dir='ltr'>Φίληκα,</span> 
     </span>
    </p>
   </div>
   <div class='ocr_carea' id='block_1_4' title="bbox 39 275 820 312">
    <p class='ocr_par' dir='ltr' id='par_1_4' title="bbox 39 275 820 312">
     <span class='ocr_line' id='line_1_4' title="bbox 39 275 820 312; baseline 0 -9"><span class='ocrx_word' id='word_1_17' title='bbox 39 277 63 308; x_wconf 80' lang='grc' dir='ltr'><strong>ὃς</strong></span> <span class='ocrx_word' id='word_1_18' title='bbox 85 275 208 307; x_wconf 75' lang='grc' dir='ltr'>διάκονος</span> <span class='ocrx_word' id='word_1_19' title='bbox 232 275 271 303; x_wconf 84' lang='grc' dir='ltr'><strong>ὢν</strong></span> <span class='ocrx_word' id='word_1_20' title='bbox 291 275 341 310; x_wconf 87' lang='grc' dir='ltr'><strong>τῆς</strong></span> <span class='ocrx_word' id='word_1_21' title='bbox 357 276 387 302; x_wconf 82' lang='grc' dir='ltr'>ὲν</span> <span class='ocrx_word' id='word_1_22' title='bbox 412 275 505 311; x_wconf 83' lang='grc' dir='ltr'><strong>Ῥώμῃ</strong></span> <span class='ocrx_word' id='word_1_23' title='bbox 527 276 700 312; x_wconf 76' lang='grc' dir='ltr'><strong>Ἐκκλησὶας,</strong></span> <span class='ocrx_word' id='word_1_24' title='bbox 725 277 772 303; x_wconf 80' lang='grc' dir='ltr'><strong>καὶ</strong></span> <span class='ocrx_word' id='word_1_25' title='bbox 787 278 820 312; x_wconf 82' lang='grc' dir='ltr'>τῇ</span> 
     </span>
    </p>
   </div>
   <div class='ocr_carea' id='block_1_5' title="bbox 43 320 820 358">
    <p class='ocr_par' dir='ltr' id='par_1_5' title="bbox 43 320 820 358">
     <span class='ocr_line' id='line_1_5' title="bbox 43 320 820 358; baseline 0 -10"><span class='ocrx_word' id='word_1_26' title='bbox 43 322 159 357; x_wconf 77' lang='grc' dir='ltr'>Ἀρείανῇ</span> <span class='ocrx_word' id='word_1_27' title='bbox 181 321 247 357; x_wconf 79' lang='grc' dir='ltr'><strong>δόξῃ</strong></span> <span class='ocrx_word' id='word_1_28' title='bbox 269 320 326 356; x_wconf 74' lang='grc'><strong>(52)</strong></span> <span class='ocrx_word' id='word_1_29' title='bbox 350 321 520 357; x_wconf 76' lang='grc' dir='ltr'><strong>προστεθεὶς,</strong></span> <span class='ocrx_word' id='word_1_30' title='bbox 535 323 576 354; x_wconf 81' lang='grc' dir='ltr'><strong>εἰς</strong></span> <span class='ocrx_word' id='word_1_31' title='bbox 595 322 645 357; x_wconf 83' lang='grc' dir='ltr'>τὴν</span> <span class='ocrx_word' id='word_1_32' title='bbox 667 322 820 358; x_wconf 76' lang='grc' dir='ltr'><strong>ἐπισκοπὴν</strong></span> 
     </span>
    </p>
   </div>
   <div class='ocr_carea' id='block_1_6' title="bbox 40 365 820 401">
    <p class='ocr_par' dir='ltr' id='par_1_6' title="bbox 40 365 820 401">
     <span class='ocr_line' id='line_1_6' title="bbox 40 365 820 401; baseline 0 -9"><span class='ocrx_word' id='word_1_33' title='bbox 40 365 198 401; x_wconf 77' lang='grc' dir='ltr'><strong>προεϐλήθη.</strong></span> <span class='ocrx_word' id='word_1_34' title='bbox 214 366 277 392; x_wconf 76' lang='grc' dir='ltr'><strong>Εἰσὶ</strong></span> <span class='ocrx_word' id='word_1_35' title='bbox 297 366 327 392; x_wconf 72' lang='grc' dir='ltr'><strong>δὲ</strong></span> <span class='ocrx_word' id='word_1_36' title='bbox 341 366 366 392; x_wconf 74' lang='grc' dir='ltr'>οἱ</span> <span class='ocrx_word' id='word_1_37' title='bbox 390 366 528 400; x_wconf 80' lang='grc' dir='ltr'>λέγοντες,</span> <span class='ocrx_word' id='word_1_38' title='bbox 554 367 595 393; x_wconf 80' lang='grc' dir='ltr'>ὅτι</span> <span class='ocrx_word' id='word_1_39' title='bbox 614 366 645 392; x_wconf 88' lang='grc' dir='ltr'>οὺ</span> <span class='ocrx_word' id='word_1_40' title='bbox 671 366 820 401; x_wconf 79' lang='grc' dir='ltr'><strong>προσέθετο</strong></span> 
     </span>
    </p>
   </div>
   <div class='ocr_carea' id='block_1_7' title="bbox 39 411 820 448">
    <p class='ocr_par' dir='ltr' id='par_1_7' title="bbox 39 411 820 448">
     <span class='ocr_line' id='line_1_7' title="bbox 39 411 820 448; baseline 0.001 -10"><span class='ocrx_word' id='word_1_41' title='bbox 39 414 82 448; x_wconf 73' lang='grc' dir='ltr'><strong>μὲν</strong></span> <span class='ocrx_word' id='word_1_42' title='bbox 99 413 130 447; x_wconf 83' lang='grc' dir='ltr'>τῇ</span> <span class='ocrx_word' id='word_1_43' title='bbox 148 412 277 447; x_wconf 80' lang='grc' dir='ltr'>’Δρειανῇ</span> <span class='ocrx_word' id='word_1_44' title='bbox 293 412 366 448; x_wconf 79' lang='grc' dir='ltr'><strong>δόξῃ,</strong></span> <span class='ocrx_word' id='word_1_45' title='bbox 386 411 432 447; x_wconf 78' lang='grc' dir='ltr'><strong>βίᾳ</strong></span> <span class='ocrx_word' id='word_1_46' title='bbox 444 411 473 438; x_wconf 79' lang='grc' dir='ltr'><strong>δὲ</strong></span> <span class='ocrx_word' id='word_1_47' title='bbox 488 412 535 439; x_wconf 77' lang='grc' dir='ltr'><strong>καὶ</strong></span> <span class='ocrx_word' id='word_1_48' title='bbox 546 412 654 448; x_wconf 81' lang='grc' dir='ltr'><strong>ἀνάγκῃ</strong></span> <span class='ocrx_word' id='word_1_49' title='bbox 667 413 820 447; x_wconf 80' lang='grc' dir='ltr'>κεχειροτό-</span> 
     </span>
    </p>
   </div>
   <div class='ocr_carea' id='block_1_8' title="bbox 38 455 821 493">
    <p class='ocr_par' dir='ltr' id='par_1_8' title="bbox 38 455 821 493">
     <span class='ocr_line' id='line_1_8' title="bbox 38 455 821 493; baseline 0 -9"><span class='ocrx_word' id='word_1_50' title='bbox 38 467 103 493; x_wconf 78' lang='grc' dir='ltr'>νητο.</span> <span class='ocrx_word' id='word_1_51' title='bbox 118 458 211 484; x_wconf 84' lang='grc' dir='ltr'><strong>Πάντα</strong></span> <span class='ocrx_word' id='word_1_52' title='bbox 228 458 278 493; x_wconf 70' lang='grc' dir='ltr'><strong>μὲν</strong></span> <span class='ocrx_word' id='word_1_53' title='bbox 289 455 335 484; x_wconf 82' lang='grc' dir='ltr'><strong>οὗν</strong></span> <span class='ocrx_word' id='word_1_54' title='bbox 354 458 415 484; x_wconf 83' lang='grc' dir='ltr'>τότε</span> <span class='ocrx_word' id='word_1_55' title='bbox 428 458 463 484; x_wconf 85' lang='grc' dir='ltr'>τὰ</span> <span class='ocrx_word' id='word_1_56' title='bbox 480 458 550 484; x_wconf 79' lang='grc' dir='ltr'>κατὰ</span> <span class='ocrx_word' id='word_1_57' title='bbox 567 457 617 493; x_wconf 77' lang='grc' dir='ltr'>τὴν</span> <span class='ocrx_word' id='word_1_58' title='bbox 637 458 714 485; x_wconf 86' lang='grc' dir='ltr'>δύσιν</span> <span class='ocrx_word' id='word_1_59' title='bbox 730 462 821 486; x_wconf 71' lang='grc' dir='ltr'>καινο-</span> 
     </span>
    </p>
   </div>
   <div class='ocr_carea' id='block_1_9' title="bbox 37 500 820 539">
    <p class='ocr_par' dir='ltr' id='par_1_9' title="bbox 37 500 820 539">
     <span class='ocr_line' id='line_1_9' title="bbox 37 500 820 539; baseline 0.003 -10"><span class='ocrx_word' id='word_1_60' title='bbox 37 503 182 538; x_wconf 80' lang='grc' dir='ltr'>τομούμενα</span> <span class='ocrx_word' id='word_1_61' title='bbox 197 503 322 538; x_wconf 78' lang='grc' dir='ltr'>ταραχὴν</span> <span class='ocrx_word' id='word_1_62' title='bbox 339 500 406 538; x_wconf 74' lang='grc' dir='ltr'>εἶχε,</span> <span class='ocrx_word' id='word_1_63' title='bbox 420 503 475 530; x_wconf 86' lang='grc' dir='ltr'>τῶν</span> <span class='ocrx_word' id='word_1_64' title='bbox 501 503 551 538; x_wconf 80' lang='grc' dir='ltr'><strong>μὲν</strong></span> <span class='ocrx_word' id='word_1_65' title='bbox 566 503 759 539; x_wconf 79' lang='grc' dir='ltr'>ὲξωθουμένων</span> <span class='ocrx_word' id='word_1_66' title='bbox 773 505 820 532; x_wconf 76' lang='grc' dir='ltr'>καὶ</span> 
     </span>
    </p>
   </div>
   <div class='ocr_carea' id='block_1_10' title="bbox 38 550 819 585">
    <p class='ocr_par' dir='ltr' id='par_1_10' title="bbox 38 550 819 585">
     <span class='ocr_line' id='line_1_10' title="bbox 38 550 819 585; baseline 0 -7"><span class='ocrx_word' id='word_1_67' title='bbox 38 550 271 585; x_wconf 77' lang='grc' dir='ltr'>ἁποστελλομένων</span> <span class='ocrx_word' id='word_1_68' title='bbox 287 551 327 582; x_wconf 79' lang='grc' dir='ltr'>εἰς</span> <span class='ocrx_word' id='word_1_69' title='bbox 354 550 462 584; x_wconf 78' lang='grc' dir='ltr'>ὲξορίαν</span> <span class='ocrx_word' id='word_1_70' title='bbox 473 557 481 565; x_wconf 93' lang='grc'><strong>·</strong></span> <span class='ocrx_word' id='word_1_71' title='bbox 494 550 549 577; x_wconf 80' lang='grc' dir='ltr'>τῶν</span> <span class='ocrx_word' id='word_1_72' title='bbox 565 551 593 577; x_wconf 79' lang='grc' dir='ltr'><strong>δὲ</strong></span> <span class='ocrx_word' id='word_1_73' title='bbox 616 552 657 582; x_wconf 72' lang='grc' dir='ltr'>εἰς</span> <span class='ocrx_word' id='word_1_74' title='bbox 669 552 751 578; x_wconf 83' lang='grc' dir='ltr'>τόπον</span> <span class='ocrx_word' id='word_1_75' title='bbox 765 551 819 578; x_wconf 80' lang='grc' dir='ltr'><strong>τῶν</strong></span> 
     </span>
    </p>
   </div>
   <div class='ocr_carea' id='block_1_11' title="bbox 38 595 819 632">
    <p class='ocr_par' dir='ltr' id='par_1_11' title="bbox 38 595 819 632">
     <span class='ocr_line' id='line_1_11' title="bbox 38 595 819 632; baseline 0.003 -11"><span class='ocrx_word' id='word_1_76' title='bbox 38 595 117 622; x_wconf 76' lang='grc' dir='ltr'>αὗτῶν</span> <span class='ocrx_word' id='word_1_77' title='bbox 132 595 413 630; x_wconf 78' lang='grc' dir='ltr'>ἀντικαθισταμένων.</span> <span class='ocrx_word' id='word_1_78' title='bbox 427 595 483 622; x_wconf 76' lang='grc' dir='ltr'><strong>Καὶ</strong></span> <span class='ocrx_word' id='word_1_79' title='bbox 493 596 579 622; x_wconf 82' lang='grc' dir='ltr'>ταῦτα</span> <span class='ocrx_word' id='word_1_80' title='bbox 591 596 695 629; x_wconf 78' lang='grc' dir='ltr'>ἐγίνετο</span> <span class='ocrx_word' id='word_1_81' title='bbox 709 596 755 632; x_wconf 83' lang='grc' dir='ltr'><strong>βίᾳ</strong></span> <span class='ocrx_word' id='word_1_82' title='bbox 772 598 819 624; x_wconf 78' lang='grc' dir='ltr'>καὶ</span> 
     </span>
    </p>
   </div>
   <div class='ocr_carea' id='block_1_12' title="bbox 38 642 819 679">
    <p class='ocr_par' dir='ltr' id='par_1_12' title="bbox 38 642 819 679">
     <span class='ocr_line' id='line_1_12' title="bbox 38 642 819 679; baseline 0.001 -9"><span class='ocrx_word' id='word_1_83' title='bbox 38 644 83 670; x_wconf 79' lang='grc' dir='ltr'>τῶν</span> <span class='ocrx_word' id='word_1_84' title='bbox 97 642 245 678; x_wconf 76' lang='grc' dir='ltr'>βασιλικῶν</span> <span class='ocrx_word' id='word_1_85' title='bbox 267 643 488 678; x_wconf 80' lang='grc' dir='ltr'><strong>προσταγμάτων</strong></span> <span class='ocrx_word' id='word_1_86' title='bbox 502 643 570 678; x_wconf 77' lang='grc'><strong>(55),</strong></span> <span class='ocrx_word' id='word_1_87' title='bbox 583 643 656 679; x_wconf 77' lang='grc' dir='ltr'>ἅπερ</span> <span class='ocrx_word' id='word_1_88' title='bbox 669 644 716 670; x_wconf 77' lang='grc' dir='ltr'>καὶ</span> <span class='ocrx_word' id='word_1_89' title='bbox 731 645 770 676; x_wconf 75' lang='grc' dir='ltr'><strong>εἰς</strong></span> <span class='ocrx_word' id='word_1_90' title='bbox 785 645 819 671; x_wconf 71' lang='grc' dir='ltr'><strong>τὰ</strong></span> 
     </span>
    </p>
   </div>
   <div class='ocr_carea' id='block_1_13' title="bbox 38 687 818 725">
    <p class='ocr_par' dir='ltr' id='par_1_13' title="bbox 38 687 818 725">
     <span class='ocr_line' id='line_1_13' title="bbox 38 687 818 725; baseline 0.001 -10"><span class='ocrx_word' id='word_1_91' title='bbox 38 689 84 724; x_wconf 77' lang='grc' dir='ltr'><strong>ἑῷα</strong></span> <span class='ocrx_word' id='word_1_92' title='bbox 100 689 167 724; x_wconf 80' lang='grc' dir='ltr'><strong>μέρη</strong></span> <span class='ocrx_word' id='word_1_93' title='bbox 184 689 349 716; x_wconf 80' lang='grc' dir='ltr'>ἀπέσταλτο.</span> <span class='ocrx_word' id='word_1_94' title='bbox 371 689 401 715; x_wconf 93' lang='lat' dir='ltr'><strong>&#39;O</strong></span> <span class='ocrx_word' id='word_1_95' title='bbox 426 688 553 724; x_wconf 80' lang='grc' dir='ltr'><strong>Λιὸἐριος</strong></span> <span class='ocrx_word' id='word_1_96' title='bbox 573 689 623 724; x_wconf 86' lang='grc' dir='ltr'><strong>μὲν</strong></span> <span class='ocrx_word' id='word_1_97' title='bbox 657 687 705 716; x_wconf 85' lang='grc' dir='ltr'>οὖν</span> <span class='ocrx_word' id='word_1_98' title='bbox 721 690 818 725; x_wconf 76' lang='grc' dir='ltr'>μικρὸν</span> 
     </span>
    </p>
   </div>
   <div class='ocr_carea' id='block_1_14' title="bbox 38 734 819 771">
    <p class='ocr_par' dir='ltr' id='par_1_14' title="bbox 38 734 819 771">
     <span class='ocr_line' id='line_1_14' title="bbox 38 734 819 771; baseline 0.003 -11"><span class='ocrx_word' id='word_1_99' title='bbox 38 735 139 769; x_wconf 76' lang='grc' dir='ltr'>ὕστερον</span> <span class='ocrx_word' id='word_1_100' title='bbox 154 734 204 768; x_wconf 77' lang='grc' dir='ltr'><strong>τῆς</strong></span> <span class='ocrx_word' id='word_1_101' title='bbox 221 734 330 770; x_wconf 80' lang='grc' dir='ltr'>ὲξορίας</span> <span class='ocrx_word' id='word_1_102' title='bbox 346 734 521 769; x_wconf 62' lang='grc' dir='ltr'><strong>ἀνακληθεὶς,</strong></span> <span class='ocrx_word' id='word_1_103' title='bbox 542 735 589 761; x_wconf 82' lang='grc' dir='ltr'>τὸν</span> <span class='ocrx_word' id='word_1_104' title='bbox 610 735 710 762; x_wconf 76' lang='grc' dir='ltr'>οἰκεῖον</span> <span class='ocrx_word' id='word_1_105' title='bbox 725 735 819 771; x_wconf 78' lang='grc' dir='ltr'><strong>θρόνον</strong></span> 
     </span>
    </p>
   </div>
   <div class='ocr_carea' id='block_1_15' title="bbox 38 777 819 817">
    <p class='ocr_par' dir='ltr' id='par_1_15' title="bbox 38 777 819 817">
     <span class='ocr_line' id='line_1_15' title="bbox 38 777 819 817; baseline 0.003 -11"><span class='ocrx_word' id='word_1_106' title='bbox 38 780 146 807; x_wconf 76' lang='grc' dir='ltr'><strong>ἀπέλαϐε</strong></span> <span class='ocrx_word' id='word_1_107' title='bbox 158 780 184 812; x_wconf 67' lang='lat' dir='ltr'><strong>h,</strong></span> <span class='ocrx_word' id='word_1_108' title='bbox 196 779 247 806; x_wconf 79' lang='grc' dir='ltr'>τοῦ</span> <span class='ocrx_word' id='word_1_109' title='bbox 263 780 292 806; x_wconf 80' lang='grc' dir='ltr'>ὲν</span> <span class='ocrx_word' id='word_1_110' title='bbox 309 779 404 817; x_wconf 82' lang='grc' dir='ltr'><strong>Ῥώμῃ</strong></span> <span class='ocrx_word' id='word_1_111' title='bbox 416 777 481 807; x_wconf 79' lang='grc' dir='ltr'>λαοῦ</span> <span class='ocrx_word' id='word_1_112' title='bbox 492 782 698 814; x_wconf 69' lang='grc' dir='ltr'>ἁτασιάσαντος,</span> <span class='ocrx_word' id='word_1_113' title='bbox 710 782 756 808; x_wconf 83' lang='grc' dir='ltr'>καὶ</span> <span class='ocrx_word' id='word_1_114' title='bbox 769 783 819 817; x_wconf 82' lang='grc' dir='ltr'>τῆς</span> 
     </span>
    </p>
   </div>
   <div class='ocr_carea' id='block_1_16' title="bbox 43 823 817 862">
    <p class='ocr_par' dir='ltr' id='par_1_16' title="bbox 43 823 817 862">
     <span class='ocr_line' id='line_1_16' title="bbox 43 823 817 862; baseline 0.001 -10"><span class='ocrx_word' id='word_1_115' title='bbox 43 825 196 861; x_wconf 77' lang='grc' dir='ltr'><strong>Ἐκκλησιας</strong></span> <span class='ocrx_word' id='word_1_116' title='bbox 213 825 391 857; x_wconf 78' lang='grc' dir='ltr'>ὲκὸάλλοντος</span> <span class='ocrx_word' id='word_1_117' title='bbox 407 826 453 852; x_wconf 80' lang='grc' dir='ltr'>τὸν</span> <span class='ocrx_word' id='word_1_118' title='bbox 477 826 597 861; x_wconf 80' lang='grc' dir='ltr'><strong>Φίληκα·</strong></span> <span class='ocrx_word' id='word_1_119' title='bbox 609 827 622 853; x_wconf 81' lang='grc' dir='ltr'><strong>ὅ</strong></span> <span class='ocrx_word' id='word_1_120' title='bbox 636 828 666 853; x_wconf 66' lang='grc' dir='ltr'><strong>τε</strong></span> <span class='ocrx_word' id='word_1_121' title='bbox 690 823 817 862; x_wconf 82' lang='grc' dir='ltr'>βασιλεὺς</span> 
     </span>
    </p>
   </div>
   <div class='ocr_carea' id='block_1_17' title="bbox 38 857 853 907">
    <p class='ocr_par' dir='ltr' id='par_1_17' title="bbox 38 857 853 907">
     <span class='ocr_line' id='line_1_17' title="bbox 38 857 853 907; baseline 0.001 -9"><span class='ocrx_word' id='word_1_122' title='bbox 38 872 78 898; x_wconf 75' lang='grc' dir='ltr'><strong>καὶ</strong></span> <span class='ocrx_word' id='word_1_123' title='bbox 89 857 159 907; x_wconf 54' lang='lat' dir='ltr'><strong>napi</strong></span> <span class='ocrx_word' id='word_1_124' title='bbox 178 857 293 907; x_wconf 60' lang='grc' dir='ltr'>γνώμην</span> <span class='ocrx_word' id='word_1_125' title='bbox 316 871 422 903; x_wconf 83' lang='grc' dir='ltr'><strong>τούτοις</strong></span> <span class='ocrx_word' id='word_1_126' title='bbox 437 857 545 905; x_wconf 73' lang='grc' dir='ltr'>ἐγένετο</span> <span class='ocrx_word' id='word_1_127' title='bbox 570 857 726 907; x_wconf 73' lang='grc' dir='ltr'><strong>σύμψηφος.</strong></span> <span class='ocrx_word' id='word_1_128' title='bbox 743 873 773 899; x_wconf 81' lang='lat' dir='ltr'><strong>Oi</strong></span> <span class='ocrx_word' id='word_1_129' title='bbox 833 857 853 884; x_wconf 73' lang='grc' dir='ltr'><strong>Β</strong></span> 
     </span>
    </p>
   </div>
   <div class='ocr_carea' id='block_1_18' title="bbox 39 917 817 956">
    <p class='ocr_par' dir='ltr' id='par_1_18' title="bbox 39 917 817 956">
     <span class='ocr_line' id='line_1_18' title="bbox 39 917 817 956; baseline 0 -12"><span class='ocrx_word' id='word_1_130' title='bbox 39 918 94 954; x_wconf 75' lang='grc' dir='ltr'>περὶ</span> <span class='ocrx_word' id='word_1_131' title='bbox 101 917 260 956; x_wconf 70' lang='grc' dir='ltr'><strong>οὺρσάκιογ</strong></span> <span class='ocrx_word' id='word_1_132' title='bbox 269 917 319 952; x_wconf 82' lang='grc' dir='ltr'>τῆς</span> <span class='ocrx_word' id='word_1_133' title='bbox 334 917 450 949; x_wconf 76' lang='grc' dir='ltr'>Ἰταλίας</span> <span class='ocrx_word' id='word_1_134' title='bbox 458 918 696 953; x_wconf 80' lang='grc' dir='ltr'><strong>ἀναχωρήσαντες,</strong></span> <span class='ocrx_word' id='word_1_135' title='bbox 710 918 758 945; x_wconf 74' lang='grc' dir='ltr'>καὶ</span> <span class='ocrx_word' id='word_1_136' title='bbox 770 918 817 944; x_wconf 79' lang='grc' dir='ltr'><strong>ἐπὶ</strong></span> 
     </span>
    </p>
   </div>
   <div class='ocr_carea' id='block_1_19' title="bbox 38 962 816 999">
    <p class='ocr_par' dir='ltr' id='par_1_19' title="bbox 38 962 816 999">
     <span class='ocr_line' id='line_1_19' title="bbox 38 962 816 999; baseline -0.001 -9"><span class='ocrx_word' id='word_1_137' title='bbox 38 964 64 990; x_wconf 66' lang='grc' dir='ltr'>τὰ</span> <span class='ocrx_word' id='word_1_138' title='bbox 75 963 214 990; x_wconf 70' lang='grc' dir='ltr'>ἀνατολικὰ</span> <span class='ocrx_word' id='word_1_139' title='bbox 228 962 413 995; x_wconf 78' lang='grc' dir='ltr'>διαϐαίνοντες</span> <span class='ocrx_word' id='word_1_140' title='bbox 429 963 510 999; x_wconf 85' lang='grc' dir='ltr'><strong>μέρη,</strong></span> <span class='ocrx_word' id='word_1_141' title='bbox 523 963 600 989; x_wconf 82' lang='grc' dir='ltr'>πόλιν</span> <span class='ocrx_word' id='word_1_142' title='bbox 630 964 680 999; x_wconf 81' lang='grc' dir='ltr'><strong>τῆς</strong></span> <span class='ocrx_word' id='word_1_143' title='bbox 695 964 816 999; x_wconf 79' lang='grc' dir='ltr'><strong>Θρᾴκης,</strong></span> 
     </span>
    </p>
   </div>
   <div class='ocr_carea' id='block_1_20' title="bbox 37 1008 818 1045">
    <p class='ocr_par' dir='ltr' id='par_1_20' title="bbox 37 1008 818 1045">
     <span class='ocr_line' id='line_1_20' title="bbox 37 1008 818 1045; baseline 0.003 -11"><span class='ocrx_word' id='word_1_144' title='bbox 37 1009 110 1044; x_wconf 63' lang='lat' dir='ltr'><strong>Muci.</strong></span> <span class='ocrx_word' id='word_1_145' title='bbox 119 1008 217 1044; x_wconf 79' lang='grc' dir='ltr'><strong>Νίκην,</strong></span> <span class='ocrx_word' id='word_1_146' title='bbox 226 1009 476 1044; x_wconf 79' lang='grc' dir='ltr'>καταλαμϐάνουσι·</span> <span class='ocrx_word' id='word_1_147' title='bbox 488 1009 585 1045; x_wconf 75' lang='grc' dir='ltr'>μικρὸν</span> <span class='ocrx_word' id='word_1_148' title='bbox 595 1009 622 1036; x_wconf 84' lang='grc' dir='ltr'><strong>δὲ</strong></span> <span class='ocrx_word' id='word_1_149' title='bbox 632 1009 818 1044; x_wconf 77' lang='grc' dir='ltr'><strong>ἐπιμείναντες</strong></span> 
     </span>
    </p>
   </div>
   <div class='ocr_carea' id='block_1_21' title="bbox 37 1054 816 1092">
    <p class='ocr_par' dir='ltr' id='par_1_21' title="bbox 37 1054 816 1092">
     <span class='ocr_line' id='line_1_21' title="bbox 37 1054 816 1092; baseline 0.004 -12"><span class='ocrx_word' id='word_1_150' title='bbox 37 1056 60 1080; x_wconf 85' lang='grc' dir='ltr'>ὲν</span> <span class='ocrx_word' id='word_1_151' title='bbox 78 1055 141 1090; x_wconf 81' lang='grc' dir='ltr'>αὐτῇ</span> <span class='ocrx_word' id='word_1_152' title='bbox 172 1055 285 1090; x_wconf 78' lang='grc' dir='ltr'>χρόνον,</span> <span class='ocrx_word' id='word_1_153' title='bbox 316 1054 410 1090; x_wconf 67' lang='grc' dir='ltr'>ἕτερον</span> <span class='ocrx_word' id='word_1_154' title='bbox 441 1055 579 1082; x_wconf 82' lang='grc' dir='ltr'>ποιοῦνται</span> <span class='ocrx_word' id='word_1_155' title='bbox 608 1057 637 1083; x_wconf 83' lang='grc' dir='ltr'>ὲν</span> <span class='ocrx_word' id='word_1_156' title='bbox 656 1057 723 1092; x_wconf 73' lang='grc' dir='ltr'>αὐτῇ</span> <span class='ocrx_word' id='word_1_157' title='bbox 755 1061 816 1083; x_wconf 65' lang='lat' dir='ltr'><strong>suv-</strong></span> 
     </span>
    </p>
   </div>
   <div class='ocr_carea' id='block_1_22' title="bbox 37 1100 815 1139">
    <p class='ocr_par' dir='ltr' id='par_1_22' title="bbox 37 1100 815 1139">
     <span class='ocr_line' id='line_1_22' title="bbox 37 1100 815 1139; baseline 0.001 -12"><span class='ocrx_word' id='word_1_158' title='bbox 37 1100 112 1136; x_wconf 78' lang='grc' dir='ltr'>έδριον</span> <span class='ocrx_word' id='word_1_159' title='bbox 127 1101 182 1136; x_wconf 61' lang='grc'><strong>(51)</strong></span> <span class='ocrx_word' id='word_1_160' title='bbox 194 1109 200 1116; x_wconf 91' lang='grc'><strong>·</strong></span> <span class='ocrx_word' id='word_1_161' title='bbox 220 1101 268 1127; x_wconf 73' lang='grc' dir='ltr'><strong>καὶ</strong></span> <span class='ocrx_word' id='word_1_162' title='bbox 280 1100 330 1137; x_wconf 80' lang='grc' dir='ltr'>τὴν</span> <span class='ocrx_word' id='word_1_163' title='bbox 343 1102 561 1136; x_wconf 77' lang='grc' dir='ltr'>ἀναγνωσθεῖσαν</span> <span class='ocrx_word' id='word_1_164' title='bbox 578 1103 606 1129; x_wconf 87' lang='grc' dir='ltr'>ἐν</span> <span class='ocrx_word' id='word_1_165' title='bbox 623 1103 753 1138; x_wconf 79' lang='grc' dir='ltr'>’Δριμίνῳ</span> <span class='ocrx_word' id='word_1_166' title='bbox 764 1103 815 1139; x_wconf 83' lang='grc' dir='ltr'><strong>τῆς</strong></span> 
     </span>
    </p>
   </div>
   <div class='ocr_carea' id='block_1_23' title="bbox 37 1146 813 1184">
    <p class='ocr_par' dir='ltr' id='par_1_23' title="bbox 37 1146 813 1184">
     <span class='ocr_line' id='line_1_23' title="bbox 37 1146 813 1184; baseline 0.003 -11"><span class='ocrx_word' id='word_1_167' title='bbox 37 1147 140 1178; x_wconf 73' lang='grc' dir='ltr'>πίστεως</span> <span class='ocrx_word' id='word_1_168' title='bbox 152 1147 258 1173; x_wconf 72' lang='grc' dir='ltr'>ἔκδοσιν</span> <span class='ocrx_word' id='word_1_169' title='bbox 269 1147 310 1178; x_wconf 84' lang='grc' dir='ltr'>εἰς</span> <span class='ocrx_word' id='word_1_170' title='bbox 327 1146 442 1174; x_wconf 72' lang='grc' dir='ltr'><strong>Ἐλλάδα</strong></span> <span class='ocrx_word' id='word_1_171' title='bbox 453 1147 578 1182; x_wconf 83' lang='grc' dir='ltr'><strong>γλῶσσαν</strong></span> <span class='ocrx_word' id='word_1_172' title='bbox 585 1148 813 1184; x_wconf 77' lang='grc' dir='ltr'>ἐρμηνεύσαντες,</span> 
     </span>
    </p>
   </div>
   <div class='ocr_carea' id='block_1_24' title="bbox 39 1192 813 1230">
    <p class='ocr_par' dir='ltr' id='par_1_24' title="bbox 39 1192 813 1230">
     <span class='ocr_line' id='line_1_24' title="bbox 39 1192 813 1230; baseline 0.001 -9"><span class='ocrx_word' id='word_1_173' title='bbox 39 1193 89 1221; x_wconf 76' lang='grc' dir='ltr'>καθ’</span> <span class='ocrx_word' id='word_1_174' title='bbox 102 1193 129 1219; x_wconf 74' lang='grc' dir='ltr'>δν</span> <span class='ocrx_word' id='word_1_175' title='bbox 142 1193 273 1229; x_wconf 76' lang='grc' dir='ltr'><strong>ἀνωτέρω</strong></span> <span class='ocrx_word' id='word_1_176' title='bbox 289 1193 444 1229; x_wconf 78' lang='grc' dir='ltr'>γέγραπται</span> <span class='ocrx_word' id='word_1_177' title='bbox 466 1193 577 1230; x_wconf 81' lang='grc' dir='ltr'>τρόπον,</span> <span class='ocrx_word' id='word_1_178' title='bbox 593 1192 651 1222; x_wconf 79' lang='grc' dir='ltr'>εἶτα</span> <span class='ocrx_word' id='word_1_179' title='bbox 667 1195 813 1230; x_wconf 82' lang='grc' dir='ltr'>δημοσιεύ-</span> 
     </span>
    </p>
   </div>
   <div class='ocr_carea' id='block_1_25' title="bbox 528 127 1176 162">
    <p class='ocr_par' dir='ltr' id='par_1_25' title="bbox 528 127 1176 162">
     <span class='ocr_line' id='line_1_25' title="bbox 528 127 1176 162; baseline 0.011 -7"><span class='ocrx_word' id='word_1_180' title='bbox 528 127 692 156; x_wconf 80' lang='lat' dir='ltr'><strong>llISTORlA</strong></span> <span class='ocrx_word' id='word_1_181' title='bbox 711 128 986 161; x_wconf 57' lang='lat' dir='ltr'><strong>ECCIJ&#39;ISIASTICA.</strong></span> <span class='ocrx_word' id='word_1_182' title='bbox 1006 149 1039 153; x_wconf 92' lang='lat'><strong>—</strong></span> <span class='ocrx_word' id='word_1_183' title='bbox 1060 134 1123 162; x_wconf 85' lang='lat' dir='ltr'><strong>LIB.</strong></span> <span class='ocrx_word' id='word_1_184' title='bbox 1143 135 1176 162; x_wconf 89' lang='lat' dir='ltr'><strong>ll.</strong></span> 
     </span>
    </p>
   </div>
   <div class='ocr_carea' id='block_1_26' title="bbox 1606 141 1659 168">
    <p class='ocr_par' dir='ltr' id='par_1_26' title="bbox 1606 141 1659 168">
     <span class='ocr_line' id='line_1_26' title="bbox 1606 141 1659 168; baseline 0.019 -1"><span class='ocrx_word' id='word_1_185' title='bbox 1606 141 1659 168; x_wconf 59' lang='lat'><strong>5:21</strong></span> 
     </span>
    </p>
   </div>
   <div class='ocr_carea' id='block_1_27' title="bbox 873 188 1658 228">
    <p class='ocr_par' dir='ltr' id='par_1_27' title="bbox 873 188 1658 228">
     <span class='ocr_line' id='line_1_27' title="bbox 873 188 1658 228; baseline 0.011 -13"><span class='ocrx_word' id='word_1_186' title='bbox 873 188 1001 217; x_wconf 83' lang='lat' dir='ltr'><strong>Liberius</strong></span> <span class='ocrx_word' id='word_1_187' title='bbox 1022 191 1152 219; x_wconf 75' lang='lat' dir='ltr'><strong>Romana:</strong></span> <span class='ocrx_word' id='word_1_188' title='bbox 1174 191 1251 219; x_wconf 88' lang='lat' dir='ltr'><strong>urbis</strong></span> <span class='ocrx_word' id='word_1_189' title='bbox 1272 200 1428 228; x_wconf 80' lang='lat' dir='ltr'><strong>episcopus,</strong></span> <span class='ocrx_word' id='word_1_190' title='bbox 1451 201 1513 221; x_wconf 90' lang='lat' dir='ltr'><strong>cum</strong></span> <span class='ocrx_word' id='word_1_191' title='bbox 1536 195 1598 223; x_wconf 98' lang='lat' dir='ltr'><strong>ﬁdei</strong></span> <span class='ocrx_word' id='word_1_192' title='bbox 1618 197 1658 225; x_wconf 90' lang='lat' dir='ltr'><strong>illi</strong></span> 
     </span>
    </p>
   </div>
   <div class='ocr_carea' id='block_1_28' title="bbox 872 237 1660 273">
    <p class='ocr_par' dir='ltr' id='par_1_28' title="bbox 872 237 1660 273">
     <span class='ocr_line' id='line_1_28' title="bbox 872 237 1660 273; baseline 0.011 -12"><span class='ocrx_word' id='word_1_193' title='bbox 872 242 1036 263; x_wconf 85' lang='lat' dir='ltr'><strong>consensum</strong></span> <span class='ocrx_word' id='word_1_194' title='bbox 1049 237 1255 265; x_wconf 88' lang='lat' dir='ltr'><strong>accommodare</strong></span> <span class='ocrx_word' id='word_1_195' title='bbox 1263 238 1408 273; x_wconf 86' lang='lat' dir='ltr'><strong>renuisset,</strong></span> <span class='ocrx_word' id='word_1_196' title='bbox 1420 239 1446 266; x_wconf 94' lang='lat' dir='ltr'><strong>in</strong></span> <span class='ocrx_word' id='word_1_197' title='bbox 1461 241 1586 268; x_wconf 85' lang='lat' dir='ltr'><strong>exsilium</strong></span> <span class='ocrx_word' id='word_1_198' title='bbox 1596 243 1660 270; x_wconf 81' lang='lat' dir='ltr'><strong>mit-</strong></span> 
     </span>
    </p>
   </div>
   <div class='ocr_carea' id='block_1_29' title="bbox 872 281 1657 318">
    <p class='ocr_par' dir='ltr' id='par_1_29' title="bbox 872 281 1657 318">
     <span class='ocr_line' id='line_1_29' title="bbox 872 281 1657 318; baseline 0.01 -11"><span class='ocrx_word' id='word_1_199' title='bbox 872 281 950 313; x_wconf 86' lang='lat' dir='ltr'><strong>titur,</strong></span> <span class='ocrx_word' id='word_1_200' title='bbox 971 282 1059 309; x_wconf 78' lang='lat' dir='ltr'><strong>Felice</strong></span> <span class='ocrx_word' id='word_1_201' title='bbox 1073 283 1101 309; x_wconf 90' lang='lat' dir='ltr'><strong>in</strong></span> <span class='ocrx_word' id='word_1_202' title='bbox 1121 284 1181 318; x_wconf 86' lang='lat' dir='ltr'><strong>ejus</strong></span> <span class='ocrx_word' id='word_1_203' title='bbox 1196 283 1287 311; x_wconf 90' lang='lat' dir='ltr'><strong>locum</strong></span> <span class='ocrx_word' id='word_1_204' title='bbox 1308 284 1343 311; x_wconf 84' lang='lat' dir='ltr'><strong>ab</strong></span> <span class='ocrx_word' id='word_1_205' title='bbox 1358 284 1514 313; x_wconf 86' lang='lat' dir='ltr'><strong>Ursacianis</strong></span> <span class='ocrx_word' id='word_1_206' title='bbox 1532 287 1657 316; x_wconf 82' lang='lat' dir='ltr'><strong>suﬁ‘ecto.</strong></span> 
     </span>
    </p>
   </div>
   <div class='ocr_carea' id='block_1_30' title="bbox 871 325 1659 365">
    <p class='ocr_par' dir='ltr' id='par_1_30' title="bbox 871 325 1659 365">
     <span class='ocr_line' id='line_1_30' title="bbox 871 325 1659 365; baseline 0.01 -13"><span class='ocrx_word' id='word_1_207' title='bbox 871 326 922 359; x_wconf 84' lang='lat' dir='ltr'><strong>Qui</strong></span> <span class='ocrx_word' id='word_1_208' title='bbox 945 326 1024 362; x_wconf 66' lang='lat' dir='ltr'><strong>1M</strong></span> <span class='ocrx_word' id='word_1_209' title='bbox 1042 336 1103 354; x_wconf 88' lang='lat' dir='ltr'><strong>cum</strong></span> <span class='ocrx_word' id='word_1_210' title='bbox 1128 333 1201 355; x_wconf 84' lang='lat' dir='ltr'><strong>esset</strong></span> <span class='ocrx_word' id='word_1_211' title='bbox 1221 329 1349 358; x_wconf 70' lang='lat' dir='ltr'><strong>Ecclesia:</strong></span> <span class='ocrx_word' id='word_1_212' title='bbox 1365 331 1494 359; x_wconf 66' lang='lat' dir='ltr'><strong>Romana:</strong></span> <span class='ocrx_word' id='word_1_213' title='bbox 1515 325 1659 365; x_wconf 86' lang='lat' dir='ltr'><strong>diaconus,</strong></span> 
     </span>
    </p>
   </div>
   <div class='ocr_carea' id='block_1_31' title="bbox 870 371 1660 413">
    <p class='ocr_par' dir='ltr' id='par_1_31' title="bbox 870 371 1660 413">
     <span class='ocr_line' id='line_1_31' title="bbox 870 371 1660 413; baseline 0.011 -16"><span class='ocrx_word' id='word_1_214' title='bbox 870 371 999 399; x_wconf 83' lang='lat' dir='ltr'><strong>Arianam</strong></span> <span class='ocrx_word' id='word_1_215' title='bbox 1022 376 1086 400; x_wconf 91' lang='lat' dir='ltr'><strong>tunc</strong></span> <span class='ocrx_word' id='word_1_216' title='bbox 1105 375 1244 409; x_wconf 81' lang='lat' dir='ltr'><strong>amplexus</strong></span> <span class='ocrx_word' id='word_1_217' title='bbox 1259 375 1412 409; x_wconf 90' lang='lat' dir='ltr'><strong>perﬁdiam,</strong></span> <span class='ocrx_word' id='word_1_218' title='bbox 1437 377 1470 404; x_wconf 83' lang='lat' dir='ltr'><strong>ad</strong></span> <span class='ocrx_word' id='word_1_219' title='bbox 1485 379 1660 413; x_wconf 74' lang='lat' dir='ltr'><strong>episcopatus</strong></span> 
     </span>
    </p>
   </div>
   <div class='ocr_carea' id='block_1_32' title="bbox 872 418 1658 458">
    <p class='ocr_par' dir='ltr' id='par_1_32' title="bbox 872 418 1658 458">
     <span class='ocr_line' id='line_1_32' title="bbox 872 418 1658 458; baseline 0.009 -14"><span class='ocrx_word' id='word_1_220' title='bbox 872 418 1004 445; x_wconf 82' lang='lat' dir='ltr'><strong>honorem</strong></span> <span class='ocrx_word' id='word_1_221' title='bbox 1024 424 1167 453; x_wconf 83' lang='lat' dir='ltr'><strong>promotus</strong></span> <span class='ocrx_word' id='word_1_222' title='bbox 1183 425 1234 448; x_wconf 82' lang='lat' dir='ltr'><strong>est.</strong></span> <span class='ocrx_word' id='word_1_223' title='bbox 1249 421 1379 449; x_wconf 86' lang='lat' dir='ltr'><strong>Nonnulli</strong></span> <span class='ocrx_word' id='word_1_224' title='bbox 1401 426 1492 450; x_wconf 87' lang='lat' dir='ltr'><strong>tamen</strong></span> <span class='ocrx_word' id='word_1_225' title='bbox 1510 424 1658 458; x_wconf 81' lang='lat' dir='ltr'><strong>alﬁrmant,</strong></span> 
     </span>
    </p>
   </div>
   <div class='ocr_carea' id='block_1_33' title="bbox 871 464 1657 503">
    <p class='ocr_par' dir='ltr' id='par_1_33' title="bbox 871 464 1657 503">
     <span class='ocr_line' id='line_1_33' title="bbox 871 464 1657 503; baseline 0.009 -13"><span class='ocrx_word' id='word_1_226' title='bbox 871 464 948 491; x_wconf 87' lang='lat' dir='ltr'><strong>illum</strong></span> <span class='ocrx_word' id='word_1_227' title='bbox 963 464 1122 499; x_wconf 90' lang='lat' dir='ltr'><strong>opinionem</strong></span> <span class='ocrx_word' id='word_1_228' title='bbox 1136 466 1266 492; x_wconf 87' lang='lat' dir='ltr'><strong>Arianam</strong></span> <span class='ocrx_word' id='word_1_229' title='bbox 1284 468 1397 495; x_wconf 90' lang='lat' dir='ltr'><strong>minime</strong></span> <span class='ocrx_word' id='word_1_230' title='bbox 1414 469 1568 503; x_wconf 86' lang='lat' dir='ltr'><strong>amplexum</strong></span> <span class='ocrx_word' id='word_1_231' title='bbox 1585 477 1657 501; x_wconf 89' lang='lat' dir='ltr'><strong>esse,</strong></span> 
     </span>
    </p>
   </div>
   <div class='ocr_carea' id='block_1_34' title="bbox 871 509 1658 545">
    <p class='ocr_par' dir='ltr' id='par_1_34' title="bbox 871 509 1658 545">
     <span class='ocr_line' id='line_1_34' title="bbox 871 509 1658 545; baseline 0.01 -10"><span class='ocrx_word' id='word_1_232' title='bbox 871 509 918 535; x_wconf 89' lang='lat' dir='ltr'><strong>sed</strong></span> <span class='ocrx_word' id='word_1_233' title='bbox 935 509 961 535; x_wconf 89' lang='lat' dir='ltr'><strong>vi</strong></span> <span class='ocrx_word' id='word_1_234' title='bbox 975 515 1007 536; x_wconf 92' lang='lat' dir='ltr'><strong>ac</strong></span> <span class='ocrx_word' id='word_1_235' title='bbox 1023 510 1185 537; x_wconf 88' lang='lat' dir='ltr'><strong>necessitate</strong></span> <span class='ocrx_word' id='word_1_236' title='bbox 1196 512 1366 545; x_wconf 89' lang='lat' dir='ltr'><strong>compulsum</strong></span> <span class='ocrx_word' id='word_1_237' title='bbox 1385 514 1585 542; x_wconf 78' lang='lat' dir='ltr'><strong>ordinationem</strong></span> <span class='ocrx_word' id='word_1_238' title='bbox 1598 523 1658 542; x_wconf 88' lang='lat' dir='ltr'><strong>sus-</strong></span> 
     </span>
    </p>
   </div>
   <div class='ocr_carea' id='block_1_35' title="bbox 870 554 1659 592">
    <p class='ocr_par' dir='ltr' id='par_1_35' title="bbox 870 554 1659 592">
     <span class='ocr_line' id='line_1_35' title="bbox 870 554 1659 592; baseline 0.009 -12"><span class='ocrx_word' id='word_1_239' title='bbox 870 554 985 589; x_wconf 84' lang='lat' dir='ltr'><strong>cepisse.</strong></span> <span class='ocrx_word' id='word_1_240' title='bbox 1003 554 1080 581; x_wconf 88' lang='lat' dir='ltr'><strong>Tunc</strong></span> <span class='ocrx_word' id='word_1_241' title='bbox 1096 554 1180 589; x_wconf 80' lang='lat' dir='ltr'><strong>igitur</strong></span> <span class='ocrx_word' id='word_1_242' title='bbox 1202 555 1229 581; x_wconf 86' lang='lat' dir='ltr'><strong>in</strong></span> <span class='ocrx_word' id='word_1_243' title='bbox 1248 555 1404 584; x_wconf 81' lang='lat' dir='ltr'><strong>Occidentis</strong></span> <span class='ocrx_word' id='word_1_244' title='bbox 1419 559 1552 592; x_wconf 86' lang='lat' dir='ltr'><strong>partibus,</strong></span> <span class='ocrx_word' id='word_1_245' title='bbox 1575 562 1659 589; x_wconf 81' lang='lat' dir='ltr'><strong>rebus</strong></span> 
     </span>
    </p>
   </div>
   <div class='ocr_carea' id='block_1_36' title="bbox 870 600 1658 641">
    <p class='ocr_par' dir='ltr' id='par_1_36' title="bbox 870 600 1658 641">
     <span class='ocr_line' id='line_1_36' title="bbox 870 600 1658 641; baseline 0.009 -15"><span class='ocrx_word' id='word_1_246' title='bbox 870 600 949 627; x_wconf 81' lang='lat' dir='ltr'><strong>novis</strong></span> <span class='ocrx_word' id='word_1_247' title='bbox 968 608 1000 627; x_wconf 87' lang='lat' dir='ltr'><strong>ac</strong></span> <span class='ocrx_word' id='word_1_248' title='bbox 1017 600 1135 627; x_wconf 90' lang='lat' dir='ltr'><strong>tumultu</strong></span> <span class='ocrx_word' id='word_1_249' title='bbox 1151 600 1230 634; x_wconf 89' lang='lat' dir='ltr'><strong>plena</strong></span> <span class='ocrx_word' id='word_1_250' title='bbox 1243 606 1322 628; x_wconf 86' lang='lat' dir='ltr'><strong>erant</strong></span> <span class='ocrx_word' id='word_1_251' title='bbox 1334 603 1443 630; x_wconf 87' lang='lat' dir='ltr'><strong>omnia:</strong></span> <span class='ocrx_word' id='word_1_252' title='bbox 1457 612 1519 632; x_wconf 89' lang='lat' dir='ltr'><strong>cum</strong></span> <span class='ocrx_word' id='word_1_253' title='bbox 1536 606 1582 632; x_wconf 88' lang='lat' dir='ltr'><strong>alii</strong></span> <span class='ocrx_word' id='word_1_254' title='bbox 1598 606 1658 641; x_wconf 89' lang='lat' dir='ltr'><strong>qui-</strong></span> 
     </span>
    </p>
   </div>
   <div class='ocr_carea' id='block_1_37' title="bbox 870 645 1655 683">
    <p class='ocr_par' dir='ltr' id='par_1_37' title="bbox 870 645 1655 683">
     <span class='ocr_line' id='line_1_37' title="bbox 870 645 1655 683; baseline 0.01 -12"><span class='ocrx_word' id='word_1_255' title='bbox 870 645 932 672; x_wconf 88' lang='lat' dir='ltr'><strong>dem</strong></span> <span class='ocrx_word' id='word_1_256' title='bbox 945 645 1158 672; x_wconf 79' lang='lat' dir='ltr'><strong>extruderentur</strong></span> <span class='ocrx_word' id='word_1_257' title='bbox 1169 649 1197 673; x_wconf 88' lang='lat' dir='ltr'><strong>et</strong></span> <span class='ocrx_word' id='word_1_258' title='bbox 1217 646 1244 672; x_wconf 90' lang='lat' dir='ltr'><strong>in</strong></span> <span class='ocrx_word' id='word_1_259' title='bbox 1264 647 1389 674; x_wconf 81' lang='lat' dir='ltr'><strong>exsilium</strong></span> <span class='ocrx_word' id='word_1_260' title='bbox 1402 649 1594 683; x_wconf 83' lang='lat' dir='ltr'><strong>mitterentur,</strong></span> <span class='ocrx_word' id='word_1_261' title='bbox 1610 653 1655 679; x_wconf 82' lang='lat' dir='ltr'><strong>alii</strong></span> 
     </span>
    </p>
   </div>
   <div class='ocr_carea' id='block_1_38' title="bbox 870 691 1658 731">
    <p class='ocr_par' dir='ltr' id='par_1_38' title="bbox 870 691 1658 731">
     <span class='ocr_line' id='line_1_38' title="bbox 870 691 1658 731; baseline 0.01 -14"><span class='ocrx_word' id='word_1_262' title='bbox 870 695 935 717; x_wconf 88' lang='lat' dir='ltr'><strong>vero</strong></span> <span class='ocrx_word' id='word_1_263' title='bbox 948 691 977 718; x_wconf 91' lang='lat' dir='ltr'><strong>in</strong></span> <span class='ocrx_word' id='word_1_264' title='bbox 987 699 1082 718; x_wconf 87' lang='lat' dir='ltr'><strong>eorum</strong></span> <span class='ocrx_word' id='word_1_265' title='bbox 1099 691 1315 726; x_wconf 84' lang='lat' dir='ltr'><strong>subrogarentur</strong></span> <span class='ocrx_word' id='word_1_266' title='bbox 1327 692 1429 720; x_wconf 91' lang='lat' dir='ltr'><strong>locum.</strong></span> <span class='ocrx_word' id='word_1_267' title='bbox 1443 693 1531 729; x_wconf 83' lang='lat' dir='ltr'><strong>Atque</strong></span> <span class='ocrx_word' id='word_1_268' title='bbox 1545 696 1602 724; x_wconf 76' lang='lat' dir='ltr'><strong>haec</strong></span> <span class='ocrx_word' id='word_1_269' title='bbox 1612 705 1658 731; x_wconf 72' lang='lat' dir='ltr'><strong>ge—</strong></span> 
     </span>
    </p>
   </div>
   <div class='ocr_carea' id='block_1_39' title="bbox 869 736 1656 773">
    <p class='ocr_par' dir='ltr' id='par_1_39' title="bbox 869 736 1656 773">
     <span class='ocr_line' id='line_1_39' title="bbox 869 736 1656 773; baseline 0.006 -11"><span class='ocrx_word' id='word_1_270' title='bbox 869 736 1047 763; x_wconf 64' lang='lat' dir='ltr'><strong>rebanturrvi</strong></span> <span class='ocrx_word' id='word_1_271' title='bbox 1065 739 1092 763; x_wconf 89' lang='lat' dir='ltr'><strong>et</strong></span> <span class='ocrx_word' id='word_1_272' title='bbox 1112 736 1276 763; x_wconf 87' lang='lat' dir='ltr'><strong>auctoritate</strong></span> <span class='ocrx_word' id='word_1_273' title='bbox 1294 737 1475 771; x_wconf 87' lang='lat' dir='ltr'><strong>imperialium</strong></span> <span class='ocrx_word' id='word_1_274' title='bbox 1491 739 1656 773; x_wconf 88' lang='lat' dir='ltr'><strong>edictorum,</strong></span> 
     </span>
    </p>
   </div>
   <div class='ocr_carea' id='block_1_40' title="bbox 869 781 1658 816">
    <p class='ocr_par' dir='ltr' id='par_1_40' title="bbox 869 781 1658 816">
     <span class='ocr_line' id='line_1_40' title="bbox 869 781 1658 816; baseline 0.005 -8"><span class='ocrx_word' id='word_1_275' title='bbox 869 789 930 815; x_wconf 66' lang='lat' dir='ltr'><strong>qua:</strong></span> <span class='ocrx_word' id='word_1_276' title='bbox 941 781 974 808; x_wconf 89' lang='lat' dir='ltr'><strong>ad</strong></span> <span class='ocrx_word' id='word_1_277' title='bbox 985 785 1077 816; x_wconf 86' lang='lat' dir='ltr'><strong>partes</strong></span> <span class='ocrx_word' id='word_1_278' title='bbox 1088 782 1170 808; x_wconf 86' lang='lat' dir='ltr'><strong>etiam</strong></span> <span class='ocrx_word' id='word_1_279' title='bbox 1177 781 1298 809; x_wconf 87' lang='lat' dir='ltr'><strong>Orientis</strong></span> <span class='ocrx_word' id='word_1_280' title='bbox 1313 783 1473 810; x_wconf 87' lang='lat' dir='ltr'><strong>transmissa</strong></span> <span class='ocrx_word' id='word_1_281' title='bbox 1484 788 1557 810; x_wconf 91' lang='lat' dir='ltr'><strong>sunt.</strong></span> <span class='ocrx_word' id='word_1_282' title='bbox 1572 784 1658 812; x_wconf 72' lang='lat' dir='ltr'><strong>Caete—</strong></span> 
     </span>
    </p>
   </div>
   <div class='ocr_carea' id='block_1_41' title="bbox 869 827 1658 862">
    <p class='ocr_par' dir='ltr' id='par_1_41' title="bbox 869 827 1658 862">
     <span class='ocr_line' id='line_1_41' title="bbox 869 827 1658 862; baseline 0.004 -8"><span class='ocrx_word' id='word_1_283' title='bbox 869 834 930 854; x_wconf 92' lang='lat' dir='ltr'><strong>rum</strong></span> <span class='ocrx_word' id='word_1_284' title='bbox 942 827 1070 854; x_wconf 83' lang='lat' dir='ltr'><strong>Liberius</strong></span> <span class='ocrx_word' id='word_1_285' title='bbox 1085 827 1158 854; x_wconf 87' lang='lat' dir='ltr'><strong>haud</strong></span> <span class='ocrx_word' id='word_1_286' title='bbox 1172 828 1259 854; x_wconf 88' lang='lat' dir='ltr'><strong>multo</strong></span> <span class='ocrx_word' id='word_1_287' title='bbox 1269 831 1332 862; x_wconf 87' lang='lat' dir='ltr'><strong>post</strong></span> <span class='ocrx_word' id='word_1_288' title='bbox 1342 828 1376 855; x_wconf 88' lang='lat' dir='ltr'><strong>ab</strong></span> <span class='ocrx_word' id='word_1_289' title='bbox 1391 829 1488 855; x_wconf 83' lang='lat' dir='ltr'><strong>exsilio</strong></span> <span class='ocrx_word' id='word_1_290' title='bbox 1502 835 1658 862; x_wconf 82' lang='lat' dir='ltr'><strong>revocatus,</strong></span> 
     </span>
    </p>
   </div>
   <div class='ocr_carea' id='block_1_42' title="bbox 867 874 1658 909">
    <p class='ocr_par' dir='ltr' id='par_1_42' title="bbox 867 874 1658 909">
     <span class='ocr_line' id='line_1_42' title="bbox 867 874 1658 909; baseline 0.004 -9"><span class='ocrx_word' id='word_1_291' title='bbox 867 874 961 901; x_wconf 84' lang='lat' dir='ltr'><strong>sedem</strong></span> <span class='ocrx_word' id='word_1_292' title='bbox 978 881 1055 900; x_wconf 89' lang='lat' dir='ltr'><strong>suam</strong></span> <span class='ocrx_word' id='word_1_293' title='bbox 1077 874 1192 909; x_wconf 89' lang='lat' dir='ltr'><strong>recepit,</strong></span> <span class='ocrx_word' id='word_1_294' title='bbox 1209 882 1271 901; x_wconf 88' lang='lat' dir='ltr'><strong>cum</strong></span> <span class='ocrx_word' id='word_1_295' title='bbox 1291 874 1409 909; x_wconf 88' lang='lat' dir='ltr'><strong>populus</strong></span> <span class='ocrx_word' id='word_1_296' title='bbox 1426 874 1576 908; x_wconf 83' lang='lat' dir='ltr'><strong>Romanus,</strong></span> <span class='ocrx_word' id='word_1_297' title='bbox 1587 876 1658 903; x_wconf 89' lang='lat' dir='ltr'><strong>sedi-</strong></span> 
     </span>
    </p>
   </div>
   <div class='ocr_carea' id='block_1_43' title="bbox 869 918 1658 956">
    <p class='ocr_par' dir='ltr' id='par_1_43' title="bbox 869 918 1658 956">
     <span class='ocr_line' id='line_1_43' title="bbox 869 918 1658 956; baseline 0.004 -10"><span class='ocrx_word' id='word_1_298' title='bbox 869 919 941 947; x_wconf 89' lang='lat' dir='ltr'><strong>tione</strong></span> <span class='ocrx_word' id='word_1_299' title='bbox 953 919 1034 952; x_wconf 81' lang='lat' dir='ltr'><strong>facta,</strong></span> <span class='ocrx_word' id='word_1_300' title='bbox 1043 919 1159 947; x_wconf 87' lang='lat' dir='ltr'><strong>Felicem</strong></span> <span class='ocrx_word' id='word_1_301' title='bbox 1169 920 1289 948; x_wconf 86' lang='lat' dir='ltr'><strong>Ecclesia</strong></span> <span class='ocrx_word' id='word_1_302' title='bbox 1301 918 1460 955; x_wconf 84' lang='lat' dir='ltr'><strong>expulisset,</strong></span> <span class='ocrx_word' id='word_1_303' title='bbox 1470 925 1498 948; x_wconf 90' lang='lat' dir='ltr'><strong>et</strong></span> <span class='ocrx_word' id='word_1_304' title='bbox 1511 922 1658 956; x_wconf 85' lang='lat' dir='ltr'><strong>imperator</strong></span> 
     </span>
    </p>
   </div>
   <div class='ocr_carea' id='block_1_44' title="bbox 868 966 1657 1002">
    <p class='ocr_par' dir='ltr' id='par_1_44' title="bbox 868 966 1657 1002">
     <span class='ocr_line' id='line_1_44' title="bbox 868 966 1657 1002; baseline 0.003 -9"><span class='ocrx_word' id='word_1_305' title='bbox 868 966 934 993; x_wconf 88' lang='lat' dir='ltr'><strong>licet</strong></span> <span class='ocrx_word' id='word_1_306' title='bbox 958 966 1061 994; x_wconf 86' lang='lat' dir='ltr'><strong>invitus</strong></span> <span class='ocrx_word' id='word_1_307' title='bbox 1082 974 1223 994; x_wconf 88' lang='lat' dir='ltr'><strong>assensum</strong></span> <span class='ocrx_word' id='word_1_308' title='bbox 1239 967 1293 994; x_wconf 88' lang='lat' dir='ltr'><strong>illis</strong></span> <span class='ocrx_word' id='word_1_309' title='bbox 1318 967 1491 1002; x_wconf 75' lang='lat' dir='ltr'><strong>praebuisset.</strong></span> <span class='ocrx_word' id='word_1_310' title='bbox 1516 967 1657 995; x_wconf 84' lang='lat' dir='ltr'><strong>Ursaciani</strong></span> 
     </span>
    </p>
   </div>
   <div class='ocr_carea' id='block_1_45' title="bbox 869 1011 1656 1048">
    <p class='ocr_par' dir='ltr' id='par_1_45' title="bbox 869 1011 1656 1048">
     <span class='ocr_line' id='line_1_45' title="bbox 869 1011 1656 1048; baseline 0.003 -10"><span class='ocrx_word' id='word_1_311' title='bbox 869 1019 945 1043; x_wconf 89' lang='lat' dir='ltr'><strong>vero,</strong></span> <span class='ocrx_word' id='word_1_312' title='bbox 958 1011 1053 1039; x_wconf 89' lang='lat' dir='ltr'><strong>relicta</strong></span> <span class='ocrx_word' id='word_1_313' title='bbox 1077 1012 1163 1044; x_wconf 84' lang='lat' dir='ltr'><strong>italia,</strong></span> <span class='ocrx_word' id='word_1_314' title='bbox 1183 1012 1215 1039; x_wconf 91' lang='lat' dir='ltr'><strong>ad</strong></span> <span class='ocrx_word' id='word_1_315' title='bbox 1235 1012 1355 1040; x_wconf 87' lang='lat' dir='ltr'><strong>Orientis</strong></span> <span class='ocrx_word' id='word_1_316' title='bbox 1370 1016 1462 1047; x_wconf 88' lang='lat' dir='ltr'><strong>partes</strong></span> <span class='ocrx_word' id='word_1_317' title='bbox 1482 1015 1656 1048; x_wconf 75' lang='lat' dir='ltr'><strong>transgressi,</strong></span> 
     </span>
    </p>
   </div>
   <div class='ocr_carea' id='block_1_46' title="bbox 868 1058 1658 1094">
    <p class='ocr_par' dir='ltr' id='par_1_46' title="bbox 868 1058 1658 1094">
     <span class='ocr_line' id='line_1_46' title="bbox 868 1058 1658 1094; baseline 0.003 -9"><span class='ocrx_word' id='word_1_318' title='bbox 868 1058 953 1085; x_wconf 84' lang='lat' dir='ltr'><strong>Nicen</strong></span> <span class='ocrx_word' id='word_1_319' title='bbox 966 1066 1077 1090; x_wconf 83' lang='lat' dir='ltr'><strong>venere,</strong></span> <span class='ocrx_word' id='word_1_320' title='bbox 1089 1059 1162 1093; x_wconf 91' lang='lat' dir='ltr'><strong>quod</strong></span> <span class='ocrx_word' id='word_1_321' title='bbox 1173 1063 1216 1086; x_wconf 87' lang='lat' dir='ltr'><strong>est</strong></span> <span class='ocrx_word' id='word_1_322' title='bbox 1225 1059 1355 1094; x_wconf 87' lang='lat' dir='ltr'><strong>oppidum</strong></span> <span class='ocrx_word' id='word_1_323' title='bbox 1372 1059 1506 1086; x_wconf 62' lang='lat' dir='ltr'><strong>Thracia‘.</strong></span> <span class='ocrx_word' id='word_1_324' title='bbox 1522 1059 1580 1086; x_wconf 91' lang='lat' dir='ltr'><strong>[llic</strong></span> <span class='ocrx_word' id='word_1_325' title='bbox 1600 1068 1658 1087; x_wconf 89' lang='lat' dir='ltr'><strong>mo—</strong></span> 
     </span>
    </p>
   </div>
   <div class='ocr_carea' id='block_1_47' title="bbox 868 1095 1658 1138">
    <p class='ocr_par' dir='ltr' id='par_1_47' title="bbox 868 1095 1658 1138">
     <span class='ocr_line' id='line_1_47' title="bbox 868 1095 1658 1138; baseline 0.001 -7"><span class='ocrx_word' id='word_1_326' title='bbox 868 1104 930 1131; x_wconf 87' lang='lat' dir='ltr'><strong>dico</strong></span> <span class='ocrx_word' id='word_1_327' title='bbox 961 1108 1082 1138; x_wconf 88' lang='lat' dir='ltr'><strong>tempore</strong></span> <span class='ocrx_word' id='word_1_328' title='bbox 1106 1095 1276 1135; x_wconf 72' lang='lat' dir='ltr'><strong>commorali,</strong></span> <span class='ocrx_word' id='word_1_329' title='bbox 1295 1104 1368 1131; x_wconf 87' lang='lat' dir='ltr'><strong>aliud</strong></span> <span class='ocrx_word' id='word_1_330' title='bbox 1398 1104 1425 1130; x_wconf 92' lang='lat' dir='ltr'><strong>in</strong></span> <span class='ocrx_word' id='word_1_331' title='bbox 1437 1111 1470 1130; x_wconf 88' lang='lat' dir='ltr'><strong>eo</strong></span> <span class='ocrx_word' id='word_1_332' title='bbox 1483 1104 1542 1131; x_wconf 92' lang='lat' dir='ltr'><strong>loco</strong></span> <span class='ocrx_word' id='word_1_333' title='bbox 1565 1104 1658 1132; x_wconf 86' lang='lat' dir='ltr'><strong>fecere</strong></span> 
     </span>
    </p>
   </div>
   <div class='ocr_carea' id='block_1_48' title="bbox 867 1150 1657 1184">
    <p class='ocr_par' dir='ltr' id='par_1_48' title="bbox 867 1150 1657 1184">
     <span class='ocr_line' id='line_1_48' title="bbox 867 1150 1657 1184; baseline 0.001 -8"><span class='ocrx_word' id='word_1_334' title='bbox 867 1150 1023 1178; x_wconf 78' lang='lat' dir='ltr'><strong>concilium.</strong></span> <span class='ocrx_word' id='word_1_335' title='bbox 1047 1151 1081 1177; x_wconf 86' lang='lat' dir='ltr'><strong>Et</strong></span> <span class='ocrx_word' id='word_1_336' title='bbox 1100 1150 1298 1184; x_wconf 77' lang='lat' dir='ltr'><strong>expositionem</strong></span> <span class='ocrx_word' id='word_1_337' title='bbox 1322 1150 1385 1177; x_wconf 91' lang='lat' dir='ltr'><strong>ﬁdei</strong></span> <span class='ocrx_word' id='word_1_338' title='bbox 1409 1158 1469 1184; x_wconf 69' lang='lat' dir='ltr'><strong>qua:</strong></span> <span class='ocrx_word' id='word_1_339' title='bbox 1485 1150 1555 1177; x_wconf 87' lang='lat' dir='ltr'><strong>lecta</strong></span> <span class='ocrx_word' id='word_1_340' title='bbox 1568 1150 1657 1177; x_wconf 80' lang='lat' dir='ltr'><strong>fuerat</strong></span> 
     </span>
    </p>
   </div>
   <div class='ocr_carea' id='block_1_49' title="bbox 867 1193 1656 1229">
    <p class='ocr_par' dir='ltr' id='par_1_49' title="bbox 867 1193 1656 1229">
     <span class='ocr_line' id='line_1_49' title="bbox 867 1193 1656 1229; baseline 0.001 -7"><span class='ocrx_word' id='word_1_341' title='bbox 867 1193 1000 1229; x_wconf 81' lang='lat' dir='ltr'><strong>Arimini,</strong></span> <span class='ocrx_word' id='word_1_342' title='bbox 1016 1195 1043 1223; x_wconf 93' lang='lat' dir='ltr'><strong>in</strong></span> <span class='ocrx_word' id='word_1_343' title='bbox 1052 1196 1177 1224; x_wconf 70' lang='lat' dir='ltr'><strong>Grmcum</strong></span> <span class='ocrx_word' id='word_1_344' title='bbox 1192 1203 1346 1224; x_wconf 90' lang='lat' dir='ltr'><strong>sermonem</strong></span> <span class='ocrx_word' id='word_1_345' title='bbox 1363 1196 1570 1229; x_wconf 77' lang='lat' dir='ltr'><strong>transferentes,</strong></span> <span class='ocrx_word' id='word_1_346' title='bbox 1585 1196 1656 1223; x_wconf 87' lang='lat' dir='ltr'><strong>sicut</strong></span> 
     </span>
    </p>
   </div>
   <div class='ocr_carea' id='block_1_50' title="bbox 625 1282 1055 1312">
    <p class='ocr_par' dir='ltr' id='par_1_50' title="bbox 625 1282 1055 1312">
     <span class='ocr_line' id='line_1_50' title="bbox 625 1282 1055 1312; baseline -0.005 0"><span class='ocrx_word' id='word_1_347' title='bbox 625 1282 761 1312; x_wconf 71' lang='lat' dir='ltr'><strong>VALESII</strong></span> <span class='ocrx_word' id='word_1_348' title='bbox 782 1283 1055 1312; x_wconf 73' lang='lat' dir='ltr'><strong>ANNOTATIONES.</strong></span> 
     </span>
    </p>
   </div>
   <div class='ocr_carea' id='block_1_51' title="bbox 49 1339 815 1403">
    <p class='ocr_par' dir='ltr' id='par_1_51' title="bbox 49 1339 815 1403">
     <span class='ocr_line' id='line_1_51' title="bbox 49 1339 815 1403; baseline -0.001 -34"><span class='ocrx_word' id='word_1_349' title='bbox 49 1341 181 1403; x_wconf 76' lang='grc' dir='ltr'><strong>Καὶ</strong></span> <span class='ocrx_word' id='word_1_350' title='bbox 210 1340 250 1376; x_wconf 77' lang='grc' dir='ltr'>τῇ</span> <span class='ocrx_word' id='word_1_351' title='bbox 271 1339 407 1376; x_wconf 77' lang='grc' dir='ltr'>’Λρειανῇ</span> <span class='ocrx_word' id='word_1_352' title='bbox 428 1340 502 1376; x_wconf 79' lang='grc' dir='ltr'><strong>δόξῃ</strong></span> <span class='ocrx_word' id='word_1_353' title='bbox 518 1342 578 1376; x_wconf 82' lang='grc' dir='ltr'><strong>ἅμα</strong></span> <span class='ocrx_word' id='word_1_354' title='bbox 600 1342 644 1368; x_wconf 77' lang='grc' dir='ltr'><strong>δέ.</strong></span> <span class='ocrx_word' id='word_1_355' title='bbox 671 1341 701 1368; x_wconf 88' lang='lat' dir='ltr'><strong>In</strong></span> <span class='ocrx_word' id='word_1_356' title='bbox 730 1341 815 1377; x_wconf 75' lang='lat' dir='ltr'><strong>Regio</strong></span> 
     </span>
     <span class='ocr_line' id='line_1_52' title="bbox 81 1376 815 1403; baseline 0 0"><span class='ocrx_word' id='word_1_357' title='bbox 81 1385 118 1403; x_wconf 87' lang='lat' dir='ltr'><strong>ice</strong></span> <span class='ocrx_word' id='word_1_358' title='bbox 131 1385 184 1403; x_wconf 90' lang='lat' dir='ltr'><strong>ouo</strong></span> <span class='ocrx_word' id='word_1_359' title='bbox 195 1384 265 1403; x_wconf 87' lang='lat' dir='ltr'><strong>usus</strong></span> <span class='ocrx_word' id='word_1_360' title='bbox 287 1382 330 1403; x_wconf 87' lang='lat' dir='ltr'><strong>est</strong></span> <span class='ocrx_word' id='word_1_361' title='bbox 346 1377 484 1403; x_wconf 70' lang='lat' dir='ltr'><strong>Robertus</strong></span> <span class='ocrx_word' id='word_1_362' title='bbox 497 1376 662 1403; x_wconf 81' lang='lat' dir='ltr'><strong>Stephanus.</strong></span> <span class='ocrx_word' id='word_1_363' title='bbox 683 1381 745 1403; x_wconf 80' lang='lat' dir='ltr'><strong>post</strong></span> <span class='ocrx_word' id='word_1_364' title='bbox 765 1385 815 1403; x_wconf 84' lang='lat' dir='ltr'><strong>vo—</strong></span> 
     </span>
    </p>
   </div>
   <div class='ocr_carea' id='block_1_52' title="bbox 36 1376 816 1447">
    <p class='ocr_par' dir='ltr' id='par_1_52' title="bbox 36 1376 816 1447">
     <span class='ocr_line' id='line_1_53' title="bbox 36 1376 815 1412; baseline -0.001 -8"><span class='ocrx_word' id='word_1_365' title='bbox 36 1376 118 1404; x_wconf 79' lang='lat' dir='ltr'><strong>codice</strong></span> <span class='ocrx_word' id='word_1_366' title='bbox 131 1385 184 1412; x_wconf 91' lang='lat' dir='ltr'><strong>quo</strong></span> <span class='ocrx_word' id='word_1_367' title='bbox 195 1384 265 1404; x_wconf 85' lang='lat' dir='ltr'><strong>usus</strong></span> <span class='ocrx_word' id='word_1_368' title='bbox 287 1382 330 1404; x_wconf 88' lang='lat' dir='ltr'><strong>est</strong></span> <span class='ocrx_word' id='word_1_369' title='bbox 346 1377 484 1404; x_wconf 71' lang='lat' dir='ltr'><strong>Robertus</strong></span> <span class='ocrx_word' id='word_1_370' title='bbox 497 1376 662 1411; x_wconf 87' lang='lat' dir='ltr'><strong>Stephanus,</strong></span> <span class='ocrx_word' id='word_1_371' title='bbox 683 1381 745 1412; x_wconf 91' lang='lat' dir='ltr'><strong>post</strong></span> <span class='ocrx_word' id='word_1_372' title='bbox 765 1385 815 1403; x_wconf 84' lang='lat' dir='ltr'><strong>vo—</strong></span> 
     </span>
     <span class='ocr_line' id='line_1_54' title="bbox 36 1412 816 1447; baseline -0.001 -8"><span class='ocrx_word' id='word_1_373' title='bbox 36 1420 85 1439; x_wconf 82' lang='lat' dir='ltr'><strong>cem</strong></span> <span class='ocrx_word' id='word_1_374' title='bbox 100 1413 153 1444; x_wconf 72' lang='lat' dir='ltr'><strong>xui,</strong></span> <span class='ocrx_word' id='word_1_375' title='bbox 169 1412 223 1439; x_wconf 85' lang='lat' dir='ltr'><strong>tria</strong></span> <span class='ocrx_word' id='word_1_376' title='bbox 237 1415 339 1447; x_wconf 84' lang='lat' dir='ltr'><strong>puncta</strong></span> <span class='ocrx_word' id='word_1_377' title='bbox 349 1419 467 1447; x_wconf 88' lang='lat' dir='ltr'><strong>superne</strong></span> <span class='ocrx_word' id='word_1_378' title='bbox 477 1416 571 1439; x_wconf 86' lang='lat' dir='ltr'><strong>notata</strong></span> <span class='ocrx_word' id='word_1_379' title='bbox 591 1416 671 1447; x_wconf 78' lang='lat' dir='ltr'><strong>sunt,</strong></span> <span class='ocrx_word' id='word_1_380' title='bbox 683 1419 744 1445; x_wconf 65' lang='lat' dir='ltr'><strong>quae</strong></span> <span class='ocrx_word' id='word_1_381' title='bbox 766 1412 816 1438; x_wconf 81' lang='lat' dir='ltr'><strong>ali-</strong></span> 
     </span>
    </p>
   </div>
   <div class='ocr_carea' id='block_1_53' title="bbox 35 1420 816 1510">
    <p class='ocr_par' dir='ltr' id='par_1_53' title="bbox 35 1420 816 1510">
     <span class='ocr_line' id='line_1_55' title="bbox 36 1420 816 1447; baseline -0.001 -8"><span class='ocrx_word' id='word_1_382' title='bbox 36 1420 85 1439; x_wconf 84' lang='lat' dir='ltr'><strong>cem</strong></span> <span class='ocrx_word' id='word_1_383' title='bbox 100 1420 153 1444; x_wconf 72' lang='lat' dir='ltr'><strong>xui,</strong></span> <span class='ocrx_word' id='word_1_384' title='bbox 169 1420 223 1439; x_wconf 84' lang='lat' dir='ltr'><strong>tria</strong></span> <span class='ocrx_word' id='word_1_385' title='bbox 237 1420 339 1447; x_wconf 77' lang='lat' dir='ltr'><strong>puncta</strong></span> <span class='ocrx_word' id='word_1_386' title='bbox 349 1420 467 1447; x_wconf 89' lang='lat' dir='ltr'><strong>superne</strong></span> <span class='ocrx_word' id='word_1_387' title='bbox 477 1420 571 1439; x_wconf 84' lang='lat' dir='ltr'><strong>notata</strong></span> <span class='ocrx_word' id='word_1_388' title='bbox 596 1420 671 1443; x_wconf 72' lang='lat' dir='ltr'><strong>sunt,</strong></span> <span class='ocrx_word' id='word_1_389' title='bbox 683 1420 744 1445; x_wconf 76' lang='lat' dir='ltr'><strong>quze</strong></span> <span class='ocrx_word' id='word_1_390' title='bbox 766 1420 816 1438; x_wconf 83' lang='lat' dir='ltr'><strong>an-</strong></span> 
     </span>
     <span class='ocr_line' id='line_1_56' title="bbox 35 1446 816 1482; baseline -0.001 -8"><span class='ocrx_word' id='word_1_391' title='bbox 35 1448 92 1482; x_wconf 87' lang='lat' dir='ltr'><strong>quid</strong></span> <span class='ocrx_word' id='word_1_392' title='bbox 106 1448 150 1475; x_wconf 87' lang='lat' dir='ltr'><strong>hic</strong></span> <span class='ocrx_word' id='word_1_393' title='bbox 160 1447 260 1475; x_wconf 85' lang='lat' dir='ltr'><strong>deesse</strong></span> <span class='ocrx_word' id='word_1_394' title='bbox 280 1447 444 1482; x_wconf 74' lang='lat' dir='ltr'><strong>signiﬁcant.</strong></span> <span class='ocrx_word' id='word_1_395' title='bbox 458 1447 514 1474; x_wconf 83' lang='lat' dir='ltr'><strong>Nos</strong></span> <span class='ocrx_word' id='word_1_396' title='bbox 534 1454 569 1474; x_wconf 85' lang='lat' dir='ltr'><strong>ex</strong></span> <span class='ocrx_word' id='word_1_397' title='bbox 582 1446 691 1474; x_wconf 90' lang='lat' dir='ltr'><strong>duobus</strong></span> <span class='ocrx_word' id='word_1_398' title='bbox 704 1447 816 1481; x_wconf 88' lang='lat' dir='ltr'><strong>optimis</strong></span> 
     </span>
     <span class='ocr_line' id='line_1_57' title="bbox 36 1481 814 1510; baseline 0 -2"><span class='ocrx_word' id='word_1_399' title='bbox 36 1482 339 1510; x_wconf 85' lang='lat' dir='ltr'><strong>codicibus.F|orentino</strong></span> <span class='ocrx_word' id='word_1_400' title='bbox 350 1489 381 1509; x_wconf 83' lang='lat' dir='ltr'><strong>ac</strong></span> <span class='ocrx_word' id='word_1_401' title='bbox 393 1481 679 1510; x_wconf 63' lang='lat' dir='ltr'><strong>Sfortianodnsiunem</strong></span> <span class='ocrx_word' id='word_1_402' title='bbox 690 1481 814 1509; x_wconf 86' lang='lat' dir='ltr'><strong>lacunam</strong></span> 
     </span>
    </p>
   </div>
   <div class='ocr_carea' id='block_1_54' title="bbox 36 1489 849 1558">
    <p class='ocr_par' dir='ltr' id='par_1_54' title="bbox 36 1489 849 1558">
     <span class='ocr_line' id='line_1_58' title="bbox 36 1489 814 1516; baseline 0 -8"><span class='ocrx_word' id='word_1_403' title='bbox 36 1489 192 1514; x_wconf 65' lang='lat' dir='ltr'><strong>CMICIWSJ‘</strong></span> <span class='ocrx_word' id='word_1_404' title='bbox 200 1489 339 1510; x_wconf 87' lang='lat' dir='ltr'><strong>Iorenuno</strong></span> <span class='ocrx_word' id='word_1_405' title='bbox 350 1489 381 1509; x_wconf 83' lang='lat' dir='ltr'><strong>ac</strong></span> <span class='ocrx_word' id='word_1_406' title='bbox 393 1489 679 1516; x_wconf 64' lang='lat' dir='ltr'><strong>mornanounsngnem</strong></span> <span class='ocrx_word' id='word_1_407' title='bbox 691 1489 814 1509; x_wconf 83' lang='lat' dir='ltr'><strong>lacunam</strong></span> 
     </span>
     <span class='ocr_line' id='line_1_59' title="bbox 36 1516 849 1558; baseline -0.001 -15"><span class='ocrx_word' id='word_1_408' title='bbox 36 1518 106 1558; x_wconf 64' lang='lat' dir='ltr'><strong>hujus</strong></span> <span class='ocrx_word' id='word_1_409' title='bbox 117 1518 176 1558; x_wconf 50' lang='lat' dir='ltr'><strong>lo-cl_</strong></span> <span class='ocrx_word' id='word_1_410' title='bbox 187 1517 387 1558; x_wconf 68' lang='lat' dir='ltr'><strong>supplevimus.</strong></span> <span class='ocrx_word' id='word_1_411' title='bbox 400 1517 496 1558; x_wconf 73' lang='lat' dir='ltr'><strong>_Porro</strong></span> <span class='ocrx_word' id='word_1_412' title='bbox 517 1517 635 1558; x_wconf 67' lang='lat' dir='ltr'><strong>Felicem</strong></span> <span class='ocrx_word' id='word_1_413' title='bbox 656 1516 813 1558; x_wconf 76' lang='lat' dir='ltr'><strong>diaconum,</strong></span> <span class='ocrx_word' id='word_1_414' title='bbox 829 1518 849 1547; x_wconf 87' lang='lat' dir='ltr'><strong>C.</strong></span> 
     </span>
    </p>
   </div>
   <div class='ocr_carea' id='block_1_55' title="bbox 34 1551 813 1587">
    <p class='ocr_par' dir='ltr' id='par_1_55' title="bbox 34 1551 813 1587">
     <span class='ocr_line' id='line_1_60' title="bbox 34 1551 813 1587; baseline -0.001 -8"><span class='ocrx_word' id='word_1_415' title='bbox 34 1553 112 1587; x_wconf 85' lang='lat' dir='ltr'><strong>quiin</strong></span> <span class='ocrx_word' id='word_1_416' title='bbox 137 1551 251 1580; x_wconf 32' lang='lat' dir='ltr'><strong>Liberii’</strong></span> <span class='ocrx_word' id='word_1_417' title='bbox 270 1553 360 1579; x_wconf 88' lang='lat' dir='ltr'><strong>locum</strong></span> <span class='ocrx_word' id='word_1_418' title='bbox 383 1552 417 1578; x_wconf 89' lang='lat' dir='ltr'><strong>ab</strong></span> <span class='ocrx_word' id='word_1_419' title='bbox 446 1551 545 1579; x_wconf 80' lang='lat' dir='ltr'><strong>Acacio</strong></span> <span class='ocrx_word' id='word_1_420' title='bbox 574 1552 739 1586; x_wconf 75' lang='lat' dir='ltr'><strong>subrogatus</strong></span> <span class='ocrx_word' id='word_1_421' title='bbox 761 1556 813 1582; x_wconf 85' lang='lat' dir='ltr'><strong>est,</strong></span> 
     </span>
    </p>
   </div>
   <div class='ocr_carea' id='block_1_56' title="bbox 34 1587 811 1623">
    <p class='ocr_par' dir='ltr' id='par_1_56' title="bbox 34 1587 811 1623">
     <span class='ocr_line' id='line_1_61' title="bbox 34 1587 811 1623; baseline -0.001 -8"><span class='ocrx_word' id='word_1_422' title='bbox 34 1595 162 1623; x_wconf 84' lang='lat' dir='ltr'><strong>nunquam</strong></span> <span class='ocrx_word' id='word_1_423' title='bbox 180 1587 315 1615; x_wconf 80' lang='lat' dir='ltr'><strong>Arianum</strong></span> <span class='ocrx_word' id='word_1_424' title='bbox 332 1587 416 1614; x_wconf 84' lang='lat' dir='ltr'><strong>fuisse</strong></span> <span class='ocrx_word' id='word_1_425' title='bbox 437 1587 580 1614; x_wconf 81' lang='lat' dir='ltr'><strong>contendit</strong></span> <span class='ocrx_word' id='word_1_426' title='bbox 599 1587 749 1623; x_wconf 56' lang='lat' dir='ltr'><strong>Baronius,</strong></span> <span class='ocrx_word' id='word_1_427' title='bbox 760 1587 811 1623; x_wconf 73' lang='lat' dir='ltr'><strong>sed</strong></span> 
     </span>
    </p>
   </div>
   <div class='ocr_carea' id='block_1_57' title="bbox 35 1622 814 1656">
    <p class='ocr_par' dir='ltr' id='par_1_57' title="bbox 35 1622 814 1656">
     <span class='ocr_line' id='line_1_62' title="bbox 35 1622 814 1656; baseline -0.001 -6"><span class='ocrx_word' id='word_1_428' title='bbox 35 1622 185 1650; x_wconf 83' lang='lat' dir='ltr'><strong>Arianorum</strong></span> <span class='ocrx_word' id='word_1_429' title='bbox 207 1623 340 1650; x_wconf 85' lang='lat' dir='ltr'><strong>duntaxat</strong></span> <span class='ocrx_word' id='word_1_430' title='bbox 354 1622 546 1650; x_wconf 89' lang='lat' dir='ltr'><strong>communione</strong></span> <span class='ocrx_word' id='word_1_431' title='bbox 573 1622 720 1656; x_wconf 88' lang='lat' dir='ltr'><strong>pollutum.</strong></span> <span class='ocrx_word' id='word_1_432' title='bbox 740 1622 814 1649; x_wconf 83' lang='lat' dir='ltr'><strong>idem</strong></span> 
     </span>
    </p>
   </div>
   <div class='ocr_carea' id='block_1_58' title="bbox 35 1656 629 1696">
    <p class='ocr_par' dir='ltr' id='par_1_58' title="bbox 35 1656 629 1696">
     <span class='ocr_line' id='line_1_63' title="bbox 35 1656 629 1696; baseline 0.002 -13"><span class='ocrx_word' id='word_1_433' title='bbox 35 1657 340 1696; x_wconf 24' lang='lat' dir='ltr'><strong>allirmati&#39;ljheodoritus</strong></span> <span class='ocrx_word' id='word_1_434' title='bbox 353 1656 446 1696; x_wconf 80' lang='lat' dir='ltr'><strong>in_lib.</strong></span> <span class='ocrx_word' id='word_1_435' title='bbox 458 1665 476 1696; x_wconf 74' lang='grc' dir='ltr'><strong>ιι</strong></span> <span class='ocrx_word' id='word_1_436' title='bbox 492 1657 629 1696; x_wconf 74' lang='lat' dir='ltr'><strong>llistorizc.</strong></span> 
     </span>
    </p>
   </div>
   <div class='ocr_carea' id='block_1_59' title="bbox 65 1691 812 1727">
    <p class='ocr_par' dir='ltr' id='par_1_59' title="bbox 65 1691 812 1727">
     <span class='ocr_line' id='line_1_64' title="bbox 65 1691 812 1727; baseline -0.003 -7"><span class='ocrx_word' id='word_1_437' title='bbox 65 1693 115 1727; x_wconf 76' lang='lat'><strong>(55)</strong></span> <span class='ocrx_word' id='word_1_438' title='bbox 139 1694 193 1726; x_wconf 85' lang='grc' dir='ltr'><strong>ΒΙᾳ</strong></span> <span class='ocrx_word' id='word_1_439' title='bbox 210 1694 259 1719; x_wconf 71' lang='grc' dir='ltr'><strong>καὶ</strong></span> <span class='ocrx_word' id='word_1_440' title='bbox 286 1692 347 1727; x_wconf 77' lang='grc' dir='ltr'>τῶν</span> <span class='ocrx_word' id='word_1_441' title='bbox 371 1691 543 1724; x_wconf 76' lang='grc' dir='ltr'>βασιλικῶν</span> <span class='ocrx_word' id='word_1_442' title='bbox 568 1691 812 1726; x_wconf 75' lang='grc' dir='ltr'>προσταγμάτων.</span> 
     </span>
    </p>
   </div>
   <div class='ocr_carea' id='block_1_60' title="bbox 35 1726 816 1763">
    <p class='ocr_par' dir='ltr' id='par_1_60' title="bbox 35 1726 816 1763">
     <span class='ocr_line' id='line_1_65' title="bbox 35 1726 816 1763; baseline -0.001 -9"><span class='ocrx_word' id='word_1_443' title='bbox 35 1726 202 1756; x_wconf 81' lang='lat' dir='ltr'><strong>Scribendum</strong></span> <span class='ocrx_word' id='word_1_444' title='bbox 221 1731 290 1763; x_wconf 88' lang='lat' dir='ltr'><strong>puto</strong></span> <span class='ocrx_word' id='word_1_445' title='bbox 306 1726 352 1762; x_wconf 69' lang='grc' dir='ltr'><strong>βίᾳ</strong></span> <span class='ocrx_word' id='word_1_446' title='bbox 367 1727 415 1754; x_wconf 72' lang='grc' dir='ltr'><strong>καὶ</strong></span> <span class='ocrx_word' id='word_1_447' title='bbox 429 1728 461 1754; x_wconf 81' lang='grc' dir='ltr'>ὲκ</span> <span class='ocrx_word' id='word_1_448' title='bbox 480 1726 535 1754; x_wconf 68' lang='grc' dir='ltr'><strong>Ιτῶν</strong></span> <span class='ocrx_word' id='word_1_449' title='bbox 548 1727 609 1762; x_wconf 83' lang='grc' dir='ltr'>βασ,</span> <span class='ocrx_word' id='word_1_450' title='bbox 641 1727 816 1763; x_wconf 81' lang='grc' dir='ltr'><strong>προσταγμά-</strong></span> 
     </span>
    </p>
   </div>
   <div class='ocr_carea' id='block_1_61' title="bbox 34 1771 88 1790">
    <p class='ocr_par' dir='ltr' id='par_1_61' title="bbox 34 1771 88 1790">
     <span class='ocr_line' id='line_1_66' title="bbox 34 1771 88 1790; baseline 0.037 -2"><span class='ocrx_word' id='word_1_451' title='bbox 34 1771 79 1789; x_wconf 79' lang='grc' dir='ltr'><strong>των</strong></span> <span class='ocrx_word' id='word_1_452' title='bbox 82 1782 88 1790; x_wconf 76' lang='grc' dir='ltr'><strong>ι</strong></span> 
     </span>
    </p>
   </div>
   <div class='ocr_carea' id='block_1_62' title="bbox 902 1341 1653 1378">
    <p class='ocr_par' dir='ltr' id='par_1_62' title="bbox 902 1341 1653 1378">
     <span class='ocr_line' id='line_1_67' title="bbox 902 1341 1653 1378; baseline 0.001 -9"><span class='ocrx_word' id='word_1_453' title='bbox 902 1342 957 1378; x_wconf 69' lang='grc'><strong>(54)</strong></span> <span class='ocrx_word' id='word_1_454' title='bbox 986 1342 1111 1378; x_wconf 55' lang='grc' dir='ltr'><strong>’Ἐς-ερον</strong></span> <span class='ocrx_word' id='word_1_455' title='bbox 1142 1342 1296 1378; x_wconf 55' lang='grc' dir='ltr'><strong>ἶποιοῦνται</strong></span> <span class='ocrx_word' id='word_1_456' title='bbox 1323 1341 1365 1378; x_wconf 20' lang='grc' dir='ltr'><strong>ἐπνν</strong></span> <span class='ocrx_word' id='word_1_457' title='bbox 1379 1342 1456 1378; x_wconf 67' lang='grc' dir='ltr'>αὐτῇ</span> <span class='ocrx_word' id='word_1_458' title='bbox 1470 1343 1653 1378; x_wconf 21' lang='grc' dir='ltr'><strong>γσυνέδριον.</strong></span> 
     </span>
    </p>
   </div>
   <div class='ocr_carea' id='block_1_63' title="bbox 865 1376 1654 1412">
    <p class='ocr_par' dir='ltr' id='par_1_63' title="bbox 865 1376 1654 1412">
     <span class='ocr_line' id='line_1_68' title="bbox 865 1376 1654 1412; baseline 0.003 -9"><span class='ocrx_word' id='word_1_459' title='bbox 865 1376 958 1411; x_wconf 66' lang='lat' dir='ltr'><strong>Legati</strong></span> <span class='ocrx_word' id='word_1_460' title='bbox 983 1376 1164 1403; x_wconf 82' lang='lat' dir='ltr'><strong>Ariminensis</strong></span> <span class='ocrx_word' id='word_1_461' title='bbox 1194 1377 1289 1412; x_wconf 75' lang='lat' dir='ltr'><strong>synodi</strong></span> <span class='ocrx_word' id='word_1_462' title='bbox 1314 1377 1367 1412; x_wconf 83' lang='lat' dir='ltr'><strong>qui</strong></span> <span class='ocrx_word' id='word_1_463' title='bbox 1401 1377 1435 1404; x_wconf 89' lang='lat' dir='ltr'><strong>ad</strong></span> <span class='ocrx_word' id='word_1_464' title='bbox 1463 1377 1654 1405; x_wconf 85' lang='lat' dir='ltr'><strong>Constantium</strong></span> 
     </span>
    </p>
   </div>
   <div class='ocr_carea' id='block_1_64' title="bbox 864 1411 1655 1446">
    <p class='ocr_par' dir='ltr' id='par_1_64' title="bbox 864 1411 1655 1446">
     <span class='ocr_line' id='line_1_69' title="bbox 864 1411 1655 1446; baseline 0.001 -7"><span class='ocrx_word' id='word_1_465' title='bbox 864 1412 941 1439; x_wconf 83' lang='lat' dir='ltr'><strong>missi</strong></span> <span class='ocrx_word' id='word_1_466' title='bbox 957 1412 1075 1443; x_wconf 88' lang='lat' dir='ltr'><strong>fuerant,</strong></span> <span class='ocrx_word' id='word_1_467' title='bbox 1095 1419 1157 1438; x_wconf 90' lang='lat' dir='ltr'><strong>cum</strong></span> <span class='ocrx_word' id='word_1_468' title='bbox 1170 1411 1292 1446; x_wconf 87' lang='lat' dir='ltr'><strong>corrupti</strong></span> <span class='ocrx_word' id='word_1_469' title='bbox 1308 1411 1425 1439; x_wconf 80' lang='lat' dir='ltr'><strong>fuissent</strong></span> <span class='ocrx_word' id='word_1_470' title='bbox 1442 1412 1476 1438; x_wconf 92' lang='lat' dir='ltr'><strong>ab</strong></span> <span class='ocrx_word' id='word_1_471' title='bbox 1494 1412 1607 1440; x_wconf 89' lang='lat' dir='ltr'><strong>Ursacio</strong></span> <span class='ocrx_word' id='word_1_472' title='bbox 1627 1418 1655 1440; x_wconf 87' lang='lat' dir='ltr'><strong>et</strong></span> 
     </span>
    </p>
   </div>
   <div class='ocr_carea' id='block_1_65' title="bbox 865 1446 1655 1482">
    <p class='ocr_par' dir='ltr' id='par_1_65' title="bbox 865 1446 1655 1482">
     <span class='ocr_line' id='line_1_70' title="bbox 865 1446 1655 1482; baseline 0.001 -8"><span class='ocrx_word' id='word_1_473' title='bbox 865 1447 987 1477; x_wconf 78' lang='lat' dir='ltr'><strong>Valente,</strong></span> <span class='ocrx_word' id='word_1_474' title='bbox 1004 1446 1151 1474; x_wconf 83' lang='lat' dir='ltr'><strong>concilium</strong></span> <span class='ocrx_word' id='word_1_475' title='bbox 1170 1446 1346 1482; x_wconf 72' lang='lat' dir='ltr'><strong>celebrarunt</strong></span> <span class='ocrx_word' id='word_1_476' title='bbox 1364 1447 1390 1474; x_wconf 93' lang='lat' dir='ltr'><strong>in</strong></span> <span class='ocrx_word' id='word_1_477' title='bbox 1411 1447 1512 1482; x_wconf 91' lang='lat' dir='ltr'><strong>oppido</strong></span> <span class='ocrx_word' id='word_1_478' title='bbox 1532 1447 1655 1475; x_wconf 73' lang='lat' dir='ltr'><strong>Thracia:</strong></span> 
     </span>
    </p>
   </div>
   <div class='ocr_carea' id='block_1_66' title="bbox 865 1481 1654 1518">
    <p class='ocr_par' dir='ltr' id='par_1_66' title="bbox 865 1481 1654 1518">
     <span class='ocr_line' id='line_1_71' title="bbox 865 1481 1654 1518; baseline 0.003 -10"><span class='ocrx_word' id='word_1_479' title='bbox 865 1482 937 1518; x_wconf 60' lang='lat' dir='ltr'><strong>Mea:</strong></span> <span class='ocrx_word' id='word_1_480' title='bbox 953 1484 961 1492; x_wconf 84' lang='lat'><strong>&#39;</strong></span> <span class='ocrx_word' id='word_1_481' title='bbox 976 1490 1001 1508; x_wconf 70' lang='grc' dir='ltr'>γι</span> <span class='ocrx_word' id='word_1_482' title='bbox 1021 1482 1084 1518; x_wconf 79' lang='lat' dir='ltr'><strong>ldus</strong></span> <span class='ocrx_word' id='word_1_483' title='bbox 1099 1481 1226 1518; x_wconf 83' lang='lat' dir='ltr'><strong>Octobris</strong></span> <span class='ocrx_word' id='word_1_484' title='bbox 1237 1501 1244 1513; x_wconf 95' lang='lat'><strong>,</strong></span> <span class='ocrx_word' id='word_1_485' title='bbox 1265 1481 1384 1518; x_wconf 77' lang='lat' dir='ltr'><strong>Eusebio</strong></span> <span class='ocrx_word' id='word_1_486' title='bbox 1404 1487 1431 1509; x_wconf 85' lang='lat' dir='ltr'><strong>et</strong></span> <span class='ocrx_word' id='word_1_487' title='bbox 1447 1483 1561 1518; x_wconf 73' lang='lat' dir='ltr'><strong>Hypatio</strong></span> <span class='ocrx_word' id='word_1_488' title='bbox 1582 1490 1654 1511; x_wconf 85' lang='lat' dir='ltr'><strong>coss.</strong></span> 
     </span>
    </p>
   </div>
   <div class='ocr_carea' id='block_1_67' title="bbox 867 1516 1654 1551">
    <p class='ocr_par' dir='ltr' id='par_1_67' title="bbox 867 1516 1654 1551">
     <span class='ocr_line' id='line_1_72' title="bbox 867 1516 1654 1551; baseline 0.003 -8"><span class='ocrx_word' id='word_1_489' title='bbox 867 1517 896 1543; x_wconf 93' lang='lat' dir='ltr'><strong>ln</strong></span> <span class='ocrx_word' id='word_1_490' title='bbox 913 1524 968 1551; x_wconf 91' lang='lat' dir='ltr'><strong>quo</strong></span> <span class='ocrx_word' id='word_1_491' title='bbox 985 1516 1102 1544; x_wconf 80' lang='lat' dir='ltr'><strong>concilio</strong></span> <span class='ocrx_word' id='word_1_492' title='bbox 1119 1516 1238 1551; x_wconf 88' lang='lat' dir='ltr'><strong>primum</strong></span> <span class='ocrx_word' id='word_1_493' title='bbox 1261 1517 1371 1551; x_wconf 88' lang='lat' dir='ltr'><strong>quidem</strong></span> <span class='ocrx_word' id='word_1_494' title='bbox 1391 1516 1654 1545; x_wconf 81' lang='lat' dir='ltr'><strong>excommunicatio—</strong></span> 
     </span>
    </p>
   </div>
   <div class='ocr_carea' id='block_1_68' title="bbox 867 1551 1655 1587">
    <p class='ocr_par' dir='ltr' id='par_1_68' title="bbox 867 1551 1655 1587">
     <span class='ocr_line' id='line_1_73' title="bbox 867 1551 1655 1587; baseline 0.003 -9"><span class='ocrx_word' id='word_1_495' title='bbox 867 1552 910 1578; x_wconf 87' lang='lat' dir='ltr'><strong>nis</strong></span> <span class='ocrx_word' id='word_1_496' title='bbox 923 1552 1097 1583; x_wconf 86' lang='lat' dir='ltr'><strong>sententiam,</strong></span> <span class='ocrx_word' id='word_1_497' title='bbox 1115 1559 1196 1585; x_wconf 86' lang='lat' dir='ltr'><strong>quam</strong></span> <span class='ocrx_word' id='word_1_498' title='bbox 1203 1551 1391 1587; x_wconf 70' lang='lat' dir='ltr'><strong>Ariminenses</strong></span> <span class='ocrx_word' id='word_1_499' title='bbox 1401 1553 1522 1587; x_wconf 85' lang='lat' dir='ltr'><strong>episcopi</strong></span> <span class='ocrx_word' id='word_1_500' title='bbox 1536 1553 1655 1581; x_wconf 90' lang='lat' dir='ltr'><strong>tulerant</strong></span> 
     </span>
    </p>
   </div>
   <div class='ocr_carea' id='block_1_69' title="bbox 867 1586 1654 1622">
    <p class='ocr_par' dir='ltr' id='par_1_69' title="bbox 867 1586 1654 1622">
     <span class='ocr_line' id='line_1_74' title="bbox 867 1586 1654 1622; baseline 0 -8"><span class='ocrx_word' id='word_1_501' title='bbox 867 1587 998 1614; x_wconf 82' lang='lat' dir='ltr'><strong>adversus</strong></span> <span class='ocrx_word' id='word_1_502' title='bbox 1010 1587 1151 1614; x_wconf 85' lang='lat' dir='ltr'><strong>Valentem</strong></span> <span class='ocrx_word' id='word_1_503' title='bbox 1165 1590 1193 1622; x_wconf 86' lang='lat' dir='ltr'><strong>et</strong></span> <span class='ocrx_word' id='word_1_504' title='bbox 1202 1586 1345 1613; x_wconf 83' lang='lat' dir='ltr'><strong>Ursacium</strong></span> <span class='ocrx_word' id='word_1_505' title='bbox 1370 1595 1402 1614; x_wconf 91' lang='lat' dir='ltr'><strong>ac</strong></span> <span class='ocrx_word' id='word_1_506' title='bbox 1415 1586 1545 1622; x_wconf 82' lang='lat' dir='ltr'><strong>reliquos,</strong></span> <span class='ocrx_word' id='word_1_507' title='bbox 1568 1588 1654 1615; x_wconf 87' lang='lat' dir='ltr'><strong>resei—</strong></span> 
     </span>
    </p>
   </div>
   <div class='ocr_carea' id='block_1_70' title="bbox 867 1621 1654 1683">
    <p class='ocr_par' dir='ltr' id='par_1_70' title="bbox 867 1621 1654 1683">
     <span class='ocr_line' id='line_1_75' title="bbox 867 1621 1654 1656; baseline 0.003 -8"><span class='ocrx_word' id='word_1_508' title='bbox 867 1622 1099 1656; x_wconf 84' lang='lat' dir='ltr'><strong>derunt;eosque</strong></span> <span class='ocrx_word' id='word_1_509' title='bbox 1129 1621 1280 1648; x_wconf 87' lang='lat' dir='ltr'><strong>catholicos</strong></span> <span class='ocrx_word' id='word_1_510' title='bbox 1300 1629 1360 1648; x_wconf 87' lang='lat' dir='ltr'><strong>esse</strong></span> <span class='ocrx_word' id='word_1_511' title='bbox 1387 1630 1419 1649; x_wconf 89' lang='lat' dir='ltr'><strong>ac</strong></span> <span class='ocrx_word' id='word_1_512' title='bbox 1442 1621 1499 1649; x_wconf 78' lang='lat' dir='ltr'><strong>sein</strong></span> <span class='ocrx_word' id='word_1_513' title='bbox 1520 1631 1551 1649; x_wconf 89' lang='lat' dir='ltr'><strong>er</strong></span> <span class='ocrx_word' id='word_1_514' title='bbox 1570 1622 1654 1650; x_wconf 82' lang='lat' dir='ltr'><strong>fuisse</strong></span> 
     </span>
     <span class='ocr_line' id='line_1_76' title="bbox 867 1631 1653 1683; baseline 0 0"><span class='ocrx_word' id='word_1_515' title='bbox 867 1657 1090 1683; x_wconf 78' lang='lat' dir='ltr'><strong>pronuntiarunt.</strong></span> <span class='ocrx_word' id='word_1_516' title='bbox 1107 1656 1210 1683; x_wconf 87' lang='lat' dir='ltr'><strong>Deinde</strong></span> <span class='ocrx_word' id='word_1_517' title='bbox 1230 1656 1373 1683; x_wconf 78' lang='lat' dir='ltr'><strong>formulam</strong></span> <span class='ocrx_word' id='word_1_518' title='bbox 1401 1657 1464 1683; x_wconf 88' lang='lat' dir='ltr'><strong>lidei</strong></span> <span class='ocrx_word' id='word_1_519' title='bbox 1499 1631 1653 1683; x_wconf 60' lang='lat' dir='ltr'><strong>Emreticam</strong></span> 
     </span>
    </p>
   </div>
   <div class='ocr_carea' id='block_1_71' title="bbox 867 1656 1653 1691">
    <p class='ocr_par' dir='ltr' id='par_1_71' title="bbox 867 1656 1653 1691">
     <span class='ocr_line' id='line_1_77' title="bbox 867 1656 1653 1691; baseline 0.001 -8"><span class='ocrx_word' id='word_1_520' title='bbox 867 1657 1090 1691; x_wconf 87' lang='lat' dir='ltr'><strong>pronuntiarunt.</strong></span> <span class='ocrx_word' id='word_1_521' title='bbox 1107 1656 1210 1683; x_wconf 86' lang='lat' dir='ltr'><strong>Deinde</strong></span> <span class='ocrx_word' id='word_1_522' title='bbox 1230 1656 1373 1683; x_wconf 78' lang='lat' dir='ltr'><strong>formulam</strong></span> <span class='ocrx_word' id='word_1_523' title='bbox 1401 1657 1464 1683; x_wconf 88' lang='lat' dir='ltr'><strong>lidei</strong></span> <span class='ocrx_word' id='word_1_524' title='bbox 1499 1656 1653 1684; x_wconf 70' lang='lat' dir='ltr'><strong>haereticam</strong></span> 
     </span>
    </p>
   </div>
   <div class='ocr_carea' id='block_1_72' title="bbox 868 1691 1656 1731">
    <p class='ocr_par' dir='ltr' id='par_1_72' title="bbox 868 1691 1656 1731">
     <span class='ocr_line' id='line_1_78' title="bbox 868 1691 1656 1731; baseline 0.001 -13"><span class='ocrx_word' id='word_1_525' title='bbox 868 1692 1120 1731; x_wconf 38' lang='lat' dir='ltr'><strong>promulgaverunt”.</strong></span> <span class='ocrx_word' id='word_1_526' title='bbox 1139 1691 1234 1731; x_wconf 72' lang='lat' dir='ltr'><strong>Exstat</strong></span> <span class='ocrx_word' id='word_1_527' title='bbox 1247 1699 1312 1731; x_wconf 84' lang='lat' dir='ltr'><strong>pars</strong></span> <span class='ocrx_word' id='word_1_528' title='bbox 1328 1695 1451 1731; x_wconf 78' lang='lat' dir='ltr'><strong>actorum</strong></span> <span class='ocrx_word' id='word_1_529' title='bbox 1470 1692 1497 1719; x_wconf 90' lang='lat' dir='ltr'><strong>in</strong></span> <span class='ocrx_word' id='word_1_530' title='bbox 1519 1693 1656 1731; x_wconf 56' lang='lat' dir='ltr'><strong>fragmen-</strong></span> 
     </span>
    </p>
   </div>
   <div class='ocr_carea' id='block_1_73' title="bbox 870 1726 1654 1762">
    <p class='ocr_par' dir='ltr' id='par_1_73' title="bbox 870 1726 1654 1762">
     <span class='ocr_line' id='line_1_79' title="bbox 870 1726 1654 1762; baseline 0.001 -9"><span class='ocrx_word' id='word_1_531' title='bbox 870 1727 905 1754; x_wconf 88' lang='lat' dir='ltr'><strong>tis</strong></span> <span class='ocrx_word' id='word_1_532' title='bbox 919 1727 1015 1753; x_wconf 82' lang='lat' dir='ltr'><strong>llilurii</strong></span> <span class='ocrx_word' id='word_1_533' title='bbox 1029 1727 1080 1753; x_wconf 86' lang='lat' dir='ltr'><strong>sub</strong></span> <span class='ocrx_word' id='word_1_534' title='bbox 1101 1726 1194 1757; x_wconf 86' lang='lat' dir='ltr'><strong>ﬁnem,</strong></span> <span class='ocrx_word' id='word_1_535' title='bbox 1208 1726 1255 1753; x_wconf 90' lang='lat' dir='ltr'><strong>ubi</strong></span> <span class='ocrx_word' id='word_1_536' title='bbox 1267 1731 1295 1754; x_wconf 89' lang='lat' dir='ltr'><strong>et</strong></span> <span class='ocrx_word' id='word_1_537' title='bbox 1310 1727 1421 1754; x_wconf 89' lang='lat' dir='ltr'><strong>nomina</strong></span> <span class='ocrx_word' id='word_1_538' title='bbox 1444 1726 1654 1762; x_wconf 84' lang='lat' dir='ltr'><strong>quatuordecim</strong></span> 
     </span>
    </p>
   </div>
   <div class='ocr_carea' id='block_1_74' title="bbox 868 1762 1231 1797">
    <p class='ocr_par' dir='ltr' id='par_1_74' title="bbox 868 1762 1231 1797">
     <span class='ocr_line' id='line_1_80' title="bbox 868 1762 1231 1797; baseline 0.003 -9"><span class='ocrx_word' id='word_1_539' title='bbox 868 1762 1020 1797; x_wconf 82' lang='lat' dir='ltr'><strong>legatorum</strong></span> <span class='ocrx_word' id='word_1_540' title='bbox 1038 1766 1231 1790; x_wconf 90' lang='lat' dir='ltr'><strong>recensentur.</strong></span> 
     </span>
    </p>
   </div>
   <div class='ocr_carea' id='block_1_75' title="bbox 750 1836 941 1883">
    <p class='ocr_par' dir='ltr' id='par_1_75' title="bbox 750 1836 941 1883">
     <span class='ocr_line' id='line_1_81' title="bbox 750 1836 941 1883; baseline 0 -17"><span class='ocrx_word' id='word_1_541' title='bbox 750 1836 941 1883; x_wconf 49' lang='grc' dir='ltr'>νΑΙιιοιιωιτ</span> 
     </span>
    </p>
   </div>
   <div class='ocr_carea' id='block_1_76' title="bbox 34 1894 813 1932">
    <p class='ocr_par' dir='ltr' id='par_1_76' title="bbox 34 1894 813 1932">
     <span class='ocr_line' id='line_1_82' title="bbox 34 1894 813 1932; baseline -0.004 -6"><span class='ocrx_word' id='word_1_542' title='bbox 34 1906 56 1925; x_wconf 78' lang='grc' dir='ltr'><strong>ιι</strong></span> <span class='ocrx_word' id='word_1_543' title='bbox 68 1898 121 1926; x_wconf 80' lang='lat' dir='ltr'><strong>Kal.</strong></span> <span class='ocrx_word' id='word_1_544' title='bbox 134 1896 231 1926; x_wconf 74' lang='lat' dir='ltr'><strong>Iunias</strong></span> <span class='ocrx_word' id='word_1_545' title='bbox 251 1905 316 1925; x_wconf 88' lang='lat' dir='ltr'><strong>ann.</strong></span> <span class='ocrx_word' id='word_1_546' title='bbox 341 1895 393 1925; x_wconf 72' lang='grc'><strong>552</strong></span> <span class='ocrx_word' id='word_1_547' title='bbox 418 1897 524 1925; x_wconf 84' lang='lat' dir='ltr'><strong>electus</strong></span> <span class='ocrx_word' id='word_1_548' title='bbox 543 1903 595 1926; x_wconf 89' lang='lat' dir='ltr'><strong>est.</strong></span> <span class='ocrx_word' id='word_1_549' title='bbox 617 1894 734 1932; x_wconf 84' lang='lat' dir='ltr'><strong>Scriptis</strong></span> <span class='ocrx_word' id='word_1_550' title='bbox 751 1905 813 1924; x_wconf 76' lang='lat' dir='ltr'><strong>mox</strong></span> 
     </span>
    </p>
   </div>
   <div class='ocr_carea' id='block_1_77' title="bbox 34 1932 814 1968">
    <p class='ocr_par' dir='ltr' id='par_1_77' title="bbox 34 1932 814 1968">
     <span class='ocr_line' id='line_1_83' title="bbox 34 1932 814 1968; baseline 0 -8"><span class='ocrx_word' id='word_1_551' title='bbox 34 1934 124 1961; x_wconf 86' lang='lat' dir='ltr'><strong>litteris</strong></span> <span class='ocrx_word' id='word_1_552' title='bbox 152 1933 303 1961; x_wconf 86' lang='lat' dir='ltr'><strong>orientales</strong></span> <span class='ocrx_word' id='word_1_553' title='bbox 325 1932 447 1967; x_wconf 87' lang='lat' dir='ltr'><strong>episcopi</strong></span> <span class='ocrx_word' id='word_1_554' title='bbox 469 1932 559 1968; x_wconf 89' lang='lat' dir='ltr'><strong>ipsum</strong></span> <span class='ocrx_word' id='word_1_555' title='bbox 584 1934 613 1960; x_wconf 90' lang='lat' dir='ltr'><strong>in</strong></span> <span class='ocrx_word' id='word_1_556' title='bbox 639 1936 731 1968; x_wconf 90' lang='lat' dir='ltr'><strong>partes</strong></span> <span class='ocrx_word' id='word_1_557' title='bbox 750 1940 814 1960; x_wconf 87' lang='lat' dir='ltr'><strong>suas</strong></span> 
     </span>
    </p>
   </div>
   <div class='ocr_carea' id='block_1_78' title="bbox 34 1967 814 2008">
    <p class='ocr_par' dir='ltr' id='par_1_78' title="bbox 34 1967 814 2008">
     <span class='ocr_line' id='line_1_84' title="bbox 34 1967 814 2008; baseline -0.001 -13"><span class='ocrx_word' id='word_1_558' title='bbox 34 1968 182 2008; x_wconf 70' lang='lat' dir='ltr'><strong>pertrahere</strong></span> <span class='ocrx_word' id='word_1_559' title='bbox 192 1975 359 2008; x_wconf 69' lang='lat' dir='ltr'><strong>magnopere</strong></span> <span class='ocrx_word' id='word_1_560' title='bbox 369 1967 535 2008; x_wconf 67' lang='lat' dir='ltr'><strong>satcgerunt.</strong></span> <span class='ocrx_word' id='word_1_561' title='bbox 545 1967 648 2008; x_wconf 64' lang='lat' dir='ltr'><strong>yerum</strong></span> <span class='ocrx_word' id='word_1_562' title='bbox 659 1967 814 2008; x_wconf 40' lang='lat' dir='ltr'><strong>ille&#39;coacta</strong></span> 
     </span>
    </p>
   </div>
   <div class='ocr_carea' id='block_1_79' title="bbox 35 2002 814 2039">
    <p class='ocr_par' dir='ltr' id='par_1_79' title="bbox 35 2002 814 2039">
     <span class='ocr_line' id='line_1_85' title="bbox 35 2002 814 2039; baseline -0.001 -9"><span class='ocrx_word' id='word_1_563' title='bbox 35 2003 116 2031; x_wconf 71' lang='lat' dir='ltr'><strong>Roma:</strong></span> <span class='ocrx_word' id='word_1_564' title='bbox 141 2002 251 2038; x_wconf 79' lang='lat' dir='ltr'><strong>synodo</strong></span> <span class='ocrx_word' id='word_1_565' title='bbox 267 2002 448 2039; x_wconf 75' lang='lat' dir='ltr'><strong>orientalibus</strong></span> <span class='ocrx_word' id='word_1_566' title='bbox 470 2003 622 2039; x_wconf 84' lang='lat' dir='ltr'><strong>rescripsit,</strong></span> <span class='ocrx_word' id='word_1_567' title='bbox 700 2002 733 2029; x_wconf 90' lang='lat' dir='ltr'><strong>iis</strong></span> <span class='ocrx_word' id='word_1_568' title='bbox 746 2009 814 2029; x_wconf 85' lang='lat' dir='ltr'><strong>con-</strong></span> 
     </span>
    </p>
   </div>
   <div class='ocr_carea' id='block_1_80' title="bbox 34 2037 814 2073">
    <p class='ocr_par' dir='ltr' id='par_1_80' title="bbox 34 2037 814 2073">
     <span class='ocr_line' id='line_1_86' title="bbox 34 2037 814 2073; baseline 0 -9"><span class='ocrx_word' id='word_1_569' title='bbox 34 2039 126 2066; x_wconf 83' lang='lat' dir='ltr'><strong>sentire</strong></span> <span class='ocrx_word' id='word_1_570' title='bbox 140 2037 196 2065; x_wconf 82' lang='lat' dir='ltr'><strong>non</strong></span> <span class='ocrx_word' id='word_1_571' title='bbox 218 2045 320 2073; x_wconf 83' lang='lat' dir='ltr'><strong>posse;</strong></span> <span class='ocrx_word' id='word_1_572' title='bbox 338 2037 441 2072; x_wconf 91' lang='lat' dir='ltr'><strong>diuque</strong></span> <span class='ocrx_word' id='word_1_573' title='bbox 465 2045 531 2065; x_wconf 85' lang='lat' dir='ltr'><strong>sane</strong></span> <span class='ocrx_word' id='word_1_574' title='bbox 545 2037 687 2065; x_wconf 63' lang='lat' dir='ltr'><strong>Athanasii</strong></span> <span class='ocrx_word' id='word_1_575' title='bbox 704 2045 814 2073; x_wconf 79' lang='lat' dir='ltr'><strong>causam</strong></span> 
     </span>
    </p>
   </div>
   <div class='ocr_carea' id='block_1_81' title="bbox 34 2072 814 2103">
    <p class='ocr_par' dir='ltr' id='par_1_81' title="bbox 34 2072 814 2103">
     <span class='ocr_line' id='line_1_87' title="bbox 34 2072 814 2103; baseline -0.001 -4"><span class='ocrx_word' id='word_1_576' title='bbox 34 2073 150 2100; x_wconf 80' lang='lat' dir='ltr'><strong>damnare</strong></span> <span class='ocrx_word' id='word_1_577' title='bbox 171 2072 331 2100; x_wconf 81' lang='lat' dir='ltr'><strong>constanter</strong></span> <span class='ocrx_word' id='word_1_578' title='bbox 351 2073 498 2100; x_wconf 84' lang='lat' dir='ltr'><strong>recusavit.</strong></span> <span class='ocrx_word' id='word_1_579' title='bbox 521 2075 600 2100; x_wconf 86' lang='lat' dir='ltr'><strong>Anno</strong></span> <span class='ocrx_word' id='word_1_580' title='bbox 624 2073 687 2103; x_wconf 79' lang='lat'><strong>555,</strong></span> <span class='ocrx_word' id='word_1_581' title='bbox 710 2072 814 2099; x_wconf 84' lang='lat' dir='ltr'><strong>Medio-</strong></span> 
     </span>
    </p>
   </div>
   <div class='ocr_carea' id='block_1_82' title="bbox 34 2107 813 2141">
    <p class='ocr_par' dir='ltr' id='par_1_82' title="bbox 34 2107 813 2141">
     <span class='ocr_line' id='line_1_88' title="bbox 34 2107 813 2141; baseline 0 -8"><span class='ocrx_word' id='word_1_582' title='bbox 34 2107 114 2135; x_wconf 86' lang='lat' dir='ltr'><strong>lanum</strong></span> <span class='ocrx_word' id='word_1_583' title='bbox 128 2108 281 2136; x_wconf 83' lang='lat' dir='ltr'><strong>accersitus</strong></span> <span class='ocrx_word' id='word_1_584' title='bbox 303 2108 463 2135; x_wconf 87' lang='lat' dir='ltr'><strong>Constantio</strong></span> <span class='ocrx_word' id='word_1_585' title='bbox 485 2108 604 2136; x_wconf 87' lang='lat' dir='ltr'><strong>viriliter</strong></span> <span class='ocrx_word' id='word_1_586' title='bbox 623 2107 741 2140; x_wconf 85' lang='lat' dir='ltr'><strong>restitit;</strong></span> <span class='ocrx_word' id='word_1_587' title='bbox 766 2108 813 2141; x_wconf 90' lang='lat' dir='ltr'><strong>qui</strong></span> 
     </span>
    </p>
   </div>
   <div class='ocr_carea' id='block_1_83' title="bbox 34 2143 814 2183">
    <p class='ocr_par' dir='ltr' id='par_1_83' title="bbox 34 2143 814 2183">
     <span class='ocr_line' id='line_1_89' title="bbox 34 2143 814 2183; baseline 0.001 -14"><span class='ocrx_word' id='word_1_588' title='bbox 34 2150 87 2170; x_wconf 81' lang='lat' dir='ltr'><strong>cum</strong></span> <span class='ocrx_word' id='word_1_589' title='bbox 100 2147 160 2178; x_wconf 84' lang='lat' dir='ltr'><strong>post</strong></span> <span class='ocrx_word' id='word_1_590' title='bbox 178 2144 291 2183; x_wconf 77' lang='lat' dir='ltr'><strong>longum</strong></span> <span class='ocrx_word' id='word_1_591' title='bbox 305 2150 420 2183; x_wconf 41' lang='lat' dir='ltr'><strong>cum_..eo</strong></span> <span class='ocrx_word' id='word_1_592' title='bbox 438 2143 606 2183; x_wconf 76' lang='lat' dir='ltr'><strong>colloquium</strong></span> <span class='ocrx_word' id='word_1_593' title='bbox 615 2143 749 2183; x_wconf 66' lang='lat' dir='ltr'><strong>habitlim,</strong></span> <span class='ocrx_word' id='word_1_594' title='bbox 763 2149 814 2170; x_wconf 89' lang='lat' dir='ltr'><strong>nec</strong></span> 
     </span>
    </p>
   </div>
   <div class='ocr_carea' id='block_1_84' title="bbox 34 2177 810 2213">
    <p class='ocr_par' dir='ltr' id='par_1_84' title="bbox 34 2177 810 2213">
     <span class='ocr_line' id='line_1_90' title="bbox 34 2177 810 2213; baseline 0.001 -10"><span class='ocrx_word' id='word_1_595' title='bbox 34 2177 115 2211; x_wconf 77' lang='lat' dir='ltr'><strong>prece,</strong></span> <span class='ocrx_word' id='word_1_596' title='bbox 134 2186 187 2206; x_wconf 88' lang='lat' dir='ltr'><strong>nec</strong></span> <span class='ocrx_word' id='word_1_597' title='bbox 203 2177 306 2213; x_wconf 75' lang='lat' dir='ltr'><strong>pretio,</strong></span> <span class='ocrx_word' id='word_1_598' title='bbox 319 2178 403 2205; x_wconf 88' lang='lat' dir='ltr'><strong>nullis</strong></span> <span class='ocrx_word' id='word_1_599' title='bbox 425 2177 580 2205; x_wconf 88' lang='lat' dir='ltr'><strong>rationibus</strong></span> <span class='ocrx_word' id='word_1_600' title='bbox 598 2186 649 2205; x_wconf 90' lang='lat' dir='ltr'><strong>nec</strong></span> <span class='ocrx_word' id='word_1_601' title='bbox 664 2177 727 2204; x_wconf 88' lang='lat' dir='ltr'><strong>ullis</strong></span> <span class='ocrx_word' id='word_1_602' title='bbox 738 2185 810 2213; x_wconf 43' lang='lat' dir='ltr'><strong>pro:</strong></span> 
     </span>
    </p>
   </div>
   <div class='ocr_carea' id='block_1_85' title="bbox 35 2212 810 2248">
    <p class='ocr_par' dir='ltr' id='par_1_85' title="bbox 35 2212 810 2248">
     <span class='ocr_line' id='line_1_91' title="bbox 35 2212 810 2248; baseline -0.001 -9"><span class='ocrx_word' id='word_1_603' title='bbox 35 2213 114 2248; x_wconf 70' lang='lat' dir='ltr'><strong>missis</strong></span> <span class='ocrx_word' id='word_1_604' title='bbox 129 2212 246 2240; x_wconf 63' lang='lat' dir='ltr'><strong>minisv&#39;e</strong></span> <span class='ocrx_word' id='word_1_605' title='bbox 266 2213 386 2240; x_wconf 90' lang='lat' dir='ltr'><strong>hominis</strong></span> <span class='ocrx_word' id='word_1_606' title='bbox 402 2213 524 2240; x_wconf 89' lang='lat' dir='ltr'><strong>animum</strong></span> <span class='ocrx_word' id='word_1_607' title='bbox 539 2213 648 2240; x_wconf 80' lang='lat' dir='ltr'><strong>flectere</strong></span> <span class='ocrx_word' id='word_1_608' title='bbox 667 2212 766 2248; x_wconf 88' lang='lat' dir='ltr'><strong>potuit,</strong></span> <span class='ocrx_word' id='word_1_609' title='bbox 777 2212 810 2239; x_wconf 87' lang='lat' dir='ltr'><strong>ad</strong></span> 
     </span>
    </p>
   </div>
   <div class='ocr_carea' id='block_1_86' title="bbox 35 2247 812 2283">
    <p class='ocr_par' dir='ltr' id='par_1_86' title="bbox 35 2247 812 2283">
     <span class='ocr_line' id='line_1_92' title="bbox 35 2247 812 2283; baseline -0.001 -8"><span class='ocrx_word' id='word_1_610' title='bbox 35 2247 143 2275; x_wconf 65' lang='lat' dir='ltr'><strong>Beroeam</strong></span> <span class='ocrx_word' id='word_1_611' title='bbox 157 2248 283 2275; x_wconf 70' lang='lat' dir='ltr'><strong>Thracia:</strong></span> <span class='ocrx_word' id='word_1_612' title='bbox 295 2249 391 2275; x_wconf 90' lang='lat' dir='ltr'><strong>urbem</strong></span> <span class='ocrx_word' id='word_1_613' title='bbox 404 2248 543 2283; x_wconf 90' lang='lat' dir='ltr'><strong>deportari</strong></span> <span class='ocrx_word' id='word_1_614' title='bbox 555 2248 650 2283; x_wconf 58' lang='lat' dir='ltr'><strong>jussit,</strong></span> <span class='ocrx_word' id='word_1_615' title='bbox 664 2247 812 2283; x_wconf 79' lang='lat' dir='ltr'><strong>subrogato</strong></span> 
     </span>
    </p>
   </div>
   <div class='ocr_carea' id='block_1_87' title="bbox 35 2282 812 2317">
    <p class='ocr_par' dir='ltr' id='par_1_87' title="bbox 35 2282 812 2317">
     <span class='ocr_line' id='line_1_93' title="bbox 35 2282 812 2317; baseline 0.001 -9"><span class='ocrx_word' id='word_1_616' title='bbox 35 2283 56 2308; x_wconf 80' lang='lat' dir='ltr'><strong>ei</strong></span> <span class='ocrx_word' id='word_1_617' title='bbox 72 2283 155 2311; x_wconf 87' lang='lat' dir='ltr'><strong>Felice</strong></span> <span class='ocrx_word' id='word_1_618' title='bbox 182 2283 388 2315; x_wconf 86' lang='lat' dir='ltr'><strong>archidiacono,</strong></span> <span class='ocrx_word' id='word_1_619' title='bbox 407 2282 488 2317; x_wconf 83' lang='lat' dir='ltr'><strong>quem</strong></span> <span class='ocrx_word' id='word_1_620' title='bbox 501 2282 617 2310; x_wconf 82' lang='lat' dir='ltr'><strong>Aeacius</strong></span> <span class='ocrx_word' id='word_1_621' title='bbox 637 2282 812 2310; x_wconf 62' lang='lat' dir='ltr'><strong>Caesariensis</strong></span> 
     </span>
    </p>
   </div>
   <div class='ocr_carea' id='block_1_88' title="bbox 36 2317 812 2353">
    <p class='ocr_par' dir='ltr' id='par_1_88' title="bbox 36 2317 812 2353">
     <span class='ocr_line' id='line_1_94' title="bbox 36 2317 812 2353; baseline -0.001 -9"><span class='ocrx_word' id='word_1_622' title='bbox 36 2317 117 2353; x_wconf 65' lang='lat' dir='ltr'><strong>Roma:</strong></span> <span class='ocrx_word' id='word_1_623' title='bbox 126 2319 286 2353; x_wconf 88' lang='lat' dir='ltr'><strong>episcopum</strong></span> <span class='ocrx_word' id='word_1_624' title='bbox 306 2318 428 2345; x_wconf 84' lang='lat' dir='ltr'><strong>ordinari</strong></span> <span class='ocrx_word' id='word_1_625' title='bbox 450 2319 575 2351; x_wconf 86' lang='lat' dir='ltr'><strong>curavit;</strong></span> <span class='ocrx_word' id='word_1_626' title='bbox 597 2318 737 2344; x_wconf 85' lang='lat' dir='ltr'><strong>hominem</strong></span> <span class='ocrx_word' id='word_1_627' title='bbox 751 2317 812 2351; x_wconf 59' lang='lat' dir='ltr'><strong>quia</strong></span> 
     </span>
    </p>
   </div>
   <div class='ocr_carea' id='block_1_89' title="bbox 36 2351 811 2388">
    <p class='ocr_par' dir='ltr' id='par_1_89' title="bbox 36 2351 811 2388">
     <span class='ocr_line' id='line_1_95' title="bbox 36 2351 811 2388; baseline 0.001 -11"><span class='ocrx_word' id='word_1_628' title='bbox 36 2351 88 2388; x_wconf 83' lang='lat' dir='ltr'><strong>dem</strong></span> <span class='ocrx_word' id='word_1_629' title='bbox 103 2353 128 2380; x_wconf 93' lang='lat' dir='ltr'><strong>in</strong></span> <span class='ocrx_word' id='word_1_630' title='bbox 143 2351 198 2380; x_wconf 83' lang='lat' dir='ltr'><strong>ﬁde</strong></span> <span class='ocrx_word' id='word_1_631' title='bbox 222 2351 401 2385; x_wconf 78' lang='lat' dir='ltr'><strong>catholicum,</strong></span> <span class='ocrx_word' id='word_1_632' title='bbox 429 2353 477 2388; x_wconf 74' lang='lat' dir='ltr'><strong>sed</strong></span> <span class='ocrx_word' id='word_1_633' title='bbox 488 2353 535 2388; x_wconf 88' lang='lat' dir='ltr'><strong>qui</strong></span> <span class='ocrx_word' id='word_1_634' title='bbox 550 2353 660 2380; x_wconf 81' lang='lat' dir='ltr'><strong>Arianis</strong></span> <span class='ocrx_word' id='word_1_635' title='bbox 686 2360 811 2388; x_wconf 80' lang='lat' dir='ltr'><strong>commu-</strong></span> 
     </span>
    </p>
   </div>
   <div class='ocr_carea' id='block_1_90' title="bbox 35 2387 810 2423">
    <p class='ocr_par' dir='ltr' id='par_1_90' title="bbox 35 2387 810 2423">
     <span class='ocr_line' id='line_1_96' title="bbox 35 2387 810 2423; baseline 0 -9"><span class='ocrx_word' id='word_1_636' title='bbox 35 2387 133 2423; x_wconf 73' lang='lat' dir='ltr'><strong>nionem</strong></span> <span class='ocrx_word' id='word_1_637' title='bbox 152 2396 206 2415; x_wconf 91' lang='lat' dir='ltr'><strong>non</strong></span> <span class='ocrx_word' id='word_1_638' title='bbox 231 2388 385 2423; x_wconf 77' lang='lat' dir='ltr'><strong>denegavit.</strong></span> <span class='ocrx_word' id='word_1_639' title='bbox 412 2387 584 2423; x_wconf 40' lang='lat' dir='ltr'><strong>(Guileave</strong></span> <span class='ocrx_word' id='word_1_640' title='bbox 609 2387 642 2415; x_wconf 88' lang='lat' dir='ltr'><strong>ad</strong></span> <span class='ocrx_word' id='word_1_641' title='bbox 657 2395 721 2414; x_wconf 92' lang='lat' dir='ltr'><strong>ann.</strong></span> <span class='ocrx_word' id='word_1_642' title='bbox 736 2387 810 2422; x_wconf 76' lang='grc'>552.)</span> 
     </span>
    </p>
   </div>
   <div class='ocr_carea' id='block_1_91' title="bbox 36 2421 812 2450">
    <p class='ocr_par' dir='ltr' id='par_1_91' title="bbox 36 2421 812 2450">
     <span class='ocr_line' id='line_1_97' title="bbox 36 2421 812 2450; baseline 0.003 -3"><span class='ocrx_word' id='word_1_643' title='bbox 36 2421 92 2449; x_wconf 83' lang='lat' dir='ltr'><strong>Vide</strong></span> <span class='ocrx_word' id='word_1_644' title='bbox 115 2423 197 2450; x_wconf 87' lang='lat' dir='ltr'><strong>etiam</strong></span> <span class='ocrx_word' id='word_1_645' title='bbox 213 2421 393 2450; x_wconf 74' lang='lat' dir='ltr'><strong>Athanasium</strong></span> <span class='ocrx_word' id='word_1_646' title='bbox 410 2421 439 2449; x_wconf 88' lang='lat' dir='ltr'><strong>in</strong></span> <span class='ocrx_word' id='word_1_647' title='bbox 463 2422 580 2450; x_wconf 77' lang='lat' dir='ltr'><strong>Historia</strong></span> <span class='ocrx_word' id='word_1_648' title='bbox 592 2423 753 2450; x_wconf 79' lang='lat' dir='ltr'><strong>Arianorum</strong></span> <span class='ocrx_word' id='word_1_649' title='bbox 777 2421 812 2449; x_wconf 80' lang='lat' dir='ltr'><strong>ad</strong></span> 
     </span>
    </p>
   </div>
   <div class='ocr_carea' id='block_1_92' title="bbox 35 2456 812 2493">
    <p class='ocr_par' dir='ltr' id='par_1_92' title="bbox 35 2456 812 2493">
     <span class='ocr_line' id='line_1_98' title="bbox 35 2456 812 2493; baseline 0.003 -11"><span class='ocrx_word' id='word_1_650' title='bbox 35 2459 171 2490; x_wconf 78' lang='lat' dir='ltr'><strong>monachos,</strong></span> <span class='ocrx_word' id='word_1_651' title='bbox 186 2466 214 2493; x_wconf 93' lang='lat' dir='ltr'><strong>p.</strong></span> <span class='ocrx_word' id='word_1_652' title='bbox 242 2458 304 2485; x_wconf 77' lang='lat'><strong>367.</strong></span> <span class='ocrx_word' id='word_1_653' title='bbox 317 2458 455 2485; x_wconf 75' lang='lat' dir='ltr'><strong>Prolixum</strong></span> <span class='ocrx_word' id='word_1_654' title='bbox 474 2458 640 2493; x_wconf 90' lang='lat' dir='ltr'><strong>colloquium</strong></span> <span class='ocrx_word' id='word_1_655' title='bbox 655 2458 726 2484; x_wconf 89' lang='lat' dir='ltr'><strong>inter</strong></span> <span class='ocrx_word' id='word_1_656' title='bbox 741 2456 812 2485; x_wconf 85' lang='lat' dir='ltr'><strong>Con—</strong></span> 
     </span>
    </p>
   </div>
   <div class='ocr_carea' id='block_1_93' title="bbox 34 2492 809 2554">
    <p class='ocr_par' dir='ltr' id='par_1_93' title="bbox 34 2492 809 2554">
     <span class='ocr_line' id='line_1_99' title="bbox 34 2492 809 2554; baseline 0 -36"><span class='ocrx_word' id='word_1_657' title='bbox 34 2492 153 2554; x_wconf 54' lang='lat' dir='ltr'><strong>stantiluén</strong></span> <span class='ocrx_word' id='word_1_658' title='bbox 177 2492 204 2520; x_wconf 83' lang='lat' dir='ltr'><strong>et</strong></span> <span class='ocrx_word' id='word_1_659' title='bbox 229 2492 371 2520; x_wconf 90' lang='lat' dir='ltr'><strong>Liberium</strong></span> <span class='ocrx_word' id='word_1_660' title='bbox 393 2493 477 2520; x_wconf 86' lang='lat' dir='ltr'><strong>refert</strong></span> <span class='ocrx_word' id='word_1_661' title='bbox 500 2493 666 2520; x_wconf 86' lang='lat' dir='ltr'><strong>Theodoret.</strong></span> <span class='ocrx_word' id='word_1_662' title='bbox 700 2493 747 2520; x_wconf 86' lang='lat' dir='ltr'><strong>lib.</strong></span> <span class='ocrx_word' id='word_1_663' title='bbox 780 2500 809 2523; x_wconf 87' lang='grc' dir='ltr'>ιι,</span> 
     </span>
     <span class='ocr_line' id='line_1_100' title="bbox 34 2533 146 2554; baseline 0.009 -1"><span class='ocrx_word' id='word_1_664' title='bbox 34 2533 86 2554; x_wconf 69' lang='lat' dir='ltr'><strong>can.</strong></span> <span class='ocrx_word' id='word_1_665' title='bbox 139 2549 146 2554; x_wconf 93' lang='lat'><strong>.</strong></span> 
     </span>
    </p>
   </div>
   <div class='ocr_carea' id='block_1_94' title="bbox 34 2533 146 2560">
    <p class='ocr_par' dir='ltr' id='par_1_94' title="bbox 34 2533 146 2560">
     <span class='ocr_line' id='line_1_101' title="bbox 34 2533 146 2560; baseline 0.036 -10"><span class='ocrx_word' id='word_1_666' title='bbox 34 2533 86 2560; x_wconf 68' lang='lat' dir='ltr'><strong>cap.</strong></span> <span class='ocrx_word' id='word_1_667' title='bbox 104 2533 146 2554; x_wconf 78' lang='grc'><strong>16.</strong></span> 
     </span>
    </p>
   </div>
   <div class='ocr_carea' id='block_1_95' title="bbox 67 2560 809 2597">
    <p class='ocr_par' dir='ltr' id='par_1_95' title="bbox 67 2560 809 2597">
     <span class='ocr_line' id='line_1_102' title="bbox 67 2560 809 2597; baseline 0.001 -9"><span class='ocrx_word' id='word_1_668' title='bbox 67 2561 78 2580; x_wconf 65' lang='grc' dir='ltr'>δ</span> <span class='ocrx_word' id='word_1_669' title='bbox 91 2561 116 2588; x_wconf 82' lang='grc' dir='ltr'><em>Ὀ</em></span> <span class='ocrx_word' id='word_1_670' title='bbox 129 2562 255 2596; x_wconf 81' lang='grc' dir='ltr'><strong>Λιϐἐριυς</strong></span> <span class='ocrx_word' id='word_1_671' title='bbox 273 2564 327 2589; x_wconf 77' lang='grc' dir='ltr'>τὸν</span> <span class='ocrx_word' id='word_1_672' title='bbox 342 2560 451 2590; x_wconf 79' lang='grc' dir='ltr'>οἰκεῖον</span> <span class='ocrx_word' id='word_1_673' title='bbox 460 2563 568 2597; x_wconf 70' lang='grc' dir='ltr'>θρόνον</span> <span class='ocrx_word' id='word_1_674' title='bbox 579 2562 720 2590; x_wconf 73' lang='grc' dir='ltr'><strong>ἀπέλαϐε.</strong></span> <span class='ocrx_word' id='word_1_675' title='bbox 739 2563 809 2589; x_wconf 89' lang='lat' dir='ltr'><strong>Dum</strong></span> 
     </span>
    </p>
   </div>
   <div class='ocr_carea' id='block_1_96' title="bbox 35 2594 811 2630">
    <p class='ocr_par' dir='ltr' id='par_1_96' title="bbox 35 2594 811 2630">
     <span class='ocr_line' id='line_1_103' title="bbox 35 2594 811 2630; baseline 0.003 -8"><span class='ocrx_word' id='word_1_676' title='bbox 35 2594 151 2624; x_wconf 87' lang='lat' dir='ltr'><strong>Liberius</strong></span> <span class='ocrx_word' id='word_1_677' title='bbox 165 2594 270 2625; x_wconf 64' lang='lat' dir='ltr'><strong>Bérm&#39;e</strong></span> <span class='ocrx_word' id='word_1_678' title='bbox 285 2598 312 2624; x_wconf 93' lang='lat' dir='ltr'><strong>in</strong></span> <span class='ocrx_word' id='word_1_679' title='bbox 334 2598 430 2625; x_wconf 77' lang='lat' dir='ltr'><strong>exsilio</strong></span> <span class='ocrx_word' id='word_1_680' title='bbox 441 2594 578 2630; x_wconf 72' lang='lat' dir='ltr'><strong>versatur,</strong></span> <span class='ocrx_word' id='word_1_681' title='bbox 605 2598 719 2625; x_wconf 83' lang='lat' dir='ltr'><strong>Romam</strong></span> <span class='ocrx_word' id='word_1_682' title='bbox 739 2597 811 2625; x_wconf 87' lang='lat' dir='ltr'><strong>Con-</strong></span> 
     </span>
    </p>
   </div>
   <div class='ocr_carea' id='block_1_97' title="bbox 35 2632 809 2668">
    <p class='ocr_par' dir='ltr' id='par_1_97' title="bbox 35 2632 809 2668">
     <span class='ocr_line' id='line_1_104' title="bbox 35 2632 809 2668; baseline 0.005 -13"><span class='ocrx_word' id='word_1_683' title='bbox 35 2632 140 2659; x_wconf 81' lang='lat' dir='ltr'><strong>stantius</strong></span> <span class='ocrx_word' id='word_1_684' title='bbox 150 2633 235 2665; x_wconf 84' lang='lat' dir='ltr'><strong>venit,</strong></span> <span class='ocrx_word' id='word_1_685' title='bbox 250 2637 331 2667; x_wconf 88' lang='lat' dir='ltr'><strong>atque</strong></span> <span class='ocrx_word' id='word_1_686' title='bbox 343 2633 538 2668; x_wconf 87' lang='lat' dir='ltr'><strong>triumphantis</strong></span> <span class='ocrx_word' id='word_1_687' title='bbox 562 2641 637 2660; x_wconf 89' lang='lat' dir='ltr'><strong>more</strong></span> <span class='ocrx_word' id='word_1_688' title='bbox 647 2633 744 2659; x_wconf 92' lang='lat' dir='ltr'><strong>urbem</strong></span> <span class='ocrx_word' id='word_1_689' title='bbox 755 2633 809 2668; x_wconf 17' lang='lat' dir='ltr'><strong>rin-</strong></span> 
     </span>
    </p>
   </div>
   <div class='ocr_carea' id='block_1_98' title="bbox 38 2667 810 2695">
    <p class='ocr_par' dir='ltr' id='par_1_98' title="bbox 38 2667 810 2695">
     <span class='ocr_line' id='line_1_105' title="bbox 38 2667 810 2695; baseline -0.001 -1"><span class='ocrx_word' id='word_1_690' title='bbox 38 2672 135 2694; x_wconf 69' lang='lat' dir='ltr'><strong>:ressus</strong></span> <span class='ocrx_word' id='word_1_691' title='bbox 145 2672 187 2694; x_wconf 85' lang='lat' dir='ltr'><strong>est</strong></span> <span class='ocrx_word' id='word_1_692' title='bbox 197 2667 233 2694; x_wconf 70' lang='grc'><strong>28</strong></span> <span class='ocrx_word' id='word_1_693' title='bbox 242 2667 343 2695; x_wconf 79' lang='lat' dir='ltr'><strong>Aprilis</strong></span> <span class='ocrx_word' id='word_1_694' title='bbox 355 2667 501 2695; x_wconf 38' lang='lat' dir='ltr'><strong>anno&#39;357.</strong></span> <span class='ocrx_word' id='word_1_695' title='bbox 515 2667 585 2694; x_wconf 90' lang='lat' dir='ltr'><strong>Tum</strong></span> <span class='ocrx_word' id='word_1_696' title='bbox 607 2672 737 2694; x_wconf 57' lang='lat' dir='ltr'><strong>matrona</strong></span> <span class='ocrx_word' id='word_1_697' title='bbox 753 2667 810 2693; x_wconf 84' lang='lat' dir='ltr'><strong>Ro-</strong></span> 
     </span>
    </p>
   </div>
   <div class='ocr_carea' id='block_1_99' title="bbox 41 2702 810 2735">
    <p class='ocr_par' dir='ltr' id='par_1_99' title="bbox 41 2702 810 2735">
     <span class='ocr_line' id='line_1_106' title="bbox 41 2702 810 2735; baseline 0.003 -8"><span class='ocrx_word' id='word_1_698' title='bbox 41 2707 112 2735; x_wconf 21' lang='lat' dir='ltr'><strong>uranae</strong></span> <span class='ocrx_word' id='word_1_699' title='bbox 140 2702 357 2730; x_wconf 82' lang='lat' dir='ltr'><strong>honorabiliores</strong></span> <span class='ocrx_word' id='word_1_700' title='bbox 373 2702 568 2735; x_wconf 73' lang='lat' dir='ltr'><strong>etsenatorim,</strong></span> <span class='ocrx_word' id='word_1_701' title='bbox 594 2702 810 2730; x_wconf 86' lang='lat' dir='ltr'><strong>detrectantibus</strong></span> 
     </span>
    </p>
   </div>
   <div class='ocr_carea' id='block_1_100' title="bbox 35 2734 810 2772">
    <p class='ocr_par' dir='ltr' id='par_1_100' title="bbox 35 2734 810 2772">
     <span class='ocr_line' id='line_1_107' title="bbox 35 2734 810 2772; baseline 0.003 -11"><span class='ocrx_word' id='word_1_702' title='bbox 35 2734 141 2763; x_wconf 80' lang='lat' dir='ltr'><strong>Oﬁleium</strong></span> <span class='ocrx_word' id='word_1_703' title='bbox 153 2737 230 2768; x_wconf 82' lang='lat' dir='ltr'><strong>viris,</strong></span> <span class='ocrx_word' id='word_1_704' title='bbox 244 2737 432 2765; x_wconf 84' lang='lat' dir='ltr'><strong>Constantium</strong></span> <span class='ocrx_word' id='word_1_705' title='bbox 449 2738 586 2772; x_wconf 83' lang='lat' dir='ltr'><strong>supplices</strong></span> <span class='ocrx_word' id='word_1_706' title='bbox 608 2737 719 2767; x_wconf 87' lang='lat' dir='ltr'><strong>adeunt,</strong></span> <span class='ocrx_word' id='word_1_707' title='bbox 735 2737 810 2763; x_wconf 88' lang='lat' dir='ltr'><strong>redi—</strong></span> 
     </span>
    </p>
   </div>
   <div class='ocr_carea' id='block_1_101' title="bbox 37 2772 807 2807">
    <p class='ocr_par' dir='ltr' id='par_1_101' title="bbox 37 2772 807 2807">
     <span class='ocr_line' id='line_1_108' title="bbox 37 2772 807 2807; baseline 0.003 -11"><span class='ocrx_word' id='word_1_708' title='bbox 37 2774 137 2807; x_wconf 71' lang='lat' dir='ltr'><strong>lumque</strong></span> <span class='ocrx_word' id='word_1_709' title='bbox 161 2772 265 2799; x_wconf 86' lang='lat' dir='ltr'><strong>Liberii</strong></span> <span class='ocrx_word' id='word_1_710' title='bbox 293 2774 417 2807; x_wconf 72' lang='lat' dir='ltr'><strong>pnesulis</strong></span> <span class='ocrx_word' id='word_1_711' title='bbox 451 2773 494 2800; x_wconf 85' lang='lat' dir='ltr'><strong>sui</strong></span> <span class='ocrx_word' id='word_1_712' title='bbox 522 2773 623 2800; x_wconf 81' lang='lat' dir='ltr'><strong>obnixe</strong></span> <span class='ocrx_word' id='word_1_713' title='bbox 652 2773 807 2806; x_wconf 80' lang='lat' dir='ltr'><strong>postulant.</strong></span> 
     </span>
    </p>
   </div>
   <div class='ocr_carea' id='block_1_102' title="bbox 38 2803 808 2844">
    <p class='ocr_par' dir='ltr' id='par_1_102' title="bbox 38 2803 808 2844">
     <span class='ocr_line' id='line_1_109' title="bbox 38 2803 808 2844; baseline 0.005 -15"><span class='ocrx_word' id='word_1_714' title='bbox 38 2803 77 2844; x_wconf 78' lang='lat' dir='ltr'><strong>ille</strong></span> <span class='ocrx_word' id='word_1_715' title='bbox 88 2803 242 2841; x_wconf 75' lang='lat' dir='ltr'><strong>respondet.</strong></span> <span class='ocrx_word' id='word_1_716' title='bbox 262 2803 358 2844; x_wconf 58' lang='lat' dir='ltr'><strong>ail&#39;csse</strong></span> <span class='ocrx_word' id='word_1_717' title='bbox 379 2808 503 2844; x_wconf 75' lang='lat' dir='ltr'><strong>Felicem</strong></span> <span class='ocrx_word' id='word_1_718' title='bbox 522 2808 599 2834; x_wconf 82' lang='lat' dir='ltr'><strong>urbis</strong></span> <span class='ocrx_word' id='word_1_719' title='bbox 623 2803 808 2844; x_wconf 66' lang='lat' dir='ltr'><strong>episcopum,</strong></span> 
     </span>
    </p>
   </div>
   <div class='ocr_carea' id='block_1_103' title="bbox 39 2843 810 2879">
    <p class='ocr_par' dir='ltr' id='par_1_103' title="bbox 39 2843 810 2879">
     <span class='ocr_line' id='line_1_110' title="bbox 39 2843 810 2879; baseline 0.004 -12"><span class='ocrx_word' id='word_1_720' title='bbox 39 2843 113 2868; x_wconf 55' lang='lat' dir='ltr'><strong>Virum</strong></span> <span class='ocrx_word' id='word_1_721' title='bbox 132 2846 206 2869; x_wconf 84' lang='lat' dir='ltr'><strong>tanto</strong></span> <span class='ocrx_word' id='word_1_722' title='bbox 218 2850 330 2870; x_wconf 91' lang='lat' dir='ltr'><strong>munere</strong></span> <span class='ocrx_word' id='word_1_723' title='bbox 344 2843 466 2879; x_wconf 75' lang='lat' dir='ltr'><strong>dignum.</strong></span> <span class='ocrx_word' id='word_1_724' title='bbox 481 2843 530 2870; x_wconf 87' lang='lat' dir='ltr'><strong>Cui</strong></span> <span class='ocrx_word' id='word_1_725' title='bbox 547 2844 608 2873; x_wconf 67' lang='lat' dir='ltr'><strong>illae,</strong></span> <span class='ocrx_word' id='word_1_726' title='bbox 621 2843 738 2870; x_wconf 77' lang='lat' dir='ltr'><strong>invisum</strong></span> <span class='ocrx_word' id='word_1_727' title='bbox 752 2851 810 2870; x_wconf 82' lang='lat' dir='ltr'><strong>om-</strong></span> 
     </span>
    </p>
   </div>
   <div class='ocr_carea' id='block_1_104' title="bbox 827 2199 850 2228">
    <p class='ocr_par' dir='ltr' id='par_1_104' title="bbox 827 2199 850 2228">
     <span class='ocr_line' id='line_1_111' title="bbox 827 2199 850 2228; baseline 0 0"><span class='ocrx_word' id='word_1_728' title='bbox 827 2199 850 2228; x_wconf 88' lang='lat' dir='ltr'><strong>D</strong></span> 
     </span>
    </p>
   </div>
   <div class='ocr_carea' id='block_1_105' title="bbox 864 1897 1652 1932">
    <p class='ocr_par' dir='ltr' id='par_1_105' title="bbox 864 1897 1652 1932">
     <span class='ocr_line' id='line_1_112' title="bbox 864 1897 1652 1932; baseline 0.001 -7"><span class='ocrx_word' id='word_1_729' title='bbox 864 1898 946 1925; x_wconf 89' lang='lat' dir='ltr'><strong>nibus</strong></span> <span class='ocrx_word' id='word_1_730' title='bbox 957 1897 1076 1925; x_wconf 84' lang='lat' dir='ltr'><strong>Felicem</strong></span> <span class='ocrx_word' id='word_1_731' title='bbox 1087 1905 1158 1930; x_wconf 87' lang='lat' dir='ltr'><strong>esse,</strong></span> <span class='ocrx_word' id='word_1_732' title='bbox 1174 1905 1225 1925; x_wconf 88' lang='lat' dir='ltr'><strong>nec</strong></span> <span class='ocrx_word' id='word_1_733' title='bbox 1235 1905 1352 1932; x_wconf 87' lang='lat' dir='ltr'><strong>unquam</strong></span> <span class='ocrx_word' id='word_1_734' title='bbox 1368 1905 1397 1924; x_wconf 88' lang='lat' dir='ltr'><strong>se</strong></span> <span class='ocrx_word' id='word_1_735' title='bbox 1406 1904 1486 1932; x_wconf 78' lang='lat' dir='ltr'><strong>posse</strong></span> <span class='ocrx_word' id='word_1_736' title='bbox 1498 1905 1530 1923; x_wconf 81' lang='lat' dir='ltr'><strong>eo</strong></span> <span class='ocrx_word' id='word_1_737' title='bbox 1543 1897 1652 1929; x_wconf 81' lang='lat' dir='ltr'><strong>deduci,</strong></span> 
     </span>
    </p>
   </div>
   <div class='ocr_carea' id='block_1_106' title="bbox 864 1932 1654 1968">
    <p class='ocr_par' dir='ltr' id='par_1_106' title="bbox 864 1932 1654 1968">
     <span class='ocr_line' id='line_1_113' title="bbox 864 1932 1654 1968; baseline 0.001 -8"><span class='ocrx_word' id='word_1_738' title='bbox 864 1938 895 1960; x_wconf 88' lang='lat' dir='ltr'><strong>ut</strong></span> <span class='ocrx_word' id='word_1_739' title='bbox 911 1941 974 1960; x_wconf 91' lang='lat' dir='ltr'><strong>cum</strong></span> <span class='ocrx_word' id='word_1_740' title='bbox 991 1933 1126 1968; x_wconf 84' lang='lat' dir='ltr'><strong>ejusmodi</strong></span> <span class='ocrx_word' id='word_1_741' title='bbox 1145 1933 1205 1960; x_wconf 91' lang='lat' dir='ltr'><strong>viro</strong></span> <span class='ocrx_word' id='word_1_742' title='bbox 1228 1932 1366 1960; x_wconf 86' lang='lat' dir='ltr'><strong>societatis</strong></span> <span class='ocrx_word' id='word_1_743' title='bbox 1383 1933 1426 1958; x_wconf 87' lang='lat' dir='ltr'><strong>vel</strong></span> <span class='ocrx_word' id='word_1_744' title='bbox 1451 1934 1654 1961; x_wconf 83' lang='lat' dir='ltr'><strong>communionis</strong></span> 
     </span>
    </p>
   </div>
   <div class='ocr_carea' id='block_1_107' title="bbox 863 1967 1652 2009">
    <p class='ocr_par' dir='ltr' id='par_1_107' title="bbox 863 1967 1652 2009">
     <span class='ocr_line' id='line_1_114' title="bbox 863 1967 1652 2009; baseline 0.001 -15"><span class='ocrx_word' id='word_1_745' title='bbox 863 1967 1442 2009; x_wconf 46' lang='lat' dir='ltr'><strong>quippiamhabeant.lionstarltiltsautem</strong></span> <span class='ocrx_word' id='word_1_746' title='bbox 1465 1972 1571 2009; x_wconf 51' lang='lat' dir='ltr'><strong>ut‘rem</strong></span> <span class='ocrx_word' id='word_1_747' title='bbox 1584 1976 1652 2009; x_wconf 85' lang='lat' dir='ltr'><strong>per—</strong></span> 
     </span>
    </p>
   </div>
   <div class='ocr_carea' id='block_1_108' title="bbox 863 2002 1651 2038">
    <p class='ocr_par' dir='ltr' id='par_1_108' title="bbox 863 2002 1651 2038">
     <span class='ocr_line' id='line_1_115' title="bbox 863 2002 1651 2038; baseline 0.001 -9"><span class='ocrx_word' id='word_1_748' title='bbox 863 2008 967 2038; x_wconf 80' lang='lat' dir='ltr'><strong>gratam</strong></span> <span class='ocrx_word' id='word_1_749' title='bbox 984 2003 1113 2030; x_wconf 75' lang='lat' dir='ltr'><strong>Romanis</strong></span> <span class='ocrx_word' id='word_1_750' title='bbox 1128 2003 1259 2033; x_wconf 81' lang='lat' dir='ltr'><strong>ediceret,</strong></span> <span class='ocrx_word' id='word_1_751' title='bbox 1273 2002 1351 2035; x_wconf 84' lang='lat' dir='ltr'><strong>jubet</strong></span> <span class='ocrx_word' id='word_1_752' title='bbox 1359 2002 1482 2038; x_wconf 68' lang='lat' dir='ltr'><strong>revocari</strong></span> <span class='ocrx_word' id='word_1_753' title='bbox 1499 2002 1651 2038; x_wconf 80' lang='lat' dir='ltr'><strong>Liberium,</strong></span> 
     </span>
    </p>
   </div>
   <div class='ocr_carea' id='block_1_109' title="bbox 863 2037 1652 2070">
    <p class='ocr_par' dir='ltr' id='par_1_109' title="bbox 863 2037 1652 2070">
     <span class='ocr_line' id='line_1_116' title="bbox 863 2037 1652 2070; baseline 0.001 -6"><span class='ocrx_word' id='word_1_754' title='bbox 863 2037 891 2065; x_wconf 82' lang='lat' dir='ltr'><strong>et</strong></span> <span class='ocrx_word' id='word_1_755' title='bbox 907 2046 960 2065; x_wconf 89' lang='lat' dir='ltr'><strong>una</strong></span> <span class='ocrx_word' id='word_1_756' title='bbox 977 2046 1039 2064; x_wconf 88' lang='lat' dir='ltr'><strong>cum</strong></span> <span class='ocrx_word' id='word_1_757' title='bbox 1057 2038 1146 2064; x_wconf 83' lang='lat' dir='ltr'><strong>Felice</strong></span> <span class='ocrx_word' id='word_1_758' title='bbox 1173 2038 1324 2064; x_wconf 74' lang='lat' dir='ltr'><strong>Ecclesium</strong></span> <span class='ocrx_word' id='word_1_759' title='bbox 1340 2037 1486 2064; x_wconf 86' lang='lat' dir='ltr'><strong>moderari.</strong></span> <span class='ocrx_word' id='word_1_760' title='bbox 1512 2037 1570 2070; x_wconf 85' lang='lat' dir='ltr'><strong>Qua</strong></span> <span class='ocrx_word' id='word_1_761' title='bbox 1585 2046 1652 2065; x_wconf 88' lang='lat' dir='ltr'><strong>con-</strong></span> 
     </span>
    </p>
   </div>
   <div class='ocr_carea' id='block_1_110' title="bbox 865 2073 1651 2108">
    <p class='ocr_par' dir='ltr' id='par_1_110' title="bbox 865 2073 1651 2108">
     <span class='ocr_line' id='line_1_117' title="bbox 865 2073 1651 2108; baseline 0.001 -9"><span class='ocrx_word' id='word_1_762' title='bbox 865 2073 970 2099; x_wconf 89' lang='lat' dir='ltr'><strong>ditione</strong></span> <span class='ocrx_word' id='word_1_763' title='bbox 981 2080 1043 2099; x_wconf 88' lang='lat' dir='ltr'><strong>cum</strong></span> <span class='ocrx_word' id='word_1_764' title='bbox 1053 2073 1108 2099; x_wconf 91' lang='lat' dir='ltr'><strong>risu</strong></span> <span class='ocrx_word' id='word_1_765' title='bbox 1122 2077 1245 2107; x_wconf 78' lang='lat' dir='ltr'><strong>excepta,</strong></span> <span class='ocrx_word' id='word_1_766' title='bbox 1256 2076 1284 2099; x_wconf 80' lang='lat' dir='ltr'><strong>et</strong></span> <span class='ocrx_word' id='word_1_767' title='bbox 1290 2076 1385 2098; x_wconf 78' lang='lat' dir='ltr'><strong>contra</strong></span> <span class='ocrx_word' id='word_1_768' title='bbox 1398 2073 1531 2099; x_wconf 85' lang='lat' dir='ltr'><strong>clamante</strong></span> <span class='ocrx_word' id='word_1_769' title='bbox 1540 2074 1651 2108; x_wconf 83' lang='lat' dir='ltr'><strong>populo,</strong></span> 
     </span>
    </p>
   </div>
   <div class='ocr_carea' id='block_1_111' title="bbox 865 2107 1652 2143">
    <p class='ocr_par' dir='ltr' id='par_1_111' title="bbox 865 2107 1652 2143">
     <span class='ocr_line' id='line_1_118' title="bbox 865 2107 1652 2143; baseline 0.001 -8"><span class='ocrx_word' id='word_1_770' title='bbox 865 2108 940 2135; x_wconf 89' lang='lat' dir='ltr'><strong>Unus</strong></span> <span class='ocrx_word' id='word_1_771' title='bbox 959 2108 1041 2139; x_wconf 86' lang='lat' dir='ltr'><strong>Deus,</strong></span> <span class='ocrx_word' id='word_1_772' title='bbox 1066 2115 1137 2134; x_wconf 86' lang='lat' dir='ltr'><strong>unus</strong></span> <span class='ocrx_word' id='word_1_773' title='bbox 1166 2107 1303 2138; x_wconf 87' lang='lat' dir='ltr'><strong>Christus,</strong></span> <span class='ocrx_word' id='word_1_774' title='bbox 1314 2115 1401 2143; x_wconf 46' lang='lat' dir='ltr'><strong>ulnus</strong></span> <span class='ocrx_word' id='word_1_775' title='bbox 1423 2107 1585 2142; x_wconf 52' lang='lat' dir='ltr'><strong>episcopus;</strong></span> <span class='ocrx_word' id='word_1_776' title='bbox 1602 2117 1652 2143; x_wconf 90' lang='lat' dir='ltr'><strong>po-</strong></span> 
     </span>
    </p>
   </div>
   <div class='ocr_carea' id='block_1_112' title="bbox 867 2141 1650 2183">
    <p class='ocr_par' dir='ltr' id='par_1_112' title="bbox 867 2141 1650 2183">
     <span class='ocr_line' id='line_1_119' title="bbox 867 2141 1650 2183; baseline 0.001 -14"><span class='ocrx_word' id='word_1_777' title='bbox 867 2143 1000 2170; x_wconf 88' lang='lat' dir='ltr'><strong>stulatum</strong></span> <span class='ocrx_word' id='word_1_778' title='bbox 1014 2143 1059 2170; x_wconf 91' lang='lat' dir='ltr'><strong>ille</strong></span> <span class='ocrx_word' id='word_1_779' title='bbox 1072 2143 1146 2183; x_wconf 82' lang='lat' dir='ltr'><strong>plebi</strong></span> <span class='ocrx_word' id='word_1_780' title='bbox 1157 2143 1302 2182; x_wconf 79' lang='lat' dir='ltr'><strong>concessit.</strong></span> <span class='ocrx_word' id='word_1_781' title='bbox 1314 2141 1350 2182; x_wconf 75' lang='lat' dir='ltr'><strong>Ut</strong></span> <span class='ocrx_word' id='word_1_782' title='bbox 1368 2146 1458 2183; x_wconf 58' lang='lat' dir='ltr'><strong>sulem</strong></span> <span class='ocrx_word' id='word_1_783' title='bbox 1471 2141 1553 2170; x_wconf 82' lang='lat' dir='ltr'><strong>habet</strong></span> <span class='ocrx_word' id='word_1_784' title='bbox 1568 2141 1650 2170; x_wconf 57' lang='lat' dir='ltr'><strong>So&#39;zo-</strong></span> 
     </span>
    </p>
   </div>
   <div class='ocr_carea' id='block_1_113' title="bbox 865 2177 1653 2212">
    <p class='ocr_par' dir='ltr' id='par_1_113' title="bbox 865 2177 1653 2212">
     <span class='ocr_line' id='line_1_120' title="bbox 865 2177 1653 2212; baseline 0.003 -8"><span class='ocrx_word' id='word_1_785' title='bbox 865 2185 973 2209; x_wconf 90' lang='lat' dir='ltr'><strong>menus,</strong></span> <span class='ocrx_word' id='word_1_786' title='bbox 984 2186 1039 2204; x_wconf 89' lang='lat' dir='ltr'><strong>non</strong></span> <span class='ocrx_word' id='word_1_787' title='bbox 1051 2177 1104 2204; x_wconf 87' lang='lat' dir='ltr'><strong>nisi</strong></span> <span class='ocrx_word' id='word_1_788' title='bbox 1117 2185 1145 2204; x_wconf 86' lang='lat' dir='ltr'><strong>re</strong></span> <span class='ocrx_word' id='word_1_789' title='bbox 1157 2185 1218 2204; x_wconf 86' lang='lat' dir='ltr'><strong>eum</strong></span> <span class='ocrx_word' id='word_1_790' title='bbox 1228 2177 1521 2212; x_wconf 80' lang='lat' dir='ltr'><strong>episeopisdeliberala</strong></span> <span class='ocrx_word' id='word_1_791' title='bbox 1535 2186 1653 2206; x_wconf 82' lang='lat' dir='ltr'><strong>evocan-</strong></span> 
     </span>
    </p>
   </div>
   <div class='ocr_carea' id='block_1_114' title="bbox 863 2212 1652 2249">
    <p class='ocr_par' dir='ltr' id='par_1_114' title="bbox 863 2212 1652 2249">
     <span class='ocr_line' id='line_1_121' title="bbox 863 2212 1652 2249; baseline 0.001 -9"><span class='ocrx_word' id='word_1_792' title='bbox 863 2213 1052 2249; x_wconf 28' lang='lat' dir='ltr'><strong>dumwstatuit</strong></span> <span class='ocrx_word' id='word_1_793' title='bbox 1079 2212 1230 2249; x_wconf 81' lang='lat' dir='ltr'><strong>Liberium,</strong></span> <span class='ocrx_word' id='word_1_794' title='bbox 1268 2216 1296 2238; x_wconf 85' lang='lat' dir='ltr'><strong>et</strong></span> <span class='ocrx_word' id='word_1_795' title='bbox 1329 2212 1441 2246; x_wconf 86' lang='lat' dir='ltr'><strong>quidem</strong></span> <span class='ocrx_word' id='word_1_796' title='bbox 1479 2221 1510 2249; x_wconf 76' lang='lat' dir='ltr'><strong>ea</strong></span> <span class='ocrx_word' id='word_1_797' title='bbox 1545 2214 1603 2249; x_wconf 75' lang='lat' dir='ltr'><strong>lege</strong></span> <span class='ocrx_word' id='word_1_798' title='bbox 1625 2217 1652 2241; x_wconf 76' lang='lat' dir='ltr'><strong>ei</strong></span> 
     </span>
    </p>
   </div>
   <div class='ocr_carea' id='block_1_115' title="bbox 862 2247 1652 2283">
    <p class='ocr_par' dir='ltr' id='par_1_115' title="bbox 862 2247 1652 2283">
     <span class='ocr_line' id='line_1_122' title="bbox 862 2247 1652 2283; baseline 0.001 -9"><span class='ocrx_word' id='word_1_799' title='bbox 862 2248 1031 2279; x_wconf 82' lang='lat' dir='ltr'><strong>conditione,</strong></span> <span class='ocrx_word' id='word_1_800' title='bbox 1049 2251 1080 2275; x_wconf 91' lang='lat' dir='ltr'><strong>ut</strong></span> <span class='ocrx_word' id='word_1_801' title='bbox 1096 2247 1271 2275; x_wconf 82' lang='lat' dir='ltr'><strong>orientalium</strong></span> <span class='ocrx_word' id='word_1_802' title='bbox 1290 2251 1352 2273; x_wconf 86' lang='lat' dir='ltr'><strong>ante</strong></span> <span class='ocrx_word' id='word_1_803' title='bbox 1366 2248 1530 2275; x_wconf 80' lang='lat' dir='ltr'><strong>sententiam</strong></span> <span class='ocrx_word' id='word_1_804' title='bbox 1548 2247 1652 2283; x_wconf 82' lang='lat' dir='ltr'><strong>amplc-</strong></span> 
     </span>
    </p>
   </div>
   <div class='ocr_carea' id='block_1_116' title="bbox 862 2282 1654 2321">
    <p class='ocr_par' dir='ltr' id='par_1_116' title="bbox 862 2282 1654 2321">
     <span class='ocr_line' id='line_1_123' title="bbox 862 2282 1654 2321; baseline 0.001 -12"><span class='ocrx_word' id='word_1_805' title='bbox 862 2287 982 2321; x_wconf 63' lang='lat' dir='ltr'><strong>aleretur.</strong></span> <span class='ocrx_word' id='word_1_806' title='bbox 1007 2283 1128 2321; x_wconf 74' lang='lat' dir='ltr'><strong>Tandem</strong></span> <span class='ocrx_word' id='word_1_807' title='bbox 1159 2287 1302 2321; x_wconf 86' lang='lat' dir='ltr'><strong>postquam</strong></span> <span class='ocrx_word' id='word_1_808' title='bbox 1320 2282 1498 2321; x_wconf 41' lang='lat' dir='ltr'><strong>exsultaverat</strong></span> <span class='ocrx_word' id='word_1_809' title='bbox 1515 2282 1654 2321; x_wconf 61' lang='lat' dir='ltr'><strong>Liberius</strong></span> 
     </span>
    </p>
   </div>
   <div class='ocr_carea' id='block_1_117' title="bbox 862 2317 1654 2352">
    <p class='ocr_par' dir='ltr' id='par_1_117' title="bbox 862 2317 1654 2352">
     <span class='ocr_line' id='line_1_124' title="bbox 862 2317 1654 2352; baseline 0.003 -8"><span class='ocrx_word' id='word_1_810' title='bbox 862 2317 971 2344; x_wconf 88' lang='lat' dir='ltr'><strong>duobus</strong></span> <span class='ocrx_word' id='word_1_811' title='bbox 993 2322 1021 2344; x_wconf 91' lang='lat' dir='ltr'><strong>et</strong></span> <span class='ocrx_word' id='word_1_812' title='bbox 1041 2318 1159 2352; x_wconf 86' lang='lat' dir='ltr'><strong>amplius</strong></span> <span class='ocrx_word' id='word_1_813' title='bbox 1187 2319 1276 2348; x_wconf 88' lang='lat' dir='ltr'><strong>annis,</strong></span> <span class='ocrx_word' id='word_1_814' title='bbox 1300 2320 1328 2343; x_wconf 85' lang='lat' dir='ltr'><strong>et</strong></span> <span class='ocrx_word' id='word_1_815' title='bbox 1350 2317 1405 2350; x_wconf 81' lang='lat' dir='ltr'><strong>jam</strong></span> <span class='ocrx_word' id='word_1_816' title='bbox 1426 2317 1601 2345; x_wconf 80' lang='lat' dir='ltr'><strong>miseriarum</strong></span> <span class='ocrx_word' id='word_1_817' title='bbox 1625 2325 1654 2346; x_wconf 84' lang='lat' dir='ltr'><strong>et</strong></span> 
     </span>
    </p>
   </div>
   <div class='ocr_carea' id='block_1_118' title="bbox 862 2351 1652 2387">
    <p class='ocr_par' dir='ltr' id='par_1_118' title="bbox 862 2351 1652 2387">
     <span class='ocr_line' id='line_1_125' title="bbox 862 2351 1652 2387; baseline 0.003 -8"><span class='ocrx_word' id='word_1_818' title='bbox 862 2353 1048 2386; x_wconf 87' lang='lat' dir='ltr'><strong>periculorum</strong></span> <span class='ocrx_word' id='word_1_819' title='bbox 1063 2351 1124 2387; x_wconf 72' lang='lat' dir='ltr'><strong>qua:</strong></span> <span class='ocrx_word' id='word_1_820' title='bbox 1142 2353 1284 2383; x_wconf 86' lang='lat' dir='ltr'><strong>sustinuit,</strong></span> <span class='ocrx_word' id='word_1_821' title='bbox 1310 2351 1389 2387; x_wconf 53' lang='lat' dir='ltr'><strong>tagdio</strong></span> <span class='ocrx_word' id='word_1_822' title='bbox 1417 2358 1572 2387; x_wconf 82' lang='lat' dir='ltr'><strong>superatus,</strong></span> <span class='ocrx_word' id='word_1_823' title='bbox 1596 2354 1652 2381; x_wconf 83' lang='lat' dir='ltr'><strong>vim</strong></span> 
     </span>
    </p>
   </div>
   <div class='ocr_carea' id='block_1_119' title="bbox 862 2386 1653 2422">
    <p class='ocr_par' dir='ltr' id='par_1_119' title="bbox 862 2386 1653 2422">
     <span class='ocr_line' id='line_1_126' title="bbox 862 2386 1653 2422; baseline 0.003 -8"><span class='ocrx_word' id='word_1_824' title='bbox 862 2392 890 2414; x_wconf 90' lang='lat' dir='ltr'><strong>et</strong></span> <span class='ocrx_word' id='word_1_825' title='bbox 908 2388 1022 2414; x_wconf 83' lang='lat' dir='ltr'><strong>verbera</strong></span> <span class='ocrx_word' id='word_1_826' title='bbox 1041 2386 1146 2422; x_wconf 78' lang='lat' dir='ltr'><strong>passus,</strong></span> <span class='ocrx_word' id='word_1_827' title='bbox 1169 2387 1308 2422; x_wconf 89' lang='lat' dir='ltr'><strong>nimiaque</strong></span> <span class='ocrx_word' id='word_1_828' title='bbox 1332 2386 1484 2422; x_wconf 76' lang='lat' dir='ltr'><strong>Demophili</strong></span> <span class='ocrx_word' id='word_1_829' title='bbox 1504 2394 1531 2415; x_wconf 91' lang='lat' dir='ltr'><strong>et</strong></span> <span class='ocrx_word' id='word_1_830' title='bbox 1553 2389 1653 2416; x_wconf 84' lang='lat' dir='ltr'><strong>Fortu-</strong></span> 
     </span>
    </p>
   </div>
   <div class='ocr_carea' id='block_1_120' title="bbox 862 2422 1654 2457">
    <p class='ocr_par' dir='ltr' id='par_1_120' title="bbox 862 2422 1654 2457">
     <span class='ocr_line' id='line_1_127' title="bbox 862 2422 1654 2457; baseline 0.003 -8"><span class='ocrx_word' id='word_1_831' title='bbox 862 2423 965 2449; x_wconf 87' lang='lat' dir='ltr'><strong>natiani</strong></span> <span class='ocrx_word' id='word_1_832' title='bbox 984 2423 1190 2457; x_wconf 83' lang='lat' dir='ltr'><strong>importunitate</strong></span> <span class='ocrx_word' id='word_1_833' title='bbox 1202 2423 1301 2455; x_wconf 81' lang='lat' dir='ltr'><strong>vietus,</strong></span> <span class='ocrx_word' id='word_1_834' title='bbox 1311 2422 1430 2451; x_wconf 87' lang='lat' dir='ltr'><strong>dolendo</strong></span> <span class='ocrx_word' id='word_1_835' title='bbox 1455 2423 1582 2451; x_wconf 72' lang='lat' dir='ltr'><strong>humana:</strong></span> <span class='ocrx_word' id='word_1_836' title='bbox 1595 2424 1654 2451; x_wconf 87' lang='lat' dir='ltr'><strong>fra-</strong></span> 
     </span>
    </p>
   </div>
   <div class='ocr_carea' id='block_1_121' title="bbox 880 2457 1653 2493">
    <p class='ocr_par' dir='ltr' id='par_1_121' title="bbox 880 2457 1653 2493">
     <span class='ocr_line' id='line_1_128' title="bbox 880 2457 1653 2493; baseline 0.001 -9"><span class='ocrx_word' id='word_1_837' title='bbox 880 2457 975 2493; x_wconf 86' lang='lat' dir='ltr'><strong>ilitatis</strong></span> <span class='ocrx_word' id='word_1_838' title='bbox 1000 2459 1125 2493; x_wconf 78' lang='lat' dir='ltr'><strong>exemplo</strong></span> <span class='ocrx_word' id='word_1_839' title='bbox 1155 2458 1238 2489; x_wconf 86' lang='lat' dir='ltr'><strong>cadit,</strong></span> <span class='ocrx_word' id='word_1_840' title='bbox 1257 2458 1435 2486; x_wconf 81' lang='lat' dir='ltr'><strong>Athanasium</strong></span> <span class='ocrx_word' id='word_1_841' title='bbox 1467 2459 1596 2491; x_wconf 90' lang='lat' dir='ltr'><strong>damnat,</strong></span> <span class='ocrx_word' id='word_1_842' title='bbox 1625 2465 1653 2485; x_wconf 79' lang='lat' dir='ltr'><strong>et</strong></span> 
     </span>
    </p>
   </div>
   <div class='ocr_carea' id='block_1_122' title="bbox 862 2465 1652 2528">
    <p class='ocr_par' dir='ltr' id='par_1_122' title="bbox 862 2465 1652 2528">
     <span class='ocr_line' id='line_1_129' title="bbox 862 2465 1652 2519; baseline 0.003 -36"><span class='ocrx_word' id='word_1_843' title='bbox 862 2465 975 2519; x_wconf 51' lang='grc' dir='ltr'>ξιιιιιιιιε</span> <span class='ocrx_word' id='word_1_844' title='bbox 1000 2465 1125 2493; x_wconf 78' lang='lat' dir='ltr'><strong>exempto</strong></span> <span class='ocrx_word' id='word_1_845' title='bbox 1155 2465 1238 2489; x_wconf 83' lang='lat' dir='ltr'><strong>cauit,</strong></span> <span class='ocrx_word' id='word_1_846' title='bbox 1257 2465 1435 2486; x_wconf 81' lang='lat' dir='ltr'><strong>Athanasmm</strong></span> <span class='ocrx_word' id='word_1_847' title='bbox 1467 2465 1596 2491; x_wconf 85' lang='lat' dir='ltr'><strong>damnat,</strong></span> <span class='ocrx_word' id='word_1_848' title='bbox 1625 2465 1652 2485; x_wconf 77' lang='lat' dir='ltr'><strong>et</strong></span> 
     </span>
     <span class='ocr_line' id='line_1_130' title="bbox 876 2492 1652 2528; baseline 0.003 -9"><span class='ocrx_word' id='word_1_849' title='bbox 876 2492 1156 2520; x_wconf 71' lang='lat' dir='ltr'><strong>lomoausionistarum</strong></span> <span class='ocrx_word' id='word_1_850' title='bbox 1188 2493 1312 2521; x_wconf 78' lang='lat' dir='ltr'><strong>formulae</strong></span> <span class='ocrx_word' id='word_1_851' title='bbox 1341 2501 1421 2528; x_wconf 84' lang='lat' dir='ltr'><strong>quam</strong></span> <span class='ocrx_word' id='word_1_852' title='bbox 1450 2501 1538 2528; x_wconf 91' lang='lat' dir='ltr'><strong>nuper</strong></span> <span class='ocrx_word' id='word_1_853' title='bbox 1559 2495 1652 2521; x_wconf 90' lang='lat' dir='ltr'><strong>Sirmii</strong></span> 
     </span>
    </p>
   </div>
   <div class='ocr_carea' id='block_1_123' title="bbox 863 2528 1653 2563">
    <p class='ocr_par' dir='ltr' id='par_1_123' title="bbox 863 2528 1653 2563">
     <span class='ocr_line' id='line_1_131' title="bbox 863 2528 1653 2563; baseline 0.004 -9"><span class='ocrx_word' id='word_1_854' title='bbox 863 2528 1052 2559; x_wconf 87' lang='lat' dir='ltr'><strong>condiderant,</strong></span> <span class='ocrx_word' id='word_1_855' title='bbox 1068 2528 1228 2560; x_wconf 87' lang='lat' dir='ltr'><strong>subscribit,</strong></span> <span class='ocrx_word' id='word_1_856' title='bbox 1249 2536 1320 2556; x_wconf 89' lang='lat' dir='ltr'><strong>anno</strong></span> <span class='ocrx_word' id='word_1_857' title='bbox 1343 2528 1406 2559; x_wconf 75' lang='lat'><strong>358,</strong></span> <span class='ocrx_word' id='word_1_858' title='bbox 1419 2528 1501 2563; x_wconf 88' lang='lat' dir='ltr'><strong>idque</strong></span> <span class='ocrx_word' id='word_1_859' title='bbox 1517 2537 1546 2556; x_wconf 80' lang='lat' dir='ltr'><strong>se</strong></span> <span class='ocrx_word' id='word_1_860' title='bbox 1555 2529 1653 2557; x_wconf 82' lang='lat' dir='ltr'><strong>fecisse</strong></span> 
     </span>
    </p>
   </div>
   <div class='ocr_carea' id='block_1_124' title="bbox 863 2563 1654 2604">
    <p class='ocr_par' dir='ltr' id='par_1_124' title="bbox 863 2563 1654 2604">
     <span class='ocr_line' id='line_1_132' title="bbox 863 2563 1654 2604; baseline 0.004 -15"><span class='ocrx_word' id='word_1_861' title='bbox 863 2563 978 2604; x_wconf 74' lang='lat' dir='ltr'><strong>datis_a_tl</strong></span> <span class='ocrx_word' id='word_1_862' title='bbox 1000 2563 1156 2604; x_wconf 67' lang='lat' dir='ltr'><strong>orientales,</strong></span> <span class='ocrx_word' id='word_1_863' title='bbox 1170 2563 1284 2604; x_wconf 64' lang='lat' dir='ltr'><strong>aliisque</strong></span> <span class='ocrx_word' id='word_1_864' title='bbox 1313 2564 1346 2591; x_wconf 86' lang='lat' dir='ltr'><strong>ad</strong></span> <span class='ocrx_word' id='word_1_865' title='bbox 1359 2563 1502 2604; x_wconf 68' lang='lat' dir='ltr'><strong>Ursacium</strong></span> <span class='ocrx_word' id='word_1_866' title='bbox 1517 2569 1544 2591; x_wconf 90' lang='lat' dir='ltr'><strong>et</strong></span> <span class='ocrx_word' id='word_1_867' title='bbox 1558 2564 1654 2592; x_wconf 88' lang='lat' dir='ltr'><strong>Valen-</strong></span> 
     </span>
    </p>
   </div>
   <div class='ocr_carea' id='block_1_125' title="bbox 864 2598 1653 2634">
    <p class='ocr_par' dir='ltr' id='par_1_125' title="bbox 864 2598 1653 2634">
     <span class='ocr_line' id='line_1_133' title="bbox 864 2598 1653 2634; baseline 0.004 -11"><span class='ocrx_word' id='word_1_868' title='bbox 864 2603 917 2624; x_wconf 87' lang='lat' dir='ltr'><strong>tem</strong></span> <span class='ocrx_word' id='word_1_869' title='bbox 938 2598 1045 2634; x_wconf 81' lang='lat' dir='ltr'><strong>litteris</strong></span> <span class='ocrx_word' id='word_1_870' title='bbox 1059 2602 1173 2634; x_wconf 75' lang='lat' dir='ltr'><strong>testatus</strong></span> <span class='ocrx_word' id='word_1_871' title='bbox 1186 2603 1236 2625; x_wconf 89' lang='lat' dir='ltr'><strong>est.</strong></span> <span class='ocrx_word' id='word_1_872' title='bbox 1253 2599 1366 2626; x_wconf 77' lang='lat' dir='ltr'><strong>Romam</strong></span> <span class='ocrx_word' id='word_1_873' title='bbox 1381 2598 1471 2626; x_wconf 66' lang='lat' dir='ltr'><strong>rediit‘</strong></span> <span class='ocrx_word' id='word_1_874' title='bbox 1480 2607 1577 2634; x_wconf 76' lang='lat' dir='ltr'><strong>magno</strong></span> <span class='ocrx_word' id='word_1_875' title='bbox 1590 2608 1653 2627; x_wconf 92' lang='lat' dir='ltr'><strong>cum</strong></span> 
     </span>
    </p>
   </div>
   <div class='ocr_carea' id='block_1_126' title="bbox 861 2633 1653 2668">
    <p class='ocr_par' dir='ltr' id='par_1_126' title="bbox 861 2633 1653 2668">
     <span class='ocr_line' id='line_1_134' title="bbox 861 2633 1653 2668; baseline 0.003 -9"><span class='ocrx_word' id='word_1_876' title='bbox 861 2633 955 2667; x_wconf 90' lang='lat' dir='ltr'><strong>populi</strong></span> <span class='ocrx_word' id='word_1_877' title='bbox 968 2633 1066 2667; x_wconf 83' lang='lat' dir='ltr'><strong>gaudio</strong></span> <span class='ocrx_word' id='word_1_878' title='bbox 1076 2642 1087 2665; x_wconf 85' lang='grc'><strong>;·</strong></span> <span class='ocrx_word' id='word_1_879' title='bbox 1097 2633 1187 2660; x_wconf 87' lang='lat' dir='ltr'><strong>Felice</strong></span> <span class='ocrx_word' id='word_1_880' title='bbox 1200 2634 1242 2660; x_wconf 81' lang='lat' dir='ltr'><strong>vel</strong></span> <span class='ocrx_word' id='word_1_881' title='bbox 1255 2642 1269 2660; x_wconf 85' lang='lat' dir='ltr'><strong>a</strong></span> <span class='ocrx_word' id='word_1_882' title='bbox 1282 2639 1379 2661; x_wconf 87' lang='lat' dir='ltr'><strong>senatu</strong></span> <span class='ocrx_word' id='word_1_883' title='bbox 1397 2634 1442 2660; x_wconf 74' lang='lat' dir='ltr'><strong>vel</strong></span> <span class='ocrx_word' id='word_1_884' title='bbox 1456 2642 1470 2661; x_wconf 89' lang='lat' dir='ltr'><strong>a</strong></span> <span class='ocrx_word' id='word_1_885' title='bbox 1484 2633 1563 2668; x_wconf 84' lang='lat' dir='ltr'><strong>plebe</strong></span> <span class='ocrx_word' id='word_1_886' title='bbox 1583 2635 1653 2661; x_wconf 89' lang='lat' dir='ltr'><strong>urbe</strong></span> 
     </span>
    </p>
   </div>
   <div class='ocr_carea' id='block_1_127' title="bbox 862 2668 1653 2703">
    <p class='ocr_par' dir='ltr' id='par_1_127' title="bbox 862 2668 1653 2703">
     <span class='ocr_line' id='line_1_135' title="bbox 862 2668 1653 2703; baseline 0.001 -9"><span class='ocrx_word' id='word_1_887' title='bbox 862 2668 986 2702; x_wconf 86' lang='lat' dir='ltr'><strong>expulso.</strong></span> <span class='ocrx_word' id='word_1_888' title='bbox 1001 2668 1074 2695; x_wconf 74' lang='lat' dir='ltr'><strong>Vixit</strong></span> <span class='ocrx_word' id='word_1_889' title='bbox 1097 2672 1158 2702; x_wconf 87' lang='lat' dir='ltr'><strong>post</strong></span> <span class='ocrx_word' id='word_1_890' title='bbox 1174 2669 1291 2695; x_wconf 86' lang='lat' dir='ltr'><strong>reditum</strong></span> <span class='ocrx_word' id='word_1_891' title='bbox 1306 2677 1393 2696; x_wconf 88' lang='lat' dir='ltr'><strong>annos</strong></span> <span class='ocrx_word' id='word_1_892' title='bbox 1404 2676 1512 2699; x_wconf 89' lang='lat' dir='ltr'><strong>novem,</strong></span> <span class='ocrx_word' id='word_1_893' title='bbox 1525 2670 1653 2703; x_wconf 86' lang='lat' dir='ltr'><strong>diemque</strong></span> 
     </span>
    </p>
   </div>
   <div class='ocr_carea' id='block_1_128' title="bbox 862 2703 1652 2738">
    <p class='ocr_par' dir='ltr' id='par_1_128' title="bbox 862 2703 1652 2738">
     <span class='ocr_line' id='line_1_136' title="bbox 862 2703 1652 2738; baseline 0 -9"><span class='ocrx_word' id='word_1_894' title='bbox 862 2703 962 2730; x_wconf 89' lang='lat' dir='ltr'><strong>clausit</strong></span> <span class='ocrx_word' id='word_1_895' title='bbox 981 2711 1141 2738; x_wconf 89' lang='lat' dir='ltr'><strong>supremum</strong></span> <span class='ocrx_word' id='word_1_896' title='bbox 1153 2711 1198 2730; x_wconf 83' lang='lat' dir='ltr'><strong>Vlll</strong></span> <span class='ocrx_word' id='word_1_897' title='bbox 1214 2703 1270 2730; x_wconf 82' lang='lat' dir='ltr'><strong>Kal.</strong></span> <span class='ocrx_word' id='word_1_898' title='bbox 1290 2703 1387 2731; x_wconf 90' lang='lat' dir='ltr'><strong>Octob.</strong></span> <span class='ocrx_word' id='word_1_899' title='bbox 1403 2712 1466 2731; x_wconf 89' lang='lat' dir='ltr'><strong>ann.</strong></span> <span class='ocrx_word' id='word_1_900' title='bbox 1479 2704 1539 2730; x_wconf 77' lang='grc'><strong>566.</strong></span> <span class='ocrx_word' id='word_1_901' title='bbox 1553 2704 1652 2738; x_wconf 86' lang='lat' dir='ltr'><strong>Sepul-</strong></span> 
     </span>
    </p>
   </div>
   <div class='ocr_carea' id='block_1_129' title="bbox 864 2737 1653 2772">
    <p class='ocr_par' dir='ltr' id='par_1_129' title="bbox 864 2737 1653 2772">
     <span class='ocr_line' id='line_1_137' title="bbox 864 2737 1653 2772; baseline 0 -8"><span class='ocrx_word' id='word_1_902' title='bbox 864 2742 907 2765; x_wconf 86' lang='lat' dir='ltr'><strong>tus</strong></span> <span class='ocrx_word' id='word_1_903' title='bbox 936 2739 979 2765; x_wconf 88' lang='lat' dir='ltr'><strong>via</strong></span> <span class='ocrx_word' id='word_1_904' title='bbox 999 2739 1100 2765; x_wconf 86' lang='lat' dir='ltr'><strong>Salaria</strong></span> <span class='ocrx_word' id='word_1_905' title='bbox 1126 2738 1152 2765; x_wconf 93' lang='lat' dir='ltr'><strong>in</strong></span> <span class='ocrx_word' id='word_1_906' title='bbox 1172 2739 1330 2766; x_wconf 79' lang='lat' dir='ltr'><strong>C(emeterio</strong></span> <span class='ocrx_word' id='word_1_907' title='bbox 1356 2739 1494 2766; x_wconf 61' lang='lat' dir='ltr'><strong>Priscillae.</strong></span> <span class='ocrx_word' id='word_1_908' title='bbox 1512 2737 1573 2772; x_wconf 83' lang='lat' dir='ltr'><strong>(Gl.</strong></span> <span class='ocrx_word' id='word_1_909' title='bbox 1589 2737 1653 2764; x_wconf 23' lang='lat' dir='ltr'><strong>7M0-</strong></span> 
     </span>
    </p>
   </div>
   <div class='ocr_carea' id='block_1_130' title="bbox 863 2772 1652 2804">
    <p class='ocr_par' dir='ltr' id='par_1_130' title="bbox 863 2772 1652 2804">
     <span class='ocr_line' id='line_1_138' title="bbox 863 2772 1652 2804; baseline -0.001 -5"><span class='ocrx_word' id='word_1_910' title='bbox 863 2773 942 2800; x_wconf 83' lang='lat' dir='ltr'><strong>nachi</strong></span> <span class='ocrx_word' id='word_1_911' title='bbox 957 2773 1128 2800; x_wconf 84' lang='lat' dir='ltr'><strong>Benedictini</strong></span> <span class='ocrx_word' id='word_1_912' title='bbox 1147 2773 1195 2800; x_wconf 69' lang='lat' dir='ltr'><strong>Vit.</strong></span> <span class='ocrx_word' id='word_1_913' title='bbox 1211 2773 1239 2800; x_wconf 91' lang='lat' dir='ltr'><strong>S.</strong></span> <span class='ocrx_word' id='word_1_914' title='bbox 1255 2774 1398 2804; x_wconf 74' lang='lat' dir='ltr'><strong>Alhanus.,</strong></span> <span class='ocrx_word' id='word_1_915' title='bbox 1413 2778 1439 2800; x_wconf 89' lang='lat' dir='ltr'><strong>et</strong></span> <span class='ocrx_word' id='word_1_916' title='bbox 1453 2773 1523 2799; x_wconf 87' lang='lat' dir='ltr'><strong>Guil.</strong></span> <span class='ocrx_word' id='word_1_917' title='bbox 1537 2772 1608 2799; x_wconf 80' lang='lat' dir='ltr'><strong>Cave</strong></span> <span class='ocrx_word' id='word_1_918' title='bbox 1624 2773 1652 2799; x_wconf 89' lang='lat' dir='ltr'><strong>in</strong></span> 
     </span>
    </p>
   </div>
   <div class='ocr_carea' id='block_1_131' title="bbox 863 2808 983 2835">
    <p class='ocr_par' dir='ltr' id='par_1_131' title="bbox 863 2808 983 2835">
     <span class='ocr_line' id='line_1_139' title="bbox 863 2808 983 2835; baseline 0.008 -1"><span class='ocrx_word' id='word_1_919' title='bbox 863 2808 983 2835; x_wconf 82' lang='lat' dir='ltr'><strong>Liberio.</strong></span> 
     </span>
    </p>
   </div>
   <div class='ocr_carea' id='block_1_132' title="bbox 899 2843 1414 2878">
    <p class='ocr_par' dir='ltr' id='par_1_132' title="bbox 899 2843 1414 2878">
     <span class='ocr_line' id='line_1_140' title="bbox 899 2843 1414 2878; baseline 0 -9"><span class='ocrx_word' id='word_1_920' title='bbox 899 2846 906 2853; x_wconf 92' lang='lat'>&#39;</span> <span class='ocrx_word' id='word_1_921' title='bbox 922 2843 1052 2878; x_wconf 83' lang='lat' dir='ltr'><strong>Suspicor</strong></span> <span class='ocrx_word' id='word_1_922' title='bbox 1075 2844 1250 2872; x_wconf 79' lang='lat' dir='ltr'><strong>scribendum</strong></span> <span class='ocrx_word' id='word_1_923' title='bbox 1267 2851 1326 2871; x_wconf 76' lang='lat' dir='ltr'><strong>esse</strong></span> <span class='ocrx_word' id='word_1_924' title='bbox 1341 2844 1414 2870; x_wconf 83' lang='lat' dir='ltr'><strong>Nice.</strong></span> 
     </span>
    </p>
   </div>
  </div>
