1887 3067
71 129 121 158 523

562 127 726 156 HISTORIA
743 127 1020 156 ECCLESIASTICA.
1038 144 1072 149 —
1091 130 1155 157 LIB.
1177 131 1209 159 ll.

1650 133 1698 162 526

71 185 113 216 ὦν
127 187 172 214 καὶ
186 182 268 217 οὗτοι,
289 186 323 213 τὰ
346 186 483 221 ἀνήκεστα
502 186 664 221 πάσχοντες.
679 186 733 213 Καὶ
759 187 852 222 φεύγει

924 188 1045 223 mplecti.
1064 188 1096 215 lii
1115 197 1180 224 ergo
1197 197 1249 217 una
1266 186 1328 217 cum
1345 190 1399 218 illis
1414 192 1514 224 vexati,
1527 192 1698 222 intoleranda

72 235 117 270 μὲν
134 233 224 261 αὐτῶν
237 234 251 260 ὁ
267 233 428 265 ἐπίσκοπος,
451 233 572 267 Ἀγέλιος
583 234 669 268 ὄνομα
686 232 768 269 αὐτῷ.
787 233 854 260 Πολ-

70 280 107 306 λοὶ
127 279 154 305 δὲ
177 278 232 304 τῶν
254 278 401 313 ἐπισήμων
428 278 473 304 ἐπ’
499 278 628 313 εὐλαϐείᾳ.
656 277 855 313 συλληφθέντες

72 324 198 360 ᾐκίζοντο,
218 323 279 348 ἐπεὶ
292 323 329 358 μὴ
352 322 496 349 ἐϐούλοντο
514 323 638 359 μετέχειν
649 323 700 358 τῆς
710 323 855 354 κοινωνίας

70 369 157 397 αὑτοῦ.
174 369 252 396 Μετὰ
265 369 294 395 δὲ
309 370 373 401 τοὺς
388 369 544 404 αἰκισμοὺς,
566 369 612 405 βίᾳ
625 369 679 396 τῶν
697 369 854 405 μυστηρίων

71 416 189 451 μετέχειν
204 415 268 446 τοὺς
297 414 398 450 ἄνδρας
421 414 587 450 ἠνάγκαζον.
616 415 692 450 Ξύλῳ
709 415 764 450 γὰρ
788 414 855 441 διαι-

69 461 172 497 ροῦντες
187 460 223 487 τὰ
243 459 366 496 στόματα
390 460 446 487 τῶν
468 460 630 497 ἀνθρώπων,
654 461 689 488 τὰ
718 461 855 496 μυστήρια

68 505 226 532 ενετίθεσαν.
246 506 278 532 Ut
305 505 333 532 δὲ
361 505 542 541 ὑπομένοντες
560 506 650 538 τοῦτο,
665 506 776 542 μείζονα
800 505 854 532 τῶν

68 553 149 580 ἄλλων
163 552 307 587 τιμωριῶν
319 552 431 578 κόλασιν
442 552 545 587 ταύτην
555 553 690 588 ἐνόμιζον.
704 552 808 579 Γύναιά
824 561 853 579 τε

68 600 110 626 καὶ
128 599 222 625 παιδία
249 597 478 633 συναρπάζοντες,
500 598 624 633 μυεῖσθαι
641 598 805 633 ἠνάγκαζον.
817 597 849 624 Εἰ

68 645 92 672 δέ
105 654 145 677 τις
158 646 331 680 παραιτοῖτο,
349 644 365 679 ἢ
381 644 468 676 ἄλλως
486 645 640 679 ἀντέλεγεν,
655 644 736 676 εὐθὺς
751 645 853 680 ἐπηκο-

68 690 172 717 λούθουν
183 691 300 726 πληγαὶ,
315 690 362 717 καὶ
373 691 442 725 μετὰ
461 690 511 722 τὰς
525 690 632 725 πληγὰς
655 691 749 726 δεσμοί
761 699 790 717 τε
807 691 854 717 καὶ

68 738 248 773 δεσμωτήρια,
275 738 323 764 καὶ
346 737 381 764 τὰ
409 737 477 764 ἄλλα
504 737 589 764 δεινά.
605 734 657 764 Ὧν
683 737 769 772 ένὺςή
783 737 854 764 δυοῖν

69 783 257 819 ἐπιμνησθεὶς,
276 783 398 819 φανερὰν
429 784 478 819 τὴν
502 784 636 819 ἀπήνειαν
658 784 705 810 καὶ
725 783 855 819 ὡμότητα

69 829 230 858 Μακεδονίαν
259 830 306 856 καὶ
333 829 389 856 τῶν
405 829 464 856 τότε
491 829 675 863 ἀκμασάντων
691 828 852 864 ἀνθρώπων,

904 235 1027 269 perpeSsi
1042 239 1106 262 sunt
1115 236 1389 272 m'ala.Etepiscopus
1400 237 1511 272 quidem
1523 246 1632 273 eorum,
1647 248 1698 267 no—

905 280 979 307 mine
990 279 1111 315 Agelius,
1124 280 1188 316 fuga
1200 281 1253 308 sibi
1268 282 1418 309 consuluit.
1429 282 1506 309 Multi
1519 290 1583 310 vero
1598 284 1699 318 pietate

905 325 1037 361 insignes,
1054 326 1247 361 comprehensi
1259 335 1290 354 ac
1307 327 1452 355 tormentis
1465 328 1568 356 subditi
1581 333 1653 362 sunt,
1666 337 1700 357 eo

904 371 978 406 quod
1000 373 1203 400 communicare
1220 372 1281 400 cum
1299 373 1345 400 illo
1363 379 1529 402 recusarent.
1550 376 1614 403 Post
1635 383 1699 402 cru-

904 417 992 445 ciatus
1005 421 1107 449 autem,
1121 419 1236 446 miseros
1250 418 1376 447 homines
1387 427 1481 447 secum
1494 421 1700 448 communicare

904 470 953 497 per
971 463 1025 489 vim
1043 463 1198 498 adigebant.
1218 464 1304 499 Ligno
1321 465 1394 491 enim
1416 465 1516 501 injecto
1536 475 1584 493 ora
1608 467 1698 493 homi-

905 515 970 535 num
993 503 1165 540 diducentes,
1179 514 1349 537 sacramenta
1374 511 1441 546 ipsis
1463 512 1636 547 ingerebant.
1657 512 1698 539 llli

904 563 969 582 vero
985 555 1087 590 quibus
1100 562 1131 581 ea
1145 555 1186 581 vis
1200 555 1392 589 adhibebatur,
1408 558 1559 586 cruciatum
1571 553 1644 586 hunc
1657 566 1699 585 rc-

906 601 990 635 liquis
1008 601 1137 628 onmibus
1166 601 1252 628 multo
1275 603 1427 637 graviorem
1453 605 1612 631 censebant.
1639 605 1698 631 Mu-

905 648 987 675 lieres
1003 655 1085 683 porro
1101 651 1129 674 et
1139 648 1267 682 panulos
1278 648 1455 683 abripientes,
1470 658 1549 678 sacro
1561 651 1702 686 baptismo

906 693 1009 721 initiari
1023 694 1165 729 cogebant.
1179 692 1257 726 Quod
1271 693 1293 720 si
1309 694 1372 728 quis
1386 694 1552 722 detrectaret
1566 701 1613 723 aut
1632 698 1699 723 con—'

905 740 1062 771 tradiceret,
1087 738 1178 766 statim
1206 739 1322 766 verbera
1337 759 1344 771 ,
1368 740 1504 773 posthaec
1536 738 1650 768 vincula‘
1671 747 1699 769 et

906 793 1040 817 carceres,
1055 789 1083 812 et
1094 785 1148 812 alia
1160 785 1263 812 atrocia
1278 785 1528 819 subsequebantur.
1545 784 1584 813 Ex
1597 788 1699 821 quibus

905 838 991 858 unum
1014 834 1062 857 aut
1086 830 1204 858 alterum
1228 830 1356 858 retulisse
1374 834 1530 862 contentus,
1548 831 1701 858 Macedonii

69 877 118 908 τοῖς
138 875 268 903 ἀκούουσι
291 876 466 911 καταστήσω.
500 875 642 902 Γυναικῶν
667 874 722 909 γὰρ
735 874 790 902 τῶν
816 873 852 910 μὴ

924 881 932 903 ι
945 884 1041 904 eorum
1055 876 1102 911 qui
1122 880 1188 904 tunc
1208 876 1339 911 temporis
1350 876 1552 910 praevalebant,
1568 877 1700 904 szevitiam

69 921 255 957 ἀνασχομένων
276 922 424 957 μετασχεῖν
446 921 501 947 τῶν
531 921 699 956 μυστηρίων,
722 921 785 952 τοὺς
801 929 854 955 μα-

70 967 140 1000 στοὺς
164 969 193 995 ἐν
209 967 321 1003 κιὸωτῷ
339 967 464 1002 βαλόντες
481 967 626 1003 ᾱπέπριον.
643 966 747 993 Ἀλλων
761 975 790 993 τε
803 975 853 1001 γυ-

69 1013 162 1041 ναικῶν
179 1014 213 1041 τὰ
235 1013 306 1041 αὐτὰ
327 1013 422 1049 μόρια,
442 1012 521 1040 τοῦτο
537 1013 586 1048 μὲν
603 1013 716 1048 σιδήρῳ,
730 1012 809 1039 τοῦτο
825 1012 853 1039 δὲ

69 1059 125 1090 ὠοίς
141 1059 197 1095 [57)
214 1059 256 1090 είς
276 1058 362 1094 ἀκρον
379 1058 446 1094 πυρὶ
467 1057 654 1093 θερμανθεῖσι,
670 1057 854 1093 προφέροντες

69 1105 163 1132 ἔκαιον.
177 1104 248 1139 Ξὲνη
272 1113 302 1130 τε
331 1104 377 1131 καὶ
393 1103 470 1139 παρὰ
482 1104 531 1135 τὰς
554 1103 687 1139 Ἑλλήνων
705 1104 852 1139 τιμωρίας,

69 1149 132 1185 αὕτη
151 1151 168 1184 ἡ
187 1150 240 1176 ὑπὸ
269 1150 323 1177 τῶν
354 1149 556 1184 Χριστιανίζειν
579 1149 712 1182 λεγόντων
737 1149 852 1183 ἐγίνετο.

69 1197 154 1223 Ταῦτα
167 1196 195 1222 δὲ
209 1195 266 1230 ἐγὼ
281 1196 356 1231 παρὰ
368 1196 414 1222 τοῦ
432 1196 704 1232 μακροχρονιωτάτου
720 1195 854 1228 Λὺξάνον-

70 1250 109 1274 τος
121 1242 235 1277 ﬁxo-J61,
249 1238 282 1268 οὗ
296 1241 348 1267 κᾶν
363 1240 402 1276 τῷ
424 1240 527 1276 πρώτῳ
551 1240 646 1276 βιϐλίῳ
672 1242 784 1276 μνήμην
809 1250 854 1267 πε-

70 1287 188 1322 ποίημαι.
206 1287 257 1318 Ὃς
273 1285 459 1322 πρεσϐύτερος
473 1286 522 1321 μὲν
539 1284 571 1321 ἦν
584 1286 634 1320 τῆς
645 1286 698 1312 τῶν
711 1286 853 1312 Ναυατια-

70 1331 117 1358 νῶν
136 1331 313 1366 Ἐκκλησίας.
330 1330 499 1357 Πεπονθέναι
511 1330 539 1357 δὲ
550 1330 626 1364 ἔλεγε
641 1331 688 1357 καὶ
707 1331 788 1362 αὐτὸς
804 1331 853 1357 οὐκ

70 1376 139 1410 ὀλίγα
162 1377 238 1413 παρὰ
265 1376 320 1403 τῶν
345 1375 569 1412 ’Δρειανιζόντων
587 1376 671 1405 κακὰ.
690 1375 766 1402 οὔπω
779 1384 854 1411 τηνι-

71 1422 152 1450 καῦτα
169 1424 219 1457 τῆς
235 1421 285 1448 τοῦ
310 1421 497 1457 πρεσϐυτέρου
517 1422 594 1454 ἀξίας
614 1421 713 1456 λαχών.
726 1421 802 1456 ’Ἅμα
824 1421 853 1447 δὲ

75 1468 236 1505 Ἀλεξάνδρῳ
266 1467 426 1503 Παφλαγόνι
451 1467 628 1494 ωνασκοῦντι
650 1467 734 1502 αὐτῷ,
763 1467 802 1498 εἴς
823 1475 853 1493 τε

69 1515 172 1551 εἱρκτὴν
197 1514 356 1550 βεὸλῆσθαι,
383 1514 430 1540 καὶ
447 1513 554 1549 πληγὰς
573 1513 720 1548 ὑπομεῖναι
743 1512 852 1545 πολλὰς,

905 927 933 950 et
959 922 1159 950 immanitatem
1182 921 1355 949 auditoribus
1382 921 1585 957 dijudicandam
1613 923 1701 949 relin-“

904 976 996 1003 quam.
1009 968 1154 996 Mulierum
1166 976 1227 1003 qua:
1245 975 1307 995 cum
1325 967 1405 1003 146
1418 968 1485 1003 ipsis
1496 969 1702 996 communicare

905 1015 1074 1047 renuissent,
1094 1015 1181 1042 ubera
1194 1015 1222 1042 in
1243 1023 1306 1042 area
1324 1014 1539 1049 comprimentes
1555 1015 1702 1043 abscinde-

903 1061 980 1088 bant.
993 1060 1060 1088 Aliis
1071 1060 1234 1088 mulieribus
1242 1061 1351 1088 easdem
1360 1062 1484 1096 corporis
1498 1066 1590 1096 partes
1601 1061 1701 1095 partim

903 1106 989 1138 ferro,
1001 1106 1100 1141 partim
1113 1105 1230 1132 admotis
1240 1105 1299 1133 ovis
1311 1113 1393 1141 supra
1406 1106 1519 1133 modum
1530 1106 1702 1133 ferventibus

903 1152 1125 1179 combusserunt.
1151 1152 1257 1179 Novum
1273 1152 1327 1180 hoc
1342 1152 1473 1180 tormenti
1498 1160 1594 1187 genus,
1613 1159 1664 1179 nec
1684 1160 1700 1179 a

903 1197 1053 1232 gentilibus
1078 1197 1210 1225 adversus
1242 1202 1354 1225 nostros
1375 1206 1496 1233 unquam
1524 1202 1698 1232 usurpatum,

904 1242 950 1270 isti
969 1243 1016 1278 qui
1039 1250 1068 1270 se
1093 1242 1265 1269 Christianos
1282 1242 1483 1278 proﬁtebantur
1498 1243 1698 1278 excogitat-unt.

904 1289 967 1316 Haec
982 1296 1032 1324 ego
1049 1288 1083 1315 ab
1095 1288 1257 1316 Auxanonte
1273 1288 1382 1321 audivi,
1400 1288 1462 1316 viro
1474 1288 1623 1316 admodum
1636 1288 1697 1315 lon—

903 1342 988 1370 gaavo,
1008 1335 1087 1370 cujus
1116 1335 1199 1362 etiam
1222 1334 1249 1361 in
1271 1327 1413 1369 superiore
1438 1335 1510 1362 libro
1530 1334 1698 1361 mentionem

902 1379 964 1406 feci.
981 1378 1033 1412 Qui
1044 1379 1258 1406 Novatianornm
1276 1380 1388 1414 quidem
1406 1380 1535 1406 Ecclesia:
1555 1379 1701 1414 presbyter

904 1424 965 1452 fuit.
983 1424 1117 1452 Caeterum
1136 1433 1163 1452 sc
1177 1433 1285 1460 quoque
1298 1426 1441 1452 innumera
1458 1425 1529 1452 mala
1540 1425 1575 1452 ab
1590 1425 1700 1452 Arianis

904 1478 1014 1505 passum
1031 1478 1091 1498 esse
1111 1464 1228 1503 dicebat,
1247 1475 1394 1505 antequam
1405 1471 1558 1506 presbyteri
1579 1471 1698 1506 dignita~

905 1520 959 1543 tem
973 1516 1089 1551 adeptus
1099 1516 1204 1552 fuisset.
1214 1515 1282 1543 Nam
1299 1520 1327 1543 et
1343 1524 1405 1543 cum
1415 1515 1570 1543 Alexandro
1582 1516 1700 1551 Paphla-

70 1561 110 1587 καὶ
131 1560 251 1595 ἐνεγκεῖν
266 1559 315 1594 μὲν
334 1559 382 1590 τὰς
398 1559 532 1594 βασάνους
551 1557 631 1589 αὐτὸς
646 1557 748 1592 ἔλεγεν·
766 1556 852 1588 Ἀλέξ-

924 1570 987 1594 onc,
1007 1562 1054 1597 qui
1074 1570 1127 1590 una
1150 1569 1211 1589 cum
1237 1562 1297 1596 ipso
1318 1562 1497 1589 monasticam
1513 1561 1596 1589 vitam
1616 1562 1698 1597 dege-

69 1606 156 1642 ανδρον
163 1606 190 1633 δὲ
202 1606 256 1632 ὑπὸ
268 1605 322 1633 τῶν
329 1604 440 1640 πληγῶν
449 1605 477 1631 ὲν
486 1605 519 1639 τῇ
533 1604 627 1640 εἱρκτῇ
636 1604 803 1638 τελευτῆσαι.
810 1604 858 1634 Ὃς

70 1653 194 1679 τέθαπται
223 1652 273 1678 νῦν
287 1652 316 1678 ὲν
333 1651 408 1686 δεξιᾷ
423 1650 615 1677 εὶσπλεύσαντι
638 1649 683 1676 τὸν
710 1649 858 1680 Βυζάντιον

71 1698 172 1731 κόλπον,
188 1698 216 1731 ὃς
237 1698 363 1725 καλεῖται
384 1697 477 1732 Κέρας
490 1696 559 1732 (58),
572 1696 686 1730 πλησίον
704 1695 759 1721 τῶν
775 1703 856 1721 ποτα-

71 1744 139 1780 μῶν·
151 1741 180 1771 οὗ
197 1744 245 1770 καὶ
263 1743 396 1778 ἐκκλησία
412 1743 470 1769 ἐστὶ
485 1742 540 1769 τῶν
555 1741 745 1774 Ναυατιανῶν,
767 1741 855 1774 Ἀλεξ-

69 1790 159 1826 άνδρου
188 1790 343 1825 ἐπώνυμος.
365 1789 509 1824 Καθῄρουν
532 1788 581 1824 μὲν
602 1786 649 1815 οὖν
678 1788 702 1814 οἱ
722 1787 853 1822 Ἀρειανί-

69 1835 164 1868 ζοντες,
196 1835 368 1862 Μακεδονίου
398 1834 563 1866 κελεύοντος,
597 1833 680 1866 ἄλλας
703 1841 732 1860 τε
754 1834 853 1866 πόλλας

70 1881 135 1908 κατὰ
151 1881 244 1912 πόλεις
259 1879 416 1916 ἐκκλησίας,
434 1879 482 1906 καὶ
495 1880 526 1915 δὴ
547 1879 596 1907 καὶ
616 1879 794 1906 Ναυατιανῶν
807 1879 854 1914 τὴν

71 1927 177 1962 πλησίον
190 1926 239 1953 τοῦ
252 1925 396 1961 Πελαργοῦ
404 1927 434 1952 ὲν
443 1927 476 1961 τῇ
489 1925 693 1952 Κωνσταντίνου
706 1925 781 1951 πόλει
798 1933 856 1951 κει-

71 1971 157 2007 μένην.
175 1972 259 1998 ὀτου
274 1971 356 2006 χάριν
371 1970 400 1997 δὲ
414 1970 516 2006 ταύτην
536 1970 627 2002 ίδικῶς
651 1970 854 2005 ἐμνημόνευσα,

69 2017 146 2049 λέξων
160 2017 286 2053 ἔρχομαι,
301 2017 352 2043 ὅσα
377 2015 454 2052 παρὰ
468 2015 516 2042 τοῦ
542 2015 704 2051 γεραιτάτου
721 2016 853 2048 Λὺξάνον-

70 2071 110 2095 τος
127 2063 182 2098 (59)
197 2064 315 2100 ήκουσα.
338 2063 368 2089 '0
385 2061 518 2098 βασιλέως
532 2062 623 2096 νόμος,
655 2062 703 2088 καὶ
728 2063 744 2097 ή
767 2063 856 2088 Μακε-

70 2109 152 2136 Bavio»
168 2108 222 2144 βία,
239 2108 431 2144 καθαιρεῖσθαι
444 2107 498 2135 τῶν
518 2108 549 2134 τὸ
571 2107 712 2142 ὁμοούσιον
727 2108 856 2142 φρονούν-

69 2163 118 2182 των
136 2155 185 2187 τὰς
196 2153 347 2190 ἐκκλησίας
361 2154 495 2181 ἐκέλευον.
512 2153 607 2180 Ἐλκει
627 2153 659 2189 δὴ
673 2153 703 2180 τὺ
714 2153 855 2188 θέσπισμα

905 1607 961 1639 bat,
980 1615 1008 1635 se
1021 1607 1048 1634 in
1063 1615 1200 1635 carcerem
1211 1609 1364 1643 conjectum
1379 1608 1526 1642 multisque
1536 1606 1699 1634 verberibus

904 1653 1031 1680 aﬂ'ectum
1046 1653 1147 1687 fuisse;
1163 1661 1195 1681 ac
1209 1661 1238 1681 se
1250 1653 1361 1688 quidem
1378 1657 1515 1680 tormenta
1533 1652 1700 1680 sustinuisse

904 1698 1029 1730 dicebat,
1048 1698 1234 1725 Alexandrum
1257 1705 1321 1725 vero
1336 1706 1369 1725 ex
1395 1697 1489 1725 dolore
1504 1697 1650 1724 verberum
1671 1694 1708 1724 in

902 1749 1012 1771 carcere
1033 1744 1182 1771 interiisse.
1212 1744 1299 1779 Hujus
1321 1743 1478 1778 sepulcrum
1495 1751 1571 1770 nunc
1592 1747 1634 1770 est
1663 1743 1698 1770 ad

902 1788 1029 1816 dextrum
1040 1789 1111 1816 latus
1122 1788 1315 1823 navigantibus
1328 1788 1356 1814 in
1372 1787 1532 1823 Byzantium
1549 1787 1639 1814 sinum
1651 1786 1698 1822 qui

902 1834 986 1862 Ceras
1002 1829 1233 1869 cognominatur,
1254 1841 1340 1869 prope
1356 1833 1455 1861 ﬂuvios
1469 1843 1475 1860 :
1494 1833 1541 1860 ubi
1556 1834 1638 1860 etiam
1656 1838 1699 1860 est

902 1881 1117 1909 Novatianorum
1129 1881 1256 1913 ecclesia,
1267 1880 1415 1908 Alexandri
1429 1880 1541 1907 nomine
1556 1880 1696 1914 insignita.

904 1927 990 1954 Porro
1005 1926 1098 1954 Ariani
1116 1935 1178 1954 cum
1205 1927 1272 1954 alias
1285 1926 1385 1954 multas
1397 1926 1527 1953 ecclesias
1539 1926 1566 1953 in
1581 1926 1699 1953 diversis

905 1973 1063 2001 civitatibus
1070 1977 1238 2005 everterunt,
1249 1973 1363 2007 jubente
1375 1972 1543 2005 Macedonio,
1554 1977 1611 1999 tum
1623 1972 1697 1999 illam

904 2017 1117 2045 Novatianorum
1140 2025 1201 2052 quae
1225 2017 1464 2052 Constantinopoli
1487 2018 1537 2044 sita
1555 2022 1598 2045 est
1618 2018 1696 2052 juxta

904 2063 1057 2098 Pclargum.
1086 2063 1142 2091 Cur
1168 2068 1259 2090 autent
1290 2063 1372 2098 hujus
1399 2064 1521 2091 ecclesize
1542 2063 1697 2098 specialiter

903 2109 1071 2135 mentionem
1085 2109 1209 2139 fecerim,
1225 2109 1314 2136 dicam
1327 2109 1379 2136 hoc
1392 2110 1467 2142 loco,
1479 2109 1592 2136 sicutab
1604 2109 1695 2135 Auxa-

904 2158 988 2182 nontc
1005 2159 1142 2190 provectae
1161 2155 1309 2182 admodum
1330 2155 1419 2182 :etatis
1433 2155 1494 2182 viro
1518 2154 1614 2182 didici.
1633 2154 1697 2181 Edi-

663 2241 799 2270 VALESII
816 2242 1092 2271 ANNOTATIONES.

103 2311 313 2348 (δηΐοῦτο-δὲ
331 2310 409 2348 ὼοῖςζ
424 2308 454 2338 In
472 2309 572 2348 codice
589 2309 689 2348 Leonis
705 2310 797 2348 Allatii
811 2310 858 2348 hic
873 2312 894 2339 D
909 2311 1075 2348 pt'mgelidus.
1090 2310 1212 2348 siceum
1227 2311 1319 2348 locum
1330 2311 1573 2348 correxitscculus
1590 2311 1699 2346 scripta:

70 2344 151 2382 locus
162 2347 199 2374 ita
224 2346 325 2382 legitur
341 2346 442 2382 {106170
469 2345 497 2372 δὲ
519 2346 559 2372 ὠὰ
574 2346 613 2376 είς
629 2344 734 2382 ’ἄκρονῄ
747 2347 775 2382 εν
791 2345 858 2380 πυρὶ

71 2380 264 2418 θερμανθένταή
275 2381 461 2418 προφέροντες
485 2380 681 2414 συνεφασκίουν
695 2380 741 2406 καὶ
753 2380 854 2407 ἔκαιον.

71 2416 166 2444 verum
180 2425 231 2452 ego
253 2417 323 2444 nihil
346 2416 509 2452 mutandum
523 2423 632 2447 censeo,
648 2419 753 2442 tantum
773 2424 858 2451 προσ-

72 2452 193 2486 φέροντες
201 2451 303 2479 ίωαὶὶιιι
317 2451 450 2478 scribere.

103 2485 155 2522 (58)
173 2488 222 2520 Ὃς
236 2487 369 2513 καλεῖται
382 2486 487 2519 Κέρας,
503 2485 664 2522 Idemrdicit
675 2485 812 2522 Eolybius
827 2485 855 2513 in

75 2521 136 2548 ibro
147 2520 249 2557 quarto
267 2522 463 2553 Historiarum,
476 2520 618 2557 etrStrabo
633 2521 660 2547 in
675 2520 746 2557 libro
763 2525 850 2549 sexto.

77 2557 147 2584 Zeras
159 2555 267 2584 scilicet
279 2557 369 2584 sinum
385 2564 450 2584 esse
461 2556 581 2583 vicinum
599 2555 739 2591 Byzantio,
755 2556 795 2584 sic
808 2557 853 2584 di-

71 2596 139 2618 ctum
157 2600 171 2619 a
184 2591 288 2619 cervini
306 2600 392 2619 cornu
418 2590 608 2619 similitudine.
623 2590 735 2618 'Plinius
761 2595 852 2619 tamen

72 2627 283 2660 promontorium
299 2627 335 2654 ita
350 2631 429 2654 vocat
444 2627 526 2653 situm
548 2626 575 2652 in
588 2633 621 2652 eo
637 2626 709 2653 sinu.
721 2626 771 2654 Cui
782 2634 849 2654 con-

72 2662 148 2689 sentit
169 2662 328 2689 Ammianus
341 2661 515 2688 Marcellinus
527 2660 555 2687 in
571 2661 642 2688 libro
659 2669 722 2688 xxn.
742 2661 794 2694 Qui
811 2662 854 2690 lo-

72 2702 116 2722 cus
123 2697 184 2730 quia
195 2697 279 2732 vulgo
291 2697 499 2731 corruptissime
510 2696 620 2732 legitur,
634 2703 684 2723 nec
694 2696 722 2723 in
732 2697 854 2725 editione

72 2736 158 2758 nostra
173 2731 266 2759 adhuc
280 2732 441 2767 emendatus
457 2735 509 2764 est,
529 2731 574 2758 hic
589 2735 671 2767 prout
694 2732 745 2767 legi
761 2732 852 2767 debet,

72 2771 85 2791 a
98 2774 138 2794 mc
150 2771 303 2801 apponetur
317 2776 324 2793 :
336 2766 370 2793 Et
381 2767 589 2801 promontorium
601 2766 692 2798 Ceras,
709 2766 855 2801 praelucen—

72 2803 119 2827 tem
133 2800 240 2828 nauibus
256 2802 347 2828 vehens
359 2800 536 2829 constructam
549 2800 643 2828 celsius
658 2800 753 2828 turrim
768 2811 775 2829 :
787 2811 856 2836 qun-

74 2841 172 2871 propter
190 2836 302 2864 Ceratas
319 2836 470 2872 appellatur
486 2841 576 2864 ventus
593 2837 653 2864 inde
679 2842 767 2864 suetus
792 2840 856 2865 oriri

905 2346 1033 2375 lectionis
1046 2346 1159 2381 vestigia
1177 2354 1182 2373 :
1200 2354 1262 2373 nam
1276 2346 1384 2380 vulgata
1397 2346 1489 2378 lectio,
1501 2346 1579 2380 cujus
1602 2350 1697 2373 auctor

906 2382 958 2410 fuit
982 2381 1080 2408 Petrus
1095 2381 1239 2413 Castalius,
1263 2388 1344 2408 sensu
1362 2382 1436 2407 omni
1462 2385 1545 2408 caret.
1565 2381 1623 2407 Mos
1646 2381 1698 2407 fuit

904 2421 1030 2445 veterum
1046 2420 1143 2443 ventos
1156 2416 1298 2442 nominare
1313 2423 1326 2442 a
1336 2416 1404 2443 locis
1416 2423 1450 2443 ex
1465 2416 1566 2450 quibus
1578 2416 1694 2450 spirant.

905 2424 1030 2445 veterum
1046 2424 1143 2443 ventos
1156 2424 1298 2442 nominare
1313 2424 1326 2442 3
1337 2424 1404 2443 IOClS
1416 2424 1450 2443 ex
1485 2424 1566 2443 UIDUS
1578 2424 1694 2450 Spll‘alll.

905 2453 949 2481 Sic
961 2452 1103 2486 Argestem
1121 2450 1303 2478 Athenienses
1314 2455 1449 2478 vocarunt
1465 2424 1645 2484 (écironitem,
1663 2458 1697 2477 eo

924 2487 976 2514 uod
985 2485 1018 2513 ei:
1030 2486 1344 2521 Scironispromontorio
1357 2485 1443 2518 ﬂaret,
1453 2490 1483 2513 ut
1494 2486 1577 2514 tradit
1587 2486 1695 2513 Strabo.

924 2497 976 2514 1100
985 2497 1018 2513 CX
1031 2497 1344 2521 DCITUﬂISPI‘OHIUlIlUI‘IU
1357 2497 1443 2518 uaru,
1454 2497 1483 2513 ut
1495 2497 1577 2514 U'ﬂull
1588 2497 1695 2513 διτὲιυυ.

904 2497 1042 2556 ⁴Ιιιιιῖεξίιυι·
1067 2521 1181 2548 Ceratas
1204 2525 1303 2548 ventus
1324 2521 1415 2548 dictus
1438 2525 1480 2548 est
1495 2529 1509 2548 a
1527 2521 1695 2556 Byzantinis,

906 2555 981 2593 quod
990 2565 1026 2593 ex
1042 2555 1343 2593 promontprioﬂerate
1353 2555 1441 2593 ﬂaret.
1478 2591 1503 2593 ﬂ
1522 2591 1527 2593 _
1550 2555 1556 2556 ⁷
1618 2577 1621 2578 ν

943 2591 998 2627 (59)
1011 2590 1086 2618 Ὅσα
1104 2592 1184 2623 παρὰ
1199 2591 1250 2627 τοῦ
1264 2591 1647 2627 γ-εραιτάτουνΑὺξάνοντρς.
1665 2590 1696 2617 In

903 2625 997 2655 codice
1010 2627 1109 2654 Leonis
1119 2626 1208 2653 Allatii
1227 2626 1358 2660 scriptum
1366 2630 1418 2658 est,
1428 2626 1466 2658 ὡς
1482 2627 1554 2661 παρὰ
1570 2625 1617 2652 τοῦ
1634 2634 1694 2660 γερ.

902 2663 1038 2695 Αῠξωνος,
1057 2662 1228 2696 Epiphanius
1253 2668 1363 2695 quoque
1386 2661 1576 2688 Scholasticus
1601 2661 1694 2696 Auxa—

902 2699 978 2724 nium
994 2695 1089 2724 seneln
1102 2701 1189 2723 vocat.
1208 2696 1261 2723 Sed
1278 2697 1305 2723 in
1322 2696 1405 2731 hujus
1420 2696 1516 2731 capitis
1531 2695 1644 2731 exordio
1667 2696 1696 2721 et

904 2733 930 2760 in
947 2741 954 2760 ι
974 2732 1045 2759 libro
1063 2736 1176 2758 vocatur
1195 2731 1318 2759 Auxano.
1335 2729 1377 2758 Ab
1402 2729 1461 2758 hoc
1483 2735 1572 2757 autem
1603 2729 1695 2756 Auxa-

903 2776 985 2798 none,
1002 2774 1172 2802 quaecunque
1187 2767 1220 2794 de.
1237 2766 1397 2793 Novatianis
1410 2766 1509 2801 passim
1526 2765 1552 2791 in
1577 2763 1695 2802 llistoria

905 2811 953 2830 sua
981 2800 1072 2829 narrat
1089 2800 1225 2834 Socrates,
1245 2806 1338 2828 narrat
1361 2808 1452 2828 autem
1481 2800 1695 2836 quamplurima,

905 2838 1042 2873 accepisse
1057 2838 1092 2864 mi
1099 2837 1125 2864 hi
1138 2837 1259 2864 videtur.
1410 2848 1414 2852 ~
