1887 3067
171 123 224 152 5'27

897 118 1064 146 SOCRATIS

1759 123 1814 152 τε»

178 185 255 209 ctum
273 176 450 216 imperatoris
465 184 493 207 ct
514 178 665 207 Macedonii
686 177 816 205 violentia
839 177 923 203 eccles

1068 196 1069 202 η
1084 178 1101 212 ἡ
1118 177 1164 212 βία.
1176 177 1246 204 κατὰ
1257 177 1340 212 τῆσδε
1360 178 1409 212 τῆς
1423 177 1582 213 ἐκκλησίας,
1598 173 1644 206 καὶ
1659 179 1779 214 ἤπειγον
1789 177 1813 208 οῖ

174 227 425 254 Homousianorum
445 225 596 254 disturbari
617 227 813 259 praeceperant.
839 222 967 250 Edictum

175 275 258 310 igitur
272 278 300 301 et
311 273 443 301 violentia
453 273 519 300 huic
530 278 639 309 quoque
655 270 778 296 ecclesia:
791 270 898 296 ruinam
914 269 968 296 mi-

176 320 314 348 nabatur:
331 323 359 346 et
375 319 515 346 instabant
536 317 556 343 ii
572 315 674 351 quibus
693 316 754 350 ejus
769 315 809 342 rei
827 315 969 342 exsecutio

176 367 304 394 mandata
316 367 414 393 fuerat.
431 363 495 392 Mihi
510 369 575 389 vero
591 361 685 388 mirari
708 361 792 393 subit,
811 364 869 387 tum
890 361 970 388 ardo-

177 421 234 440 rem
252 412 336 439 animi
364 418 396 437 ac
419 409 543 437 studium
567 407 783 435 Novatianorum
809 407 883 442 quod
905 415 969 442 erga

175 458 319 486 ecclesiam
336 463 412 484 suam
436 455 630 485 declararunt,
662 456 721 480 tum
749 453 969 480 benevolentiam

175 512 258 538 quam
275 510 339 537 erga
358 501 418 528 illos
434 501 617 528 ostenderunt
629 499 658 532 ii,
671 499 719 534 qui
737 503 795 525 tum
810 499 921 534 quidem
936 499 970 526 ab

175 549 284 576 Arianis
297 547 413 575 ecclesia
426 547 536 574 fuerant
551 545 631 581 ejecti
641 565 647 577 ,
667 552 740 572 nunc
751 552 817 571 vero
833 548 927 579 pacate
943 549 971 571 et

176 595 322 630 tranquille
348 594 479 621 ecclesias
499 592 636 619 obtinent.
658 590 728 618 Cum
752 590 846 622 igitur,
864 595 895 616 ut
914 589 972 617 haec

174 641 258 668 etiam
278 640 396 668 ecclesia
414 640 618 669 destrueretur,
633 641 765 672 urgerent
787 636 805 663 ii
825 636 926 671 quibus
943 636 970 662 id

175 686 300 714 muneris
311 691 371 713 erat
391 686 557 720 iniunctum,
570 684 666 718 ingens
682 683 825 710 hominum
843 681 922 709 turba
937 689 971 708 eo

175 732 326 764 conﬂuxit,
347 735 406 758 tum
433 731 671 761 Novatianorum,
696 733 754 756 tum
785 728 902 755 aliorum
923 727 970 762 qui

177 779 248 806 idem
266 786 329 806 cum
344 777 410 813 ipsis
423 777 588 804 sentiebant.
600 775 723 809 Cumque
739 774 882 802 ecclesiam
894 781 971 801 suam

176 823 339 854 diruissent,
351 830 413 849 eam
434 822 462 849 in
481 822 565 849 alium
582 821 675 847 locum
692 819 904 848 transtulerunt.
921 818 972 845 llic

176 873 267 895 autem
278 869 356 895 locus
365 867 435 895 situs
445 872 488 894 est
499 875 532 894 ex
544 866 660 894 adverso
674 864 968 902 Constantinopoleos;
987 854 1006 881 Β

177 915 331 950 appellatur
345 919 438 942 autem
459 914 544 949 Sycaz,
560 916 588 940 et
606 912 689 948 tertia
709 911 816 938 decima
835 914 878 937 est
893 909 970 937 urbis

177 961 262 996 regio.
286 961 372 989 Porro
402 960 525 987 ecclesia:
551 958 696 985 translatio
715 957 793 984 brevi
821 956 969 983 admodum

179 1012 301 1042 tempore
312 1007 381 1035 facta
397 1010 448 1038 est,
461 1013 524 1033 cum
536 1005 653 1032 maxima
667 1003 809 1030 hominum
823 1002 971 1029 multitudo

179 1051 334 1080 incredibili
348 1051 488 1078 alacritate
503 1058 563 1077 eam
582 1052 790 1083 transportaret.
804 1048 881 1075 Alius
896 1047 970 1074 enim

179 1097 293 1131 tegulas,
314 1095 420 1130 lapides
440 1095 522 1126 alius,
540 1094 611 1121 alius
626 1092 780 1124 materiam,
800 1091 877 1128 147
901 1092 972 1119 alius

177 1141 255 1169 aliud
277 1141 344 1176 quid
369 1148 491 1173 sumens,
520 1139 602 1175 Sycas
621 1138 772 1166 deferebat.
789 1137 842 1165 Sed
859 1142 887 1165 et
909 1145 971 1164 mu-

178 1188 259 1215 lieres
273 1193 302 1214 et
321 1191 415 1214 tenera
431 1186 521 1213 adhuc
536 1190 603 1212 mtas
629 1192 742 1211 manum
757 1183 834 1218 operi
846 1183 973 1210 admove-

177 1233 258 1265 bant;
277 1236 340 1259 vola
357 1239 386 1259 se
402 1231 509 1258 solvere
526 1229 692 1257 arbitrantes
703 1249 711 1261 ,
730 1232 759 1255 et
779 1228 898 1254 maxime
918 1228 970 1255 du-

177 1280 271 1303 centes
284 1276 372 1307 lucro,
388 1275 462 1310 quod
478 1275 552 1301 Deus
566 1281 658 1301 rerum
675 1273 728 1300 sibi
747 1277 971 1303 consecratarum

178 1321 246 1349 ﬁdos
258 1321 388 1349 custodes
402 1321 478 1356 ipsos
493 1328 554 1348 esse
565 1320 707 1348 voluisset.
723 1312 780 1346 Hoc
793 1319 876 1353 igitur
891 1319 972 1346 modo

177 1368 296 1396 ecclesia
313 1367 528 1395 Novatianorum
549 1374 581 1393 ea
603 1368 765 1400 tempestate
783 1364 865 1399 Sycas
882 1368 971 1391 trans-

178 1414 232 1441 lata
256 1418 308 1440 est.
326 1413 425 1440 Postea
449 1419 516 1439 vero
533 1416 643 1438 mortuo
659 1410 832 1442 Constantio,
848 1410 974 1438 Julianus

180 1456 329 1491 imperator
346 1456 436 1483 locum
450 1455 610 1484 Novatianis
636 1454 713 1481 reddi
729 1455 825 1490 jussit,
841 1459 870 1482 et
883 1455 972 1483 eccle-

179 1501 248 1528 siam
267 1508 395 1536 reparare
419 1500 459 1527 eis
483 1499 619 1535 permisit.
634 1500 741 1527 Rursus
762 1508 827 1535 ergo
852 1500 971 1535 populus

177 1547 276 1574 eodem
295 1554 350 1581 quo
365 1546 442 1581 prius
458 1546 540 1573 modo
561 1546 708 1581 reportatis
724 1546 863 1578 materiis,
880 1547 970 1574 eccle-

180 1592 247 1620 siam
262 1593 290 1619 in
305 1593 423 1628 pristino
435 1593 495 1620 loco
511 1592 666 1620 aediﬁcavit.
688 1588 810 1627 Cumque
829 1591 971 1628 pulchrio-

180 1647 237 1666 rem
252 1647 311 1666 cam
330 1639 470 1671 fecissent,
489 1637 660 1666 Anastasiam
677 1648 710 1666 ex
724 1647 753 1666 re
772 1639 829 1674 ipsa
841 1639 970 1674 appellari

179 1684 338 1711 voluerunt.
354 1684 388 1711 Et
401 1685 458 1711 haec
473 1684 585 1719 quidem
600 1685 714 1712 ecclesia
731 1685 922 1720 postmodum,
942 1690 973 1713 ut

180 1727 248 1758 dixi,
267 1731 399 1762 regnante
424 1727 533 1755 Juliano
552 1728 670 1755 excitata
687 1731 739 1755 est.
763 1728 840 1755 Tunc
857 1737 924 1756 vero
945 1733 973 1757 et

180 1772 314 1799 Catholici
329 1776 358 1799 et
373 1772 529 1805 Novatiani,
549 1773 629 1800 simul
647 1773 756 1808 utrique
774 1774 880 1809 expulsi
897 1777 970 1801 sunt.

179 1819 363 1852 Quamobrem
376 1819 510 1848 Catholici
522 1820 550 1847 in
563 1820 596 1847 iis
611 1821 723 1855 quidem
737 1821 862 1848 ccclesiis
874 1822 902 1848 in
913 1822 974 1856 qui-

180 1865 232 1892 bus
246 1865 341 1893 Ariani
361 1866 571 1898 conveniebant,
592 1867 746 1894 orationem
762 1867 852 1895 facere
866 1868 973 1895 abomi-

179 1910 325 1950 nabantur.
342 1911 372 1938 ]n
382 1911 444 1938 aliis
458 1916 549 1938 autem
566 1911 654 1939 tribus
676 1911 810 1944 ccclesiis.
834 1917 874 1939 tot
900 1913 973 1945 enim

179 1957 310 1985 ecclesias
336 1957 365 1984 in
387 1958 455 1985 urbe
478 1958 554 1994 regia
581 1959 682 1986 habent
696 1958 851 1990 Novatiani,
875 1967 974 1987 conve-

179 2002 288 2031 nientes
299 2003 435 2031 Catholici
461 2012 515 2031 una
530 2012 592 2032 cum
608 2004 662 2032 illis
682 2004 835 2031 orationem
850 2005 973 2032 celebra-

180 2048 269 2076 bant:
297 2057 450 2084 parumque
479 2050 568 2077 abfuit
591 2050 659 2085 quin
675 2050 786 2085 penitus
818 2050 973 2085 unirentur,

181 2094 234 2121 nisi
247 2094 486 2128 Novatiani,vetus
501 2099 643 2123 servantes
656 2096 826 2129 mandatum,
845 2096 871 2124 id
884 2097 974 2124 facere

181 2139 390 2168 detrectassent.
402 2141 504 2168 Verum
517 2141 544 2168 in
564 2141 677 2176 reliquis
689 2142 772 2170 rebus
785 2146 858 2170 tanta
871 2150 901 2170 se
911 2151 973 2170 mu-

1020 222 1252 257 προστεταγμένοι
1289 222 1368 249 τοῦτο
1403 224 1500 250 ποιεῖν.
1522 223 1667 259 Θαυμάσαι
1691 223 1739 252 οὖν
1768 234 1815 260 μοι

1021 268 1119 300 ἔπεισι,
1130 268 1175 295 τόν
1188 276 1217 294 τε
1234 268 1414 295 Ναυατιανῶν
1431 269 1495 295 λαὸν
1517 270 1615 297 ὁπόσον
1634 268 1709 305 εἶχον
1734 271 1814 306 ζῆλον

1020 314 1068 340 καὶ
1091 313 1209 349 σπουδὴν
1229 314 1295 349 περὶ⁵
1311 314 1362 349 τὴν
1387 314 1492 341 ἑαυτῶν
1516 315 1674 350 ἐκκλησίαν,
1699 318 1747 344 καὶ

1021 360 1127 386 εὔνοιαν
1145 360 1178 395 ἠν
1189 359 1262 395 εἶχον
1279 360 1344 395 περὶ
1361 360 1460 392 αὐτοὺς
1475 361 1500 387 οι
1515 361 1575 388 τότε
1588 363 1638 397 μὲν
1651 363 1701 398 τῆς
1715 364 1809 399 ἐκκλη-

1022 406 1082 436 σίας
1099 405 1152 432 ὐπὸ
1169 406 1224 432 τῶν
1245 406 1391 441 Ἀρειανῶν
1406 406 1596 441 ἐκϐληθέντες,
1614 408 1662 434 νῦν
1674 409 1703 436 δὲ
1718 399 1756 435 ’ὲν
1778 411 1810 435 εἰς

1021 452 1090 487 ρήνῃ
1106 451 1155 483 τὰς
1171 451 1319 487 ἐκκλησίας
1335 452 1505 487 κατέχοντες.
1524 453 1566 485 Ὧς
1576 454 1605 480 δὲ
1616 454 1731 490 ἤπειγον
1747 455 1810 481 καθ-

1021 496 1158 532 αιρεῖσθαι
1177 497 1224 523 καὶ
1247 497 1325 533 τήνδε
1340 497 1389 533 τὴν
1407 498 1555 533 ἐκκλησίαν
1569 497 1610 530 οἷς
1628 498 1708 526 τοῦτο
1729 508 1811 535 προσ-

1021 543 1160 575 ετέτακτο,
1189 544 1336 578 συνήγοντο
1367 543 1492 575 πλεῖστος
1530 543 1623 579 ὅμιλος
1661 544 1811 580 ἀνθρώπων

1022 589 1200 616 Ναυατιανῶν
1214 598 1243 615 τε
1259 590 1305 616 καί
1313 598 1385 621 τινες
1399 590 1453 625 τῶν
1471 591 1695 625 ὁμοφρονούντων
1711 591 1812 623 αὐτοῖς.

1022 634 1077 661 Kal.
1097 635 1255 666 καθελόντες
1288 635 1337 670 τὴν
1360 635 1511 671 ἐκκλησίαν
1540 635 1641 668 αὐτῶν,
1667 638 1708 668 εἰς
1737 637 1814 664 ἄλλον

1022 681 1103 708 τόπον
1135 682 1295 717 μετέθεσαν.
1333 683 1363 710 '0
1389 683 1417 710 δὲ
1445 683 1528 714 τόπος
1556 681 1633 716 οὗτος
1667 685 1816 721 ἀντιπέρα-

1023 727 1068 754 θεν
1097 728 1145 763 μὲν
1174 730 1263 755 κεῖται
1289 729 1340 763 τῆς
1367 729 1488 761 πόλεως·
1512 730 1599 757 Συκαὶ
1617 731 1646 757 δὲ
1669 731 1817 766 ὀνομάζον-

1022 780 1077 805 ται,
1105 773 1153 799 καί
1189 774 1248 800 ἐστι
1274 773 1498 808 τρισκαιδέκατον
1525 774 1575 809 τῆς
1608 775 1814 802 Κωνσταντίνου

1023 818 1128 848 πόλεως
1153 818 1249 854 κλίμα.
1277 819 1380 854 Ταχεῖα
1401 819 1429 845 δὲ
1456 819 1565 853 ἐγένετο
1594 820 1611 854 ἡ
1639 821 1688 855 τῆς
1713 821 1815 855 ἐκκλη-

1022 864 1083 896 σίας
1101 865 1257 900 μετάθεσις,
1273 864 1338 892 λαοῦ
1356 864 1453 892 πολλοῦ
1474 866 1522 892 σὺν
1543 866 1684 901 προθυμίᾳ
1698 867 1816 902 μεγίστῃ

1022 910 1230 945 μεταφερόντων
1258 910 1352 945 αὐτήν.
1383 910 1416 938 Ὀ
1431 911 1480 945 μὲν
1494 911 1548 947 γάρ
1567 920 1608 943 τις
1632 912 1714 946 ἔφερε
1733 912 1817 946 κέρα-

1022 963 1088 991 μον·
1104 956 1119 982 ὸ
1139 956 1169 982 δὲ
1191 955 1279 982 λίθον
1306 956 1399 991 ἕτερος
1417 956 1447 983 δὲ
1464 956 1541 988 ξύλον
1553 964 1560 971 ·
1576 957 1623 983 καὶ
1647 957 1727 992 ᾄλλος
1752 957 1817 984 ἄλλο

1021 1000 1178 1035 λαμϐάνων,
1198 1001 1244 1027 ἐπὶ
1258 1001 1309 1033 τὰς
1328 1001 1416 1033 Συκὰς
1439 1002 1618 1037 ἀπεκόμιζεν.
1640 1002 1816 1037 Συνεπελαμ-

1022 1047 1134 1073 ὃάνοντο
1150 1046 1179 1073 δὲ
1200 1047 1246 1073 καὶ
1259 1048 1397 1081 γυναῖκες,
1418 1048 1465 1073 καὶ
1481 1048 1497 1083 ἡ
1514 1048 1601 1082 μικρὰ
1614 1048 1717 1083 ἡλικία,
1733 1049 1815 1082 εὐχὴν

1023 1092 1173 1127 ἡγούμενοι
1191 1092 1322 1127 πληροῦν,
1338 1092 1385 1118 καὶ
1400 1093 1471 1127 μέγα
1482 1093 1577 1128 κέρδος
1589 1093 1748 1129 λαμϐάνειν,
1762 1094 1816 1119 τῶν

1022 1137 1230 1174 ὰφιερωθέντων
1254 1138 1293 1173 τῷ
1316 1138 1375 1173 Θεῴ
1398 1138 1521 1173 φύλακες
1541 1140 1665 1175 ἀκέραιοι
1689 1139 1816 1174 γενέσθαι

1023 1183 1180 1220 ἠξιωμένοι.
1202 1185 1299 1216 οὕτως
1317 1185 1367 1220 μὲν
1387 1184 1432 1212 οὖν
1451 1186 1511 1212 τότε
1527 1187 1544 1221 ἡ
1567 1185 1621 1212 τῶν
1636 1185 1816 1212 Ναυατιανῶν

1023 1229 1156 1264 ἐκκλησία
1166 1231 1206 1261 εἰς
1219 1230 1268 1261 τὰς
1283 1230 1372 1261 Συκὰς
1388 1231 1576 1266 μετενήνεκτο.
1592 1231 1688 1265 Χρόνῳ
1696 1230 1725 1256 δὲ
1740 1230 1817 1257 ὓστε-

1024 1283 1070 1311 ρον
1085 1274 1153 1310 μετὰ
1163 1275 1212 1309 τὴν
1224 1275 1352 1310 τελευτὴν
1364 1275 1566 1308 Κωνσταντίου,
1578 1276 1592 1301 ὀ
1604 1275 1731 1310 βασιλεὺς
1749 1276 1815 1302 'lou-

1023 1320 1114 1352 λιανὸς
1129 1319 1174 1346 τόν
1189 1328 1219 1346 τε
1235 1320 1316 1346 τόπον
1331 1320 1495 1355 ἀποδοθῆναι
1512 1320 1641 1347 ἐκέλευσε
1651 1341 1658 1353 ,
1672 1321 1721 1347 καὶ
1743 1321 1815 1347 ἀνοι-

1024 1365 1149 1400 κοδομεῖν
1168 1365 1330 1401 ἐπέτρεψεν.
1346 1363 1428 1397 Αὖθίς
1445 1373 1475 1392 τι
1488 1366 1502 1392 ὁ
1518 1366 1581 1398 λαὸς
1600 1366 1646 1392 τὸν
1660 1366 1742 1393 αὺτὸν
1756 1367 1817 1402 τρό-

1024 1419 1084 1444 πον,
1102 1411 1373 1446 ἀντιμετενεγκάντες
1388 1411 1438 1442 τὰς
1457 1410 1534 1446 ὔλας,
1547 1411 1597 1446 τὴν
1611 1411 1760 1446 ἐκκλησίαν
1777 1413 1817 1444 εἰς

1024 1456 1069 1483 τὸν
1084 1456 1113 1488 ἐξ
1131 1456 1217 1493 ἀρχῆς
1232 1456 1411 1492 ᾠκοδόμησαν
1430 1457 1524 1483 τόπον.
1540 1457 1596 1484 Καὶ
1611 1457 1815 1491 βελτιώσαντες,

1030 1502 1213 1530 Ἀναστασίαν
1230 1507 1250 1520 ιιι
1265 1502 1406 1529 καλεῖσθαι
1431 1503 1602 1538 φερωνὺμως
1624 1502 1756 1538 ἠξίωσαν.
1786 1503 1818 1530 Ἦ

1024 1549 1074 1584 μὲν
1086 1546 1132 1575 οὖν
1147 1549 1279 1584 ἐκκλησία
1292 1548 1404 1584 ὕστερον
1414 1570 1422 1582 ,
1445 1549 1483 1581 ὡς
1497 1549 1565 1584 ἔφην
1574 1570 1581 1581 ,
1598 1550 1644 1576 ἐπὶ
1671 1550 1817 1577 Ἰσυλιανοῦ

1022 1592 1133 1628 ἀνέστη.
1154 1593 1221 1620 Τότε
1245 1593 1274 1620 δὲ
1292 1594 1387 1628 ἄμφω,
1410 1594 1465 1620 οἵτε
1479 1595 1529 1629 τῆς
1549 1594 1713 1630 Ἐκκλησίας
1727 1595 1775 1621 καὶ
1793 1596 1819 1622 οι

1023 1639 1300 1674 Ναυατιανοὶ,ὁμοίως
1314 1639 1474 1675 ἠλαύνοντο.
1488 1640 1534 1667 Διὸ
1544 1641 1592 1668 καὶ
1600 1641 1624 1667 οἱ
1634 1641 1685 1676 τῆς
1703 1641 1819 1676 Ἐκκλη-

1024 1685 1084 1717 σίας
1110 1684 1298 1712 ὲὸδελύττοντο
1324 1685 1352 1712 ἐν
1377 1687 1435 1717 τοῖς
1460 1686 1617 1722 εὑκτηρίοις
1640 1686 1753 1722 ἔχεσθαι
1776 1687 1820 1714 τό·

1024 1739 1085 1762 ποις
1101 1730 1169 1765 (60),
1185 1731 1214 1757 ὲν
1227 1727 1268 1762 οἷς
1281 1731 1305 1757 οἱ
1329 1731 1463 1766 ’Λρειανοὶ
1480 1733 1638 1768 συνήγοντο.
1656 1733 1702 1764 EE;
1723 1733 1752 1759 δὲ
1771 1733 1820 1765 τὰς

1026 1775 1109 1807 ἄλλας
1121 1777 1206 1812 τρεῖς,
1225 1777 1359 1809 τοσαύτας
1369 1777 1423 1812 γὰρ
1443 1777 1518 1809 ἐντὸς
1527 1778 1577 1814 τῆς
1591 1778 1695 1809 πόλεως
1712 1778 1820 1813 ἔχουσιν

1023 1821 1048 1847 οἰ
1060 1821 1113 1848 τῶν
1121 1821 1464 1858 Ναυατιανῶνὲκκλησίας,
1490 1824 1682 1860 συνερχόμενοι
1693 1824 1820 1858 ἀλλήλοις

1026 1867 1212 1903 συνηύχοντο·
1230 1869 1329 1904 μικροῦ
1344 1878 1374 1895 τε
1389 1869 1501 1904 ἐδέησεν
1516 1870 1649 1905 ὲνωθῆναι
1666 1871 1784 1904 αὐτοὺς,
1796 1873 1820 1899 ει

1026 1914 1063 1949 μὴ
1083 1914 1265 1947 Ναυατιανοὶ,
1279 1915 1460 1950 φυλάττοντες
1480 1917 1593 1952 ἀρχαῖον
1614 1918 1818 1953 παράγγελμα,

1025 1962 1227 1997 παρῃτήσαντο-
1245 1963 1340 1998 Ὅμως
1363 1963 1391 1995 δὲ
1410 1964 1459 1999 τὴν
1479 1964 1562 1999 ἄλλην
1584 1963 1692 1991 εὔνοιαν
1709 1966 1752 1997 εὶς
1772 1966 1821 1992 ἀλ-

1025 2006 1122 2042 λήλους
1149 2008 1353 2044 προθυμότερον
1374 2009 1538 2043 ἐφύλαττον,
1564 2011 1821 2047 ὑπεραποθνὴσκειν

1025 2053 1147 2089 ἀλλήλων
1169 2054 1337 2090 αἱρούμενοι.
1363 2056 1564 2090 Συνηλαύνοντο
1584 2054 1632 2083 οὖν
1649 2058 1679 2083 ὲν
1695 2059 1730 2093 τῇ
1752 2059 1819 2093 αὐτῇ

1026 2100 1233 2126 Κωνσταντίνου
1251 2100 1343 2133 πόλει,
1358 2102 1407 2127 καὶ
1423 2102 1492 2128 κατὰ
1510 2102 1559 2134 τὰς
1580 2102 1664 2133 ἄλλας
1685 2104 1821 2139 ἐπαρχίας

1024 2154 1055 2172 τε
1070 2147 1117 2172 καὶ
1129 2146 1230 2178 πόλεις.
1249 2147 1353 2173 Αὐτίκα
1376 2147 1438 2181 γοῦν
1452 2149 1480 2175 ὲν
1496 2148 1608 2184 Κυζίκῳ
1628 2150 1769 2181 Ἐλεύσιος
1784 2155 1796 2168 ’³
1809 2152 1822 2177 ὁ

784 2233 918 2262 VALESII
938 2235 1213 2267 ANNOTATIONES.

201 2299 272 2340 .(60)
353 2299 415 2340 τοῖς
429 2299 608 2340 sexennioth
618 2299 741 2340 ἔχεσθαί
768 2303 881 2340 τῷποις,
899 2302 973 2340 _Qnt-
990 2309 1011 2336 υ

181 2335 246 2361 nino
266 2334 444 2361 scribendum
457 2338 498 2361 cst
514 2334 651 2369 εὔχεσθαί
665 2336 743 2369 Quod
761 2338 846 2365 miror
860 2334 879 2365 Va
894 2338 972 2365 Chri-

180 2369 363 2404 stophorsono
374 2369 594 2397 animadversum
603 2379 658 2398 non
672 2372 765 2400 fuisse.
782 2373 867 2400 Porro
882 2373 971 2399 incre-

181 2404 265 2431 dibile
278 2404 345 2431 mihi
358 2404 466 2431 videtur
477 2405 549 2439 quod
564 2406 609 2433 hic
620 2412 712 2434 narrat
725 2408 860 2439 Socrates,
872 2407 974 2436 Catho-

181 2439 249 2466 licos
260 2440 365 2466 scilicet
378 2447 470 2466 orasse
487 2440 513 2467 in
536 2441 660 2468 ecclesiis
679 2442 905 2470 Novatianorum.
921 2443 975 2469 lm-

182 2474 284 2508 posuit,
299 2478 329 2501 ut
340 2475 449 2509 opinor,
463 2474 567 2502 Socrati
582 2483 676 2504 nostro
686 2485 769 2506 senex
791 2478 837 2504 ille
849 2477 974 2508 Auxano,

181 2509 228 2543 qui
241 2509 266 2549 id
279 2509 352 2549 quod
368 2517 382 2536 a
393 2509 556 2549 quibusdam
573 2511 688 2549 fortasse
697 2512 863 2549 Christianis
877 2520 975 2549 parum

182 2544 271 2571 cautis
295 2545 398 2571 factum
417 2544 516 2578 fuerat,
537 2546 673 2574 universis
697 2547 847 2575 Catholicis
861 2544 975 2574 allinxit.

181 2578 255 2607 Nihil
265 2580 367 2616 quippe
379 2580 464 2615 magis
482 2582 650 2609 contrarium
664 2587 706 2609 est
725 2582 918 2610 ecclesiasticae
932 2582 976 2609 di-

1026 2306 1158 2341 sciplinas,
1171 2306 1471 2348 quatincommunicar'e
1484 2317 1545 2336 cum
1560 2309 1710 2348 l_t_:ercticis,
1725 2311 1784 2339 sive
1795 2312 1820 2338 in

1027 2343 1217 2375 sacramentis,
1242 2343 1298 2370 sive
1320 2344 1346 2370 in
1369 2345 1535 2378 precatione.
1561 2345 1706 2372 Falluntur
1730 2352 1820 2374 autem

1027 2378 1214 2415 meoiudicio,
1233 2379 1279 2412 qui
1291 2386 1324 2415 es
1337 2379 1387 2405 hac
1396 2379 1564 2415 inarratione
1575 2380 1709 2415 colligunt
1724 2381 1819 2408 Socra-

1026 2415 1079 2438 tem
1091 2413 1271 2440 Novatianum
1285 2413 1380 2441 fuisse.
1395 2414 1452 2440 lmo
1465 2422 1531 2441 vero
1544 2422 1576 2442 ex
1589 2413 1650 2442 hoc
1660 2416 1723 2443 loco
1732 2417 1820 2443 mani-

1025 2445 1093 2474 feste
1113 2449 1287 2475 convincitur
1300 2457 1363 2476 eum
1383 2449 1466 2475 fuisse
1481 2449 1664 2477 Catholicum.
1682 2450 1752 2477 Nam
1770 2451 1820 2478 (Ia-

1027 2482 1143 2519 tltolieos
1156 2484 1240 2519 semel
1253 2488 1335 2519 atque
1357 2484 1457 2511 iterum
1481 2484 1527 2511 hic
1552 2485 1672 2519 appellat
1693 2487 1759 2516 τοὺς
1775 2487 1820 2519 τῆς

1033 2517 1215 2554 Ἰ-ξκκλησίαςί
1224 2517 1326 2554 eosque
1339 2519 1499 2546 Novatianis
1513 2517 1636 2554 opponit.
1650 2517 1821 2549 Novatiands

1028 2551 1111 2587 igitur
1123 2551 1199 2581 extra
1215 2551 1366 2581 Ecclesiam
1382 2554 1465 2581 fuisse
1478 2551 1657 2582 existimavit.

911 2664 1100 2693 VARIORUM.

217 2732 235 2767 ξιι
254 2725 467 2768 Ἀνιξστέξσίμν.
482 2725 542 2753 Alia
553 2725 694 2768 nluitbaec
708 2724 740 2753 ab
757 2727 802 2768 Illa
827 2727 971 2768 Anastasia
1021 2728 1067 2768 r_it.
1089 2729 1126 2756 De
1142 2737 1194 2764 qua
1208 2729 1297 2768 ipsum
1310 2730 1373 2768 vide
1388 2731 1416 2758 in
1429 2730 1489 2758 Vita
1505 2739 1564 2763 sua,
1580 2740 1632 2768 pag
1647 2734 1705 2763 '17.
1721 2741 1750 2764 et
1760 2745 1819 2766 ora-

181 2759 342 2806 a'Grego'rio
362 2760 922 2806 NazianaenoConstantinopolhcondita,
944 2769 972 2792 et
1022 2759 1194 2806 tioneaxiir.
1217 2759 1319 2806 Niceta:
1335 2766 1418 2806 etiam
1430 2771 1524 2806 annm:
1544 2759 1820 2806 iii'vé’rnh'iui'jh'z-

181 2795 313 2822 anam'ob
329 2803 438 2822 causam
452 2796 492 2822 sic
516 2795 599 2827 dicta,
617 2803 715 2830 nempe
729 2795 801 2831 quod
818 2798 886 2826 ﬁdes
907 2800 968 2826 lan-

180 2837 311 2866 guescens
325 2834 404 2857 antea
419 2835 446 2857 et
459 2830 620 2858 moribunda
631 2831 685 2858 illic
700 2832 829 2860 revixisse
839 2834 894 2860 visa
909 2835 968 2862 fuc-

1025 2800 1278 2834 ροις,“Αναστασία,
1294 2805 1321 2826 et
1335 2801 1407 2827 Gttil.
1426 2801 1498 2829 Cave
1514 2802 1540 2829 in
1557 2802 1640 2835 (Ἐκ-εκ.
1655 2800 1786 2834 Νςηὴιίιῖ.

1060 2839 1072 2852 ιι
1095 2835 1256 2866 Elatia-ioc.
1268 2836 1398 2876 _E|eusius
1411 2836 1513 2872 Cyzici,
1536 2838 1635 2865 Mwsia:
1649 2841 1683 2867 ad
1698 2841 1818 2877 Propon~
