1887 3067
77 149 121 176 5'29

553 139 715 173 HISTORIA
734 143 1010 180 EGCLESIASTICA.
1031 159 1058 163 —
1085 143 1150 171 LIB.
1171 143 1204 171 II.

1636 146 1688 173 630

76 207 143 242 τῆσδε
156 203 308 234 ἐπίσκοπος,
330 202 431 237 ὁμοίως
451 202 508 237 ἅμα
529 201 687 238 Μακεδονίῳ
705 202 776 229 κατὰ
793 202 845 229 τῶν

932 209 947 228 o
964 201 1200 236 prosequebantur
1214 200 1414 233 benevolentia,
1425 204 1454 227 ut
1467 208 1516 235 pro
1530 209 1558 229 se
1571 202 1688 231 invicem

77 248 229 287 Χριστιανῶν
242 242 338 280 ἐποίει,
351 246 520 282 πανταχόθεν
530 246 649 272 ἐλαύνων
663 246 710 272 καὶ
723 245 847 281 διαπρέο

77 307 124 332 eun
144 293 245 325 αὐτούς.
275 290 330 328 Τήν
351 301 380 319 τε
404 294 432 319 ἐν
455 291 568 327 Κυζίκῳ
587 291 640 318 τῶν
667 290 847 317 Ναυατιανῶν

75 341 206 375 ἐκκλησίαν
219 338 343 365 καθεῖλεν
359 339 399 370 εἰς
409 338 516 372 ἔδαφος.
528 336 694 369 Μακεδόνιος
705 337 732 363 δὲ
745 337 790 363 τὸν
802 345 847 362 κο-

76 388 167 423 λοφῶνα
183 386 234 412 τῶν
250 385 344 412 κακῶν
361 381 402 417 οἷς
416 377 529 421 ἔδρασεν
550 383 687 418 ἐπιτίθησι
698 390 705 397 ·
727 383 848 421 πυθόμε-

75 444 111 466 νος
128 434 175 468 γὰρ
194 431 262 458 κατᾶ
276 432 306 457 τὸ
324 430 509 465 Παφλαγόνων
525 429 601 461 ἔθνος
623 429 765 460 πλείστους
778 426 847 455 εἶναι

74 481 115 514 τῆς
136 477 304 511 Ναυατιανῆς
329 476 495 512 θρησκείας,
515 476 562 502 καὶ
583 475 701 510 μάλιστα
725 474 795 501 κατὰ
816 473 847 499 τὸ

73 525 219 556 Μαντίνιον,
246 522 360 549 συνιδών
384 530 414 548 τε
441 522 479 553 ὡς
502 521 552 556 οὐχ
581 518 637 547 οἷόν
663 529 693 546 τε
720 519 847 546 τοσοῦτον

74 571 161 605 πλῆθος
181 570 212 596 δι’
233 568 471 604 ὲκκλησιαστικῶν
491 565 646 602 ἀνθρώπων
669 565 846 597 ἐλαύνεσθαι,

74 616 193 650 τέσσαρας
217 614 352 650 ἀριθμοὺς
369 617 381 631 ο
402 613 577 649 στρατιωτῶν
591 611 689 648 γνώμῃ
706 611 754 638 ’τοῦ
772 611 848 646 βασι-

71 656 131 691 λέως
152 654 196 685 ἐπὶ
215 659 266 692 τὴν
289 658 479 693 Παφλαγονίαν
504 657 662 692 πεμφθῆναι
687 656 847 691 πεποίηκεν,

73 703 135 737 ὃπως
151 705 221 740 φόϐῳ
235 704 292 731 τῶν
306 704 435 735 ὁπλιτῶν,
453 703 502 737 τὴν
519 702 661 738 Ἀρειανὴν
676 702 754 733 δόξαν
765 709 848 735 προσ-

72 752 195 784 δέξωνται.
213 751 244 777 Oi
259 750 288 776 δὲ
313 750 451 781 οἰκοῦντες
475 749 505 775 τὸ
521 748 677 780 Μαντίνιον,
703 748 774 783 ζήλῳ
798 747 848 782 τῆς

73 797 216 833 θρησκείας,
227 796 343 831 ἀπονοίᾳ
352 797 422 822 κατὰ
432 795 485 821 τῶν
497 794 669 830 στρατιωτῶν
681 794 846 829 ἐχρήσαντο*

72 838 197 877 γενόμενοί
221 850 251 867 τε
278 841 336 876 ἅμα
361 840 464 872 πολλοὶ,
485 840 607 875 δρέπανὰ
629 848 660 865 τε
685 839 779 874 μακρὰ
800 839 848 865 καὶ

901 252 1016 274 mortem
1035 251 1165 282 oppetere
1176 247 1262 282 parati
1280 251 1381 274 essent.
1397 247 1512 282 Utrique
1526 255 1591 283 ergo
1607 249 1688 277 simul

900 292 1027 327 exagitati
1044 297 1118 325 sunt,
1132 301 1186 320 non
1210 293 1298 319 solum
1318 292 1570 328 Constantinopoli,
1593 297 1687 322 verum

901 337 928 363 in
944 338 1005 364 aliis
1018 338 1098 365 etiam
1114 338 1263 372 provinciis
1275 346 1307 366 ac
1318 338 1484 366 civitatibus.
1495 340 1603 367 Etenim
1617 341 1687 375 apud

899 377 1028 416 Cyzicum
1055 382 1167 416 quidem
1195 375 1336 415 Eleusius,
1358 383 1410 410 loci
1431 383 1506 411 illius
1529 385 1686 420 episcopus.

900 420 995 454 eadem
1007 435 1068 462 quae
1081 422 1254 455 Macedonius
1266 429 1396 456 adversus
1408 429 1578 458 Christianos
1589 439 1688 467 perpe-

901 476 972 498 trare
998 472 1090 506 carpit,
1120 472 1240 506 undique
1255 481 1302 500 eos
1320 473 1415 508 fugans
1435 478 1517 509 atque
1536 476 1687 511 exagitans.

899 517 971 551 Quin
979 521 1006 545 et
1019 517 1163 545 ecclesiam
1173 518 1386 545 Novatianorum
1400 519 1427 546 in
1439 520 1505 547 urbe
1514 520 1612 556 Cyzico
1625 521 1688 548 fun-é

900 564 974 591 ditus
987 564 1096 591 evertit.
1118 563 1293 591 Macedonius
1305 573 1371 592 vero
1382 566 1534 593 sceleribus
1551 567 1608 594 suis
1627 568 1687 595 cul-

901 617 964 636 men
984 609 1115 644 imposuit
1137 609 1293 644 hujusmodi
1310 619 1316 636 :
1338 618 1400 637 nam
1416 618 1478 638 cum
1497 612 1644 645 audiisset,
1659 613 1687 640 in

899 655 1041 690 provincia
1050 649 1232 690 Paphlagonia
1242 659 1270 682 et
1283 655 1421 690 praecipue
1432 657 1503 691 apud
1515 658 1687 690 Mantinium,

899 701 1116 736 quamplurimos
1140 708 1199 727 esse
1217 701 1339 728 addictos
1359 706 1439 729 sectae
1454 703 1687 736 Novatianorum;

900 746 1035 781 simulque
1049 747 1213 782 intelligeret
1230 747 1287 773 ﬁeri
1301 755 1355 773 non
1372 755 1451 782 posse
1468 752 1499 774 ut
1511 752 1585 775 tanta
1597 748 1688 776 homi-

899 800 965 820 num
986 792 1135 820 multitudo
1149 801 1199 827 per
1213 792 1414 820 ecclesiasticos
1432 793 1506 820 viros
1530 794 1687 828 pelleretur,

899 842 1017 873 quatuor
1032 847 1162 866 numeros
1175 836 1294 865 militum
1315 839 1489 873 imperatoris
1508 843 1644 875 praecepto
1661 841 1688 867 in

73 889 153 921 ἀξίνας
168 887 306 919 λαϐόντες,
322 887 370 914 καὶ
397 886 478 912 παντὶ
504 885 542 920 τῷ
568 885 752 921 παρατυχόντι
774 885 845 918 ὅπλῳ

932 884 1109 919 iphlagoniam
1135 884 1206 911 mitti
1232 884 1350 917 curavit,
1375 892 1430 919 quo
1454 885 1494 911 illi
1521 890 1688 912 armatorum

72 934 201 970 χρώμενοι,
216 934 346 968 ἀπήντων
356 934 411 964 τοῖς
425 931 616 967 στρατιώταις.
630 931 684 957 Καὶ
698 930 846 965 γενομένης

72 979 204 1014 συμὸολῆς,
225 978 321 1004 πολλοὶ
337 978 385 1013 μὲν
404 977 458 1004 τῶν
481 972 667 1010 Παφλαγόνων
692 975 844 1002 ἀπέθανον·

70 1025 117 1051 τῶν
129 1024 153 1050 δὲ
171 1023 360 1059 στρατιωτῶν,
374 1023 443 1057 πλὴν
465 1022 573 1056 ὀλίγων,
589 1023 613 1048 οἱ
630 1022 740 1053 πάντες.
753 1022 847 1048 Ταῦτα,

70 1068 118 1104 ἐγὼ
133 1070 203 1104 παρὰ
225 1070 359 1105 ἀγροίκου
381 1069 557 1103 Παφλαγόνος
578 1068 697 1102 ἔμαθον,
721 1068 750 1099 ὃς
769 1067 846 1102 ἔλεγε

69 1116 185 1150 παρεῖναι
199 1115 231 1149 τῇ
247 1115 334 1150 μάχῃ.
351 1113 469 1146 Λέγουσι
486 1113 514 1139 δὲ
530 1112 618 1139 ταῦτα
640 1113 688 1139 καὶ
704 1112 778 1138 ἄλλοι
791 1113 847 1138 Πα-

68 1159 197 1194 φλαγόνων
216 1158 322 1185 πολλοί.
347 1157 466 1184 Τοιαῦτα
489 1158 538 1192 μὲν
561 1155 608 1183 οὖν
624 1157 658 1183 τὰ
679 1156 846 1183 Μακεδονίαν

69 1205 129 1240 ὑπὲρ
146 1203 192 1230 τοῦ
211 1202 429 1240 Χριστιανισμοῦ
449 1201 660 1237 κατορθώματα,
688 1202 772 1236 φόνοι,
798 1203 846 1228 καὶ

69 1250 154 1284 μάχαι,
179 1249 226 1275 καὶ
251 1249 477 1284 ἀνδραποδισμοὶ,
494 1248 541 1274 καὶ
566 1247 694 1283 ἐμφύλιοι
721 1247 843 1282 πόλεμοι.

67 1294 131 1331 Mm;
151 1296 240 1330 μέντοι
255 1295 273 1330 ἡ
292 1294 401 1331 πρᾶξις,
416 1293 446 1320 οὑ
464 1293 543 1328 μόνον
557 1294 631 1328 παρὰ
647 1293 701 1320 τῶν
715 1293 846 1328 ἠδικημέ-

67 1351 122 1373 νων,
132 1341 197 1368 ἀλλὰ
207 1342 254 1367 καὶ
268 1340 345 1376 παρὰ
356 1339 410 1366 τῶν
427 1339 535 1370 οἰκείως
547 1339 615 1375 πρὸς
625 1339 706 1366 αὐτὸν
717 1339 844 1374 ἑχόντων,

66 1386 159 1413 δίκαιον
177 1386 236 1412 κατ’
260 1385 344 1412 αὐτοῦ
367 1386 446 1420 μῖσος
466 1385 626 1420 εἰργάσατο.
653 1385 845 1420 Προσέκρουσέ

64 1441 91 1459 τε
103 1433 146 1459 καὶ
159 1432 232 1467 αὐτῷ
245 1431 286 1467 τῷ
301 1430 406 1466 βασιλεῖ
427 1431 470 1457 διά
490 1439 520 1457 τε
537 1431 626 1462 τοῦτο,
642 1431 688 1457 καὶ
701 1431 734 1457 δι’
747 1431 846 1467 ἑτέραν

65 1479 144 1505 αἰτίαν
157 1479 275 1505 τοιάνδε·
292 1478 321 1510 ’0
334 1475 409 1509 οἶκος
419 1477 483 1504 ἔνθα
497 1478 514 1512 ἡ
526 1477 628 1512 λάρναξ
645 1478 673 1504 ὲν
723 1477 753 1504 τδ
766 1477 846 1513 σῶμα

64 1525 104 1551 τοῦ
119 1524 248 1559 βασιλέως
264 1523 473 1551 Κωνσταντίνου
489 1523 629 1554 ἀπέκειτο,
649 1524 754 1551 πτῶσιν
767 1525 845 1559 ἠπει-

63 1571 108 1599 λιι.
123 1568 210 1599 ’Ἦσαν
227 1570 276 1599 οὖν
292 1572 336 1599 διὰ
351 1572 431 1598 τοῦτο
441 1572 469 1598 οἴ
477 1580 507 1598 τε
523 1571 746 1606 εἰσπορευόμενοι
763 1571 845 1597 κα.ὶοί

64 1618 287 1655 προσεδρεύοντες
299 1617 354 1653 (6i)
368 1618 416 1644 καὶ
436 1617 580 1653 εὐχόμενοι
597 1619 626 1644 ὲν
650 1617 725 1652 φόϐῳ
746 1616 844 1651 πολλῷ.

68 1664 94 1690 ’0
111 1662 154 1691 οὖν
169 1665 338 1696 Μακεδόνως
359 1663 539 1690 ὲὸουλεύσατο
559 1663 724 1698 μεταφέρειν
745 1662 780 1688 τὰ
798 1662 845 1688 τοῦ

63 1709 185 1745 βασιλέως
197 1711 277 1743 (Sc-ti,
294 1711 369 1742 ὅπως
380 1710 413 1737 ἂν
432 1710 470 1745 μὴ
488 1709 591 1745 συληοῇ
605 1709 661 1745 (62)
681 1709 697 1744 ὴ
711 1709 781 1744 θήκη
792 1709 845 1735 ὑπὸ

61 1756 103 1781 τοῦ
123 1756 282 1791 πτώματος.
304 1756 389 1783 Τοῦτο
411 1757 522 1790 γνόντες
547 1757 571 1782 οἱ
594 1756 662 1786 λαοὶ,
683 1755 844 1782 διακωλύειν

61 1802 221 1837 ἐπεχείρουν,
241 1802 393 1837 φάσκοντες
410 1802 446 1837 μὴ
459 1802 513 1828 δεῖν
526 1801 572 1828 τοῦ
588 1801 719 1836 βασιλέως
733 1801 766 1827 τὰ
778 1801 845 1827 ὀστᾶ

62 1847 255 1882 μεταφέρεσθαι
266 1855 274 1862 ·
291 1848 347 1874 ἴσον
361 1847 415 1882 γὰρ
430 1845 500 1874 εἶναι
518 1846 548 1873 τὸ
558 1845 764 1882 ἀνορύττεσθαι.
780 1845 843 1882 Διῃ-

62 1892 151 1927 ροϋντὸ
164 1901 193 1919 τε
207 1893 292 1924 εὐθὺς
307 1894 330 1919 οἱ
344 1892 403 1919 λαοὶ
415 1894 455 1924 εἰς
465 1893 513 1919 δύο
524 1893 656 1927 τμήματα
667 1899 673 1906 ⁵
687 1893 733 1918 καὶ
744 1892 768 1918 οἱ
783 1892 842 1926 μὲν,

61 1938 138 1972 μηόὶν
173 1938 343 1973 βλάπτεσθαι
376 1939 406 1965 τὸ
441 1938 641 1973 μεταφέρεσθαι
674 1938 719 1964 τὸν
748 1937 843 1973 νεκρὸν

60 1983 170 2017 ἔφασκον
182 1991 189 1998 ·
202 1986 226 2010 οἱ
242 1985 282 2014 δὲ.
296 1985 402 2011 ἀνόσιον
415 1983 506 2017 ἔλεγον
518 1983 548 2010 τὸ
558 1980 727 2018 γιγνόμενον.
739 1981 843 2018 Συνήρ-

60 2030 130 2063 χοντό
144 2039 173 2056 τε
189 2031 238 2057 καὶ.
249 2030 275 2056 οἱ
289 2029 337 2056 τοῦ
348 2029 491 2064 ὁμοουσίου
505 2026 686 2064 φρονήματος,
701 2028 739 2063 τῷ
756 2036 845 2061 γιγνοη

61 2075 128 2110 μένῳ
145 2076 318 2111 ἀντέχοντες.
340 2075 368 2101 ’0
379 2075 408 2101 δὲ
423 2075 588 2106 Μακεδόνιος
602 2075 688 2110 μικρὰ
706 2075 760 2101 τῶν
771 2075 845 2110 αὐτῷ

59 2121 248 2155 ἀντιλεγόντων
275 2121 434 2156 φροντίσας,
460 2121 609 2156 μεταφέρει
635 2121 664 2147 τὸ
691 2120 770 2156 σῶμα
798 2121 845 2147 τοῦ

59 2166 184 2200 βασιλέως
197 2168 237 2199 εἰς
252 2168 303 2201 τὴν
317 2167 474 2201 ἐκκλησίαν,
492 2168 520 2193 ὲν
564 2167 595 2193 τὸ
610 2167 689 2202 σῶμα
705 2166 752 2193 τοῦ
775 2167 846 2202 μάρ-

898 934 973 957 metu
987 930 1107 965 perculsi
1119 931 1252 957 Ariannm
1269 931 1366 966 dogma
1379 931 1559 966 susciperent.
1577 932 1629 959 Sed
1641 933 1687 967 qui

898 969 1061 1002 Mantinium
1075 975 1243 1009 incolebant,
1258 976 1362 1011 ingenti
1375 976 1474 1004 ardore
1491 978 1524 1004 ad
1539 981 1618 1007 sectae
1633 984 1688 1005 suo

897 1020 1085 1048 defensionem
1099 1021 1216 1053 incitati,
1232 1021 1423 1056 desperatione
1438 1026 1566 1055 tanquam
1582 1024 1636 1050 telo
1647 1024 1688 1050 usi

898 1070 963 1094 sunt
981 1067 1112 1094 adversus
1126 1067 1246 1100 milites;
1272 1068 1406 1103 multique
1430 1068 1458 1094 in
1479 1077 1565 1096 unum
1590 1077 1688 1104 agmen

897 1112 1015 1147 collecti,
1023 1112 1112 1147 longis
1120 1112 1236 1140 falcibus
1246 1113 1362 1147 arreptis
1374 1121 1405 1140 ac
1415 1114 1558 1142 securibus
1570 1119 1598 1142 et
1608 1115 1689 1150 quid-

897 1156 963 1191 quid
979 1157 1012 1183 ad
1026 1164 1137 1184 manum
1154 1162 1224 1190 erat,
1240 1158 1372 1186 militibus
1393 1165 1582 1188 occurrerunt,
1604 1161 1687 1189 Com-

897 1202 981 1229 misso
994 1203 1078 1237 igitur
1089 1204 1197 1238 prmlio,
1209 1211 1242 1231 ex
1252 1202 1471 1240 Paphlagonibus
1484 1206 1594 1240 quidem
1609 1208 1689 1236 multi

897 1247 1102 1280 occubuerunt;
1126 1247 1206 1283 148
1224 1248 1325 1275 milites
1344 1256 1421 1281 vero,
1439 1251 1534 1284 paucis
1555 1252 1687 1286 exceptis,

897 1293 960 1321 (sesi
981 1297 1046 1321 sunt
1072 1294 1204 1322 universi.
1221 1295 1283 1322 Hmc
1306 1303 1358 1331 ego
1381 1304 1415 1323 ex
1443 1297 1546 1324 rustico
1569 1299 1689 1333 quodam

897 1337 1069 1373 Paphlagone
1080 1339 1183 1374 accepi,
1194 1339 1241 1373 qui
1251 1347 1279 1366 se
1290 1340 1387 1374 proalio
1399 1340 1555 1368 interfuisse
1568 1342 1688 1370 dicebat.

897 1382 950 1410 Sed
970 1387 998 1410 et
1012 1383 1058 1410 alii
1071 1384 1151 1411 multi
1165 1384 1351 1420 Paphlagones
1367 1385 1439 1413 idem
1463 1386 1609 1415 affirmant.
1630 1388 1689 1416 IIu-

893 1429 1014 1464 jusmodi
1032 1434 1097 1457 sunt
1106 1430 1257 1458 Macedonii
1268 1431 1396 1466 prazclara
1411 1432 1543 1466 facinora,
1562 1441 1622 1468 qua
1638 1443 1690 1470 pro

895 1473 1116 1502 Christianorum
1143 1475 1276 1511 religione
1300 1477 1403 1511 gessit:
1431 1477 1520 1505 caedes
1546 1478 1688 1512 videlicet,

895 1528 1003 1556 pugnae,
1029 1521 1202 1556 captivitates
1221 1527 1249 1549 et
1263 1523 1334 1550 bella
1349 1523 1451 1550 civilia.
1472 1524 1557 1552 Porro
1574 1525 1626 1553 hoc
1645 1525 1689 1554 fa-

897 1567 976 1595 cinus
993 1564 1155 1600 Macedonii,
1172 1577 1228 1596 non
1241 1569 1329 1596 solum
1345 1570 1417 1604 apud
1431 1577 1479 1597 eos
1497 1579 1566 1605 quos
1588 1571 1689 1607 injuria

897 1614 1037 1646 aﬂ‘ecerat,
1061 1622 1156 1641 verum
1169 1615 1252 1641 etiam
1264 1615 1337 1649 apud
1364 1622 1429 1642 suos
1457 1616 1563 1650 justum
1593 1620 1689 1645 contra

896 1659 987 1694 ipsum
997 1660 1092 1687 odiu'm
1105 1660 1244 1687 excitavit.
1257 1660 1349 1695 Ipsum
1366 1668 1476 1696 quoque
1495 1661 1687 1696 imperatorem

896 1706 1011 1734 offendit
1022 1706 1205 1738 Macedonius,
1223 1710 1279 1733 tum
1295 1707 1331 1733 ob
1353 1707 1424 1734 hanc
1445 1715 1527 1742 quam
1539 1708 1612 1739 dixi,
1629 1712 1687 1735 tum

896 1752 932 1779 ob
945 1752 1026 1779 aliam
1037 1752 1193 1787 hujusmodi
1204 1759 1313 1779 causam
1327 1761 1334 1778 :
1347 1752 1429 1779 IEdes
1442 1753 1469 1779 in
1483 1761 1536 1787 qua
1551 1757 1611 1780 erat
1625 1756 1697 1781 arca

894 1807 954 1833 quae
976 1799 1149 1834 imperatoris
1168 1799 1340 1827 Constantini
1365 1801 1495 1835 reliquias
1518 1802 1686 1835 continebat,

894 1845 1002 1871 ruinam
1023 1845 1123 1872 minari
1135 1845 1291 1873 videbatur.
1304 1845 1393 1880 Atque
1404 1846 1507 1873 idcirco
1521 1850 1578 1874 tum
1599 1848 1618 1874 ii
1638 1849 1686 1883 qui

893 1890 921 1917 in
937 1890 1023 1918 aedem
1040 1890 1201 1924 introibant,
1213 1895 1271 1918 tum
1284 1891 1330 1925 qui
1345 1891 1400 1918 illic
1415 1892 1562 1919 manebant
1580 1898 1608 1920 et
1621 1901 1686 1928 pre-

893 1936 1036 1968 cabantur,
1053 1937 1172 1963 maximo
1193 1937 1221 1964 in
1234 1941 1308 1963 metu
1331 1941 1411 1963 erant
1427 1937 1579 1965 constituti.
1596 1939 1685 1966 Maec—

892 1982 993 2010 donius
1004 1983 1087 2018 igitur
1097 1983 1270 2017 imperatoris
1278 1982 1410 2017 reliquias
1421 1982 1569 2012 transferre
1578 1985 1684 2017 statuit,

892 2036 930 2056 ne
952 2036 1016 2055 arca
1030 2028 1108 2055 ruina
1124 2028 1284 2055 violaretur.
1299 2028 1377 2062 Quod
1400 2036 1463 2057 cum
1485 2031 1604 2065 populus
1626 2031 1685 2059 fieri

893 2074 1076 2110 cognovisset,
1089 2074 1221 2109 impedire
1232 2079 1347 2102 conatus
1356 2078 1407 2106 est,
1420 2075 1495 2103 nefas
1506 2084 1566 2103 esse
1578 2076 1682 2110 dicens,

896 2120 1068 2155 imperatoris
1079 2128 1139 2148 ossa
1155 2119 1311 2147 transferri:
1327 2121 1439 2155 perinde
1455 2121 1529 2148 enim
1542 2130 1602 2149 esse
1617 2130 1648 2150 ac
1661 2123 1683 2150 si

895 2166 1091 2194 cli‘oderentur.
1108 2166 1259 2200 Statimque
1274 2167 1392 2201 populus
1411 2167 1479 2196 duas
1498 2168 1526 2195 in
1539 2173 1631 2200 partes
1642 2169 1685 2196 di-

657 2251 790 2283 VALESII
809 2255 1083 2283 ANNOTATIONES.

89 2322 320 2363 (61)-ᾞσίινρῦν
330 2322 378 2351 διὰ
386 2326 413 2363 ot
424 2323 686 2363 κροᾷεᾷρεΰοζζες.
697 2323 789 2363 _IIujus
799 2324 845 2363 lor"

934 2328 1034 2363 cuntur
1059 2320 1295 2363 προσεᾷρεόοντες.
1310 2326 1406 2363 rQuam
1430 2327 1684 2363 interpretationem

57 2360 206 2386 emendatio
219 2359 339 2386 debetur
349 2360 435 2386 codici
449 2359 594 2386 Allatiano.
612 2358 678 2385 Nam
697 2358 724 2385 in
743 2359 844 2385 nostris

56 2393 191 2421 codicibus
201 2395 363 2421 Florentino
375 2403 406 2422 ac
415 2394 551 2421 Sfortiano
564 2393 607 2420 hic
619 2394 696 2420 locus
706 2401 759 2420 una
773 2393 843 2420 dun-

57 2432 124 2455 taxat
136 2437 204 2456 voee
220 2430 331 2456 auctior
355 2433 424 2461 erat,
451 2429 503 2456 hoc
524 2429 606 2455 modo
620 2437 626 2454 :
641 2426 710 2463 ἦσαν
736 2427 781 2454 οὖν
798 2429 843 2455 διὰ

55 2463 128 2490 τοῦτο
141 2465 176 2495 οἱ,
192 2469 249 2491 etc.
266 2464 320 2491 Sed
341 2464 466 2491 lacunam
485 2464 620 2497 integram
635 2463 744 2497 supplet
756 2463 840 2490 codex

54 2497 150 2534 Allatii,
167 2499 215 2526 cui
236 2499 375 2526 consentit
391 2499 560 2534 Epiphanius
578 2498 772 2534 Scholasticus.
797 2498 842 2526 Sic

54 2533 121 2560 enim
138 2535 223 2562 vertit
250 2534 326 2561 hunc
340 2534 430 2561 locum
448 2543 453 2559 ε
469 2533 579 2568 Ideoque
598 2533 714 2560 custodes
738 2534 794 2568 ejus
817 2539 841 2560 et

69 2568 94 2594 ui
109 2569 144 2595 ad
162 2570 315 2596 arationem
331 2569 476 2600 intrabant,
493 2573 569 2595 erant
585 2569 661 2603 positi
676 2568 722 2594 sub
736 2569 837 2596 timore.

53 2575 182 2629 Eustodes
200 2605 403 2629 interpretatur
422 2603 601 2629 Eninhanius.
624 2603 671 2629 ani
690 2611 705 2629 a
726 2603 837 2629 Socrate

73 2604 182 2632 ustodes
200 2605 403 2639 interpretatur
421 2603 601 2639 Epiphanius,
624 2603 671 2638 qui
690 2611 705 2630 a
726 2603 839 2631 Socrate

898 2367 952 2388 non
970 2360 1067 2397 probo.
1081 2360 1165 2397 Magis
1177 2360 1265 2394 placet
1277 2362 1339 2397 τοὺς
1355 2360 1584 2397 προσεδρεύοντας
1598 2363 1684 2390 inter-~

896 2395 999 2430 pretari
1019 2403 1076 2425 eos.
1096 2396 1142 2430 qui
1166 2400 1308 2422 morantbr
1324 2395 1428 2424 diutius
1450 2395 1476 2423 in
1507 2398 1632 2429 ecelesia,
1658 2404 1683 2425 ct

896 2430 1029 2466 orationis
1047 2435 1128 2457 causa
1140 2430 1326 2466 lllicrsedent.
1359 2431 1385 2458 Si
1416 2432 1478 2466 quis
1509 2432 1599 2459 tamen
1621 2433 1687 2460 tedi—

897 2464 1146 2502 tuosj‘n‘tcrpretari
1160 2464 1246 2502 malit,
1259 2473 1312 2495 non
1327 2464 1491 2502 magnopere
1516 2467 1683 2502 repugnabo.

932 2500 986 2536 (62)
997 2498 1142 2536 Ὅάως-ἃν
1153 2499 1195 2534 μὴ
1207 2498 1385 2535 munem}?
1399 2498 1569 2536 Epiphanius
1582 2498 1662 2529 vertit
1677 2511 1683 2528 :

894 2534 940 2571 Ne
952 2540 1043 2562 aream
1061 2534 1144 2562 ruinae
1158 2543 1237 2571 casus
1253 2534 1518 2571 comprimeret—Sed
1540 2538 1567 2564 in
1591 2538 1685 2565 codici-

894 2570 1033 2632 Sforgiano
1066 2571 1198 2605 scriptum
1231 2569 1324 2598 inveni
1354 2571 1472 2608 συληθῇ,
1494 2572 1568 2607 quod
1600 2572 1686 2607 magis

894 2613 944 2632 oro
964 2613 990 2632 ο.

893 2613 990 2640 prono.

780 2682 960 2714 VARIORUM
964 2706 969 2711 .

53 2737 131 2780 tidem
149 2740 231 2780 urbis
247 2739 432 2780 adiacedonio
449 2743 537 2771 factus
551 2742 706 2780 episcopus,
722 2744 797 2780 prius
815 2743 843 2780 in

52 2778 148 2810 palatio
163 2778 313 2813 splendide
326 2778 497 2806 militaverat.
512 2778 664 2807 Vir’boun‘s
680 2778 764 2806 fuiSse
777 2778 844 2805 dici-

53 2814 280 2849 tunaccrrimus
294 2817 383 2849 tamen
404 2814 429 2840 in
450 2814 582 2849 vexandis
609 2815 643 2842 iis
668 2815 715 2849 qui
740 2813 839 2841 Filium

53 2845 122 2876 Patri
138 2848 405 2877 consubstantialem
426 2846 629 2895 profitebantur.
646 2845 776 2885 (szom.,
789 2849 835 2876 lib.

237 2895 373 2939 Parnm.
396 2897 453 2926 Gn.
477 2896 593 2927 LXVII,

896 2744 1118 2819 "fgcii’avgggqg
1136 2778 1288 2819 ἀριθμούς.
1304 2779 1419 2807 Photius
1443 2779 1529 2819 babet
1549 2777 1685 2819 τέσσαρας

897 2813 1051 2849 φάλαγγας.
1063 2811 1068 2813 ⁷
1080 2814 1258 2849 νΝἰοε-ρῐιοτιιε
1284 2814 1518 2849 τετρακισχιλίους
1549 2811 1683 2848 ξιφήρεις.

897 2848 1042 2876 Sozomen.
1057 2848 1175 2884 τέσσαρα
1190 2849 1324 2884 τάγματα.

1471 2893 1503 2926 11
