1887 3067
197 184 251 212 365

941 178 1106 206 SUtZRATiS

1780 178 1832 208 336

199 241 255 274 nia,
275 245 302 268 ct
318 241 364 268 alii
384 241 505 276 quidam.
524 240 580 273 Qua
595 247 626 264 ex
644 246 672 265 rc
685 237 776 272 gravis
792 237 862 263 inter
883 245 930 263 cus
945 237 990 271 qui

1093 238 1141 272 μὲν
1157 238 1211 272 γὰρ
1222 238 1283 268 τοὺς
1306 237 1380 271 βίους
1400 238 1454 264 τῶν
1478 238 1724 274 κατηγορουμένων
1738 238 1832 273 πρότε-

200 288 315 315 aderant
330 288 469 315 contentio
484 290 577 312 exorta
591 289 641 311 est.
659 284 725 311 Nam
743 284 770 310 hi
788 283 898 318 quidem
910 283 992 309 vitam

201 341 298 361 corum
311 334 359 368 qui
383 333 410 360 in
431 333 535 359 crimen
553 330 643 358 vocati
661 330 780 362 fuerant,
802 329 880 364 prius
899 329 991 356 discu-

203 380 324 407 tiendam
340 386 400 405 esse
420 377 548 404 dicebant
565 385 570 402 :
591 375 630 402 illi
647 380 743 402 contra
761 375 830 402 nihil
844 374 921 409 prius
933 382 992 400 esse

202 425 379 460 quaarendum
392 422 549 454 censebant,
561 429 642 456 quam
655 421 689 448 de
705 421 767 448 ﬁde.
783 420 992 448 Contentionem

203 478 285 506 porro
299 468 427 497 excitavit
441 469 516 495 varia
533 467 708 502 imperatoris
731 467 876 493 sententia.
898 464 992 492 Profe-

203 516 334 543 rcbantur
359 514 434 541 enim
451 514 512 549 ejus
530 513 641 544 litterte,
663 512 765 548 quibus
784 519 858 538 nunc
882 510 916 537 de
942 510 994 537 hoc

201 562 289 596 capite
306 560 382 595 prius
395 559 573 594 quaerendum
588 567 648 586 esse
663 558 771 590 aiebat;
789 565 863 584 nunc
878 556 912 583 de
930 556 991 583 isto.

201 608 269 634 Cum
281 607 363 642 igitur
378 606 430 632 hac
444 605 478 632 de
494 612 524 632 re
538 605 609 631 inter
619 612 648 631 se
663 602 871 633 contenderent,
892 601 993 627 factum

202 657 246 679 est
266 650 413 678 dissidium
430 650 635 685 episcoporum.
660 648 748 682 Atque
770 647 827 673 haec
852 646 904 672 fuit
918 645 995 679 origo

202 702 230 724 ct
250 704 333 724 causa
347 704 397 724 cur
419 694 604 722 Seleuciensis
625 700 734 728 quoque
747 691 868 727 synodus
883 690 952 717 duas
967 690 993 716 in

202 747 294 778 partes
309 742 496 769 dirimeretur.
512 740 546 767 Et
558 739 672 767 alterius
686 738 797 772 quidem
812 736 899 771 parlis
911 736 995 763 duces

203 793 282 817 erant
291 787 541 816 AcaciusCmsareIe
549 785 699 812 Palaestinae
705 781 996 818 cpiscopus,Gcorgius

203 834 384 865 Alexandriae,
397 832 516 860 Uranius
534 830 609 866 Tyri,
621 835 650 857 et
667 829 808 856 Eudoxius
822 827 973 855 Antiochia:
987 835 993 852 :

202 879 304 914 quibus
315 878 425 913 triginta
442 878 575 904 duntaxat
587 875 634 902 alii
643 874 861 902 consentiebant.
877 872 996 900 Alterius

1046 293 1091 319 ρον
1107 284 1267 319 ἐρευνᾶσθαι
1290 283 1396 318 ἔλεγον·
1422 285 1447 311 οἱ
1461 284 1488 311 δὲ
1514 285 1566 320 πρὸ
1590 285 1640 319 τῆς
1659 284 1778 315 πίστεως
1796 286 1831 318 μὴ

1045 328 1202 363 προτιθέναι
1226 329 1346 364 ζήτημα.
1375 329 1474 356 Ἑκίνει
1495 330 1524 356 δὲ
1548 330 1597 364 τὴν
1626 329 1794 363 φιλονεικίαν
1814 331 1830 363 ή

1044 374 1170 410 διάφορος
1181 373 1227 400 τοῦ
1245 373 1375 408 βασιλέως
1388 375 1494 410 γνώμη.
1512 375 1669 411 Γράμματα
1681 375 1736 409 γὰρ
1751 375 1831 401 αὑτοῦ

1045 419 1245 455 προσεφέρετο,
1273 419 1321 446 νῦν
1348 420 1398 455 μὲν
1421 420 1553 456 πρότερον
1579 421 1661 447 τοῦτο
1693 420 1832 454 ζητεῖσθαι

1045 465 1202 497 κελεύοντα,
1220 465 1267 492 νῦν
1289 465 1318 492 δὲ
1337 465 1368 492 τὸ
1389 465 1492 502 ἕτερον.
1509 467 1576 502 Περὶ
1596 467 1694 492 τούτου
1717 464 1765 492 οὖν
1784 467 1831 500 τῆς

1045 512 1210 547 φιλονεικίας
1232 511 1395 547 γινομένης,
1420 512 1522 547 σχίσμα
1546 513 1586 544 εἰς
1610 513 1674 544 τοὺς
1697 512 1833 547 παρόντας

1045 557 1178 593 ἐχώρησε.
1199 557 1255 584 Καὶ
1277 557 1346 592 α’ύτη
1371 557 1467 592 γέγονε
1492 559 1654 593 προφάσεως
1678 558 1770 593 ἀρχὴ,
1788 558 1834 584 τρῦ

1045 604 1092 630 καὶ
1105 604 1155 640 τὴν
1169 604 1197 630 ἐν
1215 603 1361 639 Σελευκείᾳ
1376 604 1414 636 είς
1432 602 1478 631 δύο
1497 605 1565 639 μέρη
1583 604 1755 638 διαιρεθῆναι
1778 603 1836 630 σύν-

1045 649 1112 675 οδον.
1139 648 1269 682 Ἡγοῦντο
1289 648 1317 674 δὲ
1335 647 1383 674 τοῦ
1407 648 1456 682 μὲν
1472 647 1530 678 ὲνὺς
1550 648 1650 682 μέρους
1678 646 1806 676 Ἀκὰκιος
1822 648 1837 672 ὁ

1045 695 1094 729 τῆς
1109 695 1138 720 ὲν
1153 693 1319 729 Παλαιστίνῃ
1343 692 1513 728 Καισαρείας
1523 712 1530 724 ,
1545 692 1682 727 Γεώργιος
1709 691 1837 723 Ἀλεξιν·

1045 739 1146 775 δρείας,
1162 739 1293 774 οὐράνιος
1313 739 1416 774 Τύρου,
1432 737 1571 771 Εὑδόξιος,
1593 737 1764 771 Ἀντιοχείας
1775 745 1782 751 ·
1797 733 1838 766 οἷς

1045 785 1192 820 τριάκοντα
1210 785 1257 811 δύο
1273 784 1352 819 μόνον
1371 783 1499 819 συνῄνουν
1515 783 1599 811 ἄλλοι.
1615 782 1669 809 Τοῦ
1683 783 1712 809 δὲ
1728 782 1837 816 ἑτέρου.

1047 830 1184 866 Γεώργιος
1219 830 1377 862 Λαοδικείας
1409 830 1459 864 τῆς
1489 830 1518 855 ὲν
1551 828 1652 864 Συρίᾳ,
1683 828 1839 863 Σωφρόνιξς

1047 876 1298 912 Πομπηϊουπόλεως
1311 876 1362 910 τῆς
1377 877 1406 902 ὲν
1423 875 1610 910 Παφλαγονίᾳ,
1632 873 1772 904 Ἐλεύσιος
1789 874 1841 899 Κυ-

203 933 269 953 \'ero
287 925 374 960 partis
389 924 528 959 principes
545 926 626 950 erant
647 921 781 956 Georgius
802 919 943 947 Laodicea:
969 919 995 946 in

1076 932 1135 955 κου,
1149 920 1190 954 οἷς
1204 921 1368 958 ἠκολούθουν
1380 922 1405 948 οἱ
1421 921 1551 951 πλείονες.
1570 921 1614 951 Ὠς
1628 917 1674 946 οὖν
1689 918 1839 953 ἐπεκράτει

205 972 283 1007 Syria
303 971 466 1006 cpiscopus,
489 969 662 1004 Sophronius
684 965 885 1001 Pompeiopolis
899 965 926 991 in
943 964 994 992 Pa—

206 1017 360 1053 phlagonia,
374 1016 500 1043 Eleusius
511 1014 600 1050 Cyzici
612 1023 619 1047 ;
636 1021 706 1048 quos
718 1012 804 1047 major
821 1019 884 1046 pars
897 1017 995 1044 seque-

206 1065 296 1090 batur.
314 1063 400 1090 Porro
413 1069 475 1089 cum
492 1060 681 1096 prmvaluisset
694 1057 830 1085 sententia
847 1060 878 1083 ut
893 1055 927 1082 de
944 1055 996 1082 ﬁde

207 1108 284 1143 prius
295 1110 476 1142 qumrcrctur,
491 1106 509 1131 ii
523 1105 572 1139 qui
591 1112 607 1131 a
625 1103 752 1138 partibus
769 1101 859 1128 Acacii
877 1099 995 1132 stabant,

207 1155 344 1182 Nicamam
371 1153 453 1180 ﬁdem
479 1151 590 1186 penitus
613 1150 800 1184 abrogarunt;
827 1147 909 1174 aliam
932 1152 997 1174 vero

207 1198 434 1228 conscribendam
461 1204 522 1224 esse
554 1195 754 1231 signiﬁcarunt.
782 1192 902 1220 Alterius
932 1198 997 1218 vero

207 1246 292 1281 partis
308 1243 442 1280 episcopi,
460 1242 506 1277 qui
519 1246 547 1269 et
558 1248 674 1268 numero
691 1239 848 1274 superiores
864 1242 953 1270 erant,
969 1237 996 1263 in

207 1292 321 1327 reliquis
343 1290 453 1326 quidem
470 1288 599 1316 omnibus
618 1287 758 1314 Nicamum
772 1285 919 1313 concilium
936 1291 998 1311 sus-

207 1338 345 1373 cipiebant
369 1346 376 1363 :
396 1335 481 1363 solam
494 1339 585 1361 autem
597 1333 745 1360 dictionem
759 1329 1000 1359 consubstantialis

209 1382 458 1419 reprehendebant.
472 1380 540 1408 Cum
554 1380 638 1415 igitur
650 1386 748 1413 magna
762 1377 912 1404 verborum
932 1383 999 1402 con-

210 1429 331 1457 tentione
360 1429 431 1455 inter
451 1434 481 1454 se
503 1428 654 1453 certassent
676 1431 764 1458 usque
790 1422 824 1450 ad
845 1428 998 1456 vesperam,

209 1473 319 1501 tandem
343 1472 470 1499 Silvanus
493 1469 637 1497 Tarsensis
658 1467 788 1495 Ecclesiae
810 1466 910 1501 praesul
927 1465 999 1492 elata

209 1526 276 1546 voce
288 1517 368 1549 dixit,
385 1517 487 1544 nullam
509 1523 608 1543 novam
624 1514 687 1542 ﬁdei
702 1513 846 1541 formulam
864 1511 1000 1539 conscribi

209 1569 348 1600 oportere,
366 1563 414 1590 sed
430 1562 504 1589 illam
521 1569 582 1597 qua:
597 1560 750 1588 Antiochiae
771 1559 798 1585 in
814 1557 936 1585 ecclesiae
952 1557 1000 1584 de-

210 1610 347 1638 dicatione
360 1609 462 1644 scripta
477 1612 560 1640 esset,
580 1612 666 1634 ratam
682 1613 742 1633 esse
754 1605 864 1632 debere.
883 1604 939 1631 Hoc
954 1603 1000 1630 ubi
1015 1603 1037 1614 “

211 1656 315 1683 dictum
337 1659 394 1686 est,
421 1652 549 1680 Acaciani
566 1659 581 1679 e
601 1651 719 1679 concilio
744 1658 773 1677 se
799 1650 1000 1677 subduxerunt.

210 1701 336 1728 Alterius
360 1704 452 1727 autem
480 1699 567 1734 partis
583 1697 720 1725 antistites
742 1695 824 1723 ﬁdem
850 1695 1002 1723 Antiochia:

214 1747 342 1782 wriptani
351 1746 527 1781 protulerunt
544 1753 549 1770 :
567 1751 620 1778 qua
631 1742 707 1777 151
723 1742 844 1777 perlecta
855 1741 1002 1773 concilium

213 1800 247 1820 co
263 1793 307 1820 die
324 1792 468 1820 dimissum
492 1794 543 1818 est.
560 1788 695 1817 Postridie
719 1795 782 1815 cum
810 1788 838 1815 in
860 1787 1003 1814 ecclesiam

213 1848 273 1875 gme
302 1838 434 1867 Seleucia:
456 1842 508 1869 est,
526 1835 728 1867 convenissent,
745 1834 864 1862 occlusis
881 1834 996 1866 foribus,

1047 969 1078 996 τὸ
1092 969 1226 1004 πρότερον
1242 967 1383 1003 ζητεῖσθαι
1395 966 1460 1002 περὶ
1473 966 1524 1001 τῆς
1542 966 1671 997 πίστεως,
1687 966 1711 991 οἱ
1727 964 1778 999 μὲν
1792 964 1840 989 τοῦ

1049 1015 1148 1050 μέρους
1179 1013 1326 1045 Ἀκακιου,
1353 1012 1402 1047 τὴν
1426 1013 1455 1038 ὲν
1469 1012 1573 1046 Νικαίᾳ
1597 1010 1688 1037 πίστιν
1711 1009 1841 1044 φανερῶς

1047 1059 1202 1094 ἠθέτησαν,
1217 1057 1301 1092 ἄλλην
1325 1065 1355 1083 τε
1378 1056 1469 1083 πίστιν
1488 1054 1672 1089 ὑπαγορεύειν
1689 1054 1836 1088 tvm-mino.

1048 1105 1079 1132 Οἱ
1093 1105 1121 1131 δὲ
1136 1104 1182 1131 τοῦ
1197 1103 1290 1139 ἐτέρου
1310 1102 1409 1138 μέρους
1422 1103 1447 1128 οἱ
1462 1101 1500 1136 τῷ
1511 1100 1619 1136 ἀριθμῷ
1632 1098 1839 1130 πλεοναξοντες,

1046 1150 1082 1178 τὰ.
1097 1150 1146 1185 μὲν
1157 1150 1224 1177 ἀλλα
1234 1149 1322 1176 πάντα
1331 1148 1380 1183 τῆς
1391 1148 1420 1174 ὲν
1432 1147 1534 1182 Νικαίᾳ
1543 1146 1652 1172 συνόδου
1665 1144 1830 1178 ἀπεδέχοντο

1051 1196 1134 1231 μόνην
1146 1195 1175 1221 δὲ
1191 1195 1239 1230 τὴν
1253 1193 1395 1228 όμοουσίου
1415 1191 1486 1224 λέξιν
1501 1191 1665 1226 ἐμέμφοντο.
1687 1189 1778 1215 [Ιολλά
1793 1186 1842 1214 οὖν

1049 1242 1114 1277 ἄχρι
1134 1241 1224 1276 δείλης
1244 1240 1323 1275 ὀψίας
1347 1239 1414 1275 πρὸς
1442 1237 1572 1272 ἀλλήλους
1599 1234 1840 1270 φιλονεικούντων,

1050 1287 1125 1318 τέλος
1151 1286 1280 1318 Σιλὸανδς
1301 1286 1351 1320 τῆς
1376 1283 1483 1318 Ταρσοῦ
1507 1281 1646 1318 προεστὼς
1675 1280 1841 1315 Ἐκκλησίας

1052 1331 1123 1366 μέγα
1134 1330 1376 1366 ἁνέκραγε,λέγων
1390 1329 1427 1364 μὴ
1441 1328 1539 1363 χρῆναι
1553 1326 1647 1361 καινὴν
1658 1325 1841 1359 ὑπαγορεύειν

1051 1378 1169 1408 πίστεως
1185 1376 1309 1408 ἔκδοσιν,
1325 1374 1394 1402 ἀλλὰ
1413 1374 1461 1409 τὴν
1477 1373 1526 1408 ἤδη
1543 1373 1676 1407 πρότερον
1691 1371 1720 1396 ἐν
1739 1370 1842 1395 Ἀντιο-

1050 1423 1113 1459 χείᾳ
1121 1423 1176 1454 τοῖς
1188 1422 1335 1456 ὲγκαινίοις
1344 1419 1579 1455 ὑπαγορευθείσαν
1589 1417 1708 1451 ὀφείλειν
1718 1416 1841 1451 κρατεῖν.

1051 1468 1152 1496 Τούτου
1168 1467 1325 1502 λὶχθέντος,
1338 1467 1362 1492 οἱ
1377 1466 1425 1500 μὶν
1449 1464 1511 1499 περὶ
1533 1463 1658 1490 ’Δκάκιον
1671 1459 1841 1495 ὑπεξῆλθον

1051 1516 1076 1543 οἱ
1091 1515 1119 1542 δὲ
1134 1515 1180 1542 τοῦ
1204 1513 1297 1548 ἐτέρου
1323 1512 1432 1547 μέρους,
1460 1511 1646 1546 προεκόμισαν
1664 1507 1714 1543 τὴν
1731 1508 1761 1533 ὲν
1783 1506 1844 1532 Ἀν-

1051 1560 1156 1596 τιοχείᾳ
1176 1559 1283 1590 πίστιν,
1300 1559 1346 1585 καὶ
1365 1556 1543 1591 ἀναγνόντες,
1555 1554 1680 1581 διέλυσαν
1704 1553 1732 1579 ὲν
1749 1551 1845 1587 ἐκείνῃ

1053 1608 1085 1642 τῇ
1098 1606 1188 1642 ἡμέρᾳ
1201 1605 1247 1632 τὸν
1262 1604 1397 1638 σύλλογον.
1416 1603 1455 1638 Τῇ
1471 1602 1499 1628 δὲ
1511 1601 1575 1636 ἑξῆς
1590 1601 1630 1631 εἰς
1644 1599 1691 1626 τὸν
1704 1599 1733 1625 ὲν
1747 1597 1846 1624 Σελευ-

1053 1653 1117 1688 κείᾳ
1141 1652 1286 1687 εὐκτήριον
1312 1649 1482 1680 συνελθόντες
1508 1645 1598 1678 οἷκον,
1618 1646 1665 1673 καὶ
1687 1644 1737 1676 τὰς
1758 1643 1845 1679 θύρας

1053 1697 1278 1727 ἀποκλείσαντες,
1292 1695 1340 1730 τὴν
1362 1692 1583 1727 ἀναγνωσθεῖσαν
1606 1691 1698 1717 πίστιν
1721 1688 1846 1722 ὑπογρά-

1055 1750 1150 1777 φοντες
1164 1741 1290 1776 ὲκύρουν.
1311 1739 1484 1774 ’Υπέγραφον
1495 1737 1523 1764 δὲ
1537 1737 1606 1772 ὑπὲρ
1621 1734 1845 1777 ἀπολειφθέντιρν

1055 1787 1137 1814 τινῶν
1162 1787 1294 1821 παρόντες
1319 1783 1492 1818 ἀναγνῶσται
1516 1783 1564 1809 καί
1586 1781 1722 1811 διάκονοι,
1747 1779 1781 1806 δι’
1809 1775 1845 1805 ὧν

1056 1833 1176 1869 στέρξειν
1188 1832 1234 1859 τὸν
1255 1833 1317 1866 ὅρον
1330 1831 1354 1857 oi
1372 1829 1582 1864 ἀπολειφθέντες
1598 1826 1794 1862 ὡμολόγησαν.

214 1887 361 1923 perlectam
389 1884 452 1912 ﬁdei
476 1883 620 1911 formulam
641 1882 844 1917 subscriptione
866 1888 915 1907 sua
930 1880 1138 1908 conﬁrmarunt.
1156 1879 1209 1917 Pro
1225 1877 1361 1914 episcopis
1384 1880 1475 1904 autem
1503 1873 1642 1902 nonnullis
1653 1872 1701 1907 qui
1719 1872 1844 1901 aberant,

529 1997 608 2024 CAP.
629 1995 685 2023 XL.

233 2057 354 2090 Qualiter
372 2055 482 2082 Aeacius
496 2053 623 2090 Qresqrew
636 2052 769 2090 episcopus
783 2050 810 2077 in
825 2049 987 2090 ﬁcleztciensi

295 2091 393 2127 synodo
406 2090 488 2118 aliam
502 2088 567 2123 ﬁdei
581 2085 766 2122 expositione";
779 2085 923 2121 scripserit.

252 2170 366 2198 Aeacius
381 2175 448 2196 vero
464 2175 526 2195 cum
539 2166 597 2194 suis
608 2164 791 2192 sectatoribus
802 2163 829 2190 id
842 2163 944 2190 factum
959 2170 1004 2190 re-

168 1934 179 1940 ‘
213 1917 401 1967 subscripsere
421 1929 529 1958 diaconi
545 1934 571 1956 et
588 1929 715 1960 lectores,
732 1933 850 1962 quorum
877 1932 961 1959 opera
979 1925 1180 1960 approbaturos
1201 1931 1230 1950 se
1247 1922 1310 1950 ﬁdei
1322 1920 1467 1949 formulam
1479 1919 1607 1947 absentes
1618 1917 1736 1953 professi
1756 1922 1843 1944 erant.

1353 1987 1478 2014 ΚΕΦΛΛ.
1496 1985 1540 2012 Μ’.

1054 2047 1119 2073 ’Ὅτι
1135 2046 1169 2073 ἐν
1186 2045 1222 2079 τῇ
1238 2045 1313 2072 κατά
1326 2043 1505 2071 Σελεύκειαν
1515 2040 1816 2079 νιτυνὸδῳηἊκὰκιςς

1089 2076 1279 2115 Καισαρέίας,
1299 2079 1398 2113 ἄλλην
1420 2078 1629 2112 ὑπηγόρευσεν
1651 2076 1780 2103 ἔκθεσιν
1802 2076 1845 2101 πί-

1089 2125 1194 2149 στεως.

1097 2162 1223 2193 Ἄκάκιος
1238 2161 1265 2188 δὲ
1281 2160 1327 2187 καὶ
1337 2160 1362 2186 οἱ
1377 2159 1424 2185 τοῦ
1438 2159 1536 2194 μέρους
1549 2156 1643 2189 αὑτοῦ,
1659 2156 1694 2183 τὰ
1714 2156 1844 2191 γινόμενα

217 2215 414 2252 prehendcbat,
430 2222 463 2241 eo
476 2212 547 2248 quod
564 2211 665 2238 clausis
681 2210 803 2237 ecclesiae
819 2209 925 2237 foribus
938 2209 995 2236 sub-

1075 2208 1244 2243 ιεμέμφοντο,
1258 2206 1323 2232 διότι
1334 2206 1383 2241 τὴν
1396 2204 1558 2239 Ἐκκλησίαν
1574 2203 1789 2233 ἀποκλείσαντες
1800 2211 1845 2228 κα‹

217 2248 400 2296 scripsissent.
418 2259 525 2293 Quippe
540 2256 646 2287 aiebat,
661 2255 698 2282 Ea
711 2263 771 2289 qua:
786 2254 813 2282 in
835 2255 942 2282 occulto
958 2262 995 2290 ge.

1075 2254 1238 2288 υπέγραφον.
1248 2252 1290 2278 Τὰ
1300 2251 1354 2287 γὰρ
1371 2252 1399 2277 ὲν
1413 2249 1591 2285 παραϐύστῳ,
1606 2248 1684 2283 φησὶ,
1705 2249 1843 2283 γινόμενα,

218 2312 325 2340 runtur,
341 2305 459 2341 rcproba
477 2307 542 2331 sunt
556 2307 584 2329 et
601 2306 737 2336 suspecta.
763 2301 820 2328 Hoc
833 2305 925 2328 autem
946 2301 995 2328 idet

1075 2299 1175 2334 δόκιμα
1185 2298 1232 2325 καὶ
1245 2297 1362 2332 ὑποψίας
1375 2296 1459 2328 ἐντός.
1472 2295 1565 2322 Ταῦτα
1584 2294 1672 2329 ἔλεγε,
1687 2294 1845 2330 βουλόμενος

218 2353 335 2384 dicebat,
348 2350 420 2387 quod
433 2350 461 2377 in
472 2349 563 2376 animo
574 2347 689 2374 haberet
701 2346 782 2373 aliam
792 2346 854 2373 ﬁdei
863 2346 1007 2373 formulam

1058 2345 1154 2381 ἑτέραν
1169 2345 1273 2371 ἔκδοσιν
1288 2344 1406 2375 πίστεως
1424 2342 1652 2375 ἀντεισενεγκεῐν,
1667 2340 1741 2376 ἔχων
1756 2341 1845 2376 εὐτρε-

218 2400 278 2426 loco
295 2385 368 2425 illius
383 2394 558 2431 promulgare
576 2402 582 2419 :
598 2400 680 2427 quam
694 2392 805 2426 quidem
819 2395 942 2426 paratam
957 2399 995 2426 pe.

1075 2391 1205 2426 τισμένην,
1220 2390 1254 2426 ἣν
1267 2389 1416 2424 ἀνεγνώκει
1435 2388 1483 2424 μὲν
1499 2389 1555 2419 τοῖς
1577 2387 1693 2422 ἄρχουσι
1708 2386 1848 2421 Λαυρικίῳ

219 2452 268 2471 ues
285 2451 313 2471 se
334 2442 463 2472 habebat,
480 2445 508 2466 et
523 2438 651 2466 Lauricio
667 2437 778 2472 quidem
796 2445 827 2464 ac
847 2437 947 2464 Leonm
964 2444 1008 2463 re—

219 2488 343 2515 ctoribus
357 2487 412 2521 jam
425 2489 505 2511 antea
520 2483 682 2510 recitaverat
697 2491 702 2508 :
721 2488 849 2510 caeterum
865 2482 939 2509 omni
953 2487 1009 2509 stu—

220 2533 266 2560 dio
281 2530 474 2561 contendebat,
488 2533 518 2556 ut
540 2529 597 2556 hcce
611 2528 667 2555 sola
689 2528 744 2555 vim
759 2533 842 2563 atque
859 2529 1008 2556 auctorita-

222 2584 275 2604 tem
289 2576 436 2603 obtineret.
453 2574 515 2601 Haec
531 2578 590 2600 acta
603 2577 667 2600 sunt
678 2573 800 2600 secundo
812 2573 868 2606 die,
885 2581 936 2600 nec
950 2581 1009 2599 am-

221 2623 294 2657 plius
310 2621 468 2656 quidquam.
487 2619 580 2647 Tertio
591 2619 636 2646 die
659 2619 765 2646 Leonas
781 2627 878 2646 rursus
896 2626 1006 2654 operam

222 2669 308 2699 dedit,
331 2671 361 2694 ut
373 2667 458 2694 amba:
480 2670 571 2701 partes
593 2666 620 2692 in
642 2673 727 2692 unum
746 2666 935 2693 convenirent.
950 2666 1009 2699 Quo

222 2714 332 2750 quidem
349 2713 392 2740 die
409 2721 460 2740 nec
483 2712 658 2740 Macedonius
677 2711 765 2738 abfuit
780 2711 1009 2746 Constantinopo-

224 2761 323 2788 litanus
333 2760 488 2794 episcopus,
503 2766 554 2786 nec
572 2757 688 2785 Basilius
703 2757 826 2792 Ancyrae.
841 2756 910 2784 Cum
928 2757 1011 2792 igitur

223 2806 304 2832 ambo
317 2805 361 2832 isti
374 2805 401 2832 in
414 2805 537 2832 eamdem
550 2808 656 2838 partem
673 2803 888 2835 concessissent,
911 2803 1009 2830 iterum

225 2852 349 2879 Acaciani
378 2852 412 2879 ad
440 2850 587 2878 concilium
614 2856 761 2876 occurrere
789 2849 960 2876 noluerunt:
979 2857 1012 2876 ex

1059 2437 1106 2463 καὶ
1121 2437 1232 2471 Δεωνᾷ·
1258 2435 1341 2470 μόνην
1368 2435 1395 2461 δὲ
1417 2434 1501 2469 αὐτὴν
1522 2433 1670 2471 κρατήσειν
1686 2431 1847 2464 ἐσπούδαζε.

1059 2482 1167 2508 Τούτων
1182 2481 1230 2517 μὲν
1241 2479 1288 2507 οὖν
1302 2480 1382 2507 πλέον
1398 2479 1473 2506 οὐδὲν
1487 2467 1558 2505 κατᾶ
1570 2478 1618 2513 τὴν
1633 2477 1771 2513 δευτέραν
1785 2476 1849 2512 ἠμέ-

1061 2535 1110 2562 ραν
1125 2527 1239 2560 ἐγίνετο.
1256 2525 1335 2552 Κατὰ
1353 2524 1380 2551 δὲ
1393 2525 1443 2559 τὴν
1456 2524 1552 2559 τρίτην
1563 2525 1578 2550 ὁ
1593 2523 1706 2554 Λεωνᾶς
1726 2520 1809 2553 αὖθις
1820 2521 1849 2547 τὰ

1061 2573 1132 2608 μέρη
1151 2573 1313 2606 συναγαγεῖν
1325 2570 1473 2601 ἐσπούδαζε
1485 2578 1491 2583 ·
1508 2570 1570 2596 καθ’
1584 2569 1618 2604 ἢν
1630 2568 1681 2595 οὐκ
1698 2568 1849 2603 ἀπελείφθη

1062 2619 1108 2645 καὶ
1124 2618 1289 2649 Μακεδόνως
1309 2618 1324 2643 ὸ
1339 2615 1662 2646 Κωνσταντινουπόλεως,
1686 2614 1751 2641 οὐδὲ
1776 2614 1851 2649 μὴνδ

1068 2664 1204 2700 ’Λγκύρας
1222 2663 1371 2694 Βασίλειος.
1395 2663 1471 2688 Ἐπεὶ
1483 2659 1529 2688 οὖν
1544 2660 1697 2696 ἀμφότεροι
1715 2661 1758 2691 είς
1775 2660 1850 2686 ταὺτὸ

1065 2711 1148 2746 μέρος
1166 2708 1394 2743 συνεληλύθησαν,
1412 2705 1488 2738 αὖθις
1504 2707 1528 2733 οἱ
1540 2706 1603 2741 περὶ
1624 2705 1756 2732 Ἀκάκιον
1770 2706 1849 2732 ἀπαν-

1064 2758 1113 2791 τᾷν
1128 2756 1178 2782 οὐκ
1197 2755 1355 2786 ἐϐούλοντο,
1371 2754 1521 2788 φάσκοντες
1535 2752 1590 2778 δεῖν
1607 2751 1744 2787 πρότερον
1761 2750 1850 2777 ὲκδιὶλ-

1065 2802 1158 2829 λεσθαι
1174 2801 1219 2828 τοῦ
1238 2800 1366 2834 συλλόγου
1387 2800 1450 2830 τούς
1464 2808 1493 2825 τε
1508 2799 1557 2834 ἤδη
1575 2798 1709 2832 πρότερον
1725 2797 1849 2831 καθαιρε-

1067 2849 1162 2875 θέντας
1180 2853 1201 2878 ι’,
1220 2848 1267 2874 καὶ
1283 2847 1346 2877 τοὺς
1359 2847 1386 2872 ἐν
1400 2845 1439 2880 τῷ
1457 2845 1570 2879 παρόντι
1589 2843 1847 2877 κατηγορουμένους.

807 2895 986 2922 VARIORI‘M
1007 2894 1282 2922 ANNOTATIONES.
1702 2904 1704 2906 τ
1823 2906 1825 2908 -

265 2937 277 2952 ι’
298 2932 368 2967 Τιὺς
395 2933 451 2966 ἤδη
491 2932 636 2965 πρότερον
664 2931 902 2964 καθαιρεθένῖιις.
934 2932 995 2958 Seni

1077 2939 1117 2959 ius
1156 2930 1292 2964 intelligit,
1320 2936 1439 2964 quorum
1468 2927 1521 2954 dux
1555 2931 1614 2954 erat
1646 2926 1771 2953 Basilius
1800 2922 1846 2950 An-
