1887 3067
85 137 131 165 ειι

577 138 739 168 HISTORIA
758 140 1032 170 ECCLESIASTICA.
1053 158 1087 162 —
1105 143 1170 170 LIB.
1192 143 1223 170 ll.

1657 149 1712 177 3-32
1722 157 1729 163 ”

87 194 180 228 μένων,
199 194 322 225 εἰπόντες
337 193 382 220 καὶ
400 194 580 228 ἀκούσαντες,
598 196 769 233 διελύθησαν.
785 197 825 234 Τῇ

964 207 998 226 nc
1010 199 1140 234 temporis
1155 208 1231 232 vero,
1249 207 1313 228 cum
1323 200 1441 236 plurima
1458 202 1531 230 ultro
1546 204 1670 240 citroque
1682 211 1709 234 et

84 241 197 275 τετάρτῃ
213 238 294 272 αὖθις
311 240 404 276 ἡμέρᾳ
422 241 554 277 συνῆλθον
573 242 693 275 ἅπαντες
709 244 750 275 είς
765 244 848 271 ταύτὸ
860 262 868 278 ,

84 286 128 312 καὶ
147 284 227 318 αὖθις
246 286 386 313 ἀνεκίνουν
409 287 479 322 μετὰ
498 288 655 323 ἐρεσχελίας
676 289 741 322 τοὺς
763 289 867 324 λόγους.

90 333 130 359 Ἐν
151 328 192 363 οἷς
223 332 352 365 ’Δκάκιος
383 333 488 360 τοιάνδε
508 333 580 361 κατὰ
607 333 679 367 λέξιν
704 336 870 372 εἰσηγήσατο

83 377 201 413 γνώμην·
212 378 246 405 Ei.
259 377 332 412 ἅπαξ
347 379 364 414 ἡ
379 379 409 405 ἐν
422 379 525 414 Νικαίᾳ
537 379 628 412 πίστις
643 382 811 417 μετεποίηθη
822 382 869 409 καὶ

85 422 237 457 parataita
260 422 409 456 πολλάκις,
426 423 502 450 οὐδὲν
521 423 621 450 κωλύει
644 425 693 451 καὶ
707 426 755 452 νῦν
771 426 868 462 ἑτέραν

82 468 406 504 ὑπαγορευθῆναιπίστιν.
413 469 575 505 Πῴςταῦτα
587 470 740 503 Ἐλεύσιοςό
749 471 867 504 Κυζίκου

81 514 164 542 τοιάδε
179 512 257 541 εἷπεν
267 515 315 541 ’Ἦ
327 514 436 547 σύνοδος
451 515 636 552 ωνεκροτήθη
647 516 693 543 ἐπὶ
703 516 749 543 τοῦ
764 517 866 552 παρόν-

80 567 137 591 τος,
151 559 199 593 ούχ
218 559 264 586 ἵνα
283 559 357 595 μάθῃ
370 559 389 586 ἃ.
412 559 450 595 μὴ
468 559 628 595 μεμάθηκεν
649 561 718 596 (70),
742 560 799 588 οὗθ’
823 562 867 589 ἵνα

84 604 170 630 πίστιν
185 604 310 639 δέξηται,
325 604 359 639 ἢν
370 603 409 640 μὴ
423 604 577 641 κέκτηται-ζ
590 605 659 632 ἀλλὰ
672 607 705 642 τῇ
717 607 771 637 τῶν
783 606 867 633 πατέ-

83 657 132 684 ρων
145 649 236 675 πίστει
252 648 398 684 στοιχοῦσα
422 649 497 685 (Ἰί),
510 649 613 685 ταύτης
630 650 710 686 μέχρι
729 650 802 688 ζωῆς
820 651 866 678 καὶ

81 694 191 721 Θανάτου
211 694 264 721 οὐκ
284 694 432 728 ἐξίσταται.
455 695 595 726 Τοιούτοις
614 696 661 723 καὶ
684 697 698 723 ό
731 697 866 729 Ἐλεύσιος

81 740 143 775 πρὸς
156 740 205 776 τὴν
226 740 357 767 ’Δκακίου
371 740 484 777 γνώμην
500 740 657 777 ἀπήντησε,
675 741 766 768 πίστιν
781 742 865 768 πατέ-

84 795 133 821 ρων
156 786 206 821 τὴν
231 787 261 813 ἐν
287 786 437 822 Ἀντιοχείᾳ
466 787 623 814 ἐκτεθεῖσαν
647 787 739 814 πίστιν
763 787 862 815 καλῶν.

87 833 246 868 Ἀπαντήσει
263 832 286 859 δ’
303 833 335 860 ἄν
345 841 388 865 τις
404 833 450 860 καὶ
468 833 536 868 πρὸς
547 832 642 860 τοῦτον
653 841 660 849 ·
676 833 739 865 Πῶς
757 834 820 866 τοὺς
833 835 862 860 ἐν

921 244 955 272 de
967 244 1019 272 hac
1030 253 1059 272 re
1070 249 1098 272 ct
1109 245 1143 272 de
1156 245 1210 273 illis
1221 246 1268 280 qui
1280 247 1399 273 accusati
1409 251 1489 274 erant
1497 248 1569 275 dicta
1581 248 1709 284 fuissent,

920 289 1069 316 concilium
1092 289 1234 318 dimissum
1254 295 1306 318 est.
1331 291 1434 324 Quarto
1455 292 1555 320 iterum
1575 294 1620 321 die
1646 303 1709 323 cum

920 340 1017 360 omnes
1033 333 1062 361 in
1074 342 1160 361 unum
1176 335 1379 368 convenissent,
1399 337 1496 364 eadem
1508 345 1571 365 cum
1582 340 1708 375 pervica—

919 377 962 405 cia
978 377 1119 412 disputare
1131 385 1283 414 creperum.
1298 380 1371 408 lntcr
1384 389 1453 417 quos
1464 382 1580 411 Aeacius
1595 388 1708 412 sentcn-

920 422 985 450 tiam
1002 430 1079 450 suam
1093 424 1221 458 exposuit
1234 425 1278 452 his
1296 426 1403 453 verbis:
1427 426 1495 455 Cum
1512 428 1580 456 ﬁdes
1598 430 1707 458 Niczena

915 467 1081 502 jampridem
1095 469 1179 496 semel
1188 477 1219 496 ac
1233 469 1333 497 deinde
1349 472 1448 506 sepius
1459 478 1564 501 mutata
1579 475 1624 508 sit,
1637 475 1705 502 nihil

918 516 992 540 vetat
1016 513 1165 547 quominus
1194 522 1269 542 nunc
1290 523 1399 551 quoque
1426 518 1479 546 alia
1514 521 1706 549 conscribatur

918 557 995 586 ﬁdes.
1019 559 1060 587 Ad
1090 560 1148 588 haec
1175 561 1301 589 Eleusius
1327 563 1418 599 Cyzici
1448 567 1610 602 episcopus:
1633 568 1706 596 Con-

917 604 1023 638 cilium,
1051 605 1153 641 inquit,
1171 606 1419 642 imprmsentiarum
1436 616 1628 647 congregatum
1654 617 1705 647 cst.

917 658 973 678 non
995 655 1026 678 ut
1050 659 1083 679 ea
1099 651 1188 679 discat
1210 660 1270 687 quae
1283 653 1339 688 jam
1360 655 1426 682 olim
1445 656 1552 690 didicit,
1570 666 1660 692 neque
1678 663 1707 686 ut

917 696 999 724 ﬁdem
1011 698 1144 733 suscipiat
1161 707 1243 734 quam
1262 700 1339 734 prius
1355 709 1410 728 non
1440 702 1552 736 habuit;
1574 705 1620 732 sed
1643 705 1706 733 ﬁdei

917 747 1025 778 patrum
1047 744 1187 778 insistens,
1208 753 1260 773 nec
1275 747 1338 774 vita),
1354 755 1406 775 nec
1421 749 1517 776 mortis
1535 753 1657 785 tempore
1671 750 1706 778 ab

916 793 949 813 ea
977 795 1096 822 unquam
1121 789 1239 817 recedet.
1263 790 1426 825 Huiusmodi
1450 793 1543 820 verbis
1568 794 1705 823 adversus

917 831 1008 860 Acacii
1025 834 1188 862 sententiam
1205 836 1326 863 occurrit
1346 836 1484 870 Eleusius,
1496 838 1577 866 ﬁdem
1597 843 1706 874 patrum

87 877 229 913 Ἀντιοχείᾳ
241 878 418 910 συνελθόντας
431 878 553 914 πατέρας
559 878 715 914 ὀνομάζεις,
733 879 832 906 Ἐλεύσι

960 879 1058 913 )ellans
1071 888 1131 907 eam
1146 888 1207 915 quae
1218 882 1341 916 exposita
1355 886 1414 909 erat
1430 883 1590 912 Antiochiae.
1605 885 1705 914 Verum

81 923 137 954 τοὺς
155 923 268 950 ἐκείνων
290 923 416 960 πατέρας
437 923 603 959 ἀρνούμενος
620 924 693 959 (72);
710 925 742 951 Ol
762 924 817 960 γὰρ
832 925 862 951 ἐν

79 967 174 1003 Νικαίᾳ
197 969 390 1002 συνελθόντες,
416 970 463 997 καὶ
486 969 517 997 τὸ
543 970 684 1005 ὁμοούσιον
711 971 745 1006 τῇ
773 970 863 997 πίστει

80 1014 307 1049 συμφωνήσαντες
314 1035 322 1048 ,
337 1014 501 1051 κυριώτερον
510 1015 543 1042 ἂν
553 1016 671 1051 πατέρες
678 1015 798 1050 λέγοιντο
805 1035 812 1048 ,
824 1016 864 1051 τῷ

79 1059 122 1086 καὶ
135 1060 387 1096 προαναϐεσηκέναι
400 1062 456 1093 τοῖς
467 1061 583 1096 χρόνοις,
596 1062 644 1088 καὶ
657 1062 697 1089 ὅτι
712 1062 738 1088 ot
758 1063 788 1089 ἐν
804 1062 863 1089 Ἀν-

81 1105 178 1141 τιοχείᾳ
196 1106 353 1141 γενόμενοι,
377 1107 422 1133 ὑπ’
444 1106 556 1134 ἐκείνων
580 1107 621 1139 εἰς
638 1107 689 1143 τὴν
713 1108 862 1144 ἱερωσύνην

78 1150 265 1186 προϐέϐληντο.
283 1152 314 1179 Et
328 1153 355 1179 δὲ
368 1153 393 1179 oi.
412 1153 441 1180 ἐν
462 1153 611 1189 ’Δντιοχιίᾳ
629 1154 692 1186 τοὺς
713 1154 794 1186 ἰδίους
809 1163 864 1181 πα-

77 1195 153 1231 τέρας
169 1196 320 1232 ἠθέτησαν,
348 1196 492 1232 λελήθασιν
514 1197 627 1230 ἑαυτοὺς
654 1198 679 1224 οί
704 1197 862 1233 μεταταῦτα

77 1243 128 1274 τοις
138 1242 319 1278 πατραλοίαις
331 1243 469 1278 ἑπόμενοι.
483 1243 546 1275 Πῶς
553 1243 581 1269 δὲ
596 1243 643 1270 καὶ
655 1240 692 1270 ὧν
706 1243 861 1279 ἐκεῖνοιτὴν

77 1287 160 1314 πίστιν
180 1287 218 1318 ὡς
241 1288 374 1324 ἀδόκιμον
391 1288 539 1324 ἠθέτησαν,
562 1289 612 1324 τὴν
636 1289 806 1324 χειροτονίαν
822 1289 861 1320 ὡς

76 1333 183 1369 δοκίμην
197 1333 342 1367 ἐδέξαντος
359 1333 390 1361 Et
402 1333 430 1361 δὲ
442 1334 542 1361 ἐκεῖνοι
557 1334 607 1361 οὐκ
619 1333 692 1370 εῐχον
705 1335 736 1361 τὸ
747 1335 860 1371 Πνεῦμα

76 1378 103 1405 τὸ
117 1378 201 1413 ἅγιον,
217 1380 232 1406 ὃ
248 1380 296 1406 διὰ
311 1380 362 1415 τῆς
380 1380 547 1416 χειροτονίας
562 1380 720 1416 ἐπέρχεται,
735 1380 796 1408 οὐδὲ
811 1377 860 1407 οὖ-

75 1434 112 1452 τοι
126 1426 173 1461 τὴν
185 1426 337 1462 ἱερωσύνην
347 1426 453 1455 ἐλασον.
471 1426 533 1458 Πῶς
550 1426 605 1463 γὰρ
619 1426 770 1463 ἐλάμϐανον
783 1427 860 1463 παρὰ

75 1471 124 1498 τῶν
135 1472 185 1499 οὐκ
197 1472 319 1507 ἐχόντων
335 1472 365 1499 τδ
381 1472 537 1508 διδόμενον;
552 1473 646 1501 Ταῦτα
662 1473 712 1508 μὲν
726 1471 773 1501 οὖν
788 1474 859 1501 ἀντι-

75 1519 146 1554 θήσει
172 1528 214 1551 τις
238 1519 309 1555 πρὸς
331 1519 366 1546 τὰ
389 1519 443 1546 ὑπὸ
465 1515 602 1546 Ἐλευσίου
626 1519 766 1555 λεχθέντα.
790 1519 858 1546 Τότε

74 1564 99 1591 δέ
113 1563 186 1596 αὖθις
207 1565 256 1591 ἐπὶ
277 1565 373 1600 ἑτέραν
389 1564 533 1600 ἐχώρησαν
549 1565 673 1600 ζήτησιν.
702 1565 778 1593 Ἐπεὶ
803 1565 858 1600 γὰρ

74 1611 117 1637 καὶ
138 1612 162 1638 οἱ
185 1611 249 1647 περὶ
279 1611 407 1638 Ἀκάκιον
429 1612 458 1638 ἐν
480 1612 513 1646 τῇ
534 1610 740 1647 ἁναγνωσθείσῃ
767 1610 859 1638 πίστει

73 1655 158 1690 ὅμοιον
179 1655 286 1690 ἔφασαν
312 1655 357 1682 τὸν
377 1655 441 1682 Υίὸν
465 1655 505 1691 τῷ
527 1655 625 1691 Πατρὶ,
650 1655 859 1683 διεπυνθάνοντο

73 1699 196 1737 ἀλλήλων,
207 1701 282 1729 κατὰ
289 1702 315 1728 τί
325 1701 417 1737 ὅμοιός
430 1701 503 1728 ἐστιν
514 1702 528 1728 ὁ
538 1701 602 1733 Υἱὸς
612 1701 651 1736 τῷ
659 1701 756 1737 Πατρί.
766 1701 822 1730 Καὶ
833 1701 858 1729 οἱ

75 1747 120 1782 μὲν
134 1747 198 1784 περὶ
215 1748 356 1781 Ἀκάκιον,
368 1746 461 1782 ἔλεγον
474 1748 546 1775 κατὰ
559 1747 609 1783 τὴν
621 1747 748 1783 βούλησιν
766 1748 857 1783 μόνον,

73 1795 100 1821 οὐ
116 1794 167 1830 μὴν
183 1794 257 1821 κατὰ
272 1794 321 1830 τὴν
342 1793 437 1821 οὐσίαν
454 1794 546 1830 ὅμοιον
564 1793 604 1830 τῷ
627 1793 714 1831 Πατρὶ
730 1790 800 1821 εἶναι
813 1794 858 1820 τὸν

75 1840 143 1867 Υἱόν.
161 1841 192 1867 0t
205 1840 234 1867 δὲ
258 1840 334 1868 ἄλλοι
356 1839 528 1876 σύμπαντες,
548 1840 681 1867 καὶκατὰ
693 1840 743 1876 τὴν
764 1840 857 1868 οὐσίαν

73 1886 251 1921 ἀπεφήναντο.
265 1886 334 1922 Περὶ
349 1885 444 1912 τούτου
463 1885 492 1912 δὲ
506 1885 553 1912 τοῦ
568 1885 724 1921 ζητήματος
739 1886 855 1920 φιλονει-

74 1930 178 1962 κοῦντες
193 1931 405 1967 ἐνδιημέρευον,
422 1931 469 1958 καὶ
484 1930 530 1957 τὸν
551 1930 680 1957 Ἀκάκιον
700 1931 856 1967 ἐξήλεγχον,

72 1977 106 2009 ὡς
124 1978 165 2013 εἴη
179 1979 208 2005 ἐν
224 1979 282 2010 τοῖς
298 1977 386 2013 λόγοις
401 1977 496 2010 αὑτοῦ,
511 1977 559 2009 οὒς
577 1977 741 2014 συγγράψας
759 1978 856 2011 ἐξέδω-

73 2031 125 2056 κεν,
143 2025 234 2059 ὂμοιον
247 2023 320 2051 κατὰ
338 2024 427 2051 πάντα
445 2023 529 2051 εἰπὼν
546 2024 593 2051 τὸν
616 2024 681 2052 Υίὸν
699 2024 738 2060 τῷ
756 2025 856 2060 Πατρί.

73 2070 123 2097 Καὶ
135 2070 193 2102 πῶς
204 2071 264 2103 νῦν,
274 2070 389 2105 ἔφασαν,
401 2070 471 2106 ἀρνῇ
484 2070 532 2106 τὴν
547 2070 608 2097 κατ’
623 2070 718 2098 οὐσίαν
728 2070 775 2098 τοῦ
790 2071 856 2098 Υἰοῦ

73 2117 135 2152 πρὸς
152 2117 197 2144 τὸν
212 2117 324 2153 Πατέρα
340 2117 504 2153 ὸμοιότητα;
525 2117 555 2143 '0
569 2116 615 2150 δὲ,
632 2116 699 2145 Ἀπὸ
713 2125 856 2153 συγγραμ-

74 2162 172 2197 μάτων,
192 2163 263 2199 ἔφη,
285 2162 347 2190 οὒτε
367 2163 427 2195 νέος
446 2171 490 2195 τις
514 2162 577 2189 οὗτε
609 2163 723 2198 ἀρχαῖος
748 2162 855 2199 ἐκρίθη.

871 1544 893 1574 C

915 923 982 951 huic
995 931 1105 959 quoque
1118 925 1286 960 respondere
1299 926 1434 962 quispiam
1446 927 1534 962 possit
1545 928 1588 956 his
1601 929 1703 956 verbis.

914 968 1058 1003 Quomodo
1079 979 1127 998 eos
1146 972 1194 1007 qui
1209 972 1361 1001 Antiochia:
1384 978 1592 1007 convenerunt,
1615 980 1706 1010 patres

913 1015 1044 1049 appellas,
1062 1016 1165 1048 Eleusi,
1182 1017 1229 1052 qui
1249 1018 1359 1046 illorum
1381 1023 1474 1054 patres
1490 1028 1546 1047 non
1562 1021 1707 1056 agnoscis?

912 1060 981 1088 Nam
992 1061 1021 1089 hi
1034 1066 1108 1090 certe
1116 1063 1163 1097 qui
1171 1063 1269 1090 Nicaea;
1277 1068 1475 1097 convenerunt,
1485 1069 1513 1092 et
1522 1065 1704 1093 consubstan-

912 1106 986 1134 tialis
1001 1107 1083 1135 ﬁdem
1106 1115 1156 1135 suo
1173 1116 1309 1136 consensu
1325 1109 1478 1142 ﬁrmarunt,
1492 1110 1579 1146 magis
1594 1111 1704 1146 proprie

912 1151 1073 1180 dicerentur
1090 1157 1197 1188 patres:
1213 1154 1315 1189 quippe
1326 1155 1374 1191 qui
1390 1159 1417 1182 et
1431 1156 1622 1190 praecesserint
1633 1160 1703 1183 tem-

912 1205 988 1232 pore,
1002 1202 1031 1225 et
1048 1199 1108 1227 illos
1120 1198 1166 1235 qui
1179 1199 1332 1228 Antiochiae
1342 1204 1436 1236 postea
1452 1206 1651 1233 convenerunt,
1669 1202 1703 1229 ad

912 1243 1059 1272 sacerdotii
1080 1244 1241 1280 dignitatem
1262 1246 1459 1280 promoverint.
1474 1246 1552 1279 Quod
1571 1247 1594 1274 si
1616 1247 1644 1274 hi
1656 1245 1703 1282 qui

911 1289 1064 1317 Antiochia:
1082 1290 1196 1318 fuerunt
1212 1291 1379 1327 congregati,
1401 1296 1493 1327 patres
1515 1300 1580 1320 suos
1597 1293 1702 1328 rejece-

911 1339 992 1367 runt,
1011 1334 1055 1362 isti
1072 1335 1119 1370 qui
1138 1343 1186 1363 eos
1209 1341 1379 1371 sequuntur,
1403 1345 1459 1364 non
1481 1337 1704 1365 animadvertunt

910 1387 940 1407 se
955 1380 1107 1415 parricidas
1129 1380 1218 1416 sequi.
1236 1381 1361 1415 Quonam
1383 1386 1476 1410 autem
1503 1383 1585 1411 modo
1605 1391 1703 1411 eorum

910 1425 1112 1453 ordinationem
1125 1430 1253 1461 tanquam
1270 1427 1385 1462 probam
1399 1435 1431 1455 ac
1449 1427 1600 1463 legitimam
1611 1436 1704 1457 susce-

910 1475 1021 1506 perunt,
1046 1479 1165 1507 quorum
1192 1472 1274 1500 ﬁdem
1289 1473 1365 1500 velut
1380 1473 1476 1502 falsam
1500 1481 1533 1507 ac
1558 1474 1703 1509 reprobam

910 1516 1090 1552 rejecerunt?
1109 1516 1179 1544 Nam
1195 1517 1218 1544 si
1233 1517 1272 1545 illi
1294 1524 1350 1545 non
1381 1518 1540 1547 habuerunt
1566 1519 1701 1554 Spiritum

910 1565 1034 1588 sanctum
1047 1561 1094 1596 qui
1106 1569 1156 1596 per
1163 1561 1364 1590 ordinationem
1378 1563 1542 1597 infunditur,
1551 1563 1597 1591 isti
1609 1572 1701 1592 sacer-

910 1606 1015 1633 dotium
1038 1614 1094 1634 non
1111 1611 1287 1642 acceperunt.
1312 1607 1455 1641 Quomodo
1476 1609 1549 1637 enim
1574 1610 1701 1646 accipere

908 1656 1060 1688 potuerunt
1084 1653 1119 1681 ab
1137 1653 1182 1686 iis,
1196 1654 1243 1689 qui
1259 1662 1315 1682 non
1334 1654 1475 1682 habebant
1490 1656 1564 1691 quod
1586 1656 1703 1684 darent?

909 1699 973 1727 Haec
988 1707 1044 1727 non
1060 1699 1198 1728 immerito
1209 1700 1272 1735 quis
1285 1700 1371 1735 possit
1382 1701 1501 1736 objicere
1516 1700 1561 1733 iis,
1570 1709 1631 1737 qua:
1643 1707 1702 1729 tum

908 1745 943 1774 ab
951 1745 1060 1774 Eleusio
1070 1750 1135 1774 sunt
1144 1746 1227 1774 dicta.
1238 1746 1304 1774 Post
1315 1745 1395 1787 15h.
1405 1746 1463 1774 haec
1471 1747 1504 1774 ad
1514 1747 1597 1774 aliam
1605 1756 1702 1775 rursus

908 1792 1089 1827 quaestionem
1107 1792 1307 1820 transilierunt.
1323 1792 1392 1819 Nam
1413 1792 1544 1826 quoniam
1571 1793 1701 1820 Acaciani

908 1839 938 1866 in
953 1838 1071 1866 formula
1088 1838 1150 1866 ﬁdei
1172 1846 1234 1873 qua
1248 1838 1339 1865 fuerat
1361 1838 1485 1871 recitata,
1510 1838 1609 1866 Filium
1626 1839 1700 1867 Patri

908 1885 1026 1913 similem
1039 1893 1099 1913 esse
1112 1885 1248 1917 dixerant,
1263 1884 1422 1919 quaerebant
1435 1884 1507 1911 inter
1519 1892 1547 1912 se
1558 1893 1612 1920 qua
1625 1884 1654 1912 in
1670 1892 1701 1912 re

908 1930 994 1958 Filius
1007 1935 1080 1959 esset
1092 1930 1190 1957 similis
1210 1930 1296 1957 Patri.
1318 1929 1351 1957 Et
1366 1929 1495 1957 Acaciani
1511 1929 1624 1964 quidem
1642 1930 1700 1957 sola

908 1978 1050 2006 voluntate
1070 1977 1187 2005 similem
1208 1984 1269 2005 esse
1286 1976 1424 2009 dicebant,
1447 1984 1503 2004 non
1519 1979 1611 2004 autem
1632 1977 1699 2004 sub-

908 2024 1020 2052 stantia.
1044 2023 1154 2058 Reliqui
1175 2029 1281 2054 omnes,
1299 2021 1382 2049 etiam
1405 2021 1558 2049 substantia
1581 2022 1699 2049 similem

908 2070 982 2098 Patri
992 2077 1053 2097 esse
1063 2070 1162 2097 Filium
1171 2068 1342 2096 asserebant.
1352 2068 1391 2095 De
1402 2067 1454 2095 hac
1464 2067 1617 2103 quaestione
1626 2067 1699 2095 inter

907 2125 937 2145 se
949 2117 1123 2149 altercantes,
1142 2119 1230 2143 totum
1243 2115 1317 2142 diem
1332 2114 1498 2142 contrivere.
1521 2114 1556 2141 Et
1568 2114 1699 2141 Acacium

908 2162 1101 2192 confutabant,
1130 2160 1204 2196 quod
1229 2160 1258 2188 in
1282 2159 1361 2187 libris
1384 2167 1454 2194 quos
1479 2167 1494 2186 a
1524 2167 1553 2187 se
1581 2160 1699 2195 scriptos

73 2208 154 2236 Πολλὰ
168 2209 197 2236 δὲ
214 2209 283 2246 πρὸς
295 2209 427 2245 ἀλλήλους
443 2209 508 2245 περὶ
522 2208 570 2236 τοῦ
586 2208 743 2244 ζητήματος
759 2209 818 2236 τούτ

955 2208 1042 2239 derat,
1054 2207 1153 2235 Filium
1165 2206 1239 2235 Patri
1252 2213 1302 2241 per
1308 2205 1399 2232 omnia
1413 2205 1529 2232 similem
1542 2212 1602 2232 esse
1612 2204 1697 2232 dixis-

73 2252 337 2289 ἀκριϐολογουμένων
347 2273 355 2286 ,
370 2254 418 2280 καὶ
438 2253 572 2289 μηδαμῶς
593 2252 818 2288 συμφωνούντων,

953 2273 959 2279 .
972 2252 1124 2285 Quomodo,
1133 2251 1254 2283 aiebant,
1263 2258 1363 2286 negare
1373 2257 1447 2277 nunc
1462 2250 1547 2277 audes
1562 2250 1623 2277 Filii
1635 2258 1697 2277 cum

73 2295 175 2329 Δεωνᾶς
185 2297 306 2329 ἀναστὰς
320 2297 426 2324 διέλυσε
438 2297 484 2324 τὸν
498 2296 638 2331 σύλλογον.
654 2297 710 2324 Καὶ
721 2296 803 2324 τοῦτο
814 2296 854 2323 τέ-

72 2341 113 2374 λος
124 2342 201 2378 ἔσχεν
213 2344 230 2379 ἡ
246 2344 275 2370 ὲν
288 2343 434 2379 Σελευκείᾳ
454 2342 589 2379 γενομένη
607 2342 727 2375 σύνοδος.
746 2344 787 2378 Τῇ
800 2343 855 2379 γὰρ

73 2386 132 2422 ἑξῆς
151 2387 396 2424 παρακαλούμενος
415 2387 507 2415 οὐκέτι
528 2388 571 2420 είς
592 2386 691 2415 ταύτὸν
716 2387 855 2414 συνελθεῖν

908 2298 988 2326 Patre
1005 2298 1213 2325 similitudinem
1230 2296 1382 2324 secundum
1402 2296 1605 2324 substantiam?
1628 2296 1697 2323 Tum

907 2343 1024 2371 Aeacius
1035 2353 1041 2371 :
1054 2344 1150 2379 Neque
1163 2351 1197 2371 ex
1211 2343 1425 2376 recentioribus,
1439 2343 1539 2378 inquit,
1556 2350 1647 2377 neque
1663 2350 1698 2370 ex

908 2389 1106 2417 vetustioribus
1116 2389 1271 2425 quisquam,
1284 2396 1319 2417 ex
1329 2388 1409 2416 libris
1421 2388 1480 2417 suis
1492 2388 1633 2424 judicatus
1644 2391 1699 2417 est.

660 2477 797 2505 VALESII
813 2476 1091 2505 ANNOTATIONES.

104 2534 156 2569 (70)
164 2535 205 2563 οὐ
207 2544 226 2570 χ
238 2535 288 2562 ἶνα
293 2535 373 2570 μάθῃ
383 2534 404 2562 ἃ
414 2534 594 2570 μεμάθηκεν.
603 2534 634 2562 In
642 2534 737 2570 codice
746 2534 860 2570 Floren-

75 2570 128 2610 tino
138 2576 165 2610 et
176 2569 457 2610 Allatianohscriptum
471 2575 514 2610 est
524 2579 530 2597 :
539 2570 557 2598 ἃ.
567 2570 603 2610 μή
615 2569 784 2610 μεμάθηκεν.
795 2569 858 2610 Epi-

92 2606 186 2632 hanius
198 2610 290 2633 autem
304 2605 491 2633 Scholasticus
503 2606 577 2633 hunc
590 2605 682 2632 locum
695 2605 733 2632 ita
754 2605 854 2631 vertit:

109 2648 188 2667 texens
205 2640 346 2668 concilium
363 2640 526 2667 celebratum
539 2644 588 2672 est,
607 2648 659 2667 non
673 2644 703 2667 ut
724 2640 857 2667 mat/tenta

74 2675 216 2715 discaqsic
239 2676 315 2703 enim
340 2675 489 2711 legendum
512 2680 566 2708 est,
587 2676 685 2711 utjam
710 2679 791 2702 antea
805 2674 856 2702 ob-

74 2715 185 2736 servari.

106 2744 160 2779 (7i)
174 2745 353 2779 Στοιχοῦσα.
366 2746 421 2773 Aut
443 2745 586 2780 στείχουσα
611 2744 788 2773 scribendum
801 2748 856 2778 est,

74 2780 228 2816 accenturin
240 2780 357 2816 primam
369 2781 501 2815 syllabam
515 2781 626 2816 rejecto,
638 2785 686 2808 aut
703 2780 857 2815 στοιχοῦσα,

76 2817 105 2839 ut
115 2814 250 2842 scribitur
262 2815 289 2842 in
305 2814 400 2843 codice
414 2814 585 2843 Florentino.
616 2827 626 2835 ε

109 2849 161 2883 (72)
189 2851 263 2883 Τοὺς
283 2850 329 2877 καὶ
354 2851 476 2879 ἐκείνων
501 2851 630 2886 πατέρας
660 2851 854 2886 ἀρνούμενος.

908 2534 1029 2562 Delenda
1041 2534 1153 2562 videtur
1161 2534 1296 2570 particula
1314 2534 1371 2567 καί,
1393 2542 1454 2569 quae
1469 2542 1582 2562 sensum
1605 2535 1701 2562 turbat

907 2570 1001 2607 potius
1017 2577 1100 2604 quam
1115 2569 1234 2607 adjuvat.
1249 2569 1331 2607 certe
1356 2570 1527 2607 Epiphanius
1548 2569 1701 2607 scholasti-

907 2604 957 2632 cus
974 2612 1035 2632 eam
1057 2612 1112 2632 non
1126 2604 1259 2640 agnoscit.
1277 2605 1323 2633 Sic
1337 2604 1417 2633 enim
1433 2605 1517 2632 vertit
1541 2613 1547 2631 :
1564 2604 1700 2637 Quomodo

907 2644 996 2675 patres
1024 2640 1069 2667 hos
1093 2639 1225 2673 ηοιὴἱηαδ,
1256 2648 1270 2668 ο
1291 2640 1399 2673 Eleusi,
1430 2648 1490 2667 cum
1518 2639 1627 2675 illorum
1648 2647 1701 2675 non

907 2674 1019 2710 recipias
1039 2676 1149 2710 patres?
1161 2676 1190 2702 In
1206 2675 1301 2703 codice
1315 2680 1407 2703 autem
1422 2675 1522 2702 Leonis
1537 2674 1703 2710 Allatii,_hic

907 2708 985 2738 locus
1005 2708 1044 2737 ita
1054 2711 1224 2745 perscriptus
1234 2716 1292 2739 est:
1305 2712 1352 2738 καὶ
1366 2711 1429 2742 τοὺς
1445 2710 1555 2745 ἐκείνων
1578 2708 1701 2743 πατέρας

908 2719 985 2738 iocus
1005 2719 1042 2737 ira
1054 2719 1158 2745 perscri
1181 2719 1224 2738 tus
1234 2719 1292 2739 esu
1305 2719 1352 2738 και
1366 2719 1429 2742 τους
1445 2719 1555 2736 εκεινων
1578 2719 1701 2743 πατερας

907 2745 1114 2784 ἀρνουμένουςς
1148 2719 1252 2784 agisque
1285 2746 1461 2784 ullo_sen_su.
1488 2743 1546 2784 ‘Sed
1577 2748 1701 2784 nostram

907 2780 1129 2818 emendationem
1148 2780 1293 2818 conﬁrmat
1309 2782 1394 2818 codex
1411 2780 1577 2818 Sfortianus,
1591 2780 1623 2810 in
1636 2784 1702 2818 quo

907 2815 985 2842 deest
1008 2816 1144 2850 particula
1157 2816 1214 2849 καί,
1242 2821 1271 2844 ut
1302 2816 1335 2844 ad
1352 2817 1423 2843 latus
1437 2814 1501 2842 libri
1528 2814 1571 2841 sui
1596 2814 1705 2839 notavit

896 2851 1077 2894 rllolstcnius.
