1891 3068
220 114 270 141 531

946 116 1109 146 806Μτ.ς
1396 134 1400 139 .
1804 127 1873 153 3.2

222 187 278 210 tum
287 183 425 219 prmcipue
432 176 527 211 contra
539 182 724 210 Macedoniam
739 183 850 218 explere
860 186 1010 219 satagebat,

1074 187 1130 210 γιον,
1146 180 1192 205 καί
1203 179 1239 211 ὡς
1250 181 1335 207 αἴτιον
1351 181 1455 208 πολλῶν
1470 183 1557 217 φόνων
1573 184 1733 218 γενόμενον,
1751 186 1797 211 καὶ
1817 186 1834 210 ’c
1862 194 1871 206 ι

222 230 339 263 primum
351 230 464 264 quidem
483 229 622 262 deponunt
636 227 841 255 Macedoniam:
862 233 918 256 tum
936 231 1009 265 quod

221 275 401 308 plurimarum
420 274 533 301 caedium
549 277 645 300 auctor
665 273 771 306 fuisset,
787 278 844 301 tum
860 275 933 310 quod
953 276 1012 303 dia-

221 328 320 347 c-mum
335 321 361 347 in
374 319 552 346 fornicatione
563 318 765 353 deprehensum
784 320 819 347 ad
838 321 1011 348 communio-

221 373 281 391 nem
308 365 472 397 admiserat;
495 364 635 391 Eleusium
654 365 754 392 deinde
775 365 915 401 Cyzicena:
935 368 1012 395 urbis

219 411 387 445 episcopum,
414 415 560 445 propterea
584 411 657 446 quod
684 412 841 439 Heracliam
865 413 1011 447 quemdam

221 456 344 482 Herculis
356 455 429 490 Tyrii
445 456 627 489 sacerdotem,
648 457 774 484 maleﬁcii
796 461 824 484 et
844 458 1011 493 magicarum

219 501 318 528 artium
333 502 499 534 convictum,
517 510 580 529 cum
593 510 672 530 sacro
683 503 847 537 baptismate
865 504 1010 537 initiasset,

220 554 281 573 mox
296 546 442 574 diaconum
458 540 643 574 ordinaverat.
663 547 733 575 Tum
748 548 877 575 Basilium
892 557 941 576 seu
961 550 1012 576 Ba-

218 592 306 623 silam,
319 593 359 620 sic
369 593 442 620 enim
452 594 535 620 etiam
547 593 745 628 appellabatur,
761 594 808 628 qui
821 595 938 622 Marcelli
950 595 1010 622 loco

217 638 362 672 cpiscopus
374 638 490 674 Ancyra:
500 639 590 666 fuerat
599 640 776 672 constitutus,
793 648 826 667 eo
835 641 908 674 quod
916 648 1012 675 quem-

202 682 281 723 ,dam
310 684 411 718 injuste
434 689 566 717 torserat,
586 689 613 712 et
640 686 745 713 catenis
768 686 865 713 ferreis
888 687 1010 714 vinctum

218 729 350 755 custodiae
362 730 567 765 maneipaverat
583 739 588 757 :
605 734 738 765 praelerea
748 738 782 758 eo
795 731 868 766 quod
879 732 1012 760 adversus

221 775 368 802 nonnullos
379 775 529 803 calumnias
540 780 695 804 struxerat:
708 776 826 811 denique
834 777 906 811 quod
918 777 1012 804 Eccle-

219 819 272 846 sias
284 819 383 851 Africa:
399 821 523 856 epistolis
536 822 593 848 suis
606 822 824 856 perturbaverat.
835 823 1010 850 Dracontium

1061 224 1183 251 διάκονον
1201 226 1247 252 ἐπὶ
1262 227 1373 262 πορνείᾳ
1388 227 1485 254 ἁλόντα
1504 229 1612 262 ἐδέξατο
1628 231 1669 261 εὶς
1687 232 1842 257 κοινωνία-,ρ
1863 241 1870 245 -

1068 270 1203 297 Ἐλεύσιον
1217 271 1245 297 δὲ
1257 272 1300 298 τὸν
1312 273 1441 305 Κυζίκου,
1453 274 1519 300 διότι
1531 274 1696 310 Ἡράκλειόν
1706 286 1766 303 τινα
1778 278 1800 303 ἱε
1808 277 1845 311 ρέ
1854 286 1873 301 2

1061 315 1107 342 τοῦ
1141 318 1169 342 ὲν
1193 317 1273 351 Τύρῳ
1303 318 1482 353 Ἡρακλέους,
1506 321 1551 346 ὲπὶ
1578 321 1693 356 γοητείᾳ
1716 322 1873 356 ληφθέντα

1063 361 1206 396 βαπτίσας,
1222 363 1262 394 εἰς
1282 363 1405 390 διάκονον
1429 364 1621 399 προεϐάλλετο.
1647 366 1791 393 Βασίλειον
1817 366 1868 393 δὲ.

1061 407 1106 433 τὸν
1122 408 1168 433 καὶ
1184 408 1314 440 Βασιλᾱν,
1336 409 1448 444 καὶγὰρ
1461 410 1546 442 οὕτως
1569 411 1743 446 ὠνομάζετο,
1758 413 1805 437 τὸν
1833 413 1868 436 ἐν

1068 453 1188 489 Ἀγκὺρα
1205 454 1245 485 είς
1256 455 1302 480 τὸν
1324 455 1405 481 τόπον
1426 456 1587 491 Μαρκέλλου
1613 457 1867 492 προχειρισθέντα.

1061 499 1099 530 ὼς
1127 499 1226 531 ἀδίκως
1251 501 1312 526 τινὰ
1340 500 1539 535 βασανίσαντα,
1570 503 1617 528 καὶ
1645 503 1867 537 σιδηροδέσμονς

1062 544 1196 578 φυλακαῖς
1217 545 1432 572 καταχλείσαντα
1443 555 1449 561 -
1468 547 1514 573 καὶ
1526 547 1565 573 ὅτι
1581 548 1768 581 συκοφαντίας
1783 549 1868 574 τισὶ-τ

1061 590 1198 626 ἔρῤαψεν·
1229 590 1268 618 ἔτι
1293 590 1345 626 μὴν
1372 591 1419 618 καὶ
1444 592 1485 618 ὅτι
1504 591 1538 619 δι’
1566 592 1719 619 ἐπιστολῶν
1747 593 1800 624 τὰς
1833 594 1868 618 ἐν

1068 638 1185 673 ’Δφρικῇ
1209 637 1372 672 Ἐκκλησίας
1393 638 1540 673 ἐτάραξεν
1560 638 1725 674 Δρακόντιον
1755 638 1797 669 δὲ,
1815 639 1867 664 ὅτι

1061 682 1117 710 ἀπὸ
1129 683 1264 714 Γαλατίας
1275 683 1375 718 μετέϐη
1389 684 1428 714 είς
1442 683 1601 719 Πέργαμον.
1612 684 1749 710 Καῡεῖλον
1765 684 1797 710 δὲ
1811 685 1867 709 καὶ

1062 728 1174 755 Νεωνᾱν
1191 728 1236 754 τὸν
1248 728 1417 761 Σελευκείας,
1432 729 1461 755 ὲν
1509 729 1629 763 ἐγεγόνει
1645 729 1663 764 ἡ
1679 728 1807 761 σύνοδος,
1818 728 1863 753 ἑτι

1064 774 1117 809 μὴν
1145 774 1191 801 καὶ
1220 775 1373 809 Σωφρόνιον
1400 774 1445 801 τὸν
1470 774 1721 809 Πομπηϊουπόλεως
1745 773 1799 808 τῆς

1063 821 1249 855 Παφλαγονίᾳ,
1272 821 1320 847 καὶ
1349 820 1481 847 Ἐλπίδιον
1506 820 1633 846 Σατάλων
1651 819 1702 854 τῆς
1729 819 1860 845 Μακεδο-

221 873 288 893 vero
303 866 406 894 idcirco
424 867 620 902 deposuerunt,
639 867 713 902 quod
734 875 767 894 ex
785 867 890 895 Galatia
911 869 1010 903 Perga-

1074 866 1121 896 νίας
1153 865 1221 901 (86),
1249 866 1296 892 καὶ
1323 866 1377 892 τῶν
1402 865 1594 901 Ἰεροσολύμων
1630 864 1781 901 Κύριλλον,
1809 867 1861 891 καὶ

220 918 294 938 mum
307 912 481 939 transilierat.
496 911 667 939 Abdicarunt
678 912 760 939 etiam
772 912 891 939 Neonam
905 912 1011 947 episco-

1074 911 1159 942 ἱλλους
1177 911 1210 937 δι’
1225 911 1306 943 ἄλλας
1319 911 1407 942 αἰτίας
1425 911 1575 943 ἐξέϐαλλον.

220 964 284 992 pum
301 957 441 990 Seleucia,
457 966 510 993 qua
530 958 557 985 iu
571 958 639 985 urbe
659 958 778 993 synodus
795 958 887 985 habita
903 959 991 985 fuerat
1005 968 1010 985 :
1032 958 1217 993 Sophronium
1227 965 1336 992 quoque
1347 978 1354 989 ,
1373 957 1531 992 episcopum
1543 955 1782 990 Pompeiopoleos,
1793 962 1860 989 qure

220 1003 286 1029 urbs
317 1007 359 1029 est
389 1003 595 1037 Paphlagonize;
616 1002 753 1037 Elpidium
775 1003 927 1030 Satalorum
964 1003 1110 1034 Armeniae,
1140 1002 1272 1038 Cyrillum
1299 1002 1550 1037 Hierosolymorum
1572 1001 1758 1037 episcopum,
1784 1001 1859 1026 alios

219 1048 338 1083 denique
350 1049 417 1075 alias
428 1048 464 1075 ob
479 1055 576 1074 causas
588 1052 813 1075 exauctorarunt.

522 1114 597 1142 CAP.
614 1114 708 1142 XLlli.

372 1159 410 1186 De
426 1159 565 1186 Eustathio
583 1161 702 1194 episcopo
722 1159 856 1186 Sebastia’.

254 1205 414 1233 Eustathius
426 1213 491 1232 vero
504 1206 636 1233 Sebastiae
656 1206 683 1232 in
703 1205 832 1233 Armenia
854 1206 1011 1242 episcopus,

219 1259 253 1278 ne
265 1251 375 1286 quidem
386 1251 419 1278 ad
433 1251 475 1278 sui
490 1251 678 1278 defensionem
691 1251 827 1278 admissus
839 1256 895 1279 est:
911 1253 1012 1287 quippe

218 1298 264 1333 qui
281 1306 297 1325 a
311 1301 387 1332 patre
407 1305 458 1325 suo
474 1298 590 1329 Eulalio,
607 1298 737 1325 Czesarea:
751 1297 941 1332 Cappadocum
956 1297 1013 1332 cpi-

219 1351 302 1377 scopo
322 1343 379 1377 jam
400 1345 480 1369 antea
499 1343 640 1377 depositus
656 1343 753 1374 fuerat,
765 1350 798 1369 eo
816 1343 889 1377 quod
910 1348 1013 1371 vestem

220 1387 355 1415 sacerdoti
379 1387 492 1414 minime
520 1388 728 1414 convenientem
751 1392 893 1422 gestasset.
921 1388 1015 1415 Scien-

219 1433 285 1459 dum
300 1441 382 1468 porro
400 1437 452 1465 est,
469 1433 497 1459 in
515 1433 604 1460 locum
627 1433 762 1460 Eustathii
776 1434 933 1469 episcopum
947 1434 1013 1461 sub-

1341 1115 1463 1142 ΚΕΦΛΛ,
1479 1114 1544 1141 MI".

1095 1162 1165 1197 Περὶ
1180 1162 1350 1189 Εὺσταθίυυ
1367 1160 1418 1187 τοῦ
1430 1158 1609 1191 Σεϐαστείιις
1628 1158 1818 1185 ἐπισκόπου.

1097 1208 1246 1239 Εὑστάοιος
1261 1207 1289 1233 δὲ
1300 1208 1314 1233 ὁ
1327 1206 1376 1240 τῆς
1390 1207 1419 1232 ὲν
1437 1205 1566 1240 ’Δρμενία
1591 1203 1768 1235 Σεϐαστείας,
1790 1203 1855 1229 οὔτε

1064 1255 1103 1286 είς
1118 1253 1265 1288 ἀπολογίαν
1281 1253 1337 1288 (S7)
1361 1252 1468 1286 ἐδέχθη,
1484 1251 1550 1277 διότι
1574 1250 1627 1276 ὑπὸ
1647 1249 1783 1276 Εὑλαλίου
1806 1250 1855 1275 τοῦ

1064 1300 1128 1327 ἰδίου
1142 1300 1243 1335 πατρὸς
1253 1299 1300 1326 καὶ
1311 1299 1460 1325 ἐπισκόπου
1480 1295 1647 1330 Καισαρείας
1663 1295 1715 1329 τῆς
1730 1296 1760 1321 ὲν
1773 1295 1854 1321 Καπ-

1062 1346 1188 1380 παδοκία,
1217 1345 1266 1380 ἤδη
1287 1345 1417 1379 πρότερον
1436 1343 1582 1378 καθῄρητο,
1606 1341 1703 1376 ἐπειδὴ
1728 1341 1854 1375 ἀνάρμο-

1063 1400 1124 1418 στον
1146 1392 1178 1426 τῇ
1197 1390 1330 1426 ἱερωσύνῃ
1350 1389 1445 1424 στολὴν
1465 1389 1609 1424 ἠμφίεστο.
1633 1388 1734 1414 ’ἰστέον
1750 1387 1791 1419 δὲ,
1805 1388 1853 1413 -ὅτι

1062 1436 1102 1466 είς
1119 1435 1201 1462 τόπον
1224 1433 1373 1462 Εὑσταοίου
1397 1433 1526 1464 Μελέτιος
1548 1432 1666 1467 κατέστη
1689 1431 1852 1462 ἐπίσκοπος,

221 1483 344 1513 rogatum
366 1487 425 1506 esse
447 1479 595 1511 Meletium,
620 1480 653 1506 de
665 1488 720 1514 quo
736 1480 817 1514 paulo
827 1481 897 1507 infra
912 1481 1011 1509 dicturi

1074 1481 1131 1515 τερὶ
1147 1475 1177 1506 οὗ
1195 1479 1291 1514 μικρὸν
1312 1479 1423 1513 ὕστερον
1446 1478 1573 1513 ἐροῦμεν.
1591 1478 1744 1509 Εὑστάθιος
1761 1478 1852 1512 μέντοι

222 1532 327 1551 sumus.
339 1524 473 1552 Cteterum
488 1524 648 1551 Eustathius
660 1525 779 1558 postluec
791 1525 873 1551 etiam
892 1526 918 1552 in
931 1534 1014 1562 syno-

223 1570 257 1597 do
271 1569 432 1604 Gangrensi‘,
449 1578 510 1604 quae
523 1570 608 1604 ipsius
625 1578 707 1597 causa
722 1570 748 1596 in
762 1570 946 1606 Paphlagonia
959 1572 1014 1598 col-

223 1614 293 1641 lecta
316 1614 416 1646 fuerat,
435 1615 635 1641 condemnatus
657 1619 708 1646 est,
725 1623 758 1642 eo
775 1615 847 1650 quod
872 1620 933 1650 post
948 1624 1015 1644 con-

223 1659 409 1687 demnationis
422 1660 585 1687 sententiam
598 1659 729 1686 adversus
740 1661 828 1695 ipsum
840 1661 973 1695 prolatam
987 1662 1015 1689 in

225 1706 330 1740 synodo
343 1705 514 1737 Casariensi,
527 1706 612 1732 multa
624 1710 716 1733 contra
730 1706 802 1741 leges
816 1707 1016 1736 ecclesiasticas

1064 1526 1112 1553 καὶ
1124 1525 1279 1561 μεταταῠτα
1291 1526 1318 1552 ἐν
1326 1526 1359 1560 τῇ
1372 1524 1405 1551 δι’
1418 1524 1498 1551 αὐτὸν
1504 1523 1637 1559 γενομένῃ
1647 1523 1676 1548 ὲν
1689 1522 1851 1557 Γάγγραιςι

1063 1571 1112 1606 τῆς
1137 1570 1326 1604 Παφλαγονίας
1346 1570 1447 1604 συνόδῳ
1460 1569 1621 1604 κατεκρίθη,
1644 1568 1713 1594 διότι
1733 1569 1804 1602 μετὰ
1823 1568 1854 1593 τὸ

1063 1616 1258 1651 καθαιρεθῆναι
1287 1616 1367 1642 αὐτὸν
1395 1617 1424 1642 ὲν
1444 1617 1477 1650 τῇ
1503 1614 1573 1641 κατὰ
1598 1615 1770 1650 Καισάρειαν
1792 1623 1853 1640 συν-

1063 1662 1114 1697 όδῳ
1128 1661 1195 1697 (88),
1210 1661 1294 1687 πολλὰ
1315 1661 1390 1696 παρὰ
1412 1661 1474 1692 τοὺς
1488 1660 1733 1695 ἐκκλησιαστικοὺς
1751 1659 1852 1690 τύπους

1064 1708 1208 1743 ἔπραττεν.
1226 1708 1327 1743 Γαμεῖν
1342 1708 1397 1742 γὰρ
1412 1706 1524 1739 ἐκώλυε,
1548 1706 1597 1733 καὶ
1614 1704 1772 1741 βρωμὸτων
1799 1705 1851 1731 ἀπ-

823 1790 954 1818 VALESII
974 1789 1250 1830 ANNOTATiONES.

260 1843 315 1880 (86)
330 1843 468 1870 Σατάλων
483 1844 537 1878 τῆς
556 1845 751 1878 Μακεδονίας.
766 1845 855 1872 Satala
874 1846 1005 1880 oppidum

225 1878 277 1907 fuit
290 1878 437 1921 Armenia},
459 1880 653 1921 cuj'uscrebra
671 1881 792 1921 occurrit
813 1878 919 1921 mentio
933 1881 1006 1921 apud

225 1914 393 1949 veteresuln
414 1914 569 1941 Macedonia
586 1923 661 1947 vero,
680 1916 756 1941 nulla
782 1915 863 1949 hujus
888 1914 1007 1942 nominis

225 1948 320 1975 civitas
335 1948 368 1984 al)
383 1950 502 1984 antiquis
517 1954 666 1976 inelnorata
679 1949 827 1977 invenitur.
839 1949 928 1982 Quare
949 1950 1009 1984 Ἀρ-

227 1983 320 2018 μενίας
336 1983 381 2011 hic
397 1983 571 2012 scribendum
591 1988 668 2018 puto,
683 1992 733 2020 pro
755 1984 935 2017 Μακεδονίας.
959 1983 1008 2012 sa-

1059 1846 1122 1878 tala,
1142 1846 1314 1880 episcopatus
1332 1846 1419 1881 Lycim
1439 1848 1608 1881 memoratur
1630 1844 1659 1871 in
1675 1849 1758 1878 parte
1775 1844 1847 1871 tertia

1060 1881 1155 1916 synodi
1170 1881 1310 1911 Chalced.,
1335 1889 1394 1915 pag.

1108 1916 1152 1949 87)
1170 1916 1243 1941 Οῠτε
1259 1917 1301 1947 εἰς
1320 1913 1496 1948 ἀπόλογίαν.
1524 1913 1612 1941 Malim
1636 1914 1764 1941 scribere
1783 1914 1838 1939 osa:

1108 1918 1152 1949 87)
1170 1918 1243 1941 Οῠτε
1259 1918 1301 1947 εἰς
1320 1918 1496 1948 ἀπολογίαν.
1524 1918 1612 1941 Malim
1636 1918 1764 1941 scribere
1783 1918 1838 1939 otes

1097 1918 1154 1985 i813)
1177 1951 1228 1985 ‘Er
1256 1950 1293 1985 τῇ
1323 1951 1396 1977 κατὰ
1426 1949 1604 1982 Καισάρειαν
1626 1949 1772 1985 Agor-0’69).
1801 1950 1848 1976 Pro

1062 1983 1195 2017 Catsarea,
1215 1983 1383 2013 Sozomenus
1398 1985 1600 2012 Neoczcsarcam
1618 1983 1698 2011 dicit.

945 2067 1097 2095 VARIORU
1102 2066 1136 2093 Μ.

261 2125 275 2140 ι
304 2119 356 2155 Ἐν
369 2119 528 2155 Γάγγῃαιςι
541 2119 617 2155 Hanc
633 2119 776 2155 synodum.
791 2121 1009 2155 postNieaznam,

227 2154 284 2182 sive
294 2154 410 2188 primam
422 2154 586 2188 generalem,
599 2154 719 2181 habitam
733 2155 827 2186 fuisse,
839 2160 939 2189 praeter
948 2156 1010 2183 Bal-

228 2197 333 2216 samum
353 2194 381 2216 et
393 2188 536 2220 Zonaram,
552 2189 598 2216 alii
618 2190 700 2216 etiam
712 2189 814 2216 diserte
829 2188 919 2217 testati
936 2196 1009 2218 sunt.

227 2224 261 2252 Et
272 2224 381 2258 quidem
403 2223 535 2250 Baronius
560 2224 595 2250 ad
614 2232 677 2250 ann.
691 2224 752 2256 561,
767 2228 795 2251 et
810 2233 843 2251 ex
857 2232 890 2251 eo
906 2225 1010 2257 Binius,

228 2267 287 2285 eam
307 2258 477 2294 Constantini
502 2258 536 2284 M.
552 2263 580 2294 et
595 2258 725 2293 Sylvestri
748 2267 822 2293 papa:
843 2260 1013 2294 temporibus

230 2294 350 2320 habitam
357 2293 451 2329 fuisse
464 2293 642 2329 contendunt,
661 2302 693 2320 ex
706 2301 739 2321 eo
754 2294 826 2328 quod
841 2293 940 2322 ilosius
952 2295 1012 2329 epi-

1059 2130 1114 2157 quo
1129 2129 1201 2157 anno
1219 2120 1277 2148 haec
1300 2119 1421 2157 synodus
1441 2119 1578 2157 celebrata
1603 2118 1699 2157 fuerit.
1717 2118 1849 2157 Quoniam

1060 2154 1151 2184 autem
1179 2155 1287 2182 Sozam.
1314 2154 1361 2182 lib.
1390 2163 1424 2186 ιν,
1454 2163 1513 2189 cap.
1542 2154 1587 2186 24,
1608 2154 1729 2180 innucre
1746 2154 1850 2180 videtur

1060 2192 1131 2218 hanc
1146 2190 1314 2218 Antiochcna
1334 2190 1418 2216 fuisse
1438 2190 1567 2224 priorem,
1596 2189 1672 2223 gravi
1702 2189 1849 2222 paraehro-

1062 2226 1160 2257 nismo,
1186 2229 1216 2251 ut
1241 2225 1363 2256 videtur,
1380 2225 1423 2250 vir
1440 2223 1480 2251 Vel.
1499 2223 1625 2258 intelligit
1652 2224 1847 2250 Antiochenam

1062 2261 1137 2288 illam
1155 2259 1298 2293 synodum,
1313 2260 1339 2286 in
1353 2259 1484 2286 Encazniis
1501 2259 1582 2293 vulgo
1596 2258 1711 2289 dictam,
1727 2266 1848 2292 annoque

1063 2268 1137 2288 illam
1155 2268 1167 2287 Β
1187 2268 1298 2291 nouum,
1313 2269 1339 2286 ιη
1353 2268 1484 2286 Luccean
1501 2268 1582 2293 vulgo
1596 2268 1711 2289 meum],
1727 2268 1848 2292 annoque

1063 2295 1112 2322 ’541
1132 2268 1263 2321 hahitam.
1288 2294 1422 2321 Cmterum
1448 2301 1509 2320 cum
1532 2293 1657 2320 Socrates
1685 2294 1732 2321 hic
1753 2293 1848 2320 diserte

230 2319 330 2362 scopus
351 2319 539 2363 Cordubensis
558 2319 584 2355 ei
599 2319 771 2355 ‘interfuissel
784 2319 1013 2361 dicatur-{nimi-
1029 2319 1050 2346 Ι)
1065 2319 1640 2363 Cangrcnsei‘lustatbii
1658 2319 1743 2355 causa
1757 2319 1847 2354 coiisse

230 2371 290 2390 rum
312 2363 338 2389 in
354 2362 530 2396 inscriptione
544 2363 665 2397 epistola
678 2364 712 2390 ab
729 2363 778 2391 hac
794 2364 897 2399 synodo
912 2363 946 2390 ad
960 2366 1013 2391 Ar-
1056 2379 1060 2384 -

230 2405 325 2424 menos
344 2399 514 2431 conscriptm,
533 2405 593 2432 quae
622 2398 661 2425 sic
688 2406 716 2425 se
731 2398 842 2429 habere
869 2398 990 2426 creditur
1006 2407 1011 2425 :

231 2432 349 2458 Dominis
374 2431 567 2459 honorabilibus
590 2433 815 2460 consacerdotibus
840 2433 867 2459 in
889 2433 1014 2460 Armenia

231 2467 376 2493 constitutis
398 2467 550 2502 cgepiscopi,
567 2467 703 2499 Eusebius,
724 2467 864 2502 Hypatius,
880 2467 1013 2500 Eulalius,

232 2501 380 2537 Gregorius,
389 2500 522 2537 zfllianus,
534 2501 694 2537 Bithynicus,
707 2500 1014 2537 ΟίείιὶιιήιιείΒαεπςὶιιηκε,

233 2536 366 2572 Ιξιιδίίίιιεᾷ,
399 2535 526 2570 Philctus,
556 2535 703 2569 licraclius,
725 2535 842 2572 Puppim,
871 2535 1014 2572 Eugenius,

233 2571 325 2599 Hosius
343 2570 524 2605 Cordubensis,
544 2578 597 2600 etc.
619 2572 671 2600 Sed
692 2573 719 2598 in
735 2570 829 2598 Grmca
846 2572 902 2606 ipsa
914 2570 1017 2599 iascri~

234 2607 343 2641 ptione,
372 2607 416 2632 cui
444 2607 513 2634 hanc
540 2607 635 2634 Binius
664 2611 791 2640 tanquam
819 2606 941 2634 Latinam
958 2608 1016 2641 ejus

234 2616 343 2641 ιδιιυῐιθ,
372 2616 416 2632 Cui
445 2616 513 2634 nanc
541 2616 635 2634 nimus
664 2616 791 2640 tanquam
819 2616 941 2634 Latinam
958 2616 1015 2635 ρυε

233 2642 385 2667 versionem
400 2643 536 2676 apposuit,
556 2643 630 2668 nulla
656 2642 685 2667 fit
698 2641 810 2667 omnino
824 2641 899 2668 liosii
909 2616 1015 2669 Cortin-

234 2676 326 2703 ὶιριιδίε
343 2677 453 2704 incutio.
477 2676 632 2709 Quinetiam
655 2684 706 2702 nec
722 2683 737 2702 a
755 2680 847 2702 vetere
864 2676 960 2703 Latino
975 2677 1017 2703 in—

236 2716 365 2745 terprete,
382 2720 431 2739 nec
444 2712 478 2739 ab
497 2712 549 2738 alio
570 2710 667 2745 quovis
684 2718 818 2738 canonum
843 2711 940 2738 horum
959 2712 1016 2739 edi-

237 2751 294 2773 tore
314 2746 412 2774 ilosius
431 2747 482 2773 iste,
505 2747 576 2772 inter
594 2745 737 2779 episcopos
760 2746 810 2772 hac
828 2746 931 2780 synodo
952 2754 1016 2773 con-

236 2786 359 2815 gregatos
387 2785 614 2809 commemoratur
634 2779 705 2806 Guil.
730 2779 894 2815 Beveregius
922 2785 1014 2808 annot.

241 2815 267 2845 in
285 2814 345 2845 ean.
366 2825 442 2844 conc.
470 2814 649 2849 Gaugrensis;
672 2815 716 2841 ubi
735 2823 763 2841 se
783 2814 888 2842 neseirc
915 2815 1016 2842 fatetur

1068 2369 1129 2399 post
1146 2364 1227 2391 modo
1241 2362 1422 2390 memoratum
1446 2363 1513 2390 illud
1531 2362 1777 2399 constantinopoli
1804 2371 1846 2389 an-

1065 2397 1101 2426 no
1129 2399 1179 2426 560
1203 2399 1337 2429 habitum,
1355 2406 1472 2432 cumque
1501 2398 1616 2424 modicis
1638 2397 1795 2425 intervallis
1809 2406 1847 2424 oc-

1065 2434 1152 2461 currit
1175 2441 1259 2460 unum
1277 2437 1304 2461 et
1320 2434 1437 2460 alterum
1464 2432 1624 2468 Antiochia)
1644 2437 1844 2468 congregatum,

1066 2469 1132 2504 quid
1147 2468 1303 2504 dubitemus
1318 2467 1452 2504 affirmare
1469 2467 1601 2504 synodum
1619 2467 1845 2504 liancﬁangrcn-

1067 2502 1123 2530 sem
1140 2511 1211 2530 anno
1233 2503 1344 2530 circiter
1357 2503 1419 2534 561,
1437 2506 1486 2530 aut
1501 2502 1553 2529 562
1565 2502 1649 2529 luisse
1664 2502 1845 2529 celebratam?

1065 2538 1333 2572 Certe_Athanasius,
1349 2538 1420 2564 libro
1439 2538 1477 2565 De
1497 2537 1618 2572 synodis,
1640 2544 1703 2571 pag.
1720 2537 1783 2569 747,
1797 2541 1844 2564 tra-

1066 2573 1116 2605 dit,
1142 2569 1327 2600 Semiarianos
1339 2569 1572 2607 Constantinopoli
1594 2569 1771 2599 Antiochiam
1790 2579 1843 2606 pro-

1067 2607 1162 2640 fectos,
1179 2608 1261 2634 aliam
1274 2607 1336 2634 fidei
1356 2607 1498 2634 formulam
1516 2606 1650 2638 edidisse;
1666 2607 1738 2633 adeo
1756 2611 1785 2633 ut
1799 2615 1843 2633 nou

1066 2643 1103 2670 sit
1119 2651 1187 2677 opus
1206 2650 1348 2670 recurrere
1364 2642 1396 2669 ad
1415 2642 1480 2668 illud
1501 2643 1528 2668 in
1551 2642 1685 2668 Encwniia
1701 2641 1843 2668 Antiochia.-

1067 2676 1223 2704 concilium.
1236 2677 1313 2710 Quod
1328 2685 1393 2704 vero
1405 2677 1538 2704 Antonius
1551 2676 1615 2711 Pagi
1633 2677 1770 2711 synodum
1785 2677 1842 2702 hanc

1066 2712 1180 2743 Gangris
1198 2712 1357 2739 convenisse
1373 2712 1467 2739 statuit
1481 2716 1542 2738 ante
1554 2719 1655 2738 annum
1668 2711 1732 2743 558,
1751 2711 1775 2737 id
1790 2711 1841 2737 facit

1067 2721 1123 2739 han
1144 2721 1180 2739 τις
1198 2721 1357 2739 convenisse
1373 2721 1467 2739 Statuit
1481 2721 1542 2738 ante
1554 2721 1655 2738 annum
1668 2721 1732 2743 oms,
1751 2721 1775 2737 ιιι
1790 2721 1839 2737 ιπινιι

1067 2752 1097 2773 ut
1117 2721 1215 2773 [insitis
1237 2748 1369 2775 interesse
1384 2751 1485 2782 posset,
1503 2747 1549 2781 qui
1566 2754 1599 2773 eo
1621 2753 1695 2782 anno
1713 2747 1741 2773 in
1758 2746 1839 2779 Hispa—

1067 2782 1139 2807 niam
1166 2789 1292 2808 reversus
1313 2787 1355 2808 est
1375 2791 1381 2807 :
1400 2781 1511 2808 Hosium
1527 2786 1618 2808 autem
1634 2781 1691 2807 illic
1709 2789 1764 2808 non
1780 2787 1838 2808 com-

1068 2816 1190 2851 paruisse
1203 2824 1284 2852 supra
1297 2824 1329 2843 ex
1344 2817 1490 2852 lleveregio
1507 2820 1646 2844 ostensum
1664 2821 1717 2844 est.
