1891 3068
61 148 106 175 33.3
530 144 688 173 HISTORIA
710 146 982 175 ECCLESIASTICA.
1000 127 1118 174 —‘LIB.
1139 147 1170 175 II.

1632 149 1664 177 55
1671 151 1683 178 ὶ

63 206 162 242 ἐίίεςθιι
176 203 365 238 ἐδογμάτιζεν.
377 203 430 229 Καὶ
441 202 485 229 διὰ
492 202 652 238 τούτων(89)
666 203 779 235 πολλοὺς
791 204 840 239 μὲν

925 209 995 232 cret.
1011 205 1079 232 Nam
1095 209 1123 232 et
1138 212 1251 232 uxorem
1267 204 1368 232 ducere
1380 205 1554 240 prohibebat,
1571 210 1599 234 et
1614 215 1629 234 a
1642 215 1682 234 ei-

63 253 116 282 :03;
130 249 334 284 γεγαμηκότας,
350 247 396 275 τοῦ
412 248 580 275 συνοικεσίου
595 248 721 283 ἐχώριζε,
735 249 841 281 καὶτὰς

64 295 196 330 ἐκκλησίας
211 293 428 329 ἐκτρεπομένους
442 291 510 328 (90),
529 293 571 319 ἐπ’
586 292 674 324 οἰκίας
685 293 734 328 τὴν
747 302 841 320 κοινω-

64 344 113 369 uir;
136 341 270 367 ποιεῖσθαι
295 339 432 367 ἀνέπειθε.
461 338 577 371 Δούλους
608 348 636 366 τε
665 341 841 376 προσχήματι

63 387 204 417 θεοσεϐείας
213 386 268 412 τῶν
279 385 417 412 δεσποτῶν
426 385 545 412 ἀπέσπα.
561 385 647 417 Αὐτός
656 394 685 412 τε
697 385 840 420 φιλοσόφου

64 435 144 468 σχῆμα
157 431 260 467 φορῶν,
283 431 330 458 καὶ
352 431 415 462 τοὺς
439 429 653 463 ἀκολουθοῦντας
677 431 750 466 αὐτῷ
779 430 842 468 ξένῃ

64 479 132 513 στολῇ
147 477 264 512 χρῆσθαι
289 476 384 504 ἐποίει.
404 477 459 503 Kal.
481 476 530 508 τὰς
547 478 681 511 γυναῖκας
701 477 841 512 κείρεσθαι

64 522 269 560 παρεσκεύαζεν.
288 523 344 550 Καὶ
359 522 407 554 τὰς
423 523 474 557 μὲν
491 522 649 559 ὡρισμένας
660 523 787 558 νηστείας
796 524 842 550 ἐκ-

64 569 200 605 τρέπεσθαι
211 578 217 583 ’
227 569 277 600 τὰς
289 569 423 604 κυριακὰς
436 567 464 594 δὲ
480 568 620 603 νηστεύειν
631 568 778 595 ἐδίδασκεν.
798 569 841 596 Ἐν

64 615 137 646 οἴκοις
153 622 181 640 τε
201 613 401 648 γεγαμηκότων
417 613 500 648 εὐχὰς
519 611 623 639 ἐκώλυε
637 613 778 647 γενέσθαι·
794 613 841 640 καὶ

65 659 235 695 πρεσϐυτέρου
254 660 372 692 γυναῖκα
392 658 509 694 ἔχοντος,
538 658 572 693 ἢν
595 658 669 694 νόμῳ
690 659 782 690 λαῖκὸς
803 657 841 686 ὢν

64 705 179 740 ὴγάγετο,
197 705 246 740 τὴν
263 705 390 738 εὐλογίαν
402 704 449 731 καὶ
466 703 515 740 τὴν
531 704 686 737 κοινωνίαν,
702 704 739 736 ὡς
757 706 841 740 μῦσος

65 752 182 778 ἐκκλίνειν
206 751 329 778 ἐκέλευε.
358 750 412 777 Καὶ
438 750 505 777 ἄλλα
523 750 636 777 πλεῖστα.
662 752 841 787 παραπλήσιοι

65 798 154 829 τούτοις
168 797 309 829 ποιοῦντος
323 796 403 824 αὐτοῦ
419 798 465 825 καὶ
477 798 658 834 διδάσκοντος,
675 801 792 833 σύνοδος,
804 801 842 832 ὡς

66 845 132 878 ἔφην,
152 844 179 869 ἐν
203 843 346 878 Γάγγραις
371 844 420 879 τῆς
451 844 642 879 Παφλαγονίας
668 847 840 882 συναχθεῖσα,

64 890 132 915 αὐτόν
142 897 168 915 τε
178 888 300 921 καθεῖλε,
316 889 363 916 καὶ
378 889 412 916 τὰ
421 889 543 925 δόγματα
556 891 639 918 αὑτοῦ
651 891 840 927 ἀνεθεμάτισε.
856 879 878 906 Β

64 935 142 962 Ταῦτα
160 935 208 971 μὲν
225 933 273 962 οὖν
288 935 400 972 ὕστερον
412 935 520 970 ἐγένετο
535 936 602 972 (9i).
621 937 687 964 Τότε
700 937 730 964 δὲ
745 938 843 973 ἐκϐλη-

63 982 143 1012 θέντος
161 981 342 1013 Μακεδονίου,
364 981 489 1014 Εὑδόξιος
505 983 517 1002 ιι
535 983 564 1009 ὲν
578 983 697 1018 δευτέρῳ
717 983 762 1009 τὸν
782 984 842 1010 Ἀν-

63 1027 168 1062 τιοχείας
190 1027 305 1062 θέμενος
325 1027 429 1063 θρόνον,
453 1029 502 1063 τῆς
529 1029 843 1062 Κωνσταντινουπόλεως

62 1073 250 1104 ἀναδείκνυται,
272 1073 328 1100 τῶν
344 1073 409 1108 περὶ
429 1073 556 1100 Ἀκάκιον
570 1074 781 1110 ἐνορονισάντων
794 1076 843 1102 αὑ-

62 1120 114 1145 τόν·
134 1119 158 1145 οἳ
185 1119 333 1146 ἐλάνθανον
358 1119 480 1152 ἑαυτοὺς,
506 1119 615 1146 ἐναντία
637 1120 846 1155 νομοθετοῦντες

62 1166 109 1195 τοῖς
121 1165 164 1191 ὑπ’
178 1165 269 1192 αὐτῶν
286 1165 469 1201 κεκριμένοις.
485 1167 515 1192 Οί
529 1166 583 1200 γὰρ
598 1166 759 1201 Δρακόντιον
778 1165 845 1193 καθ-

62 1210 156 1241 ελόντες
177 1209 244 1236 διότι
268 1211 302 1236 ἐκ
324 1210 458 1242 Γαλατίας
493 1209 592 1246 μετέϐη
625 1211 665 1242 είς
687 1211 843 1246 Πέργαμον,

62 1258 104 1284 οὐκ
123 1257 285 1291 ἐλογίζοντο,
311 1257 436 1290 Εὖδόξιον
457 1257 583 1292 δεύτερον
599 1257 659 1283 τότε
681 1257 843 1291 ποιούμενον

61 1303 103 1338 τὴν
131 1303 281 1338 μετάϐασιν
307 1303 525 1338 ὲνθρονίζοντες,
551 1303 588 1334 ὡς
614 1302 760 1329 ὑπεναντία
786 1302 843 1334 τοῖς

62 1350 160 1379 οἰκείοις
177 1349 313 1385 δόγμασιν
330 1349 473 1384 ἔπραττον.
487 1349 579 1375 Ταῦτα
595 1347 841 1383 κατεργασάμενοι.

61 1397 102 1431 τήν
115 1395 160 1430 μὲν
172 1395 396 1429 ἀναγνωσθεῖσαν
409 1395 499 1421 πίστιν
509 1395 548 1426 εἰς
561 1395 610 1430 τὴν
627 1394 772 1430 Ἀρίμηνον
785 1393 841 1428 (92)

62 1442 123 1475 μετὰ
140 1441 188 1476 τῆς
212 1441 367 1476 γενομένης
395 1441 566 1476 προσθήκης,
591 1440 629 1472 ὡς
647 1439 842 1475 διορθώσαντες

61 1486 256 1518 ξξεπέπτειλαν·
283 1487 470 1522 ἐντειλάμενοι
493 1487 555 1517 τοὺς
573 1486 610 1521 μὴ
634 1485 842 1520 ὑπογράφοντας

893 250 936 277 his
950 258 1011 277 esse
1029 251 1224 278 abstinendum
1242 251 1367 278 docebat.
1393 251 1474 286 159
1493 251 1569 278 Unde
1584 253 1684 280 multis

891 294 1003 330 quidem
1023 296 1070 329 qui
1083 296 1257 323 matrimonia
1272 301 1476 328 contraxerant,
1491 304 1506 324 a
1523 297 1685 332 conjugibus

892 341 1049 375 separavit;
1062 346 1091 368 et
1105 341 1160 369 illis
1171 342 1218 377 qui
1231 342 1364 369 ecclesias
1376 343 1584 375 aversabantur,
1599 344 1683 370 suasit

892 390 923 413 ut
940 386 1014 413 domi
1035 388 1280 415 communicarent.
1304 388 1358 416 Sed
1379 392 1407 415 ct
1429 396 1524 416 servos
1551 393 1684 424 praetextu

892 432 1012 467 pietatis,
1026 441 1042 460 a
1059 433 1177 461 dominis
1193 434 1251 461 suis
1264 434 1406 462 abstraxit.
1419 435 1479 469 Ipse
1490 443 1555 462 vero
1566 435 1687 469 philoso-

892 478 940 514 phi
955 478 1080 505 habitum
1093 483 1213 514 gestans,
1228 484 1378 508 sectatores
1392 488 1456 508 suos
1466 489 1536 508 nova
1548 484 1629 515 atque
1646 480 1685 507 in-

892 523 991 550 solenti
1007 528 1083 551 veste
1100 523 1178 550 indui
1192 525 1285 559 jussit.
1307 525 1437 552 Mulieres
1453 533 1562 560 qttoque
1579 525 1684 552 tonderi

891 569 966 596 fecit.
981 570 1016 596 Et
1029 570 1187 604 przescripta
1202 570 1313 604 quidem
1327 570 1432 605 jejunia
1458 571 1587 605 fugienda
1608 578 1684 602 esse;

892 615 991 642 diebus
1003 622 1069 642 vero
1084 615 1235 642 Dominicis
1246 616 1425 650 jejunandum
1442 617 1581 651 praecepit.
1603 616 1686 643 Deni-

892 669 945 696 que
967 661 995 688 in
1017 661 1123 688 aedibus
1137 661 1344 696 coniugatorum
1363 662 1536 696 precationes
1562 662 1621 689 ﬁeri
1641 670 1688 689 rc-

892 708 960 739 tuit;
989 711 1018 734 et
1047 707 1200 742 presbyteri
1221 715 1335 734 uxorem
1354 707 1492 739 habentis,
1517 716 1598 743 quam
1622 709 1686 743 dun

891 756 965 780 esset
984 752 1071 779 laicus
1092 752 1214 787 legitimo
1232 753 1408 780 matrimonio
1425 753 1477 780 sibi
1499 755 1685 789 copulaverat,

893 798 1115 826 benedictionem
1135 803 1163 826 et
1185 799 1408 826 communionem
1425 799 1512 826 instar
1524 800 1623 834 piaculi
1637 801 1686 827 dc-

892 844 1049 872 clinandam
1068 844 1197 872 docebat.
1211 845 1274 872 Haec
1285 848 1315 872 et
1327 845 1483 880 huiusmodi
1501 845 1554 872 alia
1569 845 1686 880 plurima

893 898 955 918 cum
974 890 1019 917 ille
1039 894 1066 917 et
1081 890 1183 918 faceret
1202 895 1230 918 et
1249 890 1371 923 doceret,
1388 891 1510 926 synodus
1521 891 1638 925 Gangris
1660 892 1688 918 in

892 936 1076 971 Paphlagonia
1087 940 1262 972 congregata,
1275 937 1314 964 uti
1324 937 1380 972 jam
1393 937 1462 969 dixi,
1473 945 1536 964 eum
1549 937 1687 972 deposuit,

891 982 1008 1017 ejusque
1020 982 1147 1017 dogmata
1160 983 1334 1010 anathemate
1346 983 1496 1010 damnavit.
1510 983 1612 1010 Verum
1632 983 1689 1010 haec

892 1031 985 1062 postea
998 1032 1073 1063 gesta
1097 1032 1170 1056 sunt.
1194 1029 1272 1056 Tunc
1292 1036 1370 1061 vero,
1383 1029 1497 1063 expulso
1518 1029 1687 1060 Macedonio,

892 1073 1033 1100 Eudoxius
1052 1074 1253 1101 Antiochenam
1277 1074 1370 1102 sedem
1388 1074 1599 1109 parvipendens,
1618 1074 1690 1102 Cou-

895 1120 1113 1154 stantinopoleos
1126 1120 1274 1155 episcopus
1288 1121 1480 1153 constituitur,
1494 1120 1689 1147 ordinantibus

893 1173 957 1193 eum
972 1166 1125 1194 Acacianis.
1141 1165 1192 1199 Qui
1207 1166 1320 1201 quidem
1340 1174 1396 1193 non
1416 1166 1686 1197 animadvertebant,

893 1220 922 1240 se
936 1214 1074 1240 contraria
1090 1213 1124 1240 iis
1134 1220 1195 1248 qure
1212 1213 1264 1248 ipsi
1280 1216 1359 1240 antea
1371 1213 1574 1248 jndicaverant,
1589 1213 1687 1239 decer-

880 1255 968 1286 'nere.
991 1259 1059 1286 Nam
1081 1259 1128 1293 qui
1157 1259 1336 1285 Dracontium
1363 1258 1468 1286 idcirco
1489 1259 1686 1293 deposuerant,

890 1304 963 1338 quod
976 1312 1009 1331 ex
1025 1304 1129 1332 Galatia
1146 1304 1309 1339 Pergamum
1325 1305 1509 1337 transiliisset,
1528 1305 1610 1332 iidem
1631 1305 1687 1332 Eu-

890 1349 1003 1376 doxium
1016 1353 1081 1377 tunc
1095 1350 1217 1377 secundo
1237 1350 1271 1377 ad
1283 1351 1368 1378 alium
1382 1351 1572 1386 episcopatum
1587 1352 1686 1379 transi-

890 1395 1002 1423 lientem
1022 1394 1192 1427 ordinantes,
1222 1395 1289 1422 illud
1316 1395 1430 1423 minime
1454 1396 1632 1430 reputabant,
1657 1404 1687 1423 se

891 1441 949 1469 suis
969 1441 1092 1475 ipsorum
1111 1440 1231 1468 decretis
1254 1441 1394 1468 contraria
1408 1449 1514 1476 gerere.
1534 1441 1583 1468 llis
1605 1441 1689 1468 rebus

891 1485 1034 1521 perfectis,
1048 1485 1146 1512 lectam
1163 1485 1245 1512 fidem
1256 1493 1318 1512 cum
1333 1486 1534 1520 supplemento,
1558 1490 1686 1521 tanquam

60 1534 121 1568 aJ-rﬁ
147 1531 330 1567 ὲξορὶζεσθαι,
351 1533 423 1560 κατὰ
446 1532 612 1568 πρόσταγμα
631 1531 678 1558 τοῦ
694 1530 834 1566 βασιλέως.

924 1539 949 1559 se
963 1535 1127 1565 correctam,
1143 1531 1299 1559 Ariminum
1313 1531 1467 1566 miserunt;
1480 1531 1643 1559 mandantes
1658 1536 1688 1559 ttt

658 1610 792 1639 V'ALESII
810 1609 1086 1638 ANNOTATIONES.

91 1682 143 1717 (89)
161 1681 213 1709 Kal
229 1680 280 1708 διὰ
294 1681 417 1717 τούτων.
436 1679 535 1717 Codex?
543 1680 643 1717 Leonis
660 1679 752 1717 Allatii
772 1679 842 1706 scri—

61 1715 129 1753 “itm
142 1717 223 1753 habet
238 1716 287 1743 καὶ
299 1715 344 1753 διᾲ
355 1715 449 1753 τοῦτο,
464 1716 536 1753 quod
553 1715 640 1750 magis
652 1715 751 1753 placet.

92 1752 143 1787 ΨΟ)
159 1752 221 1787 Καὶν
240 1753 296 1783 τὰς
319 1749 486 1787 ἑξιξιληοζίαὲ
510 1749 761 1787 ὲκγτρεέτομένους,
781 1749 842 1787 Non

59 1784 138 1822 probo
152 1786 311 1822 versionem
337 1785 452 1813 Musculi
471 1789 499 1812 et
509 1784 775 1822 _Cltristophorsoni._
795 1785 842 1822 qui

62 1819 126 1849 hunc
149 1823 238 1850 locum
260 1821 298 1847 ita
326 1824 469 1848 verterunt
486 1820 540 1847 :Et
562 1820 617 1847 illis
646 1820 690 1852 qui
724 1819 844 1846 ercfesirts

45 1858 252 1888 ‘avrrsnbantur,
270 1856 342 1883 domi
366 1856 558 1882 communicare
583 1858 762 1891 persuaserat.
787 1854 844 1888 Ego

62 1901 119 1920 vero
134 1893 189 1920 hmc
203 1899 273 1926 cum,
288 1891 429 1926 prioribus
447 1890 633 1918 connectenda
651 1897 714 1926 esse
733 1895 842 1926 censeo.

62 1929 114 1954 Non
130 1928 202 1955 enirn
219 1923 298 1953 dixit'
312 1926 439 1953 Socrates
466 1926 512 1952 καὶ
535 1927 597 1956 τοὺς
622 1925 670 1956 τὰς
697 1923 845 1959 ὲκκληςίας

62 1962 279 1998 ἐκτρεπομένους,
298 1965 328 1988 ut
342 1961 401 1998 haec
416 1960 604 1998 intelligantur
618 1960 652 1998 de
671 1959 800 1998 omnibus
812 1958 845 1985 iis

60 1994 319 2032 qui'ave'rsabantur
346 1995 485 2032 ecclesias.
503 1995 653 2032 _Jungenda
681 1999 744 2032 sunt
750 1994 846 2032 _igitur

62 2029 117 2060 cum
136 2031 338 2067 superioribus,
353 2035 381 2058 et
396 2030 528 2064 capienda
544 2029 578 2057 de
602 2030 661 2067 illis
679 2030 725 2064 qui
749 2029 847 2056 Eusta-

63 2068 106 2095 thii
122 2065 211 2098 suasu,
223 2073 286 2093 sese
300 2066 334 2093 ab
353 2073 470 2092 uxorum
489 2065 627 2092 consortio
643 2067 844 2099 separaverant.

62 2103 104 2130 llis
118 2103 250 2130 suadebat
270 2101 441 2132 Eustathius.
458 2104 489 2127 ut
507 2100 686 2128 ecclesiarum
708 2099 846 2126 consortia

63 2137 220 2173 refugerent.
234 2144 289 2166 nec
306 2144 367 2164 cum
382 2135 494 2173 reliquis
510 2135 638 2173 fidelibus
660 2133 846 2173 communica-

63 2169 129 2205 rent:
138 2173 185 2200 sed
210 2177 341 2208 tanquam
355 2171 418 2208 puri
434 2169 516 2208 atque
534 2170 645 2208 integri,
661 2177 784 2208 seorsum
796 2169 847 2208 do-

64 2208 95 2234 mi
111 2203 183 2235 sacra
202 2203 558 2243 mysteriat—tqtttjticiparent2
574 2203 612 2232 De
634 2205 687 2243 hoc
703 2203 848 2243 Eustathio

63 2242 118 2270 vide
132 2250 191 2278 quae
208 2239 309 2270 scribit
323 2239 494 2278 Epiphanius
509 2240 535 2267 in
551 2239 647 2267 haeresi
658 2239 847 2271 Aetianorum,

63 2282 87 2304 et
104 2276 216 2305 Basilius
237 2278 267 2305 in
287 2276 422 2305 enistolis.

96 2313 147 2347 (9|)
164 2313 261 2339 Ταῦτα

64 2348 159 2374 scntior
174 2348 293 2379 Socrati,
312 2346 358 2381 qui
371 2346 505 2381 synodum
525 2346 726 2381 Gangrenseru,
740 2352 772 2381 in
792 2351 848 2381 qua

63 2382 199 2410 damnatus
217 2387 261 2410 est
285 2378 455 2412 Eustathius,
481 2378 662 2408 recentiorem
677 2378 742 2405 facit
756 2378 851 2405 Seleu-

64 2417 142 2444 ciensi
153 2422 180 2445 et
191 2416 493 2450 Constantinopolitana
509 2415 622 2450 synodo.
639 2414 752 2440 Rectius
766 2413 850 2450 Βοῖο-

65 2460 154 2479 tnenus
174 2452 201 2479 in
226 2452 301 2488 libro
325 2446 440 2488 [Vg-93p:
454 2446 698 2488 24,_Cangr_ensem
717 2447 851 2488 synodum

65 2488 234 2514 vetustior-em
250 2486 317 2514 facit
331 2483 507 2513 Antiochensi
521 2483 648 2515 concilio.
662 2484 734 2518 quod
755 2483 782 2509 in
795 2483 850 2510 En-

65 2522 150 2558 cmniis
164 2522 336 2558 celebratum
357 2526 398 2548 est
415 2528 488 2558 anno
506 2520 608 2558 Christi
632 2519 695 2558 fuit.
717 2518 852 2558 Duronius

65 2557 169 2591 quidem
186 2557 214 2583 in
223 2556 377 2584 Annalibus
391 2555 596 2591 ecclesiasticis,
606 2554 640 2591 ad
654 2561 755 2591 annum
767 2553 849 2580 Chri-

65 2589 97 2617 sti
111 2591 170 2623 361,
190 2591 378 2623 Gangrensem
395 2590 529 2623 synodum
549 2590 657 2616 confert
679 2589 706 2615 in
728 2592 851 2622 tempora

66 2626 230 2661 Constantini
251 2624 350 2661 Magni.
366 2624 419 2652 Sed
434 2625 535 2661 refellit
548 2632 612 2652 eum
627 2624 754 2661 Socrates
769 2627 852 2661 atque

67 2660 235 2688 Sozomenus.
248 2657 316 2688 Nam
330 2661 455 2687 Socrates
462 2660 572 2694 quidem
587 2658 767 2694 recentiorem
777 2657 851 2694 illam

67 2695 125 2723 facit
139 2695 307 2723 Seleuciensi
318 2700 346 2722 et
359 2692 662 2730 Constantinopolitana
674 2693 787 2728 synodo.
801 2692 852 2720 So-

895 1686 1028 1720 zom_e_nus_
1040 1687 1105 1708 vero
1117 1680 1394 1720 ea_m_coll_o_cat~post
1410 1679 1611 1720 depositionem
1633 1680 1688 1720 En.

893 1715 999 1747 stathii,
1017 1715 1115 1742 factam
1130 1717 1165 1743 ab
1178 1716 1298 1743 Eusebio
1314 1715 1617 1750 Constantinopolitano
1628 1716 1687 1750 epi-

894 1757 988 1784 scopo.
1004 1750 1087 1784 Atqui
1101 1751 1237 1778 Eusebius
1249 1750 1578 1784 Constantinopolitanam
1595 1750 1687 1777 sedem

895 1785 995 1812 invasit
1010 1786 1164 1820 principatu
1184 1786 1349 1817 Constantii,
1367 1789 1398 1812 ut
1416 1785 1488 1812 inter
1504 1793 1600 1812 omnes
1621 1793 1687 1812 con-

895 1823 957 1847 stat.
977 1821 1101 1855 Denique
1117 1821 1234 1848 Basilius
1248 1821 1275 1847 in
1295 1820 1410 1855 epistola
1419 1820 1462 1850 74,
1477 1827 1557 1854 quam
1577 1820 1688 1854 scripsit

895 1855 928 1882 ad
955 1854 1145 1883 Occidentales
1179 1859 1274 1882 contra
1296 1854 1470 1882 Eustathium
1494 1854 1686 1886 Sebastenum,

894 1890 1059 1924 Gangrensis
1074 1890 1184 1917 concilii
1200 1891 1303 1917 nullam
1314 1890 1482 1917 mentionem
1493 1889 1567 1916 facit.
1582 1889 1621 1915 Ex
1631 1897 1687 1924 quo

895 1924 1040 1952 manifeste
1052 1925 1200 1960 colligitur,
1215 1929 1279 1952 tunc
1299 1933 1361 1952 eum
1383 1924 1568 1960 Basiliuseam
1582 1924 1687 1958 episto-

896 1961 950 1987 lam
967 1960 1164 1992 conscriberet,
1181 1960 1292 1995 scripsit
1307 1963 1396 1987 autem
1413 1959 1465 1986 sub
1482 1959 1605 1995 valente,
1619 1966 1688 1986 non-

895 1996 962 2022 dum
976 1995 1144 2022 celebratum
1158 1993 1245 2022 fuisse
1259 1995 1416 2029 Gangrense
1432 1993 1580 2021 concilium
1592 1993 1687 2029 inquo

897 2030 1042 2057 damnatus
1060 2034 1102 2057 est
1123 2029 1293 2057 Eustathius.
1312 2028 1390 2057 Dicet
1404 2029 1518 2056 fortasse
1544 2028 1644 2062 aliquis
1659 2028 1687 2055 id

917 2065 969 2092 uod
984 2073 999 2091 a
1012 2065 1130 2092 Baronio
1144 2065 1246 2092 dictum
1257 2069 1308 2096 est,
1320 2063 1492 2092 Eustathium
1504 2063 1580 2090 illum
1595 2063 1641 2097 qui
1659 2064 1688 2090 in

921 2099 1048 2135 augrensi
1064 2100 1169 2135 synodo
1185 2100 1384 2127 condemnatus
1405 2103 1457 2135 est,
1476 2098 1688 2135 diversumesso

898 2135 932 2162 ab
946 2133 1091 2162 Eustathio
1103 2134 1264 2162 Sebasteno.
1286 2135 1387 2162 Verum
1405 2134 1458 2161 hoc
1475 2133 1559 2169 gratis
1573 2133 1688 2166 dicitur,

898 2177 949 2197 nec
961 2170 1043 2196 ullius
1062 2170 1182 2197 auctoris
1198 2170 1354 2197 testimonio
1368 2170 1476 2196 nititur.

935 2205 990 2239 (92)
1008 2206 1062 2237 Είς
1082 2205 1140 2239 τὴν
1163 2205 1327 2239 Ἄρίμηνον.
1344 2204 1422 2232 Hunc
1444 2205 1535 2232 locum
1554 2203 1591 2230 ita
1606 2204 1690 2232 vertit

899 2240 1069 2274 Epiphanius
1097 2240 1302 2267 Scholasticus:
1318 2239 1374 2272 Quo
1397 2240 1465 2274 facta
1494 2239 1587 2266 lectam
1609 2239 1689 2273 ﬁdem

899 2275 1013 2302 Arimini
1031 2283 1089 2302 cum
1103 2279 1254 2310 augmento,
1269 2275 1337 2310 quod
1357 2275 1407 2309 ipsi
1422 2275 1449 2301 in
1467 2274 1690 2309 Constantinopo—

318 2320 337 2337 ν
350 2308 410 2348 οὖν
429 2310 560 2348 ὕστερον
577 2309 706 2344 ἐγένετο.
725 2309 785 2336 Non
802 2316 842 2336 as-

924 2314 987 2336 tana
998 2309 1062 2336 urbe
1074 2308 1226 2344 adjecerunt
1234 2330 1241 2341 ,
1257 2308 1430 2348 uhdequdque
1452 2310 1594 2348 miserunt;
1604 2308 1690 2348 Eum-

901 2344 963 2371 dem
980 2351 1090 2372 sensum
1108 2348 1219 2372 secutus
1239 2349 1280 2371 est.
1299 2345 1327 2371 in
1351 2345 1478 2372 versione
1496 2353 1545 2372 sua
1565 2344 1690 2372 Christo-

899 2379 1065 2414 phorsonus.
1080 2380 1136 2414 Ego
1153 2387 1218 2406 vero
1238 2379 1296 2406 hzec
1307 2379 1389 2406 verba
1404 2380 1443 2411 είς
1463 2379 1511 2414 τὴν
1533 2380 1689 2414 Ἀριμηνον,

900 2413 1044 2449 referenda
1061 2413 1119 2441 esse
1143 2422 1243 2441 censeo
1260 2414 1293 2441 ad
1314 2414 1341 2441 id
1359 2414 1431 2448 quod
1449 2413 1573 2449 sequitur
1596 2413 1691 2446 ἐξεπέ-

901 2448 1018 2475 στειλαν.
1029 2449 1114 2484 ldque
1130 2449 1231 2476 diserte
1244 2449 1388 2476 confirmat
1401 2449 1566 2477 Athanasius
1579 2449 1606 2476 in
1619 2449 1692 2476 libro

900 2484 938 2510 De
954 2483 1136 2519 synodis’pag.
1150 2484 1201 2511 905
1218 2493 1224 2510 :
1238 2484 1331 2510 Ταῦτα
1348 2484 1502 2519 γράψαντες
1512 2485 1540 2510 ὲν
1550 2485 1582 2518 τῇ
1605 2484 1692 2510 Ἰσαυ-

903 2519 958 2554 ρίᾳ.
972 2518 1130 2550 ἀνελθόντες
1150 2520 1190 2550 εἰς
1215 2519 1264 2554 τὴν
1280 2518 1574 2554 Κῳνσταντινούπολιν,
1595 2519 1690 2554 ὥσπερ

906 2553 1095 2589 μεταγνόντες,
1112 2553 1228 2589 ἤλλαξαν
1243 2553 1367 2588 συνήθως
1380 2554 1474 2586 ταῦτα,
1493 2554 1539 2580 καὶ
1561 2553 1692 2589 προσθένς-

904 2587 950 2632 τες
966 2588 1082 2632 λεξείδιᾴ
1091 2587 1171 2632 ἄρνα,
1186 2588 1255 2632 ὥστε
1373 2589 1523 2632 ὑπόστασιν
1534 2587 1624 2632 λὲγὲιγ
1644 2587 1691 2613 ἐπὶ

905 2623 1022 2659 Πατρὺς,
1032 2624 1078 2650 καὶ
1091 2623 1167 2655 Tia-3,
1179 2624 1225 2650 καὶ
1239 2622 1317 2658 ἁγίου
1331 2624 1498 2659 Πνεὺματος,
1510 2622 1692 2659 διεπεμψαντο

906 2657 975 2694 αὺτᾶ
990 2659 1045 2694 τοῖς
1064 2659 1102 2694 ἐν
1112 2658 1339 2694 Ἀριμήνῳεθις.⁷
1351 2657 1432 2693 quem
1444 2657 1586 2686 Athanasii
1600 2657 1690 2683 locum

906 2693 1064 2721 describere
1077 2693 1122 2720 hic
1134 2693 1243 2720 videtur
1256 2693 1391 2721 Socrates.

786 2782 974 2814 VARIORUM.

100 2855 285 2892 b_EivddEIoc.
310 2857 346 2884 De
366 2857 500 2890 Eudoxio,
534 2857 649 2892 ejusque
681 2855 772 2884 studio
804 2855 831 2882 in
867 2856 1017 2884 honoribus
1040 2857 1194 2884 ambiendis
1214 2857 1273 2883 ride
1293 2864 1384 2890 supra,
1407 2854 1439 2882 ad
1463 2854 1568 2881 initium
1593 2850 1690 2890 capitis

70 2887 99 2915 57
112 2889 191 2926 hujus
207 2892 257 2919 lib.
