1891 3068
57 149 102 179 εει

560 147 718 177 HISTORIA
738 149 1013 179 ECCLESIASTICA.
1034 167 1068 172 --
1081 151 1145 180 LIB.
1167 151 1198 180 11.

1625 157 1676 185 358

58 208 172 234 ι.εύκειαν
190 205 301 240 συνόδῳ,
325 204 372 231 καὶ
388 206 422 240 τῇ
439 205 531 232 πίστει
548 207 603 234 τῶν
620 208 685 242 περὶ
708 207 831 235 Ἀκάκιοι

898 213 914 237 τι
937 209 1000 236 ﬁdei
1015 209 1071 237 illic
1087 211 1121 237 ab
1143 210 1243 238 Aeacio
1265 210 1345 238 editae
1360 211 1579 246 subscripsisset,
1604 218 1678 240 recta

59 251 221 287 ὑπογράψας,
242 250 280 282 ὡς
301 248 373 286 εἶχεν
390 251 437 277 ὲπὶ
455 251 506 286 τὴν
529 251 644 288 Βέροιαν
664 253 833 289 ἀνεχώρησε.

59 297 198 331 Γενομένης
211 296 239 322 δὲ
252 296 300 331 τῆς
315 297 345 322 ἐν
358 296 566 323 Κωνσταντίνου
582 297 658 325 πόλει
672 299 792 330 συνόδου,
810 300 835 326 οι

59 345 82 369 ὲν
101 341 410 377 Ἀντιοχείᾳνπὺοόμενοι
426 342 472 368 τὸν
492 342 616 376 Εὑδόξιον
630 351 836 380 καταπεφρονη-

62 389 128 414 κέναι
143 388 190 422 μὲν
200 387 252 421 ei;
265 387 354 414 αὐτῶν
375 386 548 422 Ἐκκλησίας,
564 389 610 415 ὲπὶ
619 388 648 415 δὲ
661 389 707 416 τὸν
721 390 836 417 πλοῦτον

57 431 361 463 Κινιεισταντινουπόλεως
374 431 598 465 ἀποκεκλικέναι,
620 433 835 469 μεταπεμψάμε-

57 487 90 504 vo:
101 478 142 503 τὸν
153 478 284 504 Μελέτιον
292 476 305 497 ἀ
319 478 350 504 ὲκ
363 477 412 513 τῆς
421 478 545 513 Βεροίας,
556 479 596 511 είς
604 479 654 515 τὴν
669 480 834 514 Ἀντιοχείας

63 523 216 557 Ἐκκλησίαν
233 522 441 558 ὲνθρονίζουσιν.
461 524 491 550 Ὀ
512 523 551 557 δὲ,
574 524 682 560 πρῶτον
698 525 748 560 μὲν
772 526 836 561 περὶ

56 569 178 602 δόγματος
204 568 377 601 διαλέγεσθαι
405 568 591 604 ὐπερετίθετο,
619 569 704 604 μόνην
728 570 756 596 δὲ
784 570 833 606 τὴν

56 613 143 648 ἠθικὴν
164 612 339 639 διδασκαλίαν
354 613 411 643 mi;
432 613 581 649 ἀκροαταῖς
603 615 751 650 προσήκειν
765 614 832 650 (96).

57 658 203 693 Πριῦαίνων
217 657 258 690 δὲ,
277 658 326 693 τὴν
337 659 366 684 ὲν
381 657 483 694 Νικαίᾳ
495 659 657 694 παρετίθετο
675 659 776 691 πίστιν,
787 661 835 687 καὶ

55 705 162 730 διδάσκει
172 703 203 730 τὸ
214 703 359 738 ὁμοούσιον
368 709 390 730 θ.
403 704 496 730 Ταῦτα
507 704 660 740 πυθόμενος
670 707 683 732 ὁ
698 705 833 740 βασιλεὺς,

55 751 94 776 τὸν
109 749 153 784 μὲν
162 748 299 784 ἐξόριστον
308 749 435 783 γενέσθαι
446 749 589 776 ἐκέλευσεν
603 758 609 764 ·
622 749 742 782 Εὐζώῖον
752 751 780 777 δὲ
789 750 835 777 τὸν

55 795 97 830 ἤδη
111 795 238 830 πρότερον
252 794 312 829 ἅμα
331 794 428 830 Ἀρείῳ
445 794 654 830 καθαιρεθέντα,
665 796 715 832 τῆς
735 797 835 823 Ἀντιο-

57 840 120 874 χείας
131 839 280 865 ἐπίσκοπον
296 839 522 875 προχειρισθῆναι
535 840 697 875 πεποίηκεν.
714 840 791 868 Ὅσοι
806 841 834 868 δὲ

55 884 97 918 τὴν
112 883 175 918 πρὸς
185 883 316 910 Μελέτιον
329 884 449 911 διάθεσιν
459 884 572 916 ἔσωζον,
591 886 788 919 καταλιπόντες
799 887 831 914 τὸ
848 881 869 909 Β

61 929 216 964 Ἀρειανικδν
241 929 397 965 ἄθροισμα,
421 931 482 957 κατ’
507 930 575 957 ἰδίαν
593 931 642 962 τὰς
668 933 832 966 συναγωγὰς

55 976 221 1010 ἑποιήσαντο’
233 975 289 1001 τῶν
304 974 334 1002 τὸ
350 974 494 1010 ὁμοούσιον
508 976 538 1008 ἐξ
553 976 642 1011 ἀρχῆς
661 977 832 1012 φρονούντων

56 1021 88 1056 μὴ
97 1020 266 1056 θελησάντων
274 1022 367 1052 αὐτοῖς
379 1023 528 1054 κοινωνεῖν,
538 1022 604 1048 διότι
613 1023 646 1049 ὲκ
658 1023 710 1057 τῆς
731 1024 759 1049 'A
764 1031 834 1058 ρεια-

54 1066 96 1100 νῆς
112 1065 198 1101 ψήφου
218 1066 268 1100 τὴν
299 1066 469 1102 χειροτονίαν
493 1067 628 1100 Μελέτιος
645 1065 701 1103 εἶχε
723 1068 831 1095 λαϐών·

55 1110 95 1136 καὶ
102 1110 140 1136 ὅτι
148 1110 383 1145 ἀκολουθήσαντες
395 1111 479 1147 αὐτῷ,
490 1113 534 1139 ὑπ’
547 1113 657 1140 ἐκείνων
669 1113 832 1148 βαπτισθέν-

54 1162 93 1186 τες
103 1155 256 1190 ἐτύγχανον.
275 1155 375 1182 Τοῦτον
393 1156 443 1191 μὲν
462 1154 509 1184 οὖν
524 1156 570 1183 τὸν
585 1157 696 1192 τρόπον,
711 1159 759 1185 καὶ
771 1159 787 1194 ἡ
803 1159 832 1185 ὲν

59 1199 197 1236 Ἀντιοχείᾳ
224 1201 374 1236 Ἐκκλησία
395 1201 434 1233 είς
458 1201 551 1238 ἕτερον
575 1202 701 1238 ὁμόδοξον
726 1204 832 1239 διετέθη

55 1246 137 1281 μέρος.
150 1247 177 1272 '0
191 1245 286 1281 μέντοι
301 1246 438 1280 βασιλεὺς,
448 1247 601 1282 πυθόμενος
611 1247 832 1275 κινεῖσθαιπάλιν

54 1291 114 1317 κατά
135 1291 280 1326 Ῥωμαίων
296 1291 330 1318 τὰ
349 1292 462 1328 Περσῶν
485 1292 560 1328 ἔθνη,
583 1293 690 1328 ταχέως
714 1294 760 1321 ἐπὶ
783 1294 832 1330 τὴν

59 1336 210 1371 Ἀντιόχειαν
225 1337 368 1373 ὥρμησεν.

328 1394 453 1422 ΚΕΦΔΛ.
473 1395 541 1422 ΜΕ¹.

178 1437 251 1473 Περὶ
271 1438 327 1473 τῆς
341 1439 528 1467 Μακεδονίου
540 1440 690 1475 αιρέσεως.

83 1483 243 1516 Μακεδόνιος
264 1485 293 1511 δὲ
319 1485 369 1521 τῆς
394 1486 705 1520 Κωνσταντινουπόλεως
733 1489 832 1525 ἐκϐλη‹

48 1529 110 1561 Ὁεὶς,
127 1531 172 1557 καὶ
193 1531 230 1566 μὴ
248 1530 340 1566 φέρων
365 1531 414 1566 τὴν
440 1532 600 1568 καταδίκην,
622 1533 768 1570 ἡσυχάζειν
787 1535 833 1561 οὑ-

50 1575 135 1610 δαμῶς
153 1577 295 1611 ἠνείχετο·
312 1577 380 1604 ἀλλὰ
399 1577 538 1604 ἀποκλίνει
557 1579 606 1614 μὲν
625 1580 693 1615 πρὸς
707 1581 770 1612 τοὺς
786 1581 832 1608 τοῦ

51 1621 136 1656 ἑτέρου
154 1622 264 1658 μέρους,
287 1622 313 1648 οἳ
337 1623 365 1648 ὲν
388 1623 421 1658 τῇ
449 1623 595 1659 Σελευκείᾳ
623 1624 746 1651 καθεῖλον
770 1626 833 1658 τοὺς

53 1666 109 1700 περὶ
130 1667 266 1694 ’Δχάκιον.
282 1667 497 1702 Διεπρεσϐεύετο
511 1668 540 1695 δι
554 1670 622 1705 πρός
638 1678 667 1696 τε
680 1670 834 1706 Σωφρόνιον

52 1713 93 1738 καὶ
110 1712 254 1746 Ἐλεΰσιον,
270 1713 432 1748 ἀντέχεσθαι
447 1714 496 1749 μὲν
509 1715 559 1749 τῆς
582 1715 713 1751 πρότερον
725 1717 755 1743 ὲν
774 1717 834 1743 Ἀν-

54 1759 147 1794 noxii;
161 1759 322 1795 ὲκτεθείσης
337 1760 466 1793 πίστεως,
481 1761 639 1796 μεταταῦτα
650 1762 678 1788 δὲ
693 1763 721 1789 ὲν
735 1762 829 1788 Σελευ-

52 1803 107 1839 κείᾳ
134 1804 350 1841 βεσαιωθείσης,
375 1806 424 1833 καὶ
452 1808 609 1843 παρασήμῳ
639 1807 751 1843 ὀνόματι
775 1806 830 1842 (97)

886 255 950 282 inde
966 255 1090 283 Beraaam
1106 257 1219 291 repetiit
1253 256 1376 283 Postha-c
1390 257 1507 284 concilio
1523 257 1594 292 apud
1609 256 1678 285 Cou-

885 301 1092 336 stantinopolim
1100 307 1274 337 congregato,
1285 303 1447 330 Antiocheni
1455 311 1515 330 cum
1525 303 1678 330 Eudoxium

885 345 1095 379 comperissent,
1113 351 1205 380 spreta
1216 347 1336 382 ipsorum
1350 347 1484 380 Ecclesia,
1496 348 1529 374 ad
1543 347 1678 375 Constan-

885 389 1072 423 tinopolitanae
1085 390 1159 417 sedis
1170 390 1339 425 opulentiam
1355 391 1526 423 transiliisse,
1541 391 1678 418 Meletium

885 433 984 461 Beroea
995 434 1123 466 accitum,
1136 435 1166 462 in
1183 435 1246 463 sede
1261 436 1430 463 Antiochena
1441 437 1585 463 collocant.
1602 437 1677 472 161
1690 439 1694 441 “

884 479 935 506 Hic
958 479 1037 507 initio
1061 480 1173 514 quidem
1191 481 1224 508 de
1254 481 1427 516 dogmatibus
1453 481 1516 509 ﬁdei
1542 482 1679 510 disserere

884 526 1049 560 supersedit,
1062 527 1203 562 solamque
1211 535 1318 555 morum
1335 529 1487 556 doctrinam
1507 529 1679 557 auditoribus

884 573 944 599 suis
968 573 1092 600 tradidit.
1119 573 1269 608 Progressu
1290 582 1357 602 vero
1380 576 1521 610 temporis,
1542 576 1678 603 Nicaenam
1707 603 1710 606 ,

885 617 938 646 illis
959 618 1041 645 ﬁdem
1056 619 1193 654 exposuit,
1214 623 1244 646 et
1263 620 1505 647 consubstantialis
1524 621 1677 648 doctrinam

884 671 1007 691 asserere
1020 665 1113 699 erepit.
1128 663 1193 697 Quae
1206 671 1269 691 cum
1282 666 1432 700 accepisset
1446 666 1605 700 imperator,
1615 675 1677 694 eum

884 707 994 742 quidem
1008 709 1124 743 relegari
1137 709 1235 744 jussit:
1253 709 1387 736 Euzoium
1400 718 1476 742 vero,
1491 711 1537 745 qui
1550 719 1603 738 una
1615 719 1677 738 cum

884 753 949 780 Ario
960 753 1025 781 olim
1046 754 1188 789 depositus
1214 754 1315 787 fuerat,
1334 755 1527 782 Antiochensis
1551 756 1677 784 Ecclesia:

884 800 1037 827 antistitem
1056 800 1122 828 fecit
1144 800 1310 836 promoveri.
1337 800 1439 828 Verum
1463 804 1598 835 quotquot
1615 809 1681 836 pro-

884 852 970 879 penso
981 853 1046 881 erga
1061 846 1200 873 Meletium
1223 846 1316 873 animo
1328 850 1420 878 erant,
1442 847 1538 873 relicto
1563 846 1680 873 Ariano~

882 899 942 917 rum
957 895 1040 924 coetu,
1055 892 1202 926 separatim
1213 897 1366 919 conventus
1377 897 1510 927 egerunt:
1526 900 1588 920 cum
1601 893 1620 919 ii
1630 893 1677 928 qui

882 936 917 963 ab
930 936 1010 963 initio
1037 937 1280 965 consubstantialis
1304 938 1458 965 doctrinam
1480 937 1676 973 probaverant,

882 982 1101 1010 communionem
1123 983 1245 1018 ipsorum
1260 983 1434 1019 refugissent,
1455 991 1488 1011 eo
1503 983 1576 1018 quod
1594 984 1677 1011 Mele-

881 1026 937 1053 tius
948 1027 1118 1054 Arianorum
1137 1028 1267 1063 suffragio
1280 1029 1424 1056 ordinatus
1440 1028 1547 1061 fuisset,
1571 1029 1677 1064 ipsique

881 1073 941 1107 ejus
959 1078 1109 1100 sectatores
1128 1074 1294 1109 baptismum
1309 1074 1343 1101 ab
1360 1074 1456 1101 iisdem
1481 1074 1678 1109 suscepissent.

880 1117 923 1144 Ad
936 1118 1009 1145 hunc
1022 1119 1133 1145 modum
1146 1119 1341 1147 Antiochensis
1352 1127 1461 1154 quoque
1476 1120 1599 1146 Ecclesia
1607 1119 1676 1146 duas

884 1162 912 1190 in
927 1167 1031 1198 partes,
1046 1163 1111 1191 licet
1124 1164 1153 1191 in
1170 1164 1296 1191 doctrina
1311 1164 1375 1191 ﬁdei
1397 1163 1613 1196 consentientes,
1632 1165 1675 1192 di-

881 1208 939 1235 visa
952 1212 1002 1235 est.
1013 1208 1119 1236 Interea
1129 1209 1287 1244 imperator,
1299 1217 1361 1236 cum
1377 1209 1429 1245 ipsi
1443 1209 1600 1236 nuntiatum
1610 1209 1674 1237 fuis-

881 1258 925 1281 set
948 1254 1045 1281 Persas
1065 1255 1167 1281 iterum
1186 1255 1389 1289 expeditionem
1412 1262 1524 1282 movere
1544 1255 1676 1284 adversus

882 1298 1030 1333 Romanos,
1044 1307 1161 1335 propere
1172 1300 1346 1327 Antiochiam
1359 1301 1491 1335 perrexit.

1193 1397 1268 1426 CAP.
1283 1398 1364 1426 XLV.

1122 1443 1160 1471 De
1178 1444 1272 1471 haeresi
1282 1444 1439 1471 Macedonii.

917 1489 951 1517 At
964 1489 1152 1522 Macedonius,
1168 1489 1213 1524 qui
1226 1489 1462 1524 Constantinopoli
1472 1489 1603 1524 expulsus
1616 1489 1670 1517 fue-

882 1540 935 1568 rat,
960 1535 1217 1563 condemnationem
1235 1535 1331 1570 iniquo
1355 1536 1447 1562 animo
1472 1535 1580 1568 ferens,
1598 1536 1674 1570 quie-

885 1589 961 1608 scere
972 1580 1183 1616 haudquaquam
1198 1580 1343 1613 sustinuit;
1357 1580 1405 1607 sed
1418 1580 1452 1608 ad
1464 1580 1578 1607 alterius
1588 1581 1674 1615 partis

881 1626 1035 1661 episcopos,
1054 1627 1101 1661 qui
1116 1626 1188 1661 apud
1204 1626 1357 1653 Seleuciam
1369 1626 1500 1654 Acacium
1516 1634 1578 1654 cum
1593 1627 1674 1654 sociis

881 1672 1082 1706 deposuerant,
1103 1675 1288 1706 transgressus
1305 1675 1358 1698 est.
1381 1671 1460 1698 Missa
1485 1671 1567 1706 igitur
1580 1671 1614 1698 ad
1625 1670 1673 1697 So-

883 1716 1032 1749 phronium
1049 1720 1077 1744 et
1100 1716 1241 1744 Eleusium
1262 1717 1409 1752 legatione,
1434 1716 1561 1744 hortatus
1584 1720 1626 1744 est
1643 1719 1673 1743 ut

881 1769 943 1790 eam
971 1762 1053 1789 ﬁdem
1082 1770 1142 1797 quae
1165 1762 1317 1790 Antiochia:
1345 1762 1464 1798 primum
1488 1762 1611 1797 exposita
1640 1769 1672 1789 ac

881 1807 981 1836 deinde
992 1808 1124 1836 Seleuciae
1140 1808 1299 1836 conﬁrmata
1319 1808 1423 1841 fuerat,
1447 1808 1586 1836 mordicus
1608 1808 1673 1835 reti-

641 1895 777 1924 VALESll
794 1895 1069 1925 ANNOTATIONES.

78 1951 133 2013 lS96)
166 1951 231 1984 Τοῖς
256 1952 418 1986 ἀκροαταῖς
445 1953 627 1988 προσήκειν.
649 1952 832 1980 Scribendum

94 1991 151 2013 etur
167 1990 309 2013 παρεῖχεν.
323 1988 366 2013 vel
388 1989 534 2013 προσῆγεν.
547 1989 634 2013 Porro
653 1996 754 2013 nomen
775 1988 832 2013 Me-

52 1987 151 2029 .videtur
167 1990 309 2029 παρεῖχεν.
323 1988 634 2029 νοιηξτροσῇγενκΡοιτο
653 1996 754 2028 nomen
775 1988 832 2015 Me-

52 2021 114 2053 letii,
131 2027 187 2058 tum
204 2021 267 2055 hic,
277 2026 335 2049 tum
353 2021 428 2054 alibi,
443 2021 627 2050 diversimode
636 2023 769 2058 scriptum
786 2030 833 2049 re-

51 2057 142 2090 perias.
162 2057 214 2084 Per
228 2068 236 2084 ι
252 2062 345 2085 tamen
360 2058 443 2085 scribi
462 2059 564 2085 malim.
582 2058 657 2085 Hanc
667 2057 741 2085 enim
762 2058 832 2084 scri-

52 2096 149 2128 pturam
160 2094 309 2120 conﬁrmat
315 2093 464 2128 Gregorius
476 2094 665 2120 Nazianzenus
675 2093 703 2120 in
710 2093 831 2120 carmine

52 2126 159 2154 iambico
179 2128 218 2155 De
244 2129 302 2155 vita
318 2126 383 2161 sua;
393 2128 441 2155 ubi
462 2128 540 2156 illum
561 2128 669 2164 μέλιτος
689 2128 832 2163 ἐπώνυμον

51 2168 108 2189 γοοδ
113 2167 129 2189 ῐ.

81 2198 132 2230 (97)
156 2198 331 2233 Παρασήμῳ
353 2198 484 2232 ὀνόματι.
503 2198 582 2225 Hunc
602 2197 700 2233 locum
715 2205 771 2225 non
787 2197 834 2224 in—

52 2231 206 2268 tellexerunt
230 2231 409 2268 interpretes.
431 2232 482 2266 Qui
503 2238 595 2260 tamen
619 2241 653 2259 ex
679 2232 834 2267 Harpocra—

53 2265 125 2295 tionls
149 2267 251 2297 Lexico
271 2265 377 2296 discere
392 2265 531 2303 potérant,
547 2268 712 2303 παράσημον
729 2265 835 2303 signiti-

881 1961 946 1981 care
971 1953 1177 1984 adulterinum,
1201 1952 1361 1986 metaphora
1385 1956 1494 1987 sumpta
1523 1960 1539 1980 a
1561 1958 1669 1980 moneta

881 1997 942 2023 qua:
964 1988 1060 2015 falsam
1087 1988 1170 2015 habet
1192 1991 1294 2015 notam.
1316 1987 1484 2021 Ὀμοιούσιον
1501 1993 1513 2006 θ
1535 1988 1671 2023 ergogsic

880 2022 955 2051 cnim
978 2023 1156 2050 scribendum
1182 2026 1224 2049 est
1247 2030 1280 2049 ex
1309 2022 1505 2057 manuscriptis
1530 2022 1671 2049 codicibus

878 2058 1042 2091 Florentino
1056 2062 1085 2084 et
1099 2056 1249 2090 Sfortiano)
1273 2056 1459 2084 adulterinum
1476 2065 1574 2084 nomen
1591 2062 1670 2085 vocat

881 2093 1018 2126 Socrates,
1028 2101 1061 2120 eo
1072 2092 1145 2127 quod
1156 2097 1317 2126 corruptum
1329 2092 1364 2119 sit
1379 2097 1407 2119 et
1420 2092 1603 2119 adulteratum
1620 2099 1670 2126 pro

884 2128 1037 2163 ὁμοούσιον,
1055 2127 1128 2162 quod
1142 2134 1215 2155 vera:
1236 2134 1268 2154 ac
1282 2127 1403 2163 rsinccrae
1418 2127 1481 2154 ﬁdei
1497 2134 1597 2154 nomen
1616 2131 1667 2154 est.

883 2162 970 2190 Porro
979 2163 1108 2190 Acaciani
1125 2166 1179 2190 tam
1195 2162 1357 2196 ὁμοιούσιον,
1374 2170 1456 2197 quam
1469 2163 1669 2197 ὁμοούσιονντε-

880 2198 1034 2233 jieiebant:
1053 2198 1144 2233 ὅμοιον
1169 2197 1302 2224 duntaxat
1320 2196 1492 2231 retinentes,
1506 2196 1669 2225 vocabulum

883 2238 975 2261 autem
991 2233 1083 2265 οὐσίας
1095 2232 1206 2268 penitus
1223 2236 1412 2267 aspernantes.

753 2344 946 2374 VARIORUM.

80 2401 92 2422 δ
105 2402 257 2439 Μελέτιον.
276 2401 356 2439 Anno
366 2400 553 2439 56l__ineunte,
569 2400 704 2439 bleletius,
719 2401 830 2439 virpie-
845 2402 866 2430 D

51 2441 108 2468 tate,
129 2437 320 2470 sanctimonia,
351 2437 507 2464 eruditione
537 2436 661 2472 insignis,
687 2436 779 2463 studio
803 2440 831 2472 et

51 2480 125 2506 opera
141 2473 320 2504 Arianorum,
339 2472 385 2506 qui
405 2480 460 2498 non
484 2475 525 2498 sat
538 2473 680 2506 explorato
693 2472 752 2506 ejus
769 2471 831 2497 ani-

51 2505 98 2538 mo,
118 2508 188 2534 inter
211 2515 279 2534 suos
305 2505 443 2533 hominem
464 2505 713 2537 connumerabant,
725 2505 752 2532 in
770 2505 831 2540 cpi—

51 2548 151 2576 sc0pum
170 2542 372 2569 Antiochenum
399 2541 522 2568 delectus
543 2544 593 2568 est.
612 2541 726 2576 Verum,
747 2545 778 2567 ut
801 2540 829 2567 in

50 2575 117 2603 tanto
130 2585 245 2604 munere
263 2577 309 2603 vix
330 2577 416 2603 latere
443 2580 533 2611 potest
553 2575 619 2610 quid
633 2576 749 2610 quisque
761 2583 829 2611 sen-

50 2612 102 2643 nat,
118 2620 177 2638 cum
193 2612 367 2647 potissimum
383 2611 428 2638 ille
443 2618 494 2638 nec
509 2610 627 2647 obscure
639 2611 670 2647 το
685 2610 829 2647 όμοούσιον

50 2645 202 2679 praedicaret
234 2650 488 2681 propugnaretque,
513 2645 628 2677 Ariani,
653 2645 825 2680 deprehensa

50 2682 102 2719 ejus
117 2682 253 2720 doctrina,
262 2681 442 2720 deturbatum
461 2688 495 2720 ex
515 2681 684 2720 epi_seopatu_
695 2684 827 2720 curarunt

51 2715 74 2741 in
87 2717 208 2743 exsilium
225 2716 358 2751 ablegari,
374 2723 436 2743 cum
445 2715 490 2742 vix
501 2715 613 2750 triginta
628 2715 744 2742 sedisset
756 2715 825 2748 dies,

51 2750 75 2776 in
90 2752 198 2786 ejusque
215 2750 308 2778 locum
323 2751 455 2778 Euzoium
468 2754 641 2786 cooptarunt,
656 2757 827 2786 nequaquam

50 2784 195 2819 suspectum
211 2786 277 2818 sibi,
291 2793 340 2813 nec
352 2785 443 2813 dubia:
454 2784 681 2817 ﬁdei’hominem,
694 2784 740 2811 sed
749 2784 829 2811 Aria-

51 2826 118 2855 nnm,
141 2822 305 2855 Arianaaque
334 2821 469 2848 haereseos
489 2819 627 2847 vindicem
651 2820 828 2846 acerrimum.

52 2853 112 2887 lliuc
131 2861 184 2883 tres
197 2857 226 2883 in
243 2853 335 2891 partes
345 2856 476 2885 distracta
489 2855 596 2883 civitas.
612 2855 702 2882 Prima
715 2862 830 2882 numero

901 2400 972 2427 otior
999 2399 1174 2430 Arianorum,
1189 2397 1293 2425 Euzoio
1309 2397 1448 2433 episcopo.
1472 2396 1597 2433 Secunda
1614 2394 1670 2426 Me-

892 2436 1044 2462 etianorum
1059 2434 1106 2468 qui
1123 2434 1152 2460 in
1175 2434 1263 2461 Palma
1285 2432 1333 2460 seu
1349 2432 1436 2460 veteri
1453 2432 1523 2468 urbe
1540 2433 1666 2468 collectas

880 2471 1007 2505 agebant,
1028 2477 1043 2496 a
1058 2467 1166 2505 Meletio
1181 2475 1273 2505 sa_nam
1289 2467 1595 2505 edoctinﬁdem._Tertia
1611 2467 1668 2505 Eu-

881 2501 1092 2536 stathianorum,
1111 2511 1126 2530 a
1147 2503 1175 2530 S.
1198 2503 1342 2529 Eustathio
1364 2503 1430 2529 olim
1457 2502 1595 2536 episcopo.
1615 2501 1665 2536 (Cl.

881 2539 1009 2566 monachi
1025 2537 1193 2566 Benedictini
1207 2537 1257 2564 Vit.
1269 2537 1398 2564 Albanas.
1411 2537 1443 2564 ad
1456 2544 1519 2563 ann.
1529 2536 1602 2566 561).
1615 2536 1668 2563 Alii

881 2579 974 2610 autem
995 2573 1134 2610 Meletium
1145 2573 1275 2610 formula:
1292 2572 1434 2610 Acacianze
1453 2570 1602 2610 inmsxnodo
1617 2570 1666 2610 Sie-

880 2609 1013 2645 leucieusi
1047 2607 1242 2645 subscripsisse
1276 2607 1424 2645 observant
1448 2606 1668 2645 :l’hilostorgius

879 2644 961 2677 lib.v,
974 2651 1034 2678 cap.
1049 2644 1075 2676 l,
1091 2641 1180 2678 ipsum
1191 2642 1221 2668 τὸ
1231 2641 1388 2678 disgoédtovi
1396 2641 1549 2678 simulasse,
1562 2641 1667 2678 eLAri-

877 2674 994 2706 minensi
1006 2674 1130 2705 i’omiul'ae
1140 2674 1334 2706 subscripsisse
1349 2677 1472 2703 afﬁrmat.
1480 2675 1565 2702 Aliter
1576 2674 1667 2700 Theo—

878 2714 958 2741 dorit.
975 2713 1044 2740 Hist.
1058 2713 1107 2749 lib.
1126 2721 1155 2745 ll,
1174 2719 1234 2747 cap.
1249 2707 1296 2744 ‘51,
1312 2716 1340 2739 et
1356 2711 1490 2746 Epiphan.
1508 2710 1604 2736 haeres.
1620 2707 1665 2740 75,

878 2749 1129 2811 n'ezgl‘i-iiilcitissimi
1146 2781 1315 2809 Benedictini
1331 2781 1359 2807 in
1383 2780 1512 2807 Athanas.
1527 2777 1565 2804 De
1584 2783 1666 2809 syno-

881 2819 934 2851 dis,
950 2827 1009 2854 pag.
1030 2818 1092 2854 Ἱιίβ,
1105 2817 1179 2854 hanc
1192 2823 1288 2843 vocem
1299 2815 1469 2854 ομοιοοὺσιον
1482 2812 1619 2845 scribunt,
1638 2814 1667 2840 et

881 2854 920 2882 sic
928 2849 999 2882 ὀὲεέ
1007 2852 1182 2882 scribendam
1192 2849 1373 2879 contendunt.
