1891 3068
68 130 116 160 369

69 186 165 222 ιλήφθη
184 186 225 218 ιίς
245 186 308 219 τοὺς
321 188 467 224 οὐρανοὺς,
494 191 541 218 καὶ
557 191 704 224 καθέζεται
727 194 757 221 ὲν
774 195 849 232 δεξιᾷ
864 201 885 230 Α

68 233 109 260 τοῦ
126 232 245 269 Πατρὺς,
264 233 442 270 ἐλευσόμενος
461 237 490 264 ἐν
504 238 537 274 τῇ
555 238 658 275 ἐσχάτῃ
683 240 776 277 ἡμέρᾳ
799 243 849 278 τῆς

68 279 233 311 ἀναστάσεως
244 280 273 306 ἐν
284 281 316 316 τῇ
328 281 451 318 [ἰατρικῇ
464 282 537 319 δόξῃ,
547 284 591 311 ἵνα
603 286 730 322 ἀποδώσῃ
742 287 850 324 ἑκάστῳ

68 326 131 358 κατά
144 327 176 353 τὰ
187 326 256 362 ἔργα
268 327 363 355 αὑτοῦ.
379 329 435 356 Καὶ
451 330 492 362 είς
506 330 537 357 τὸ
552 331 630 366 ἆγιον
643 333 765 369 Πνεῦμα,
781 335 850 371 ὅπερ

68 373 140 404 αὐτὸς
153 373 167 398 ὸ
181 373 390 409 Μονογενὴςτοῦ
405 375 474 402 Θεοῦ
487 377 501 402 ὁ
515 377 645 412 Χριστὸς,
659 379 673 405 ὁ
686 379 788 415 Κύριος
801 381 847 408 καὶ

67 418 125 450 Θεὸς
132 419 147 454 ή
152 417 208 453 μῶν
218 419 399 454 ἐπηγγείλατο
413 420 533 456 πέμπειν
540 422 578 457 τῷ
587 422 660 457 γένει
671 424 726 451 τῶν
737 425 845 461 ἀνθρώ.

51 500 53 503 Ι
67 471 119 490 πων
142 463 330 499 Παράκλητον,
349 464 477 501 καθάπερ
493 466 668 502 γέγραπται,
691 468 722 494 τὸ
736 468 849 504 Πνεῦμα

66 509 110 544 τῆς
129 509 258 545 ἀληθείας
269 517 276 525 ο
291 510 361 545 ὅπερ
376 511 467 543 αὐτοῖς
482 511 606 548 ἐπεμψεν
618 533 626 546 ,
645 514 690 540 ὅτε
707 514 847 550 ἀνελήφθη

66 557 100 586 εἰς
118 555 179 587 τοὺς
196 555 340 591 οὐρανούς.
355 556 392 583 Τὸ
404 557 432 585 δὲ
448 557 535 594 ὄνομα
552 559 602 594 τῆς
621 559 727 592 οὐσίας,
746 560 849 588 ἀπλού-

66 609 152 636 οτερον
168 601 220 628 ὑπὸ
233 601 287 629 τῶν
302 602 429 639 πατέρων
442 603 533 640 ἐτέθη,
555 605 737 641 ἀγνοούμενον
748 606 777 634 δὲ
792 609 848 640 τοῖς

65 648 141 679 λαοῖς,
159 648 308 676 σκάνδαλον
325 648 422 685 ἔφερε,
436 649 505 677 διότι
521 651 590 687 μηδέ
605 652 634 680 αἱ
648 653 757 688 Γραφαὶ
768 653 848 681 τοῦτο

66 695 241 730 περιέχουσιν,
271 695 354 731 ἤρεσε
382 697 613 733 περιαιρεθῆναι,
636 699 683 728 καὶ
706 699 848 732 παντελῶς

67 740 192 776 μηδεμίαν
219 741 331 778 μνήμην
354 741 401 769 τοῦ
423 742 518 784 λοιποῦ
537 744 684 778 γενέσθαι,
697 746 846 784 ἐπειδήπερ

66 787 107 814 καὶ
119 787 145 812 al
157 786 226 813 θεῖαι
240 787 350 823 Γραφαὶ
363 788 483 822 οὐδαμοῦ
494 783 705 827 ἐμνημόνευσαν
723 793 786 829 περὶ
802 783 847 820 οὑξ

66 833 120 865 σίας
134 833 239 868 Πατρὺς
255 833 302 860 καὶ
311 833 388 861 Υἱοῦ.
407 833 464 862 Καὶ
477 835 532 872 γὰρ
546 837 596 864 οὐκ
610 838 711 873 ὀφείλει
727 839 846 867 ὑπόστα-

67 888 104 911 σις
122 879 176 914 (84)
193 880 259 915 περὶ
271 880 379 916 Πατρδς
391 881 440 908 καὶ
457 881 522 909 Υίοῦ
542 883 589 909 καὶ
601 884 679 917 ἁγίου
688 884 848 921 Πνεύματος
862 883 884 911 Β

64 924 247 960 ὀνομάζεσθαι.
265 925 379 962 Ὅμοιον
390 927 418 954 δὲ
428 926 544 963 λέγομεν
554 928 600 957 τὸν
615 929 680 957 Υίὸν
694 930 733 966 τῷ
746 931 846 968 Πατρὶ,

64 971 98 1002 ὡς
113 970 234 1005 λέγουσιν
248 972 278 998 αι
298 971 369 1000 θεῖαι
385 973 495 1009 Γραφαὶ
511 975 558 1002 καὶ
573 975 741 1004 διδάσκουσι.
757 978 846 1006 Πᾶσαι

63 1016 89 1043 δὲ
106 1016 224 1052 αἱρέσεις
235 1036 243 1050 ,
260 1017 291 1044 αἴ
309 1026 339 1044 τε
351 1018 402 1054 ἤδη
421 1019 554 1056 πρότερον
574 1022 786 1059 κατεκρίθησαν,
801 1024 848 1051 καὶ

63 1063 157 1095 αἵτινες
185 1064 233 1090 ἐάν
261 1065 423 1100 καινότεραι
459 1066 516 1102 (85)
546 1067 695 1101 γένωνται,
726 1070 847 1097 ἐναντίαι

62 1108 236 1144 τυγχάνουσαι
247 1109 297 1145 τῆς
305 1110 462 1146 ἐκτεθείσης
475 1111 577 1148 ταύτης
587 1113 708 1149 γραφῆς,
722 1115 848 1151 ἀνάθεμα

63 1154 186 1182 εστωσαν.
209 1156 306 1183 Ταῦτα
330 1155 380 1191 μὲν
405 1157 435 1184 ἐν
457 1157 663 1186 Κωνσταντίνου
688 1159 764 1187 πόλει
786 1161 847 1188 τότε

62 1201 273 1238 ἀνεγνώσθησαν.
282 1202 378 1238 Ἦμετς
385 1203 414 1230 δὲ
423 1203 468 1231 τὸν
478 1204 639 1240 λαϐύρινθον
649 1205 704 1232 τῶν
712 1205 847 1234 ἐκθέσεων

61 1246 103 1279 ὀψέ
118 1255 181 1273 ποτε
193 1247 373 1280 διανύσαντες
386 1269 394 1282 ,
408 1247 458 1285 τὴν
469 1250 661 1286 ἀπαρίθμησιν
676 1251 767 1279 αὐτῶν
785 1261 847 1280 συν-

61 1291 210 1327 αγάγωμεν.
232 1291 312 1319 Μετὰ
322 1292 376 1329 γὰρ
389 1292 438 1329 τὴν
451 1295 479 1321 ἐν
497 1293 598 1330 Νικαίᾳ
614 1295 715 1330 πίστιν,
733 1296 847 1333 ὕστερον

60 1336 85 1362 ἐν
104 1336 254 1372 ’Δντιοχείᾳ
272 1337 329 1369 τοῖς
356 1338 504 1372 ἐγκαινίοις
534 1339 628 1373 δισσὰς
649 1340 772 1373 ἐκθέσεις
792 1343 844 1369 ὑπο

60 1382 218 1417 ηγόρευσαν.
240 1382 327 1418 Τρίτη
344 1382 372 1410 δέ
391 1383 504 1419 ἐστιν,ή
519 1385 672 1414 ἐπιδοθεϊσα
694 1387 771 1424 παρὰ
793 1388 847 1416 τῶν

59 1426 118 1462 περὶ
135 1426 293 1462 Νάρκισσον
308 1427 338 1454 ὲν
350 1429 411 1460 ταῖς
433 1428 558 1462 Γαλλίαις
575 1429 616 1465 τῷ
635 1431 741 1466 βασιλεῖ
761 1433 842 1460 Κών-

60 1480 146 1499 σταντι
158 1480 165 1488 ·
182 1473 304 1508 τετάρτη
321 1472 350 1500 δὲ
361 1492 368 1505 ,
384 1474 401 1510 ἠ
425 1473 458 1501 δι’
477 1474 604 1509 Εὺδοξίου
618 1478 674 1508 τοῖς
689 1477 718 1504 ἐν
747 1477 846 1516 Ἰταλίᾳ

59 1518 206 1552 πεμφθεῖσα
221 1526 229 1533 ·
248 1518 278 1546 ἓν
290 1527 320 1547 τε
333 1519 440 1555 Σιρμίῳ
452 1522 527 1556 τρεῖς
550 1522 793 1559 ὑπηγορεύθησαν,
807 1521 846 1553 ὧν

59 1564 74 1598 ἡ
94 1563 141 1600 μία
159 1565 188 1590 ἐν
209 1564 351 1600 Ἀριμήνιμ
367 1565 437 1600 μετὰ
454 1565 504 1601 τῆς
524 1567 658 1600 ὑπατείας
672 1568 843 1607 ἀνεγνώσθη.

64 1609 152 1645 Ὸγδόη
174 1609 203 1637 δέ
226 1610 314 1642 ἐστιν,
325 1611 343 1646 ἡ
355 1611 385 1638 ἐν
396 1611 542 1649 Σελευκείᾳ
555 1632 563 1645 ,
584 1613 619 1649 ἢν
633 1614 658 1641 οἱ
680 1615 746 1651 περὶ
765 1617 846 1644 Ἀκά-

858 1549 882 1581 C

59 1663 112 1681 κιον
136 1655 349 1690 ἀνεγνώκεισαν.
378 1656 529 1684 Τελευταία
557 1658 585 1685 δὲ
598 1678 605 1691 ,
634 1659 664 1686 ἐν
692 1660 846 1690 Κωνσταν-

59 1700 130 1727 τίνοι)
139 1701 215 1728 πόλει
231 1702 302 1737 μετὰ
315 1701 365 1738 τῆς
380 1703 540 1740 προσθήκης
553 1704 700 1734 ἐκδέδοται.
714 1707 846 1743 Πρόσκει-

58 1755 98 1773 ται
113 1747 165 1784 γὰρ
176 1748 258 1783 αὐτῇ,
271 1748 341 1784 μήτε
356 1748 460 1782 οὐσίαν,
476 1750 545 1786 μήτε
556 1751 705 1780 ὑπόστασιν
719 1754 765 1781 ἐπὶ
776 1755 844 1783 Θεοῠ

57 1790 148 1826 λέγειν.
163 1792 256 1829 Ταύτῃ
275 1793 321 1819 καὶ
335 1793 470 1829 Οὑλφίλας
482 1795 497 1821 ὁ
508 1795 563 1822 τῶν
578 1796 683 1824 Γότθων
694 1798 844 1835 ἐπίσκοπος

553 135 715 166 msronm
733 137 1008 171 ECCLESIASTICA.
1026 131 1065 164 ζ
1083 144 1148 172 LIB.
1168 146 1200 173 ιι.

1646 154 1699 182 550

901 198 999 233 Patris,
1014 205 1045 228 ut
1060 201 1157 230 reddat
1169 202 1318 239 unicuique
1329 205 1484 234 mercedem
1499 215 1613 243 operum
1631 219 1698 239 suo-

904 252 976 272 rum.
993 246 1028 273 Et
1043 246 1071 273 in
1082 247 1214 282 Spiritum
1227 256 1362 284 sanctum,
1375 258 1457 286 quem
1470 252 1528 288 ipse
1542 255 1698 290 unigenitus

903 290 952 318 Dei
967 291 1063 325 Filius,
1076 293 1211 328 Christus,
1228 296 1360 324 Dominus
1379 305 1411 325 ac
1422 299 1504 327 'Deus
1523 305 1617 328 noster
1632 310 1697 336 pro-

903 337 978 365 misit
990 346 1019 366 se
1034 339 1182 369 missurum
1200 343 1292 378 generi
1307 344 1427 372 humano
1441 346 1614 379 advocatum,
1627 348 1698 375 sicut

903 387 1035 421 scriptum
1046 393 1098 421 est,
1114 389 1246 425 Spiritum
1261 392 1385 420 veritatis
1398 402 1404 420 :
1423 401 1505 428 quem
1524 399 1553 421 et
1566 395 1631 430 ipsis
1645 397 1698 424 mi-

903 431 948 464 sit,
960 438 1137 469 posteaquam
1147 437 1315 465 ascendisset
1324 439 1351 466 in
1363 439 1473 466 caelum.
1483 440 1588 468 Nomen
1606 447 1698 469 autem

903 478 1073 512 substantia,
1087 481 1159 515 quod
1172 482 1323 517 simplicius
1339 491 1353 511 a
1367 484 1495 513 Patribus
1511 487 1631 521 positum
1645 491 1697 519 cst,

903 530 931 553 et
946 526 1020 560 quod
1043 526 1165 561 ignotum
1182 528 1290 563 populis
1309 529 1456 559 oll'ensioni
1478 531 1538 564 fuit,
1551 536 1698 567 propterea

902 572 976 606 quod
991 572 1019 599 in
1031 573 1118 600 sacris
1130 572 1243 601 Litteris
1252 582 1308 602 non
1323 576 1490 609 continetur,
1503 577 1607 612 placuit
1619 586 1697 605 alno-

902 618 970 650 veri,
984 625 1036 645 nec
1047 618 1131 646 ullam
1139 619 1270 655 deinceps
1278 621 1336 656 ejus
1349 621 1409 649 ﬁeri
1421 622 1599 656 mentionem,
1610 632 1698 659 quan—

901 663 1049 699 doquidem
1057 672 1142 692 sacra
1150 665 1261 693 Littera
1269 674 1403 701 nusquam
1411 669 1560 696 meminere
1569 670 1697 697 substan-

902 712 946 740 tia
955 712 1045 740 Patris
1060 719 1092 739 ac
1108 711 1180 740 Filii.
1192 712 1261 740 Nam
1279 713 1434 748 hypostasis
1450 714 1540 742 Patris
1549 719 1577 742 et
1590 716 1649 743 Filii
1664 725 1696 744 ac

902 758 1022 794 Spiritus
1031 759 1118 786 sancti
1133 767 1168 787 ne
1184 760 1322 787 nominari
1339 760 1450 795 quidem
1464 761 1555 789 debet.
1572 762 1694 791 Similem

900 809 993 833 autem
1007 805 1124 834 dicimus
1140 805 1240 834 Filium
1254 806 1338 838 Patri,
1353 807 1582 842 quemadmodum
1596 808 1695 836 divina

901 851 1050 887 Scriptura
1065 852 1160 880 dicunt
1174 860 1207 880 ac
1217 851 1327 879 docent.
1343 852 1445 880 Omnes
1460 860 1543 887 porro
1565 854 1693 886 haereses,

898 905 946 926 seu
957 906 1018 933 qua
1034 899 1099 925 olim
1112 898 1257 931 damnata,
1275 905 1323 927 seu
1336 905 1396 933 qua
1416 906 1514 926 recens
1536 903 1613 931 orta,
1631 899 1696 928 huic

898 951 914 972 ο
927 945 1006 971 nobis
1020 945 1151 979 expositas
1171 944 1234 973 ﬁdei
1255 944 1437 979 refragantur,
1460 945 1605 972 anathema
1628 945 1694 974 sint.

898 990 932 1018 Et
948 990 1006 1018 hac
1017 990 1130 1025 quidem
1149 989 1386 1024 Constantinopoli
1408 994 1466 1017 tum
1489 990 1603 1017 recitata
1619 994 1693 1017 sunt.

897 1036 952 1064 Nos
971 1044 1038 1064 vero
1059 1036 1261 1071 expositionum
1283 1035 1346 1062 ﬁdei
1369 1035 1557 1071 labyrinthum
1585 1035 1693 1063 tandem

898 1080 1046 1115 aliquando
1057 1080 1172 1112 emensi,
1187 1087 1283 1107 earum
1299 1087 1444 1106 numerum
1456 1080 1512 1115 jam
1523 1080 1692 1115 colligamus.

897 1126 963 1154 Post
977 1125 1059 1154 ﬁdem
1080 1133 1141 1161 qua
1161 1126 1258 1153 Nicaea
1280 1126 1451 1161 promulgata
1465 1129 1517 1158 est,
1541 1126 1694 1155 Antiochia

898 1171 926 1199 in
937 1171 1110 1199 dedicatione
1124 1171 1248 1198 ecclesia
1261 1171 1329 1199 duas
1343 1171 1529 1206 expositiones
1545 1171 1608 1200 ﬁdei
1625 1180 1693 1200 con-

898 1217 1079 1253 scripserunt.
1097 1216 1190 1245 Tertia
1202 1220 1254 1249 est,
1269 1224 1351 1252 quam
1365 1217 1511 1244 Narcissus
1526 1221 1555 1244 et
1569 1218 1615 1252 qui
1631 1226 1692 1244 cum

898 1264 945 1292 illo
956 1267 1034 1291 erant
1048 1263 1179 1299 episcopi,
1190 1263 1332 1291 Constanti
1343 1263 1466 1299 Augusto
1482 1263 1654 1291 tradiderunt
1665 1263 1692 1290 in

897 1310 1001 1344 Galliis;
1019 1314 1126 1346 quarta,
1139 1318 1200 1346 qua
1214 1318 1263 1346 per
1275 1310 1429 1338 Eudoxium
1446 1311 1474 1338 in
1487 1311 1592 1338 Italiam
1610 1311 1694 1338 missa

897 1360 948 1384 est.
967 1356 1060 1384 Sirmii
1074 1364 1141 1384 vero
1155 1361 1210 1384 tres
1222 1356 1384 1391 conscriptae
1403 1360 1484 1384 sunt:
1506 1364 1621 1391 quarum
1639 1365 1693 1385 una

897 1411 960 1432 cum
977 1402 1095 1439 praﬁxis
1110 1402 1254 1430 consulum
1273 1402 1432 1430 nominibus
1444 1402 1563 1429 Arimini
1579 1402 1692 1431 recitata

897 1453 948 1477 est.
962 1447 1064 1476 Octava
1078 1452 1120 1476 est
1132 1456 1215 1483 quam
1238 1447 1366 1476 Acaciani
1382 1448 1515 1476 Seleucia
1535 1449 1692 1484 promulgau

897 1496 972 1519 runt.
985 1492 1127 1521 Postrema
1142 1491 1379 1526 Constantinopoli
1398 1491 1472 1519 edita
1487 1495 1530 1519 est
1543 1500 1606 1519 cum
1623 1500 1694 1520 nova

897 1536 1058 1571 appendice.
1074 1535 1144 1563 Huic
1164 1536 1239 1563 enim
1254 1535 1389 1571 adjectum
1405 1541 1457 1568 est,
1477 1540 1507 1563 ut
1521 1544 1610 1570 neque
1625 1536 1693 1564 suhe

896 1581 997 1608 stantia
1012 1588 1101 1615 neque
1122 1580 1276 1615 hypostasis
1298 1580 1333 1608 de
1356 1580 1412 1607 Deo
1434 1580 1584 1607 diceretur.
1606 1581 1693 1608 Porro

895 1624 960 1652 huic
983 1624 1047 1652 ﬁdei
1070 1624 1154 1652 etiam
1176 1623 1257 1651 Ullila
1285 1623 1436 1652 Gothorum
1460 1624 1605 1659 episcopus
1627 1628 1693 1651 tunc

895 1669 1014 1704 primum
1030 1669 1179 1696 consensit.
1191 1669 1260 1696 Nam
1275 1672 1338 1696 ante
1349 1668 1417 1696 illud
1434 1673 1542 1704 tempus
1554 1669 1693 1696 Nicanam

895 1712 977 1740 ﬁdem
998 1713 1140 1748 amplexus
1165 1712 1270 1746 fuerat;
1291 1716 1403 1740 secutus
1425 1712 1618 1748 Theophilum,
1644 1712 1692 1746 qui

897 1767 961 1787 cum
982 1758 1133 1787 Gothorum
1154 1761 1228 1786 esset
1250 1758 1412 1793 episcopus,
1439 1759 1550 1786 Nicano
1574 1757 1693 1786 concilio

897 1811 1019 1838 praesens
1029 1803 1240 1839 subscripserat.
1255 1801 1309 1830 Sed
1323 1802 1356 1830 de
1371 1803 1415 1830 his
1427 1803 1571 1829 hactenus.

61 1839 116 1887 ξτάτε
133 1839 242 1875 πρῶτον
258 1839 397 1868 συνέθετο·
417 1841 470 1870 Τδν
491 1842 546 1879 γὰρ
565 1842 720 1880 ἔμπροσθεν
740 1846 847 1883 χρόνον,
863 1851 914 1887 τὴν
945 1852 975 1878 ἐν
1012 1851 1115 1886 Νικαίᾳ
1134 1850 1226 1877 πίστιν
1244 1850 1394 1885 ἠσπάζετο,
1410 1849 1545 1884 ἑπόμενος
1556 1847 1690 1882 Θεοφίλῳ,

58 1886 84 1918 ις
98 1886 150 1914 τῶν
173 1887 284 1917 Γότθων
315 1887 465 1920 ἐπίσκοπος
488 1889 526 1917 ὢν
546 1891 580 1926 τῇ
600 1891 629 1918 ἐν
648 1891 751 1930 Νικαίᾳ
768 1896 870 1933 συνόδῳ
889 1886 986 1934 παρὼν
1015 1897 1225 1934 καθυπέγραψε.
1243 1896 1369 1924 Τοσαῦτα
1387 1896 1436 1932 μὲν
1451 1896 1515 1932 περὶ
1530 1896 1633 1923 τούτων
1652 1896 1691 1922 si-

58 1934 153 1969 ρήσθω.

329 1991 459 2021 ΚΕΦΑΛ.
479 1994 546 2022 MB'.

62 2037 106 2071 Ὠς
114 2038 340 2078 καθαιρεθέντος
352 2041 551 2078 Monday-Iov,
561 2041 705 2076 Εὐδόξιος
715 2043 774 2078 τὴν
784 2043 848 2072 ἐπι-

103 2074 226 2109 σκοπὴν
244 2076 478 2104 Κωνσταντίνου
494 2078 611 2110 πόλεως
629 2074 790 2113 κατέσχεν.

88 2121 117 2146 Ol
128 2120 157 2147 δὲ
175 2121 242 2156 περὶ
262 2121 391 2148 Ἀκάκιον
405 2122 453 2149 καὶ
461 2122 597 2157 Εὐδόξιον,
609 2124 638 2151 ἐν
651 2126 684 2160 τῇ
701 2125 848 2152 Κωνσταν-

1205 1994 1281 2023 CAP.
1298 1993 1379 2021 XLII.

897 2043 1020 2078 Qualiter
1040 2042 1155 2078 deposito
1169 2040 1332 2078 Macedonio,
1355 2039 1491 2078 Eudozius
1511 2039 1690 2075 episcopatum

1075 2075 1338 2111 Constantinopoleos
1357 2075 1507 2102 obtinuerit.

930 2124 1067 2152 Caeterum
1089 2122 1205 2149 Aeacius
1228 2125 1256 2148 et
1275 2120 1415 2149 Eudoxius
1435 2123 1464 2147 et
1484 2119 1530 2154 qui
1550 2126 1612 2146 cum
1636 2118 1692 2146 illis

56 2166 123 2193 τίνου
146 2167 224 2194 πόλει
241 2168 308 2203 περὶ
329 2168 359 2195 τὺ
374 2169 579 2206 ἁντικαθαιρεῖν
594 2170 641 2197 καὶ
665 2170 743 2198 αὐτοί
767 2164 845 2204 τινας

930 2173 978 2198 ant
998 2167 1246 2202 Constantinopoli,
1263 2167 1291 2194 id
1307 2166 1425 2194 maxime
1443 2165 1595 2198 ambibant,
1613 2168 1643 2192 ut
1662 2168 1690 2192 et

56 2212 97 2238 τοῦ
109 2213 202 2249 ἐτέρου
220 2213 335 2250 μέρους,
356 2214 450 2249 ἀγῶνα
472 2215 601 2244 ἐτίθεντο.
623 2216 721 2243 ’ίστέον
742 2217 782 2248 δὲ,
803 2218 845 2245 ὅτι

930 2216 952 2243 si
967 2215 1088 2244 vicissim
1108 2213 1255 2242 nonnullos
1272 2212 1450 2240 adversarum
1470 2211 1590 2247 partium
1607 2210 1690 2245 depo-

55 2257 185 2294 οὖδέτεροι
195 2258 242 2286 διὰ
261 2259 422 2294 Θρησκείαν,
434 2261 503 2288 ἀλλὰ
520 2261 553 2288 δι’
568 2261 666 2297 ἐτέρας
679 2262 843 2297 προφάσεις,

930 2264 1006 2289 arent.
1020 2259 1169 2287 Sciendum
1180 2266 1264 2294 porro
1278 2261 1329 2290 est,
1344 2261 1460 2285 neutros
1467 2257 1503 2284 ob
1517 2256 1688 2291 religionem,

55 2304 99 2336 τὶς
109 2305 287 2341 καθαιρέσεις
298 2306 472 2342 πεποίηνται.
488 2308 695 2343 Διακρινόμενοι
709 2308 764 2344 γὰρ
780 2309 845 2345 περὶ

931 2307 948 2334 d
960 2310 1073 2342 prOpter
1081 2306 1149 2333 alias
1158 2312 1265 2337 causas,
1277 2304 1434 2339 huiusmodi
1445 2303 1540 2338 deposi
1545 2303 1633 2330 tiones
1643 2302 1692 2330 (ιο-ι

56 2349 177 2383 πίστεως,
201 2352 231 2378 ἐν
255 2351 296 2387 τῷ
321 2352 463 2389 καθαιρεῖν
478 2353 622 2390 ἀλλήλους,
649 2353 699 2389 τὴν
721 2355 843 2391 ἀλλήλων

930 2350 1029 2378 evisse.
1039 2349 1108 2377 Nam
1123 2348 1248 2384 quamvis
1259 2348 1288 2375 in
1306 2347 1359 2375 ﬁde
1370 2348 1581 2380 dissentiebant,
1596 2351 1690 2375 tamen

56 2395 140 2422 πίστιν
167 2395 199 2422 οὐ
229 2396 424 2432 διεμέμφοντο.
453 2397 646 2434 Συγχρώμενοι
669 2398 698 2424 δὲ
721 2399 746 2425 ot
778 2398 844 2434 περὶ

930 2403 957 2422 m
982 2402 1011 2423 se
1035 2394 1158 2423 vicissim
1180 2394 1359 2429 deponerent,
1373 2398 1472 2422 neutra
1489 2401 1554 2428 pars
1575 2393 1692 2421 alterius

60 2441 180 2469 ’Δκάκιον
191 2444 225 2478 τῇ
239 2442 287 2470 τοῦ
303 2443 435 2478 βασιλέως
448 2444 528 2480 ὀργῇ,
547 2444 582 2479 ἢν
601 2443 673 2470 κατά
686 2453 717 2471 τε
732 2444 786 2471 τῶν
800 2444 844 2472 ἄλ-

932 2450 976 2470 em
991 2442 1169 2470 insimulavit.
1185 2441 1237 2476 Qui
1258 2441 1341 2477 igitur
1362 2440 1444 2476 153
1456 2441 1490 2468 ab
1508 2440 1609 2468 Acacio
1633 2444 1689 2467 sta-

54 2486 111 2521 λων,
125 2488 171 2515 καὶ
184 2489 308 2524 μάλιστα
330 2490 403 2517 κατά
421 2490 591 2518 Μακεδονίου
608 2489 750 2524 φυλάττων
766 2490 843 2518 ἐκτε-

930 2492 970 2522 nt,
989 2489 1134 2517 abutentes
1147 2487 1321 2524 imperatoris
1333 2487 1531 2523 indignatione,
1545 2494 1626 2522 quam
1645 2486 1690 2513 illo

54 2533 125 2560 λέσαι
140 2533 322 2568 ἐσπούδαζεν,
338 2535 501 2572 καθαιροῦσι
527 2535 635 2572 πρῶτον
650 2536 700 2571 μὲν
715 2536 842 2563 Μακεδόο

930 2535 1056 2571 npridem
1080 2536 1172 2564 animo
1194 2539 1366 2570 conceptum,
1381 2539 1440 2562 tum
1462 2534 1596 2562 adversus
1608 2533 1680 2560 alios

654 2614 789 2642 VALESIl
807 2614 1083 2644 ANNOTATIONES.

86 2671 140 2708 (84)
167 2672 222 2700 Kal
256 2672 317 2708 γὰρ
345 2673 400 2708 οὐκ
421 2671 535 2708 ὀφείλει
563 2673 745 2708 ὑπόστασις.
760 2671 847 2708 _Apud

930 2680 959 2708 ig,
980 2670 1050 2705 905;
1072 2672 1164 2700 locum
1179 2671 1269 2708 ipsum
1283 2678 1346 2698 mox
1362 2671 1540 2708 adducemus.

56 2706 74 2735 Α
86 2680 140 2708 (54)
167 2680 222 2713 μαι
247 2680 312 2713 frug
345 2680 400 2699 ουκ
421 2680 535 2721 agam!
563 2680 745 2704 υποστασις.
760 2680 847 2711 _Apuu

76 2707 228 2743 thanasutm
245 2715 275 2735 Ill
291 2707 363 2735 libro
380 2707 419 2735 De
434 2707 546 2743 synodus
557 2728 564 2739 ,
580 2715 606 2743 p.
626 2707 687 2743 906,
711 2711 847 2743 scriptum

930 2688 932 2699 ι
953 2692 959 2699 .
980 2680 1050 2705 aut);
1072 2680 1164 2700 locum
1179 2680 1269 2707 ipsum
1283 2680 1346 2698 mox
1362 2680 1540 2700 aaoucemus.

932 2680 989 2743 €85)
1015 2707 1070 2735 Καὶ
1090 2708 1202 2739 αἵτινες
1221 2707 1275 2743 ἐὰν
1296 2707 1490 2743 καινότεραικ
1502 2704 1687 2743 Scribendum

56 2715 228 2736 ntnanasutm
245 2715 275 2735 Ill
291 2715 363 2735 noro
380 2715 419 2735 De
434 2715 546 2743 synouis
557 2728 564 2739 ,
626 2715 687 2738 υυυ,
711 2715 847 2746 scriptum

55 2747 93 2780 est
107 2751 113 2769 :
126 2743 171 2780 καί
184 2742 242 2780 γὰρ
254 2742 316 2770 οὐδὲ
328 2742 441 2780 ὀφείλει.
456 2747 510 2770 etc.
532 2743 574 2780 Et
604 2742 696 2780 atinas
709 2744 847 2780 interpres

934 2715 989 2743 tua)
1015 2715 1070 2735 nat
1090 2715 1202 2739 αιτινες
1221 2715 1275 2733 ear
1296 2715 1475 2741 καινοτεριιι.
1502 2715 1684 2733 DCl'lDelluutll

930 2743 1049 2780 tprocul
1065 2743 1211 2780 dubioqxol
1235 2742 1335 2780 αἵτινες
1354 2741 1396 2780 ἂν.
1415 2741 1568 2780 καινότεραι
1584 2739 1684 2780 γένοινσ

57 2776 90 2805 ita
103 2776 202 2813 vertit:
224 2776 285 2805 Ima
298 2786 330 2804 ne
344 2776 493 2813 ὑπόστασις
512 2778 616 2813 quidem
627 2778 680 2804 sive
702 2777 845 2813 subsisten-
894 2776 1034 2808 ται,Ὶίοῶ
1055 2777 1127 2813 apud
1145 2777 1323 2804 Athanasium
1348 2777 1443 2804 eadem
1459 2783 1520 2811 qua
1538 2776 1567 2802 in
1582 2776 1683 2802 nostris

57 2812 90 2849 tiu
111 2813 143 2849 de
157 2811 253 2849 Putre,
275 2812 351 2849 Ifilio,
371 2817 396 2840 et
419 2811 522 2849 Spiritu
536 2818 628 2849 sancto
649 2811 844 2849 nqminagide-
894 2813 1039 2842 codicibus
1055 2811 1189 2840 habeatur
1202 2813 1349 2849 scriptura.

57 2846 102 2875 tet.
122 2847 200 2884 Quod
227 2846 373 2878 conﬁrmat
385 2846 549 2878 Athanasius
578 2848 605 2876 in
635 2847 731 2876 eodem
761 2846 844 2879 libro.
