1891 3068
217 115 266 142 551

942 117 1081 147 ΞΟΟΒΛΤ
1095 123 1105 145 ~i

1797 129 1866 155 3‘3

219 188 275 210 tum
284 184 421 220 prmeipue
428 177 523 212 contra
535 183 721 211 Macedonium
736 184 846 218 explere
856 187 1006 220 satagebat,

1068 188 1126 210 nov,
1143 182 1188 206 καί
1199 180 1235 212 ὡς
1246 181 1331 208 αἴτιον
1347 183 1451 210 πολλῶν
1466 184 1553 218 φόνων
1569 186 1726 220 γενόμενον,
1745 187 1789 213 καὶ
1809 187 1826 212 ἓ.
1838 206 1841 208 -
1853 196 1863 209 ι

218 231 335 265 primum
347 231 460 266 quidem
479 230 619 264 deponunt
632 228 838 256 Macedonium:
857 234 914 257 tum
932 232 1005 266 quod

217 276 397 309 plurimarum
416 275 530 302 caedium
545 278 641 301 auctor
661 274 768 308 fuisset,
783 278 841 301 tum
856 276 929 311 quod
949 277 1008 304 dia-

217 330 316 348 mnum
331 321 357 348 in
371 321 548 348 fornicatione
559 319 761 354 deprehensum
781 321 815 348 ad
835 323 1007 349 communio-

217 374 277 392 nem
304 366 468 398 admiserat;
491 365 631 393 Eleusium
651 366 750 393 deinde
771 367 912 402 Cyzicena:
931 369 1008 396 urbis

215 412 383 446 episcopum,
410 415 556 446 propterea
580 412 654 447 quod
680 413 838 440 Heraclium
861 415 1007 449 quemdam

217 457 340 483 llerculis
352 457 426 491 Tyrii
441 457 623 490 sacerdotem,
644 458 770 486 maleﬁcii
792 463 821 485 et
840 459 1007 494 magicarum

215 502 314 528 artium
330 503 496 535 convictum,
514 511 577 530 cum
589 511 668 531 sacro
679 504 843 538 baptismate
862 505 1006 538 initiasset,

216 555 277 573 mox
292 547 438 575 diaconum
454 541 639 576 ordinaverat.
660 549 729 576 Tum
744 549 873 576 Basilium
888 558 937 577 seu
957 551 1008 577 Ba-

215 593 302 624 silam,
316 594 356 621 sic
365 594 438 621 enim
448 595 530 622 etiam
543 595 742 629 appellabatur,
757 595 804 630 qui
817 595 935 622 Marcelli
946 596 1006 623 loco

214 639 358 673 episcopus
371 639 486 676 Ancyrae
497 640 586 668 fuerat
595 641 771 673 constitutus,
788 649 822 668 eo
831 641 904 676 quod
912 649 1008 676 quem-

198 683 278 725 zdam
306 684 407 720 injuste
430 690 562 718 torserat,
582 691 610 713 et
636 687 740 714 catenis
763 686 861 714 ferreis
884 688 1006 715 vinctum

214 730 346 757 custodite
358 731 563 766 mancipaverat
579 741 584 758 :
600 736 733 766 praaterea
743 739 777 759 eo
791 732 863 766 quod
875 733 1007 760 adversus

216 776 364 803 nonnullos
375 776 525 804 calumnias
536 781 689 805 struxerat:
703 777 821 812 denique
829 778 902 812 quod
915 779 1008 805 Eccle-

214 820 268 847 sias
281 821 379 852 Africa:
395 823 518 857 epistolis
532 823 589 849 suis
602 823 820 857 perturbaverat.
831 824 1005 851 Dracontium

1057 225 1179 253 διάκονον
1197 227 1243 253 ὲττὶ
1259 228 1369 264 πορνείᾳ
1384 229 1481 256 ἁλόντα
1501 230 1607 263 ἐδέξατο
1623 232 1663 262 εις
1680 234 1834 260 κοινωνία-ι
1853 243 1861 247 ·

1064 271 1199 298 Ἐλεύσιον
1214 273 1241 299 δὲ
1252 273 1296 299 τὸν
1308 274 1437 306 Κυζίκου,
1449 275 1515 302 διότι
1528 276 1688 311 Ἡράκλειόν
1699 287 1759 305 τινα
1770 280 1791 304 is
1800 279 1864 313 ρὲει

1057 316 1104 343 τοῦ
1137 319 1165 344 ὲν
1189 318 1269 353 Τύρῳ
1299 319 1478 355 Ἡρακλέους,
1502 322 1547 347 ὲπὶ
1574 323 1686 358 γοητείᾳ
1709 323 1864 358 ληφθέντα

1059 362 1202 397 βαπτίσας,
1218 365 1257 395 εἱς
1278 364 1400 391 διάκονον
1425 366 1617 400 προεϐάλλετο.
1642 368 1783 394 Βασίλειον
1809 368 1860 395 δὲ.

1057 408 1102 434 τὸν
1118 409 1164 435 καὶ
1180 409 1310 442 Βασιλᾶν,
1332 411 1378 436 καὶ
1390 410 1444 446 γὰρ
1457 412 1542 443 οὕτως
1565 412 1735 447 ὠνομάζετο,
1750 414 1796 440 τὸν
1824 415 1860 439 ἐν

1063 454 1184 490 Ἀγκύρᾳ
1200 456 1241 487 εἰς
1252 456 1298 482 τὸν
1319 456 1401 483 τόπον
1422 457 1582 492 Μαρκέλλου
1608 459 1858 493 προχειρισθέντα,

1057 500 1095 531 ὡς
1123 501 1222 532 ἀδίκως
1247 502 1307 528 τινὰ
1336 502 1535 536 βασανίσαντα,
1566 504 1613 530 καὶ
1640 505 1859 539 σιδηροδέςμοις

1058 545 1191 579 φυλακαῖς
1213 547 1428 574 κατακλείσαντα
1439 555 1445 562 ·
1464 548 1510 574 καὶ
1522 548 1561 574 ὅτι
1577 550 1760 582 συκοφαντίας
1774 551 1860 575 τισὶν

1057 591 1194 627 ἕρῤαψεν·
1225 592 1263 618 ἔτι
1289 592 1341 627 μὴν
1368 593 1415 620 καὶ
1440 593 1480 619 ὅτι
1500 593 1534 620 δι’
1562 594 1712 621 ἐπιστολῶν
1739 594 1791 625 τὰς
1824 595 1860 620 ἐν

1064 639 1181 674 Ἀφρικῇ
1204 638 1367 673 Ἐκκλησίας
1388 639 1536 674 ἐτάραξεν·
1555 639 1718 675 Δρακόντιον
1748 639 1788 671 δὲ,
1807 641 1859 666 ὅτι

1057 683 1112 711 ἀπὸ
1125 683 1259 716 Γαλατίας
1271 684 1371 719 μετέὸη
1384 685 1424 715 εἰς
1437 684 1596 720 Πέργαμον.
1608 685 1741 712 Καοεῖλον
1758 685 1787 711 δὲ
1801 686 1858 711 καὶ

1057 729 1170 756 Νεωνᾶν
1187 729 1232 755 τὸν
1243 729 1413 762 Σελευκείας,
1428 730 1457 756 ὲν
1505 730 1624 764 ἐγεγόνει
1641 731 1657 765 ἡ
1673 730 1798 762 σύνοδος,
1808 730 1856 755 ἑτι

1060 775 1112 810 μὴν
1141 775 1186 802 καλ¹
1216 775 1368 810 Σωφρόνιον
1395 775 1441 802 τὸν
1466 776 1714 811 Πομπηϊουπόλεως
1737 775 1789 809 τῆς
1823 775 1856 799 ὲ;

1059 821 1245 856 Παφλαγονίᾳ,
1267 822 1315 848 καὶ
1344 821 1477 848 Ἐλπίδιον
1502 821 1628 848 Σατάλων
1647 821 1697 855 τῆς
1722 820 1853 847 Μακεδο-

217 874 284 893 vcro
299 867 402 896 idcirco
419 869 616 903 deposuerunt,
633 868 708 903 quod
729 876 762 895 ex
781 868 886 896 Galatia
908 870 1006 904 Perga-

1068 867 1116 898 νίας
1149 866 1216 902 (86),
1245 867 1291 893 καὶ
1318 867 1372 893 τῶν
1397 867 1590 902 Ἰεροσολύμων
1625 866 1772 902 Κύριλλον,
1800 867 1853 892 καί

216 919 290 939 mum
303 913 477 940 transilierat.
491 913 662 940 Abdicarunt
673 913 756 940 etiam
767 913 887 940 Neonam
901 913 1006 948 episco-

1068 912 1155 944 ἱλλους
1173 913 1205 939 δι’
1221 912 1301 944 ἄλλας
1314 912 1403 943 αἰτίας
1420 912 1572 944 ἐξέϐαλλον.

216 965 280 993 pmn
297 958 436 991 Seleuciae,
453 967 505 994 qua
525 959 552 985 in
566 959 633 986 urbe
654 959 774 994 synodus
790 959 883 986 habita
899 960 987 986 fuerat
1001 969 1006 986 :
1028 959 1212 994 Sophronium
1223 966 1332 993 quoque
1343 979 1350 991 ,
1368 958 1526 993 episcopum
1539 957 1774 992 Pompeiopolcos,
1784 964 1852 991 qua:

216 1003 281 1030 urbs
312 1007 354 1030 est
384 1003 590 1038 Paphlagonize;
611 1003 748 1038 Elpidium
771 1004 923 1032 Satalorurn
959 1004 1105 1035 Armeniae,
1136 1003 1268 1039 Cyrillum
1295 1003 1546 1039 Hierosolymorum
1569 1002 1727 1038 episcopum
1743 1021 1751 1034 ,
1777 1002 1852 1028 alios

215 1049 333 1084 denique
346 1049 411 1076 alias
424 1049 458 1076 ob
475 1056 571 1075 causas
583 1053 808 1077 cxauctorarunt.

518 1115 593 1142 CAP.
610 1115 703 1142 XLIII.

366 1160 405 1186 De
422 1159 561 1187 Eustatliio
580 1162 697 1196 episcopo
718 1160 852 1188 Srbastiw.

249 1206 409 1234 Eustathius
421 1214 488 1233 vero
500 1206 632 1234 Sebastiae
652 1207 678 1234 in
699 1206 827 1234 Armenia
850 1207 1006 1243 cpiscopus,

215 1260 248 1279 ne
260 1252 371 1287 quidem
381 1252 416 1279 ad
429 1253 471 1278 sui
486 1252 674 1279 defensionem
687 1252 823 1280 admissus
834 1257 891 1280 est:
907 1254 1008 1288 quippe

213 1299 259 1333 qui
277 1307 292 1326 a
306 1303 383 1333 patre
403 1306 453 1326 suo
470 1299 586 1331 Eulalio,
603 1299 733 1326 Caesarea:
746 1298 937 1334 Cappadocum
951 1299 1009 1334 epi-

214 1351 297 1378 scopo
317 1344 375 1378 jam
396 1346 476 1370 antea
495 1343 636 1378 depositus
651 1344 749 1375 fuerat,
761 1352 794 1371 eo
812 1344 884 1378 quod
905 1349 1008 1372 vestem

215 1388 351 1415 sacerdoti
375 1388 488 1415 minime
515 1389 723 1416 convenientem
747 1393 889 1423 gestassct.
916 1389 1010 1417 Scien-

215 1434 280 1460 dum
295 1442 377 1468 porro
396 1439 448 1466 est,
464 1434 492 1461 in
510 1434 599 1461 locum
622 1434 757 1462 Eustathii
771 1435 929 1470 episcopum
942 1435 1008 1463 sub-

1337 1116 1458 1143 ΚΕΦΛΔ.
1474 1115 1540 1142 MI".

1091 1163 1160 1198 Περὶ
1176 1163 1346 1190 Εὐσταθὶυυ
1362 1160 1605 1192 τοῦνΣεϐαστε-ιιις
1623 1159 1810 1186 ἐπισκόπου.

1093 1210 1241 1240 Εὐστάοιος
1256 1209 1285 1235 δὲ
1295 1209 1309 1234 ό
1322 1207 1372 1242 τῆς
1386 1208 1414 1233 ἐν
1433 1206 1562 1242 Ἀρμενίᾳ.
1587 1205 1761 1236 Σίδας-τείας,
1783 1204 1848 1231 οὔτε

1059 1256 1098 1288 εἰς
1114 1255 1260 1288 ἀπολογίαν
1277 1254 1332 1290 (87)
1356 1253 1464 1288 ἐδέχθη,
1479 1252 1545 1278 διότι
1569 1251 1621 1278 ὑπὸ
1643 1251 1776 1277 Εὐλαλίηυ
1798 1251 1849 1277 τοῦ

1059 1301 1123 1328 ἰδίου
1137 1301 1238 1336 πατρὸς
1248 1301 1295 1326 και)¹
1307 1300 1455 1326 ἐπισκόπου
1475 1297 1641 1332 Καισαρείας
1657 1296 1708 1330 τῆς
1722 1297 1753 1322 ὲν
1766 1297 1849 1322 Καπ-

1057 1347 1183 1381 παδοκίᾳ,
1212 1346 1261 1381 ἠδη
1283 1346 1412 1380 πρότερον
1431 1344 1578 1380 καθῄρητο,
1601 1342 1696 1378 ἐπειδὴ
1721 1342 1847 1377 ἀνάρμο-

1058 1401 1119 1419 στον
1141 1393 1174 1427 τῇ
1192 1391 1325 1427 ἱερωσύνῃ
1346 1391 1440 1425 στολὴν
1460 1390 1604 1425 ἠμφίεστο.
1628 1389 1726 1415 Ἰστέον
1743 1388 1783 1420 δὲ,
1797 1389 1847 1414 ita

1057 1437 1097 1467 είς
1115 1435 1197 1463 τόπον
1220 1435 1367 1463 Εὑσταθίου
1392 1434 1521 1465 Μελέτιος
1544 1433 1660 1468 κατέστη
1682 1433 1846 1464 ἐπίσκοπος,

216 1484 340 1514 rogatum
360 1488 420 1508 esse
443 1480 590 1512 Meletium,
615 1481 648 1507 de
661 1489 715 1516 quo
731 1481 812 1516 paulo
822 1481 891 1508 infra
907 1482 1006 1510 dicturi

1068 1481 1126 1516 περὶ
1142 1477 1172 1507 οὗ
1190 1480 1286 1516 μικρὸν
1307 1480 1419 1515 ὕστερον
1441 1479 1569 1514 ἐροῦμεν.
1586 1479 1735 1511 Εὑστάθιος
1755 1479 1847 1513 μέντοι

217 1533 321 1552 sumus.
334 1525 469 1553 Caeterum
482 1525 644 1552 Eustathius
656 1526 774 1560 posthaec
786 1526 869 1553 ctiam
887 1527 913 1553 in
926 1535 1009 1562 syno—

217 1571 252 1598 do
265 1570 427 1605 Gaugrensi.
445 1579 506 1606 qua:
518 1571 603 1605 ipsius
621 1579 702 1598 causa
717 1571 743 1598 in
757 1571 941 1607 Paphlagonia
954 1573 1010 1600 col-

217 1615 288 1642 lecta
311 1615 411 1647 fuerat,
431 1616 629 1642 condemnatus
651 1620 703 1647 est,
719 1624 753 1643 eo
770 1617 843 1651 quod
867 1621 928 1652 post
943 1625 1010 1645 con-

218 1660 404 1688 demnationis
417 1661 580 1688 sententiam
593 1660 724 1688 adversus
735 1662 823 1696 ipsum
835 1662 969 1696 prolatam
982 1663 1010 1689 in

219 1707 325 1742 synodo
338 1706 508 1738 Caesariensi,
522 1707 606 1734 multa
619 1711 711 1734 contra
725 1707 798 1742 leges
811 1708 1012 1736 ecclesiasticas

1059 1527 1107 1554 καὶ
1119 1526 1274 1562 μεταταῠτα
1286 1527 1313 1552 ἐν
1321 1527 1355 1561 τῇ
1367 1525 1400 1552 δι’
1414 1525 1631 1560 αὺτὺνγενομένῃ
1641 1525 1669 1550 ὲν
1682 1524 1826 1559 Γάγγραις
1834 1530 1846 1543 ι

1058 1572 1107 1606 τῆς
1132 1570 1322 1605 Παφλαγονίας
1341 1571 1441 1605 συνόδῳ
1455 1570 1616 1605 κατεκρίθη,
1638 1570 1706 1596 διότι
1725 1571 1797 1605 μετὰ
1817 1570 1849 1595 τὸ

1059 1617 1253 1652 καθαιρεθῆναι
1282 1617 1361 1644 αὐτὸν
1390 1618 1419 1643 ὲν
1440 1618 1472 1652 τῇ
1498 1616 1568 1643 κατὰ
1592 1616 1764 1651 Καισάρειαν
1785 1625 1847 1642 συν-

1059 1663 1110 1698 όδῳ
1123 1662 1190 1697 (88),
1206 1662 1289 1688 πολλὰ
1311 1662 1385 1697 παρὰ
1407 1662 1469 1693 τοὺς
1483 1661 1725 1696 ἐκκλησιαστικοὺς
1743 1660 1847 1692 τύπους

1060 1709 1203 1744 ἔπραττεν,
1221 1709 1322 1744 Γαμεῖν
1338 1709 1392 1744 γὰρ
1407 1708 1520 1740 ἐκώλυε,
1544 1707 1592 1734 καὶ
1609 1706 1764 1743 βρωμὸτων
1794 1707 1846 1732 ἁπ-

819 1791 950 1818 VALESII
969 1790 1245 1832 ANNOTATlONES.

255 1844 309 1881 (86)
326 1845 464 1872 Σατάλων
478 1846 533 1880 τῆς
551 1847 746 1879 Μακεδονίης.
762 1846 850 1873 Satala
869 1846 1000 1881 oppidum

220 1880 272 1908 fuit
285 1879 433 1922 Ατιηεξηὶῳι
454 1881 648 1922 cuj_us_crebra
666 1882 788 1922 occurrit
809 1879 913 1922 mentio
929 1882 1001 1922 apud

220 1918 337 1942 veteres.
358 1915 388 1942 In
409 1915 565 1943 Macedonia
581 1924 657 1948 vero,
676 1917 751 1943 nulla
776 1916 858 1950 hujus
882 1915 1002 1944 nominis

220 1950 315 1986 civitas
330 1950 363 1986 ab
379 1951 497 1986 antiquis
513 1955 662 1978 memorata
675 1950 822 1978 invenitur.
834 1950 922 1986 Quare
943 1951 1004 1986 Ἀρ-

222 1985 315 2019 μενιας
331 1985 377 2013 hic
392 1985 566 2014 scribendum
587 1990 663 2020 puto,
679 1993 728 2022 pro
750 1985 930 2019 Μακεδονίας.
954 1986 1004 2013 Sa-

1054 1847 1117 1879 tala,
1137 1847 1309 1882 episcopatus
1327 1847 1414 1882 Lycia:
1434 1850 1603 1882 memoratur
1625 1846 1652 1872 in
1668 1851 1749 1880 parte
1767 1846 1844 1873 tertia

1055 1881 1305 1917 synodi'Cbalccd"
1329 1881 1389 1916 pag.
1411 1881 1472 1917 390.

1092 1917 1147 1951 (87)
1165 1918 1238 1943 Οὔτε
1253 1918 1296 1949 εἰς
1315 1915 1491 1950 ἀπολογίαν.
1509 1915 1607 1951 Malim
1630 1915 1755 1942 scribere
1775 1915 1834 1941 οὐδὲ

1094 1948 1149 1986 (88)
1171 1952 1223 1977 Ἐν
1251 1951 1289 1986 τῇ
1318 1952 1391 1978 κατὰ
1417 1948 1599 1983 Καισάρειαν
1622 1951 1764 1986 our-66¢.
1794 1951 1844 1978 Pro

1057 1987 1190 2018 Czesarea,
1210 1986 1378 2015 Sozomenus
1393 1986 1595 2013 Neocaesaream
1613 1985 1690 2012 dicit.

940 2067 1120 2096 VARIORUM
1124 2087 1130 2093 .

257 2127 271 2141 ι
299 2120 351 2147 Ἑν
364 2120 524 2156 ΓάγγῬοιιςτ
536 2120 612 2147 Hanc
628 2121 771 2156 synodum,
785 2126 846 2156 post
856 2122 1004 2155 Nicmnam,

222 2156 278 2183 sive
288 2156 405 2191 primam
418 2155 582 2190 generalem,
595 2155 713 2183 habitam
727 2155 821 2189 fuisse,
833 2162 933 2191 praeter
942 2157 1005 2184 Bal-

223 2198 328 2218 samum
348 2195 376 2217 et
389 2189 531 2221 Zonaram,
548 2190 593 2217 alii
613 2191 694 2218 etiam
707 2191 808 2218 diserte
822 2189 913 2218 téstati
930 2196 1004 2218 sunt.

223 2225 256 2252 Et
267 2225 376 2260 quidem
399 2224 530 2260 Baronius
556 2225 589 2252 ad
609 2233 671 2252 ann.
685 2226 746 2257 561,
761 2229 789 2253 et
805 2234 837 2253 ex
851 2234 884 2252 eo
900 2226 1005 2258 Binius,

223 2268 282 2286 eam
302 2259 472 2295 Constantini
497 2259 531 2286 M.
547 2264 575 2287 et
590 2260 719 2295 Sylvestri
742 2269 817 2295 papa:
838 2261 1008 2294 temporibus

225 2295 344 2321 habitam
355 2293 446 2330 fuisse,
459 2293 636 2330 contendunt,
655 2303 688 2322 ex
700 2303 733 2322 co
742 2293 821 2330 'qriod
835 2293 935 2321 Hosius
947 2295 1006 2329 cpi-

224 2337 324 2363 scopus
346 2328 531 2356 Cordubensis
554 2330 579 2357 ei
594 2328 766 2357 "interfuisse
779 2330 905 2362 dicatur;
924 2328 1007 2356 nimi-

225 2372 285 2391 rum
306 2364 333 2390 in
350 2363 525 2398 inscriptione
539 2365 659 2399 epistola:
673 2365 706 2391 ab
723 2365 773 2390 hac
789 2364 891 2398 synodo
907 2363 941 2390 ad
955 2366 1007 2391 Ar-

225 2406 320 2434 menos
339 2400 508 2434 conscriptae,
527 2407 587 2434 qua:
617 2400 656 2426 sic
683 2407 710 2425 sc
726 2399 836 2429 _habere
863 2399 1006 2434 creditur:

225 2433 344 2459 Dominis
369 2433 561 2461 honorabilibus
584 2433 809 2460 consacerdotibus
835 2434 861 2459 in
883 2433 1009 2460 Armenia

226 2468 371 2504 constitutis
393 2469 544 2504 eriscopi,
562 2469 698 2499 Eusebius,
709 2467 1008 2504 ΔῌυρηζίιιιςηΕιιίίιίὶιιηιι,

227 2503 374 2536 Gregorius.
383 2501 516 2538 (Eliunus',
529 2503 689 2538 Bithynicus,
702 2501 846 2538 Olympius,
856 2503 1008 2538 Bassianus,

227 2537 360 2569 Basilius,
393 2537 521 2570 Philetas,
551 2537 698 2568 llcraclius,
720 2537 836 2572 Rappus,
865 2537 1008 2572 Eugeniae,

228 2572 320 2600 Hosius
337 2572 519 2605 Cordubensis,
539 2578 592 2599 etc.
614 2571 666 2598 Sed
686 2572 714 2598 in
730 2571 823 2599 Grzeca
840 2573 896 2607 ipsa
909 2571 1011 2600 inscri-

228 2608 337 2642 ptione,
366 2609 411 2634 cui
438 2609 508 2635 hanc
535 2607 630 2634 Binius
659 2610 785 2642 tanquam
813 2607 936 2634 Latinam
952 2609 1010 2642 ejus

228 2641 379 2669 versionem
395 2642 531 2677 apposuit,
551 2642 625 2668 nulla
651 2641 680 2667 lit
693 2641 803 2668 omnino
818 2641 1009 2670 HosiiCordu-

229 2677 319 2704 bensis
337 2675 448 2703 mentio.
472 2675 626 2708 Quinetiam
649 2684 700 2703 nec
716 2684 731 2703 a
749 2681 841 2704 vetere
858 2678 954 2704 Latino
970 2678 1011 2704 in-

230 2717 359 2746 terprete,
376 2720 426 2738 nec
439 2711 472 2738 ab
491 2711 544 2737 alio
564 2712 661 2745 quovis
678 2719 812 2739 canonum
837 2712 934 2738 horum
954 2713 1011 2739 edi.-

231 2752 288 2774 tnre
308 2747 407 2774 ilosius
427 2746 477 2772 iste
500 2746 570 2772 inter
588 2746 731 2781 episcopos
754 2747 804 2773 hac
821 2747 925 2781 synodo
946 2755 1011 2774 con-

229 2786 353 2816 gregatos
382 2786 608 2808 commemoratur
627 2781 699 2808 Cuil.
724 2781 888 2816 Bcveregius
917 2786 1008 2808 annot.

234 2818 261 2846 in
280 2823 340 2844 can.
361 2824 436 2843 conc.
464 2816 642 2852 Gaugrcnsis;
665 2816 710 2843 ubi
729 2824 757 2843 se
777 2815 882 2843 nesc‘irc
910 2815 1010 2843 fatetur

1053 2131 1108 2158 quo
1123 2129 1195 2158 anno
1214 2121 1272 2148 lucc
1295 2121 1415 2158 synodus
1436 2121 1573 2158 celebrata
1598 2119 1692 2158 fuerit.
1709 2119 1844 2158 Quoniam

1055 2131 1108 2158 quo
1123 2130 1195 2149 anno
1215 2130 1272 2148 ιιωο
1295 2130 1415 2182 slynoous
1436 2130 1573 2148 celebrata
1598 2130 1692 2147 ruerit.
1709 2130 1844 2152 quoniam

1055 2162 1146 2184 autem
1174 2156 1281 2183 Sozom.
1320 2156 1356 2182 ib.
1384 2164 1420 2188 IV,
1449 2164 1508 2191 cap.
1537 2155 1582 2187 ‘24,
1603 2155 1721 2191 innuere
1737 2155 1845 2181 videtur

1055 2192 1126 2219 hanc
1141 2191 1309 2218 Antiochena
1328 2191 1413 2217 fuisse.
1434 2191 1562 2225 priorem,
1591 2190 1665 2225 gravi
1695 2191 1844 2223 parat-hru-

1057 2227 1155 2257 nistno,
1181 2229 1211 2252 ut
1236 2225 1357 2256 videtur,
1375 2226 1418 2252 vir
1440 2226 1474 2252 cl.
1493 2225 1619 2259 intelligit
1646 2225 1843 2252 Antiochenam

1057 2261 1132 2288 illam
1149 2268 1162 2287 s
1181 2259 1293 2291 nodum,
1308 2261 1334 2287 in
1348 2260 1478 2287 Encreniis
1496 2260 1577 2294 vulgo
1591 2260 1704 2290 dictam,
1719 2267 1844 2294 annoque

1058 2296 1107 2321 5M
1127 2268 1257 2321 haiiitam.
1283 2294 1417 2321 Caeterum
1443 2303 1504 2321 cum
1527 2295 1651 2321 Socrates
1678 2295 1725 2321 hic
1746 2294 1844 2321 diserte

1058 2296 1107 2322 5M
1127 2294 1257 2322 habitam.
1283 2294 1417 2322 Caeterum
1443 2303 1504 2322 cum
1527 2295 1651 2321 Socrates
1678 2295 1725 2322 hic
1746 2294 1845 2321 diserte

1024 2319 1045 2346 D
1062 2330 1161 2357 asserit
1171 2329 1315 2356 concilium
1331 2330 1485 2364 Gangrcnse
1499 2329 1634 2356 Eustathii
1652 2330 1844 2356 Cnusa’coiissc

1050 2369 1124 2399 ~post
1141 2365 1222 2391 modo
1236 2368 1416 2391 memoratum
1441 2364 1507 2391 illud
1526 2364 1768 2398 Constantinopoli
1799 2373 1843 2391 an-

1060 2407 1096 2426 no
1123 2399 1174 2427 560
1198 2399 1332 2431 habitum,
1349 2407 1466 2434 cumque
1495 2399 1610 2426 modicis
1632 2399 1789 2426 intervallis
1804 2407 1843 2426 oc-

1060 2435 1146 2462 currit
1170 2442 1254 2461 unum
1271 2438 1299 2461 et
1315 2435 1431 2461 alterum
1458 2434 1609 2461 Antiochiae
1638 2439 1841 2469 congregatum,

1060 2469 1127 2504 quid
1141 2469 1298 2496 dubitemus
1312 2469 1446 2496 afﬁrmare
1463 2469 1595 2504 synodum
1613 2468 1684 2495 hanc
1705 2468 1842 2503 Gangren-

1061 2503 1117 2531 sem
1134 2513 1206 2532 anno
1227 2503 1338 2531 circiter
1352 2504 1413 2535 561,
1431 2503 1484 2530 aut
1495 2504 1547 2531 562
1559 2504 1642 2531 luisse
1658 2503 1842 2531 celebratam?

1059 2539 1328 2574 Certe_Athanasius,
1343 2539 1414 2565 libro
1433 2539 1471 2566 De
1492 2538 1611 2574 synodis,
1634 2546 1695 2574 pag,
1713 2538 1777 2570 747,
1792 2543 1841 2565 tra-

1061 2573 1111 2606 dit,
1136 2570 1321 2601 Semiarianos
1332 2570 1566 2608 Constantinopoli
1589 2570 1765 2600 Antiochiam
1784 2581 1841 2608 pro-

1061 2609 1157 2640 fectos,
1174 2609 1255 2635 aliam
1269 2608 1330 2635 ﬁdei
1350 2608 1492 2635 formulam
1510 2608 1643 2639 edidisse;
1659 2608 1730 2635 adeo
1749 2612 1780 2634 ut
1794 2616 1840 2635 non

1061 2644 1098 2670 sit
1113 2651 1182 2677 opus
1201 2651 1342 2670 recurrere
1357 2643 1390 2670 ad
1408 2643 1475 2670 illud
1495 2644 1521 2669 in
1546 2643 1678 2670 Eucteuiis
1693 2643 1840 2670 Antiochia:

1061 2678 1218 2704 concilium.
1230 2678 1308 2710 Quod
1322 2686 1387 2705 vero
1399 2678 1532 2705 Antonius
1546 2678 1609 2712 Pagi
1627 2678 1763 2712 synodum
1780 2678 1841 2704 hanc

1061 2713 1175 2747 Gangris
1193 2713 1351 2740 convenisse
1367 2713 1462 2739 statuit
1475 2717 1536 2739 ante
1548 2720 1648 2739 annum
1662 2713 1725 2745 558,
1743 2713 1769 2739 id
1784 2713 1839 2739 facit

1062 2753 1092 2774 ut
1111 2747 1209 2774 Hosius
1232 2749 1362 2775 interesse
1377 2752 1479 2782 posset,
1497 2748 1543 2782 qui
1560 2755 1593 2774 co
1616 2755 1687 2773 anno
1706 2748 1734 2774 in
1751 2747 1838 2781 Hispa—

1062 2782 1134 2808 niam
1160 2789 1286 2809 reversus
1307 2788 1348 2809 est
1369 2791 1374 2808 ε
1395 2782 1505 2809 llosium
1521 2787 1611 2809 autem
1628 2782 1684 2808 illic
1701 2790 1757 2809 non
1775 2789 1836 2809 com

1062 2817 1184 2852 paruisse
1197 2824 1278 2852 supra
1291 2825 1322 2844 cx
1338 2817 1484 2852 llevcrcgio
1501 2821 1639 2844 ostensum
1657 2822 1710 2844 cst.
