1891 3068
61 152 108 179 32.3
536 150 694 179 HISTORIA
716 151 988 180 ECCLESIASTICA.
1006 132 1124 180 —.LIB.
1145 152 1176 180 ll.

1637 155 1689 183 ΞΜ

63 211 166 246 έλεςοαι
182 209 370 244 ἐδογμάτιζεν.
382 207 436 234 Καὶ
447 208 490 234 διὰ
498 208 657 243 totiter/(89)
672 208 785 240 πολλοὺς
797 209 846 244 μὲν

931 214 1000 237 cret.
1017 211 1085 237 Nam
1100 214 1129 238 et
1143 217 1256 238 uxorem
1273 210 1374 237 ducere
1387 211 1560 245 prohibebat,
1576 216 1604 239 et
1620 221 1635 240 ιι
1648 221 1688 240 cr-

77 257 119 287 o);
133 254 340 289 γεγαμηκότας,
355 253 402 280 τοῦ
418 254 586 280 συνοικεσίου
601 254 726 289 ἐχώριζε,
741 255 787 281 καὶ
798 255 846 287 τὰς

63 300 203 335 ἐκκλησίας
217 299 434 334 ἐκτρεπομένους
448 297 516 333 (90),
534 298 577 324 ἐπ’
592 298 680 329 οἰκίας
691 299 740 334 τὴν
752 308 846 326 κοινω·

63 348 116 374 ’λίαν
140 346 276 372 ποιεῖσθαι
300 344 438 372 ἀνέπειθε.
467 343 583 376 Δούλους
614 354 642 370 τε
671 346 846 381 προσχήματι

63 392 210 423 θεοσεϐείας
219 391 274 417 τῶν
285 390 422 417 δεσποτῶν
432 390 551 417 ἀπέσπα.
567 390 653 422 Αὐτός
662 399 691 417 τε
703 391 846 426 φιλοσόφου

64 440 148 473 σχῆμα
162 437 266 472 φορῶν,
289 436 335 464 καὶ
357 436 421 468 τοὺς
445 435 658 468 ἀκολουθοῦντας
682 436 756 472 αὐτῷ
785 436 847 473 ξένῃ

65 484 135 519 στολῇ
152 482 270 518 χρῆσθαι
295 481 390 509 ἐποίει.
410 482 465 509 Καὶ
487 482 536 514 τὰς
553 483 687 516 γυναῖκας
707 482 847 518 κείρεσθαι

64 527 275 565 παρεσκεύαζεν.
294 528 349 555 Καὶ
364 528 413 560 τὰς
429 528 480 563 μὲν
497 527 655 564 ὡρισμένας
666 529 792 564 νηστείας
802 529 848 556 ὲκ-

64 574 207 610 τρὲπεσθαι
218 584 224 589 ·
234 575 283 606 τὰς
295 574 428 610 κυριακὰς
442 572 470 599 δὲ
486 573 626 608 νηστεύειν
637 574 784 600 ἐδίδασκεν.
804 575 847 601 Ἐν

64 620 141 651 οἴκοις
157 628 186 645 τε
207 618 406 654 γεγαμηκότων
423 618 505 652 εὐχὰς
525 616 628 645 ἐκώλυε
643 618 783 652 γενέσθαι·
799 618 847 645 καὶ

65 664 242 700 πρεσϐυτέρου
261 665 377 698 γυναῖκα
397 663 515 699 ἔχοντος,
544 663 578 698 ἢν
601 663 675 699 νόμῳ
696 664 788 696 λαῖκὸς
809 663 847 691 ὣν

64 710 185 745 ἠγάγετο,
203 711 254 745 τὴν
270 710 396 743 εὐλογίαν
408 709 455 736 καὶ
471 709 520 745 τὴν
537 710 692 742 κοινωνίαν,
707 710 745 742 ὼς
763 711 846 746 μῦσος

65 757 189 783 ἐκκλίνειν
213 756 335 783 ἐκέλευε,
363 755 418 783 Καὶ
444 755 510 782 ἄλλα
528 755 642 783 πλεῖστα
668 757 847 792 παραπλήσια

65 803 160 834 τούτοις
174 803 315 834 ποιοῦντος
329 802 409 830 αὐτοῦ
425 803 471 830 καὶ
483 803 664 839 διδάσκοντος,
680 806 798 838 σύνοδος,
810 806 848 838 ὡς

66 849 136 884 ἔφην,
157 849 185 874 ἐν
208 848 351 884 Γάγγραις
377 849 426 884 τῆς
457 850 648 885 Παφλαγονίας
673 851 846 887 συναχθεῖσα,

64 895 136 920 αὐτόν
146 903 174 920 τε
184 894 306 926 καθεῖλε,
322 895 368 921 καὶ
384 895 418 921 τὰ
427 895 549 930 δόγματα
562 896 645 923 αὑτοῦ
657 897 846 932 ἀνεθεμάτισε.
862 884 884 912 Β

64 941 147 967 Ταῦτα
166 941 215 976 μὲν
232 939 280 967 οὖν
294 940 406 977 ὕστερον
418 941 526 975 ἐγένετο
540 942 608 977 (91).
626 943 694 969 Τότε
706 943 735 969 δὲ
751 943 849 978 ἐκϐλη-

64 987 148 1018 θέντος
166 986 348 1018 Μακεδονίου,
370 987 494 1019 Εὐδόξιος
511 988 524 1007 1³
540 989 570 1014 ἐν
584 988 703 1024 δευτέρῳ
723 989 768 1015 τὸν
788 990 848 1015 Ἀν-

64 1033 174 1068 τιοχείας
196 1032 311 1068 θέμενος
331 1033 435 1068 θρόνον,
459 1034 508 1068 τῆς
534 1035 849 1066 Κωνσταντινουπόλεως

63 1078 259 1110 ἀναδείκνυται,
279 1079 334 1105 τῶν
350 1078 414 1114 περὶ
435 1079 562 1106 ’Δκάκιον
576 1079 787 1115 ἐνορονισάντων
800 1081 849 1107 αὑ-

63 1124 118 1150 τόνθ
139 1124 163 1150 οἳ
191 1124 338 1151 ἐλάνθανον
364 1125 486 1157 ἑαυτοὺς,
511 1125 620 1151 ἐναντία
643 1125 852 1160 νομοθετοῦντες

63 1170 113 1201 τοῖς
126 1171 169 1196 ὑπ’
185 1170 277 1197 αὐτῶν
292 1171 475 1206 κεκριμένοις.
490 1172 521 1198 Oi
535 1171 589 1206 γὰρ
603 1171 764 1206 Δρακόντιον
784 1171 851 1198 καθ-

63 1215 161 1246 ελόντες
184 1215 254 1241 διότι
276 1217 308 1242 ὲκ
330 1216 464 1248 Γαλατίας
498 1214 598 1252 μετέϐη
631 1217 671 1247 εἰς
693 1216 849 1251 Πέργαμον,

63 1263 108 1289 οὐχ
127 1262 292 1296 ἐλογίζοντο,
317 1262 442 1296 Εὑδόξιον
463 1263 588 1298 δεύτερον
605 1262 665 1288 τότε
687 1262 849 1296 ποιούμενον

62 1308 106 1343 τὴν
136 1308 288 1343 μετάϐασιν
313 1307 531 1344 ἐνθρονίζοντες,
557 1308 593 1339 ὡς
620 1307 765 1334 ὑπεναντία
792 1307 848 1339 τοῖς

63 1355 166 1384 οἰκείοις
182 1354 319 1390 δόγμασιν
335 1354 479 1390 ἔπραττον.
492 1354 584 1381 Ταῦτα
601 1353 847 1389 κατεργασάμενοι,

62 1402 105 1436 τὴν
119 1401 165 1436 μὲν
178 1400 402 1434 ἀναγνωσθεῖσαν
415 1400 505 1427 πίστιν
514 1401 554 1432 εἰς
567 1400 616 1435 τὴν
633 1400 778 1435 Ἀρίμηνον
791 1398 847 1434 (92)

63 1447 128 1481 μετὰ
146 1447 194 1481 τῆς
219 1447 372 1481 γενομένης
401 1446 572 1482 προσθήκης,
597 1446 635 1477 ὡς
653 1444 848 1480 διορθώσαντες

63 1492 264 1524 ἑξεπέστειλανο
291 1492 475 1527 ἐντειλάμενοι
498 1492 561 1522 τοὺς
579 1491 616 1526 μὴ
639 1490 848 1526 ὑπογράφοντας

899 255 941 282 bis
956 263 1017 283 esse
1035 256 1230 284 abstinendum
1248 256 1373 283 docebat.
1399 256 1480 292 159
1498 257 1575 284 Unde
1590 258 1690 285 multos

897 299 1008 335 quidem
1028 301 1076 335 qui
1089 301 1263 328 matrimonia
1278 306 1482 334 contraxeram,
1497 310 1512 329 a
1528 303 1690 338 conjugibus

898 346 1055 380 separavit;
1068 351 1096 374 et
1111 347 1165 374 illis
1177 348 1224 382 qui
1237 347 1370 375 ecclesias
1382 349 1590 380 aversabantur,
1604 349 1689 376 suasit

898 395 929 418 ut
946 392 1020 418 domi
1040 393 1286 420 communicarent.
1310 393 1364 421 Sed
1385 398 1413 421 et
1435 402 1530 421 servos
1556 399 1690 429 prmtextu

898 438 1017 472 pietatis,
1032 446 1047 465 a
1065 438 1183 466 dominis
1199 440 1257 466 suis
1270 439 1412 467 abstraxit.
1426 441 1485 475 ipse
1495 448 1561 467 vero
1572 441 1692 475 philom-

898 484 946 519 phi
962 483 1086 511 habitum
1099 489 1218 519 gestans,
1234 489 1384 513 sectatores
1398 494 1462 513 suos
1473 494 1542 513 nova
1554 490 1635 520 atque
1652 486 1691 512 in—

898 529 997 556 solenti
1013 533 1089 556 veste
1106 529 1183 556 indui
1198 530 1291 564 jussit.
1313 530 1442 557 Mulieres
1459 538 1568 565 quoque
1584 530 1690 557 tonderi

897 574 972 602 fecit.
987 575 1021 602 Et
1035 575 1192 609 prtescripta
1207 575 1318 609 quidem
1333 576 1438 611 jejunia
1464 576 1592 610 fugienda
1614 583 1690 607 esse;

897 620 997 648 diebus
1009 628 1075 647 vero
1090 620 1240 648 Dominicis
1252 621 1431 656 jejunandum
1448 621 1586 656 praecepit.
1608 621 1691 649 Deni-

898 674 951 701 que
973 666 1001 693 in
1022 666 1128 693 uadibus
1142 667 1349 701 conjugatorum
1369 668 1542 701 precationes
1567 668 1627 694 ﬁeri
1647 675 1693 694 \‘c-

898 713 965 745 tuit;
995 716 1023 740 et
1052 712 1206 748 presbyteri
1227 720 1341 740 uxorem
1360 712 1498 745 habentis,
1523 721 1604 748 quam
1627 714 1692 749 dum

898 761 971 785 esset
990 757 1077 785 laicus
1097 757 1220 793 legitimo
1238 758 1414 785 matrimonio
1430 758 1483 786 sibi
1505 760 1691 794 copulaverat,

898 803 1121 831 benedictionem
1140 808 1169 831 et
1191 804 1414 832 communionem
1431 804 1518 832 instar
1529 805 1629 840 piaculi
1643 806 1692 833 dc-

897 849 1055 877 clinandam
1074 849 1202 877 docebat.
1217 850 1280 878 Hmc
1291 854 1321 878 et
1332 850 1489 885 hujusmodi
1507 851 1560 877 alia
1574 850 1692 885 plurima

898 903 961 923 cum
979 895 1024 923 ille
1044 899 1072 923 et
1086 895 1189 923 faceret
1207 899 1236 923 et
1255 895 1376 929 doceret,
1394 896 1515 931 synodus
1527 896 1644 931 Gangris
1665 897 1693 924 in

898 941 1082 977 Paphlagonia
1093 945 1268 977 congregata,
1281 942 1321 970 uti
1330 943 1386 977 jam
1399 942 1467 975 dixi,
1479 950 1542 970 eum
1555 943 1692 977 deposuit,

897 988 1014 1022 ejusque
1025 987 1153 1023 dogmata
1166 988 1340 1015 anathemate
1352 988 1501 1015 damnavit.
1515 989 1618 1016 Verum
1637 989 1695 1016 haec

898 1037 991 1068 postea
1003 1038 1079 1068 gesta
1103 1038 1176 1061 sunt.
1199 1034 1277 1061 Tunc
1298 1042 1375 1066 vero,
1389 1034 1503 1069 expulso
1523 1034 1693 1066 Macedonio,

898 1079 1039 1106 Eudoxius
1058 1079 1258 1106 Antiochenam
1283 1079 1376 1107 sedem
1394 1079 1605 1114 parvipendcns,
1624 1080 1695 1107 Con-

901 1125 1118 1160 stantinopoleos
1132 1125 1280 1160 episcopus
1294 1126 1485 1158 constituitur,
1500 1125 1694 1152 ordinantibus

899 1178 963 1198 eum
978 1171 1131 1199 Acacianis.
1146 1171 1198 1204 Qui
1213 1171 1326 1206 quidem
1346 1179 1402 1198 non
1422 1171 1692 1202 animadvertebant,

899 1225 928 1246 se
942 1219 1080 1246 contraria
1096 1218 1130 1246 iis
1140 1225 1201 1252 quae
1218 1218 1270 1253 ipsi
1285 1221 1366 1245 antea
1376 1218 1579 1253 judicaverant,
1595 1218 1693 1245 decer-

886 1260 974 1291 'nere.
997 1264 1065 1291 Nam
1087 1264 1134 1298 qui
1162 1264 1341 1291 Dracontium
1369 1263 1473 1291 ideirco
1495 1264 1692 1299 deposuerant,

896 1309 1015 1344 quodex
1030 1309 1136 1336 Galatia
1152 1309 1315 1344 Pergamum
1330 1310 1515 1342 transiliissct,
1534 1310 1616 1337 iidem
1637 1310 1693 1337 Eu-

896 1354 1009 1381 doxium
1021 1359 1087 1382 tunc
1101 1355 1223 1382 secundo
1243 1355 1277 1382 ad
1289 1356 1374 1382 alium
1388 1357 1577 1391 episcopatum
1593 1357 1693 1384 transi—

896 1400 1008 1428 lientem
1028 1400 1197 1432 ordinantes,
1228 1400 1295 1427 illud
1322 1401 1436 1428 minime
1460 1401 1637 1436 reputabant,
1663 1409 1693 1428 sc

896 1447 955 1474 suis
975 1446 1098 1480 ipsorum
1116 1445 1237 1473 decretis
1260 1446 1400 1473 contraria
1413 1454 1519 1482 gerere.
1540 1447 1588 1474 llis
1610 1447 1695 1474 rebus

897 1491 1040 1526 perfectis,
1054 1490 1152 1518 lectam
1169 1490 1250 1518 ﬁdem
1261 1498 1324 1518 cum
1339 1491 1540 1525 supplemento,
1563 1496 1692 1526 tanquam

61 1539 125 1573 αῦτῇ
153 1537 336 1572 ὲξορίζεσθαι,
357 1539 428 1565 κατά
452 1537 618 1573 πρόσταγμα
637 1536 683 1564 τοῦ
700 1535 839 1571 βασιλέως.

930 1545 954 1564 se
969 1541 1132 1569 correctam,
1149 1536 1305 1564 Ariminum
1319 1537 1473 1571 miserunt;
1486 1537 1649 1565 mandantcs
1663 1541 1694 1564 ut

663 1615 798 1644 V'ALESII
816 1614 1092 1643 ANNOTATIONES.

95 1687 148 1722 (‘39)
167 1687 221 1714 Καὶ
237 1685 288 1713 διὰ
301 1686 423 1722 (autem
441 1685 540 1722 Codex?
548 1685 649 1722 Leonis
665 1684 757 1722 Allatii
777 1683 847 1712 scri-

62 1720 230 1758 ptnm'liabet
245 1721 294 1748 καὶ
305 1720 349 1758 διᾲ
361 1720 455 1758 τοῦτο,
469 1721 541 1758 quod
558 1721 646 1756 magis
659 1720 757 1758 placet.

96 1758 148 1792 ΨΟ)
165 1757 228 1792 Καὶν
248 1758 302 1788 τὰς
324 1754 492 1792 ἐξιξιληοζίαξ·
516 1754 767 1792 ἐκτρεὲῑοιζένους..
788 1754 848 1792 Non

61 1789 144 1828 probo
159 1791 316 1828 versionem
343 1791 457 1818 Museuli
477 1794 504 1818 et
514 1789 781 1828 _Cbr_istophorsoni,
800 1790 847 1828 qui

65 1824 132 1855 hunc
155 1828 245 1854 locum
267 1826 304 1852 ita
332 1829 475 1853 verterunt
492 1825 545 1853 :Et
567 1825 623 1853 illis
640 1824 695 1858 θιιυὶ
729 1824 849 1851 ecclesias

46 1863 259 1893 'arrrsabantur,
278 1861 348 1888 domi
371 1862 564 1888 communicare
589 1864 767 1896 persuaserat.
793 1860 850 1894 Ego

64 1906 124 1926 vero
139 1898 195 1925 haec
210 1904 280 1931 cum
295 1896 434 1931 prioribus
452 1895 638 1924 connectenda
657 1903 720 1922 esse
738 1901 848 1931 censeo.

63 1934 118 1960 Non
136 1933 209 1960 enim
226 1928 304 1958 dixit'
318 1931 445 1958 Socrates
471 1931 518 1957 καὶ
540 1932 603 1962 τοὺς
627 1931 676 1961 τὰς
703 1928 850 1964 ἐκκλησίας

65 1967 286 2004 ἐκτρεπομένους,
303 1971 334 1993 ut
348 1966 407 2004 haec
422 1966 610 2004 intelligantur
623 1965 658 2004 d_e
677 1964 805 2004 omnibus
818 1964 851 1991 iis

63 1999 325 2038 qui'ave'rsabantur
352 2000 490 2038 ecclesias.
509 2001 659 2038 _Jungenda
686 2004 750 2038 sunt
756 1999 852 2038 _igitur

64 2035 121 2065 eum
141 2036 343 2073 superioribus,
359 2041 387 2063 et
403 2035 534 2070 capienda
549 2036 583 2062 de
608 2035 668 2073 illis
685 2035 731 2069 qui
755 2035 853 2061 Eusta-

66 2073 110 2100 thii
127 2071 218 2104 suasu,
231 2078 293 2098 sese
306 2072 340 2098 ab
359 2078 476 2097 uxorum
495 2071 633 2098 consortio
649 2073 850 2105 separaverant.

64 2108 109 2135 llis
124 2108 257 2136 suadebat
278 2106 447 2137 Eustathius,
464 2110 495 2132 ut
513 2104 691 2133 ecclesiarum
714 2104 852 2132 consortia

65 2143 228 2178 refugerent,
242 2149 295 2171 nec
312 2149 373 2169 cum
388 2141 500 2178 reliquis
517 2140 643 2178 fidelibus
665 2139 852 2178 communica-

66 2174 136 2210 rent:
144 2178 192 2206 sed
217 2182 347 2213 tanquam
361 2176 424 2213 puri
440 2174 522 2213 atque
539 2175 651 2213 integri,
667 2182 790 2213 seorsum
802 2174 853 2213 do-

67 2209 190 2251 mi‘sacra
209 2209 564 2251 mysteriaparticiparent:
580 2209 618 2237 De
641 2210 694 2251 hoc
707 2209 854 2251 Eustathio

66 2248 123 2275 vide
138 2256 198 2283 qua:
215 2244 315 2275 scribit
329 2244 500 2283 Epiphanius
514 2246 541 2272 in
557 2245 653 2273 haeresi
664 2244 852 2277 Aetianorum,

66 2287 92 2310 et
109 2281 223 2310 Basilius
244 2283 274 2310 in
293 2281 428 2310 epistolis.

244 2290 274 2310 m
286 2290 327 2352 [SE

189 2326 268 2344 αυτα
325 2327 327 2331 ⁴

68 2351 165 2380 sentior
181 2351 299 2381 Socrati.
318 2351 364 2386 qui
377 2351 511 2386 synodum
530 2351 732 2386 Gangrenseui,_
746 2357 777 2386 In
799 2357 854 2386 qua

67 2387 206 2415 damnatus
224 2392 268 2414 est
291 2383 461 2417 Eustathius,
487 2383 668 2413 recentiorem
683 2383 747 2410 facit
762 2383 856 2411 Seleu-

67 2423 148 2450 ciensi
159 2427 187 2450 et
198 2421 499 2455 Constantinopolitana
515 2420 628 2455 synodo.
645 2419 758 2446 Rectius
772 2418 855 2455 Βοῖο-

69 2465 160 2484 manus
180 2457 208 2484 in
233 2457 307 2493 libro
331 2451 446 2493 lyp-cap.
460 2451 705 2493 24,_Gang_r_e_nsem
723 2453 857 2493 synodpm

69 2493 242 2528 vetustiorem
257 2491 323 2519 facit
337 2488 655 2528 Antioelrensi_c01reili0_.
664 2489 742 2528 quod
761 2488 787 2514 in
801 2488 856 2528 Dn-

68 2528 156 2563 caaniis
171 2527 342 2563 celebratum
363 2531 404 2553 est
421 2533 494 2563 anno
512 2525 614 2563 Christi
638 2524 701 2563 βῌ.
724 2524 858 2563 Baropirrs

69 2562 175 2596 quidem
193 2562 221 2588 in
230 2561 383 2588 Annalibus
397 2560 602 2591 ecclesiasticis,
612 2559 646 2596 ad
660 2566 761 2596 annum
772 2558 855 2585 Chri—

69 2594 101 2623 sti
116 2597 176 2628 361,
197 2596 383 2628 Gangrensem
401 2596 535 2628 synodum
555 2595 663 2622 confert
685 2594 713 2620 in
733 2598 856 2627 tempora

69 2631 236 2658 Constantini
258 2629 356 2665 Magni.
372 2629 425 2658 Sed
440 2630 541 2657 refellit
555 2637 617 2657 eum
633 2629 760 2665 Socrates
775 2633 858 2665 atque

70 2665 242 2693 Sozomenus.
255 2663 322 2693 Nam
336 2666 461 2692 Socrates
468 2665 578 2700 quidem
593 2663 773 2700 recentiorem
783 2663 857 2700 il|_am

70 2700 130 2728 facit
144 2701 313 2729 Scleuciensi
324 2705 351 2728 et
365 2698 668 2735 Constantinopolitana
679 2698 793 2733 synodo.
807 2698 858 2725 So-

901 1691 1035 1726 zomenus
1046 1693 1112 1713 vero
1123 1686 1400 1726 ea_m_coll‘o_catnpost
1416 1685 1617 1726 depositionem
1638 1685 1694 1726 Eu-

899 1720 1004 1752 statliii,
1023 1720 1120 1747 factam
1136 1721 1170 1748 ab
1184 1721 1304 1749 Eusebio
1319 1720 1623 1755 Constantinopolitano
1633 1721 1693 1755 epi-

900 1763 993 1790 scopo.
1009 1756 1093 1789 Atqui
1107 1756 1243 1783 Eusebius
1255 1755 1584 1790 Constantinopolitanam
1601 1756 1693 1783 sedem

900 1790 1001 1817 invasit
1015 1791 1170 1825 principatu
1190 1791 1355 1822 Constantii,
1373 1794 1403 1817 ut
1422 1790 1494 1817 inter
1510 1798 1605 1817 omnes
1626 1798 1692 1817 con-

900 1829 964 1852 stat.
984 1826 1106 1860 Denique
1123 1826 1239 1853 Basilius
1254 1826 1281 1852 in
1300 1826 1415 1860 epistola
1425 1825 1468 1855 74,
1483 1833 1564 1860 quam
1582 1826 1694 1860 scripsit

901 1860 934 1887 ad
961 1860 1150 1888 Occidentales
1184 1865 1279 1888 contra
1301 1860 1476 1887 Eustathium
1500 1860 1692 1892 Sebastenum,

900 1895 1065 1930 Gangrensis
1080 1896 1189 1923 concilii
1205 1896 1308 1922 nullam
1320 1895 1488 1930 mentionem
1499 1895 1573 1922 facit.
1588 1895 1627 1921 Ex
1637 1903 1693 1929 quo

901 1929 1045 1958 manifeste
1057 1930 1206 1965 colligitur,
1221 1934 1285 1958 tunc
1305 1938 1367 1958 cum
1388 1929 1505 1957 Basilius
1515 1937 1574 1956 eam
1588 1929 1692 1964 episto-

901 1966 955 1992 lam
973 1964 1170 1997 conscriberet,
1187 1966 1298 2000 scripsit
1312 1969 1402 1992 autem
1419 1965 1471 1992 sub
1487 1964 1611 2000 valenter,
1625 1972 1694 1991 non-

902 2002 967 2027 dum
982 2001 1150 2028 celebratum
1164 1999 1250 2028 fuisse
1265 2000 1422 2035 Gangrcnse
1438 1999 1585 2035 concilium
1598 1999 1693 2035 inquo

902 2036 1048 2062 damnatus
1066 2039 1108 2063 est
1129 2035 1299 2063 Eustathius.
1318 2035 1396 2063 Dicet
1409 2034 1524 2062 fortasse
1550 2034 1650 2068 aliquis
1665 2034 1693 2061 id

922 2070 976 2097 uod
991 2078 1005 2097 a
1018 2070 1136 2097 Baronio
1149 2070 1252 2098 dictum
1263 2074 1314 2102 est,
1325 2069 1497 2097 Eustathium
1510 2069 1586 2096 illum
1600 2069 1647 2103 qui
1665 2069 1693 2096 in

927 2105 1055 2140 angrensi
1071 2106 1175 2140 synodo
1191 2106 1390 2133 condemnatus
1411 2109 1463 2137 est,
1482 2104 1694 2140 diversumesse

903 2140 938 2167 ab
952 2139 1097 2167 Eustathio
1109 2140 1270 2168 Sebasteno.
1291 2141 1393 2168 Verum
1412 2140 1464 2167 hoc
1481 2139 1565 2174 gratis
1579 2139 1693 2171 dicitur,

904 2183 955 2202 nec
967 2175 1049 2202 ullius
1068 2176 1188 2202 auctoris
1204 2175 1360 2202 testimonio
1374 2175 1482 2202 nititur.
1581 2189 1585 2192 ν

941 2210 996 2251 (92)
1014 2212 1067 2251 ιξις
1088 2210 1146 2251 rip:
1169 2210 1428 2251 ᾎρζμηνονλΗυιιρ
1451 2209 1597 2251 ίοειιωνίιο
1611 2210 1696 2251 γει-ιη

904 2244 1075 2279 Epiphanius
1102 2245 1308 2272 Scholasticus:
1324 2245 1380 2277 Quo
1403 2245 1471 2280 facta
1484 2279 1487 2280 ν
1501 2245 1593 2272 lectam
1615 2244 1694 2279 ﬁdem

905 2280 1019 2307 Arimini
1036 2288 1095 2307 cum
1109 2284 1260 2315 augmento,
1275 2280 1343 2315 quod
1363 2281 1413 2315 ipsi
1428 2281 1456 2307 in
1473 2279 1695 2314 Constantinopo-

325 2325 343 2342 ν
357 2313 415 2355 ρῦν
435 2316 566 2355 ὒςττερςν
584 2314 712 2350 ἐγένετο.
731 2313 791 2341 Non
808 2321 846 2341 as-

930 2319 992 2341 tana
1004 2315 1068 2341 urbe
1080 2313 1232 2355 adjecerunt
1240 2335 1246 2346 ,
1262 2313 1436 2355 undequaque
1458 2316 1600 2355 miserunt;
1610 2313 1695 2355 Eum-

907 2350 968 2376 dem
986 2357 1095 2377 sensum
1114 2353 1225 2377 secutus
1245 2354 1286 2377 est
1304 2350 1333 2376 in
1357 2350 1484 2377 versione
1502 2358 1551 2377 sua
1571 2350 1696 2378 Christo—

904 2384 1070 2420 phorsonus.
1086 2385 1143 2419 Ego
1159 2392 1224 2412 vero
1244 2385 1302 2420 haec
1312 2385 1395 2420 verba
1409 2386 1449 2420 at;
1469 2385 1517 2419 τὴν
1539 2385 1695 2420 ’Δριμηνον,

906 2419 1050 2446 referenda
1066 2427 1126 2447 esse
1149 2427 1248 2447 censeo
1265 2419 1299 2446 ad
1320 2419 1347 2446 id
1365 2419 1437 2454 quod
1455 2419 1579 2454 sequitur
1602 2419 1697 2452 ἐξεπέ-

906 2453 1024 2480 στειλαν.
1036 2454 1119 2489 ldque
1136 2454 1238 2481 diserte
1250 2453 1395 2482 confirmat
1408 2454 1572 2482 Athanasius
1585 2455 1613 2482 in
1624 2455 1698 2482 libro

906 2489 944 2516 De
960 2489 1072 2525 synodis
1081 2497 1141 2524 pag.
1156 2489 1207 2516 905
1224 2498 1230 2516 2
1245 2490 1338 2516 Ταῦτα
1354 2489 1508 2525 γράψαντες
1518 2491 1546 2516 ὲν
1556 2491 1588 2524 τῇ
1608 2490 1699 2525 flauu-

909 2524 964 2559 ρίᾳ,
976 2523 1136 2555 mamma;
1156 2525 1195 2555 εἰς
1221 2524 1270 2559 τὴν
1286 2523 1587 2556 Κωνσταντινούπολιν,
1601 2524 1696 2558 ὥσπερ

912 2559 1101 2594 μεταγνόντες,
1118 2559 1234 2594 ἤλλαξαν
1250 2559 1373 2594 συνήθως
1386 2559 1480 2591 ταῦτα,
1499 2560 1546 2586 κα)⁸
1567 2559 1698 2594 προσθένς

910 2592 956 2625 τες
972 2593 1089 2627 λεξείδιόι
1106 2592 1176 2625 τινα,
1191 2594 1261 2620 ὥστε
1287 2592 1354 2628 μὴδὲ
1378 2595 1525 2621 ὑπόστασιν
1540 2592 1630 2627 λέγειν
1650 2592 1697 2619 ἐπὶ

911 2629 1028 2664 Πατρὺς,
1038 2630 1084 2655 καὶ
1097 2629 1173 2660 Υἱοῦ,
1185 2629 1232 2656 κα)⁵
1245 2628 1323 2663 ἁγίου
1337 2629 1504 2664 Πνεύματος,
1515 2628 1697 2664 διεπέμψαντο

912 2663 981 2699 αὐτὰ
996 2665 1051 2695 τοῖς
1070 2665 1098 2690 ἐν
1118 2664 1266 2699 Ἀριμήνῳ,
1279 2669 1344 2696 etc.,
1357 2663 1438 2698 quem
1449 2663 1592 2692 Athanasii
1606 2663 1696 2690 locum

912 2698 1070 2726 describere
1083 2698 1128 2726 hic
1140 2698 1248 2726 videtur
1262 2699 1397 2727 Socrates.

792 2787 980 2819 VARIORUM.

105 2859 291 2898 b_liir6d€(oq.
316 2862 352 2889 De
372 2862 506 2895 Eudoxio,
541 2862 654 2898 ejusque
686 2861 778 2889 studio
810 2861 836 2888 in
873 2861 1023 2889 honoribus
1046 2863 1199 2890 ambit-nais
1219 2863 1279 2889 vide
1299 2869 1391 2895 supra,
1413 2859 1445 2887 ad
1468 2859 1574 2886 initium
1599 2856 1697 2893 capitis

74 2892 104 2920 Ξῖ
117 2894 199 2931 hujus
214 2896 264 2923 lib.
