1891 3068
77 163 132 191 369

559 165 720 194 HISTORIA
739 163 1018 194 ECCLESIASTICA.
1034 181 1068 186 -—
1087 165 1150 194 LIB.
1168 165 1211 193 Ill.

1653 167 1706 195 370

74 221 208 256 ὀνόματι,
221 221 270 249 δύο
284 222 363 258 ἔσχεν
386 223 569 260 ὁμοπατρίους
594 225 725 261 ἀδελφοὺς
735 245 742 257 ,
758 225 808 252 οὐκ
835 225 865 251 ὲκ

930 232 969 253 ηυο
986 227 1095 255 nomine
1112 224 1267 261 appellavit,
1286 224 1356 252 duos
1375 224 1470 253 habuit
1487 224 1589 252 fratres
1611 232 1643 253 ex
1659 232 1705 252 eo-

75 266 129 301 τῆς
139 267 225 302 αὐτῆς
242 268 405 304 γενομένους
422 269 524 304 μητρός
537 278 545 286 ν
562 270 713 306 Δαλμάτιος
733 270 818 305 ὄνομα
829 269 866 305 τῷ

76 311 139 343 ἑνὶ,
162 311 268 347 θατέρῳ
287 313 316 339 δὲ
340 313 537 344 Κωνστάντιος.
562 315 618 341 Καὶ
639 314 790 349 Δαλμάτιος
818 314 868 349 μὲν

76 356 136 382 υἱὸν
151 356 231 391 ἔσχεν
242 358 386 393 ὁμώνυμον
403 358 485 394 αὐτῷ.
498 359 679 395 Κωνσταντίῳ
690 359 719 386 δὲ
731 360 778 386 δύο
791 361 868 393 ἐγεν-

75 401 200 436 νήθησαν
217 402 279 435 υἱοὶ,
293 403 394 436 Γάλλος
408 404 454 431 καὶ
477 405 618 437 Ἰουλιανός
636 404 657 432 1.
681 405 725 437 Ὡς
738 403 784 432 οὖν
800 405 868 440 μετὰ

75 448 128 483 τὴν
145 449 275 485 τελευτὴν
289 450 337 476 τοῦ
352 451 460 478 κτίστου
473 451 521 485 τῆς
533 452 736 479 Κωνσταντίνου
754 452 867 485 πόλεως,

75 492 102 518 οἱ
118 493 285 528 στρατιῶται
300 494 345 521 τὸν
362 495 421 521 νέον
437 495 540 523 ἀνεῖλον
566 495 717 531 Δαλμὰτιον
729 515 737 528 ,
754 497 813 523 τότε
836 497 868 532 δὴ

77 538 126 564 καὶ
141 535 214 565 οὗτοι
237 539 483 576 ἀπορφανισθέντες
501 540 548 567 τοῦ
564 542 664 568 οἰκείου
678 542 780 578 πατρὸς
793 562 801 575 ,
823 551 868 576 μι-

77 583 148 618 κροῦ
175 584 230 611 δεῖν
260 585 299 620 τῷ
331 586 475 621 Δαλματίῳ
498 587 747 614 συνεκινδύνευσαν.
775 587 807 614 Et
832 588 869 622 μὴ

77 629 182 656 Γάλλον
196 630 245 664 μὲν
270 630 348 662 νόσος
366 632 528 667 προσδοκίαν
553 632 652 667 ἔχουσα
675 633 790 660 θανάτου
807 633 869 667 ἐρύ-

78 683 162 700 σατο·
187 674 328 703 Ἰουλιανὺν
343 676 371 702 δὲ
390 677 405 712 ἡ
427 677 535 712 ἡλικία,
548 677 680 712 ὀκταετὴς
693 678 748 713 γὰρ
763 675 796 713 ἦν
817 677 867 710 ἔτι,

76 719 220 747 διέσωσεν.
240 721 315 747 Ἐπεὶ
330 721 357 748 δὲ
372 722 388 757 ὴ
405 723 466 749 κατ’
482 722 571 749 αὐτῶν
585 723 632 750 τοῦ
650 723 782 758 βασιλέως
796 724 869 759 ὁρμὴ

78 765 262 801 ὲκεχαύνωτο,
284 767 383 799 Γάλλος
408 768 456 803 μὲν
479 769 537 800 τοῖς
556 769 585 795 ἐν
612 769 700 804 Ἰωνίᾳ
724 769 795 796 κατὰ
821 769 870 804 τὴν

80 811 200 846 Ἔφεσον
215 811 312 845 ἐφοίτα
337 812 523 845 διδασκάλοις,
538 813 602 841 ἔνθα
617 814 709 846 αὐτοῖς
731 815 779 841 καὶ
802 815 870 849 κτῆ-

80 864 122 887 σις
139 854 173 891 ἧν
188 857 221 883 ἐκ
242 858 383 893 προγόνων
397 858 492 894 πολλή,
515 859 660 891 Ἰουλιανὸς
681 860 710 886 δὲ
731 859 869 895 αὐξηθεὶς,

917 276 980 303 dem
1001 278 1089 308 patre,
1104 280 1159 300 non
1180 275 1270 299 autem
1295 278 1329 299 ex
1351 271 1446 298 eadem
1467 275 1553 298 matre
1574 271 1704 305 genitos:

918 326 1034 356 quorum
1050 318 1118 346 alter
1133 318 1295 350 Dalmatius,
1311 317 1380 345 alter
1393 317 1573 344 Constantius
1589 317 1711 343 vocaba—

917 370 973 393 tur.
984 365 1017 392 Et
1031 364 1183 391 Dalmatius
1198 364 1307 399 quidem
1322 363 1406 390 lilium
1426 363 1522 390 habuit
1537 362 1589 390 sibi
1605 369 1707 397 cogno-

917 411 1030 439 minem.
1047 409 1200 438 Constantii
1223 417 1288 437 vero
1308 409 1362 437 duo
1383 409 1430 436 ﬁlii
1453 409 1539 441 fuere,
1557 408 1653 435 Gallus
1676 411 1704 435 et

917 455 1052 483 Julianus.
1067 455 1153 482 Porro
1169 459 1232 489 post
1246 455 1349 482 obitum
1361 454 1534 482 Constantini
1549 453 1705 481 conditoris

917 500 1206 535 Constantinopoleos,
1228 501 1308 536 168
1318 508 1378 527 cum
1393 499 1530 534 juniorcm
1539 498 1706 526 Dalmatium

918 546 1019 573 milites
1041 545 1235 580 peremissent,
1255 545 1301 572 isti
1313 551 1422 579 quoque
1436 547 1547 579 parente
1562 543 1664 573 orbati,
1677 542 1706 568 in

919 591 989 619 idem
1013 598 1075 618 cum
1098 590 1231 617 Dalmatio
1259 590 1412 624 periculum
1437 588 1633 624 propemodum
1662 583 1705 614 in-

919 637 1055 665 ciderunl.
1071 636 1124 664 Sed
1145 635 1252 663 Gallum
1276 636 1385 670 quidem
1408 635 1522 663 morbus
1545 635 1592 669 qui
1617 634 1706 662 letalis

918 680 1080 712 videbatur,
1097 678 1219 714 periculo
1240 679 1357 713 eripuit;
1375 678 1514 706 lulianum
1530 686 1594 706 vero
1611 683 1705 706 tenera

919 728 996 757 aetas,
1008 725 1054 752 vix
1069 725 1142 752 enim
1158 728 1221 752 octo
1233 731 1323 752 annos
1335 724 1506 759 impleverat,
1520 725 1706 752 conservavit.

919 770 986 798 Post
1006 770 1065 797 haec
1086 777 1149 797 cum
1171 770 1344 805 imperatoris
1371 769 1479 798 animus
1498 770 1629 797 adversus
1645 770 1706 797 illos

920 815 1059 843 emollitus
1072 815 1128 850 jam
1145 819 1228 847 esset,
1245 814 1341 843 Gallus
1353 815 1452 850 Ephesi
1467 815 1495 842 in
1505 815 1580 842 lonia
1599 815 1707 843 scholas

921 862 1114 897 irequentavit,
1129 869 1183 896 qua
1197 862 1225 889 in
1246 861 1360 896 regione
1379 861 1464 888 multa
1489 861 1557 896 ipsis
1573 861 1674 895 praedia
1692 869 1707 888 a

77 902 134 928 τῶν
159 902 188 928 ὲν
203 903 408 930 Κωνσταντίνου
432 904 511 930 πόλει
526 905 725 940 παιδευτηρίων
739 905 865 940 ἠκροᾶτο,

930 906 1071 941 najoribus
1093 907 1189 933 relicta
1207 910 1295 934 erant.
1312 905 1440 933 Julianus
1462 912 1529 933 vero
1547 905 1592 931 ubi
1615 904 1707 932 adole-

79 948 120 978 είς
132 947 182 983 τὴν
203 947 354 984 βασιλικὴν.
374 948 438 976 ἔνθα
452 949 511 976 τότε
525 949 559 976 τὰ
580 950 758 986 παιδευτήρια
772 949 805 986 ἦν
818 971 825 983 ,
839 951 868 976 ὲν

78 992 146 1028 λιτῷ
158 994 277 1028 σχήματι
294 993 407 1028 προῖὼν,
423 995 470 1021 καὶ
483 994 534 1021 ὑπὸ
547 995 697 1030 Μαρδονίου
716 996 763 1022 τοῦ
779 995 870 1023 εὐνού-

77 1046 128 1071 χου
155 1039 422 1074 παιδαγωγούμενος.
445 1040 506 1067 Τῶν
530 1041 579 1075 μὲν
597 1038 643 1068 οὗν
669 1042 869 1077 γραμματικῶν

76 1082 181 1116 λόγων,
200 1083 335 1119 Νικοκλῆς
348 1089 366 1100 ¹¹³
391 1086 405 1112 ό
428 1085 527 1113 Λάκων
543 1086 598 1121 (10)
613 1084 647 1121 ἧν
662 1087 737 1122 αὐτῷ
758 1088 868 1115 παιδευ-

75 1129 128 1164 τής
140 1137 146 1143 '
164 1130 311 1166 ῥητορικὴν
338 1131 383 1163 δὲ,
404 1131 479 1166 παρὰ
498 1131 646 1167 Ἑκηϐολίῳ
668 1132 812 1168 κατώρθου
829 1133 868 1169 τῷ

77 1177 213 1211 σοφιστῇ,
233 1176 389 1212 Χριστιανῷ
403 1177 465 1203 τότε
488 1177 658 1212 τυγχάνοντι.
674 1178 775 1205 Τούτου
802 1179 830 1206 δὲ
854 1181 869 1207 ό

76 1221 204 1255 βασιλεὺς
221 1223 410 1254 Κωνστάντιος
439 1224 604 1259 προενόησε,
626 1224 724 1260 μήπως
739 1225 869 1260 Ἕλληνος

75 1267 238 1295 διδασκάλου
253 1267 426 1303 ἀκροώμενος
438 1288 445 1300 ,
461 1269 530 1304 πρὸς
549 1269 757 1304 δεισιδαιμονίαν
776 1269 868 1296 ἐκκλί-

75 1321 126 1340 νοι.
143 1313 307 1348 Χριστιανὸς
321 1313 375 1348 γὰρ
389 1312 424 1349 ἦν
441 1314 470 1347 ἐξ
486 1314 572 1349 ἀρχῆς
593 1314 745 1351 Ἰουλιανός.
768 1314 869 1349 Ἀκμά-

76 1358 171 1391 ζοντος
185 1359 214 1385 δὲ
228 1359 310 1386 αὐτοῦ
324 1360 387 1395 περὶ
400 1360 463 1391 τοὺς
475 1359 570 1394 λόγους
586 1364 611 1391 τι,
628 1360 705 1396 φήμη
719 1368 761 1391 τις
772 1361 813 1392 είς
823 1360 868 1388 τὸν

75 1404 164 1439 δῆμον
187 1405 333 1441 διέτρεχεν,
347 1405 385 1437 ὡς
407 1406 447 1441 εἴη
465 1405 554 1437 ἱκανὸς
565 1406 600 1432 τὰ
619 1405 762 1440 Ῥωμαίων
778 1406 869 1441 πράγ-

77 1458 154 1483 ματα
169 1449 288 1476 διοικεῖν.
306 1450 360 1476 Καὶ
381 1449 460 1476 τοῦτο
485 1450 577 1477 λοιπὸν
596 1450 719 1485 φανερῶς
738 1450 868 1485 θρυλλού-

77 1503 177 1529 μενον⁹
200 1496 322 1532 ταραχὴν
343 1496 428 1523 ἐποίει
446 1496 486 1531 τῷ
505 1496 619 1531 βασιλεῖ.
643 1497 688 1523 Διὸ
710 1497 868 1532 μεθίστησιν

76 1541 161 1593 αὐτὸν
175 1542 207 1567 ἐκ
219 1541 268 1576 τῆς
281 1541 486 1577 μεγαλοπόλεως
501 1543 541 1574 εἰς
557 1542 605 1577 τὴν
615 1542 809 1578 Νικομήδειαν,
821 1551 868 1569 κε·
881 1563 903 1593 c

77 1585 181 1618 λεύσας
195 1587 232 1622 μὴ
245 1587 339 1622 φοιτᾷν
354 1587 429 1623 παρὰ
441 1587 560 1623 Λιὸανίῳ
570 1589 581 1603 °
595 1588 634 1623 τῷ
649 1588 727 1623 Σύρῳ
742 1589 866 1623 σοφιστῇ.

77 1632 148 1658 Τότε
165 1633 219 1667 γὰρ
230 1634 244 1660 ὁ
256 1633 382 1664 Λιϐάνιος
398 1633 450 1659 ὑπὸ
463 1633 518 1660 τῶν
533 1634 714 1668 παιδαγωγῶν
729 1634 778 1669 τῆς
791 1634 870 1660 Κωνυ

78 1678 221 1705 σταντίνου
245 1679 348 1711 πόλεως
364 1679 504 1714 ἐκὸληθεὶς
519 1699 527 1712 ,
541 1680 570 1706 ὲν
583 1681 616 1715 τῇ
632 1679 800 1714 Νικομηδείᾳ
821 1679 870 1711 τὰς

76 1724 222 1760 διατριϐὰς
234 1725 360 1752 ἐποιεῖτο.
384 1722 467 1756 Οὗτος
495 1725 543 1760 μὲν
557 1723 604 1752 οὖν
627 1724 675 1760 τὴν
693 1724 777 1760 ὀργὴν
798 1725 870 1752 κατὰ

75 1770 134 1795 τῶν
150 1770 341 1804 παιδαγωγῶν,
355 1771 395 1802 εἰς
408 1770 454 1798 τὸν
465 1770 525 1797 κατ’
540 1770 629 1797 αὐτῶν
641 1770 716 1805 αὐτῷ
728 1770 868 1805 γραφέντα

75 1816 159 1849 λόγον
177 1816 199 1850 (l
210 1815 232 1850 Ι)
247 1815 378 1842 ἐκένωσεν
391 1823 398 1830 ·
425 1816 566 1846 Ἰουλιανὸς
580 1816 603 1842 δ’
617 1815 751 1843 ἐκωλύετο
771 1816 867 1850 φοιτᾷν

75 1861 145 1897 παρ’
170 1860 262 1896 αὐτῷ,
287 1861 354 1888 διότι
377 1861 502 1893 Λιῦάνιος
520 1860 619 1897 Ἕλλην
643 1861 692 1897 τὴν
718 1860 867 1896 θρησκείαν

918 951 1021 984 visset,
1039 950 1278 986 Constantinopoli
1303 951 1462 978 liberalibus
1487 950 1641 984 disciplinis
1665 953 1708 977 est

919 996 1082 1028 institutus;
1103 996 1131 1023 in
1153 997 1306 1028 basilicam,
1328 997 1377 1024 ubi
1399 1000 1466 1023 tunc
1492 995 1594 1023 scholae
1619 1000 1707 1026 erant,

919 1041 1038 1076 simplici
1057 1041 1153 1068 habitu
1170 1041 1324 1076 procedens
1343 1049 1397 1068 una
1413 1047 1475 1068 cum
1491 1041 1640 1075 paedagogo
1657 1047 1707 1074 suo

918 1087 1058 1114 Mardonio
1079 1087 1214 1114 eunucho.
1233 1087 1266 1113 Et
1278 1087 1305 1113 in
1320 1087 1497 1121 grammatica
1519 1085 1629 1121 quidem
1649 1093 1708 1112 ma-

918 1132 1035 1167 gistrum
1056 1132 1152 1160 habuit
1176 1131 1315 1160 Nicoclem
1340 1132 1494 1165 Laconem;
1515 1132 1544 1158 in
1570 1131 1706 1159 rhetorica

918 1183 984 1204 vero
1007 1180 1176 1211 praeceptore
1199 1184 1266 1203 usus
1287 1180 1330 1208 est
1354 1168 1484 1204 Ecebolio
1508 1176 1643 1211 sophista,
1659 1177 1707 1210 qui

918 1225 984 1249 tunc
1000 1221 1131 1256 temporis
1148 1226 1208 1249 erat
1223 1220 1409 1249 Christianus.
1426 1221 1454 1248 ld
1468 1222 1540 1249 enim
1559 1222 1706 1259 prudenter

919 1268 954 1295 ab
971 1267 1135 1301 imperatore
1152 1270 1327 1301 prospectum
1349 1266 1447 1298 fuerat,
1463 1274 1497 1293 ne
1511 1267 1555 1293 ille
1570 1274 1706 1301 paganum

918 1312 1068 1347 sophislam
1093 1312 1226 1344 audiens,
1250 1311 1284 1338 ad
1305 1312 1449 1346 gentilium
1479 1312 1706 1347 superstitionem

918 1357 1102 1385 delaberetur.
1120 1357 1228 1392 Quippe
1243 1357 1276 1384 ab
1298 1356 1411 1383 ineunte
1429 1360 1511 1384 aetate
1530 1357 1705 1384 Christianus

917 1406 977 1430 erat
996 1401 1132 1429 Julianus.
1148 1401 1235 1429 Porro
1256 1408 1319 1428 cum
1333 1401 1361 1428 in
1377 1401 1586 1428 humanioribus
1606 1401 1706 1428 litteris

919 1455 1034 1483 magnos
1051 1447 1156 1475 iaceret
1169 1454 1344 1482 progressus,
1359 1446 1430 1473 fama
1445 1454 1494 1481 per
1504 1447 1598 1474 urbem
1613 1446 1706 1482 spargi

918 1494 1012 1529 coepit.
1030 1494 1159 1521 idoneum
1183 1493 1260 1520 illum
1284 1500 1346 1521 esse
1367 1493 1413 1527 qui
1430 1492 1580 1520 Romanam
1597 1500 1706 1527 rempu-

919 1540 1018 1568 blicam
1033 1541 1207 1575 gubernaret.
1223 1539 1303 1572 Quod
1316 1546 1378 1566 cum
1397 1539 1453 1574 jam
1477 1539 1559 1566 latius
1578 1545 1707 1567 sermone

920 1586 1042 1613 omnium
1054 1586 1253 1621 divulgaretur,
1270 1585 1444 1620 imperatoris
1455 1585 1576 1612 animum
1596 1588 1706 1612 contur—

920 1633 1004 1660 bavit.
1021 1632 1203 1665 Quamobrem
1226 1632 1303 1659 illum
1325 1632 1360 1659 ab
1375 1631 1443 1659 urbe
1467 1631 1542 1666 regia
1565 1631 1707 1657 transtulit

919 1678 1117 1711 Nic0mediam,
1132 1678 1292 1713 pracipiens
1304 1685 1338 1705 ne
1348 1677 1470 1705 scholam
1490 1676 1577 1704 adiret
1597 1675 1706 1704 Libanii

921 1724 1051 1759 sophistae
1064 1722 1136 1758 Syri.
1151 1722 1275 1757 Namque
1291 1721 1317 1749 id
1332 1721 1462 1756 temporis
1475 1719 1607 1748 Libanius
1623 1727 1638 1746 a
1655 1727 1707 1753 pa:-

920 1770 1032 1806 dagogis
1044 1768 1281 1801 Constantinopoli
1293 1767 1435 1802 expulsus,
1450 1765 1616 1794 Nicomedia:
1630 1765 1707 1792 scho-

920 1817 974 1843 lam
993 1818 1145 1850 aperuerat.
1162 1814 1195 1841 Et
1210 1814 1255 1841 hic
1276 1813 1386 1848 quidem
1403 1813 1472 1839 iram
1500 1812 1632 1838 adversus
1654 1819 1707 1845 pae-

921 1861 1040 1896 dagogos
1059 1864 1229 1895 conceptam,
1245 1859 1347 1894 scripta
1366 1858 1395 1885 in
1409 1858 1472 1886 illos
1492 1857 1617 1885 oratione
1637 1856 1707 1884 ell‘u-

657 1930 791 1958 ‘v’ALESIl
811 1929 1090 1958 ANNOTATIONES.

115 1977 173 2014 (l0)
192 1978 343 2013 Νικοκλῆς
371 1980 387 2006 ὁ
412 1978 527 2006 Λάκων.
561 1978 602 2006 Ad
627 1978 702 2006 hunc
725 1979 864 2007 Nicoclem

76 2014 175 2048 plures
183 2017 291 2041 exstant
305 2013 410 2040 Lihauii
423 2014 557 2048 epistolae,
573 2014 733 2041 nominatim
749 2015 864 2048 septima

77 2049 145 2075 libri
162 2049 264 2082 quarti,
285 2049 312 2075 in
332 2056 385 2084 qua
405 2048 538 2084 Libanius
558 2053 672 2076 excusat
688 2049 863 2077 insolentiam

75 2084 225 2118 cujusdam
243 2091 275 2111 ex
286 2084 353 2111 urbe
370 2083 525 2116 Antiochia,
544 2084 591 2118 qui
606 2085 683 2111 illum
701 2084 809 2118 probris
822 2084 864 2111 al-

76 2119 200 2151 fecerat;
217 2119 309 2152 aitque
323 2119 392 2146 inter
406 2122 517 2151 caetera,
533 2124 675 2153 peccatum
697 2119 780 2146 unius
796 2119 863 2147 civis

76 2161 135 2180 non
161 2161 224 2181 esse
249 2153 442 2181 ascribendum
459 2153 594 2181 universae
615 2154 733 2181 civitati.
749 2154 817 2181 Nam
834 2155 863 2181 in

77 2188 150 2216 urbe
168 2196 229 2223 quae
243 2192 353 2216 centum
368 2187 570 2223 quinquaginta
589 2188 674 2216 millia
695 2189 798 2217 civium
819 2189 869 2216 ha-

918 1980 992 2011 beat,
1012 1978 1168 2006 mirandum
1184 1985 1237 2005 non
1253 1984 1314 2005 esse
1333 1977 1356 2004 si
1374 1983 1444 2003 unus
1466 1975 1555 2002 malus
1574 1974 1644 2001 civis
1654 1981 1706 2011 _re-

919 2009 1065 2050 periaturiz
1079 2022 1144 2050 cum
1167 2020 1218 2050 nec
1233 2013 1261 2039 in
1274 2017 1318 2039 tua
1335 2011 1445 2046 Sparta.
1460 2018 1521 2050 quae
1539 2009 1706 2050 tanien_Ly:

918 2044 1033 2084 curgum
1042 2049 1123 2076 habet
1137 2048 1332 2083 legislatorem,
1346 2044 1441 2073 clunes
1448 2044 1551 2081 pariter
1567 2045 1624 2072 sint
1638 2044 1703 2071 boni

918 2092 950 2112 ac
960 2091 1096 2112 zenerosn

954 2092 1096 2153 farier]???
1115 2118 1169 2144 τὸν
1187 2118 1251 2144 κατ’
1274 2117 1373 2153 αὐτῶν
1385 2114 1465 2148 αὐτῷ
1481 2114 1629 2153 γραφέντα
1654 2113 1704 2153 ,ζᾴο

917 2148 982 2188 τοὺ.
996 2148 1059 2180 llaec
1074 2148 1181 2188 Libanii
1197 2153 1288 2180 oratio
1301 2152 1433 2188 adversus
1447 2148 1609 2186 pedagogos
1622 2148 1704 2177 hodie

911 2187 966 2216 non
978 2192 1082 2221 exstat,
1100 2187 1174 2224 quod
1190 2188 1300 2223 quidem
1314 2187 1413 2215 sciam.

783 2264 976 2293 VARIORUM.

116 2310 127 2331 1
158 2310 329 2348 Ἰοριλιᾳνός.
355 2310 707 2348 Julianus,Acognomeuto
730 2313 862 2348 allapsi-

932 2313 948 2338 d
964 2313 1120 2340 sublimiora
1131 2312 1269 2348 scandenti
1286 2311 1501 2348 conquirena,per
1515 2309 1604 2348 omnia
1615 2308 1703 2348 philo:

78 2346 237 2382 6άτηςβίνβ
245 2346 386 2382 Apostata,
398 2347 470 2382 quod
480 2355 494 2373 a
505 2346 716 2382 Christianismo
724 2347 756 2374 ad
770 2346 862 2375 ethni-

78 2382 198 2408 cismum
218 2381 301 2416 impie
327 2381 499 2414 desciverat,
524 2381 589 2409 Julii
609 2383 762 2409 Constantii
791 2382 865 2410 lilius

77 2415 178 2443 ordine
193 2417 292 2443 tertius
309 2423 341 2442 ex
356 2417 491 2449 Basilina,
509 2421 588 2445 natus
605 2422 647 2445 est
660 2424 732 2444 anno
746 2417 808 2448 551,
820 2417 865 2444 die

79 2455 158 2486 sexta
185 2449 358 2483 Novembris,
376 2455 406 2478 ut
434 2452 532 2486 legitur
556 2452 583 2478 in
609 2451 754 2479 Lalerculo
776 2452 864 2479 Silvii.

78 2485 228 2520 Septennis
239 2485 330 2512 adhuc
345 2485 516 2514 Mardonium
535 2487 692 2514 eunuchum
718 2492 866 2521 praecepto-

79 2528 139 2548 rem
155 2521 270 2548 sortitus
283 2524 346 2556 est;
364 2529 445 2556 quem
461 2522 612 2556 paganismi
633 2526 791 2556 suspectum
815 2522 866 2548 im-

77 2556 178 2591 merito
192 2555 283 2591 reddit
295 2555 441 2591 Barouius.
450 2557 525 2590 (Ant.
535 2556 612 2591 Pagi,
624 2555 696 2584 Guil.
712 2557 793 2590 Cave,
803 2556 866 2583 Joh.

77 2587 139 2618 138.
157 2590 284 2626 llol'man:
305 2587 473 2626 injuliano.)

115 2631 135 2641 ³·
149 2624 311 2658 Νικοκλῆς.
324 2625 392 2652 Eum
404 2624 485 2661 vocat
503 2626 634 2654 Libanius
645 2626 760 2661 justitiw
777 2634 867 2654 sacer-

78 2660 178 2696 dotem,
204 2661 361 2687 eruditionis
391 2660 503 2693 ducent,
523 2663 577 2695 qui,
603 2662 627 2688 si
642 2662 714 2689 ullus
738 2669 867 2696 unquam,

82 2695 231 2723 Homerica:
243 2696 337 2722 mentis
351 2703 460 2726 arcana,
475 2700 500 2723 et
513 2697 629 2723 uniuersi
639 2696 739 2723 addicti
754 2696 867 2724 Homero

79 2731 173 2792 chori,1
178 2737 301 2792 gigneret.
316 2730 563 2766 Liban.Legatione
580 2732 613 2758 ad
626 2731 742 2764 Iuliam,
755 2736 820 2758 tom.
835 2730 867 2763 ll,

80 2773 140 2792 uas.
217 2785 224 2792 .

98 2773 140 2792 σε.
161 2773 224 2792 ιον.

80 2773 333 2835 ᾡὲζιξνῗιίᾶζοντος
343 2801 377 2828 δὲ
386 2801 480 2829 αὐτοῦ
488 2801 555 2835 περὶ
566 2801 636 2834 τοὺς
643 2801 763 2835 λόγους.
776 2800 867 2828 Incre-

81 2834 160 2871 dibile
177 2834 229 2870 quo
240 2841 389 2871 quantoque
399 2836 494 2863 ardore
504 2834 592 2863 rerum
602 2834 790 2871 principalium
801 2836 868 2862 noti-

84 2870 146 2898 tiam
157 2870 256 2899 celsam
264 2871 405 2906 indagans,
416 2875 441 2899 et
454 2871 632 2906 quasipabuta
641 2871 865 2909 quwdam_animo

914 2348 1012 2382 sophia:
1037 2347 1154 2375 membra
1175 2347 1316 2381 prudenter
1329 2346 1487 2382 disputando
1507 2345 1638 2382 currebat.
1652 2343 1703 2382 Sed

915 2379 1002 2410 tamen
1013 2391 1073 2409 cum
1086 2383 1141 2410 lucc
1155 2379 1245 2416 e/Tecte
1259 2382 1381 2416 pleneque
1395 2381 1539 2414 colligeret,
1556 2387 1601 2416 nec
1616 2379 1704 2416 humi-

915 2418 985 2444 liora
1008 2419 1136 2452 despezit,
1155 2414 1282 2451 poeticam
1302 2414 1469 2452 mediocriter
1492 2419 1530 2452 et_
1544 2414 1704 2441 rhetoricam

915 2452 956 2488 (ut
970 2450 1085 2479 ostendit
1103 2450 1254 2479 orationum
1268 2451 1492 2488 epistolarumque
1506 2450 1562 2482 eius
1570 2457 1629 2475 cum
1643 2456 1705 2481 gra-

915 2486 995 2515 uitate
1004 2489 1116 2515 comitas
1133 2486 1297 2520 incorrupta)
1311 2491 1335 2512 et
1350 2491 1503 2513 nostrarum
1517 2489 1703 2520 externarum-

918 2531 966 2555 que
977 2531 1066 2550 rerum
1081 2523 1222 2550 historiam
1241 2518 1445 2555 inulti/oratam.
1464 2520 1552 2547 Amm.
1567 2518 1703 2546 Marcelli--

919 2566 983 2589 nus,
1000 2559 1047 2585 lib.
1064 2566 1118 2590 xw,
1131 2565 1191 2591 cap.
1212 2556 1238 2583 5.

956 2597 968 2611 ο
982 2593 1064 2627 Παρά
1088 2588 1227 2627 Λιὸἳιάίῳἶ
1241 2591 1381 2627 Libanius,
1396 2589 1483 2625 patria
1503 2588 1701 2627 Antiochenus,

918 2623 1105 2655 claruit-anno
1120 2628 1184 2655 Chr.
1197 2623 1260 2657 360,
1275 2630 1303 2654 ct
1318 2626 1351 2652 ad
1366 2623 1492 2662 extrema
1504 2623 1650 2662 Theodosii

919 2667 1041 2698 tempora
1057 2662 1226 2698 perduravit,
1242 2661 1276 2688 ab
1287 2668 1320 2688 eo
1341 2660 1373 2698 ad
1387 2659 1511 2698 praetor-io
1527 2658 1645 2698 praeliecti
1661 2657 1702 2698 di-

919 2692 1192 2733 gnitatem'evectus;
1208 2692 1455 2733 Constantinopoli,
1469 2692 1640 2733 Nicomediae,
1655 2692 1703 2718 de-

922 2727 1005 2768 hique
1024 2727 1190 2760 Antiochim'
1206 2731 1368 2768 rhetoricam
1391 2727 1499 2768 'docuit.
1520 2727 1652 2768 alullad‘e
1672 2733 1703 2768 se

923 2760 1004 2795 habet
1019 2768 1088 2795 libro
1107 2775 1187 2802 quem
1202 2767 1236 2794 de
1248 2767 1302 2802 vita
1319 2773 1367 2793 sua
1379 2763 1557 2802 conscripsit,
1570 2761 1614 2802 ubi
1625 2760 1659 2802 (le
1673 2767 1702 2786 se

921 2794 1058 2838 rebusque
1068 2794 1126 2830 suis
1142 2801 1275 2838 usquead
1301 2807 1431 2838 nauseam
1454 2794 1517 2834 agit.
1527 2796 1611 2830 {GuiL
1629 2794 1701 2822 Cave

921 2838 991 2867 inter
1004 2834 1152 2874 scriptorcs
1172 2834 1287 2872 gentiles
1305 2843 1366 2863 ειοε.
1385 2834 1434 2862 ιν.)
