  <div class='ocr_page' id='page_1' title='image "/cluster/home/n/w/nwhite01/storage/ocr_20150623/67/njp.32101077772703/224.png"; bbox 0 0 1891 3068; ppageno 0'>
   <div class='ocr_carea' id='block_1_1' title="bbox 68 155 118 184">
    <p class='ocr_par' dir='ltr' id='par_1_1' title="bbox 68 155 118 184">
     <span class='ocr_line' id='line_1_1' title="bbox 68 155 118 184; baseline -0.04 0"><span class='ocrx_word' id='word_1_1' title='bbox 68 155 118 184; x_wconf 74' lang='lat'><strong>373</strong></span> 
     </span>
    </p>
   </div>
   <div class='ocr_carea' id='block_1_2' title="bbox 549 151 1219 182">
    <p class='ocr_par' dir='ltr' id='par_1_2' title="bbox 549 151 1219 182">
     <span class='ocr_line' id='line_1_2' title="bbox 549 151 1219 182; baseline -0.001 -1"><span class='ocrx_word' id='word_1_2' title='bbox 549 152 712 182; x_wconf 81' lang='lat' dir='ltr'><strong>HISTORIA</strong></span> <span class='ocrx_word' id='word_1_3' title='bbox 731 151 1014 181; x_wconf 79' lang='lat' dir='ltr'><strong>ECCLESIASTICA.</strong></span> <span class='ocrx_word' id='word_1_4' title='bbox 1035 166 1071 172; x_wconf 94' lang='lat'><em>—</em></span> <span class='ocrx_word' id='word_1_5' title='bbox 1089 151 1153 180; x_wconf 84' lang='lat' dir='ltr'><strong>LIB.</strong></span> <span class='ocrx_word' id='word_1_6' title='bbox 1173 152 1219 180; x_wconf 88' lang='lat' dir='ltr'><strong>ill.</strong></span> 
     </span>
    </p>
   </div>
   <div class='ocr_carea' id='block_1_3' title="bbox 1648 154 1698 184">
    <p class='ocr_par' dir='ltr' id='par_1_3' title="bbox 1648 154 1698 184">
     <span class='ocr_line' id='line_1_3' title="bbox 1648 154 1698 184; baseline -0.04 0"><span class='ocrx_word' id='word_1_7' title='bbox 1648 154 1698 184; x_wconf 62' lang='lat'><strong>575</strong></span> 
     </span>
    </p>
   </div>
   <div class='ocr_carea' id='block_1_4' title="bbox 72 211 818 250">
    <p class='ocr_par' dir='ltr' id='par_1_4' title="bbox 72 212 818 250">
     <span class='ocr_line' id='line_1_4' title="bbox 72 212 818 250; baseline -0.003 -8"><span class='ocrx_word' id='word_1_8' title='bbox 72 215 180 250; x_wconf 79' lang='grc' dir='ltr'><strong>Ἑλένην</strong></span> <span class='ocrx_word' id='word_1_9' title='bbox 193 235 202 248; x_wconf 85' lang='grc'><em>,</em></span> <span class='ocrx_word' id='word_1_10' title='bbox 215 213 263 241; x_wconf 68' lang='grc' dir='ltr'><strong>ἐπὶ</strong></span> <span class='ocrx_word' id='word_1_11' title='bbox 285 214 335 246; x_wconf 78' lang='grc' dir='ltr'><strong>τὰς</strong></span> <span class='ocrx_word' id='word_1_12' title='bbox 356 212 472 245; x_wconf 80' lang='grc' dir='ltr'>Γαλλίας</span> <span class='ocrx_word' id='word_1_13' title='bbox 488 213 559 240; x_wconf 85' lang='grc' dir='ltr'><strong>κατὰ</strong></span> <span class='ocrx_word' id='word_1_14' title='bbox 573 213 627 241; x_wconf 84' lang='grc' dir='ltr'><strong>τῶν</strong></span> <span class='ocrx_word' id='word_1_15' title='bbox 641 213 792 249; x_wconf 69' lang='grc' dir='ltr'><strong>Βαρϐάρων</strong></span> <span class='ocrx_word' id='word_1_16' title='bbox 808 213 818 240; x_wconf 76' lang='grc' dir='ltr'><em>ὲ</em></span> 
     </span>
    </p>
   </div>
   <div class='ocr_carea' id='block_1_5' title="bbox 951 211 1697 250">
    <p class='ocr_par' dir='ltr' id='par_1_5' title="bbox 951 212 1697 250">
     <span class='ocr_line' id='line_1_5' title="bbox 951 212 1697 250; baseline 0.003 -10"><span class='ocrx_word' id='word_1_17' title='bbox 951 215 1053 240; x_wconf 91' lang='lat' dir='ltr'><strong>turum.</strong></span> <span class='ocrx_word' id='word_1_18' title='bbox 1066 212 1165 241; x_wconf 81' lang='lat' dir='ltr'><strong>Postea</strong></span> <span class='ocrx_word' id='word_1_19' title='bbox 1179 219 1254 246; x_wconf 89' lang='lat' dir='ltr'><strong>vero,</strong></span> <span class='ocrx_word' id='word_1_20' title='bbox 1268 217 1298 240; x_wconf 90' lang='lat' dir='ltr'><strong>ut</strong></span> <span class='ocrx_word' id='word_1_21' title='bbox 1313 220 1372 242; x_wconf 84' lang='lat' dir='ltr'><strong>rem</strong></span> <span class='ocrx_word' id='word_1_22' title='bbox 1381 213 1502 242; x_wconf 83' lang='lat' dir='ltr'><strong>breviter</strong></span> <span class='ocrx_word' id='word_1_23' title='bbox 1516 215 1697 250; x_wconf 80' lang='lat' dir='ltr'><strong>complectar,</strong></span> 
     </span>
    </p>
   </div>
   <div class='ocr_carea' id='block_1_6' title="bbox 68 260 858 297">
    <p class='ocr_par' dir='ltr' id='par_1_6' title="bbox 68 260 858 297">
     <span class='ocr_line' id='line_1_6' title="bbox 68 260 858 297; baseline -0.004 -8"><span class='ocrx_word' id='word_1_24' title='bbox 68 261 182 289; x_wconf 75' lang='grc' dir='ltr'><strong>ἔστειλεν</strong></span> <span class='ocrx_word' id='word_1_25' title='bbox 196 265 222 286; x_wconf 71' lang='grc' dir='ltr'><strong>τ.</strong></span> <span class='ocrx_word' id='word_1_26' title='bbox 242 261 274 287; x_wconf 76' lang='lat' dir='ltr'><strong>0E</strong></span> <span class='ocrx_word' id='word_1_27' title='bbox 286 260 341 296; x_wconf 86' lang='grc' dir='ltr'><strong>γὰρ</strong></span> <span class='ocrx_word' id='word_1_28' title='bbox 350 260 383 296; x_wconf 83' lang='grc' dir='ltr'><strong>δὴ</strong></span> <span class='ocrx_word' id='word_1_29' title='bbox 396 260 543 297; x_wconf 70' lang='grc' dir='ltr'><strong>Βάρϐαροι,</strong></span> <span class='ocrx_word' id='word_1_30' title='bbox 553 260 599 292; x_wconf 76' lang='grc' dir='ltr'><strong>οὓς</strong></span> <span class='ocrx_word' id='word_1_31' title='bbox 613 261 628 287; x_wconf 82' lang='grc' dir='ltr'>ὁ</span> <span class='ocrx_word' id='word_1_32' title='bbox 644 260 770 295; x_wconf 81' lang='grc' dir='ltr'><strong>βασιλεὺς</strong></span> <span class='ocrx_word' id='word_1_33' title='bbox 781 260 858 287; x_wconf 83' lang='grc' dir='ltr'><strong>Κων-</strong></span> 
     </span>
    </p>
   </div>
   <div class='ocr_carea' id='block_1_7' title="bbox 69 305 858 342">
    <p class='ocr_par' dir='ltr' id='par_1_7' title="bbox 69 305 858 342">
     <span class='ocr_line' id='line_1_7' title="bbox 69 305 858 342; baseline -0.001 -8"><span class='ocrx_word' id='word_1_34' title='bbox 69 307 188 338; x_wconf 82' lang='grc' dir='ltr'><strong>στάντιος</strong></span> <span class='ocrx_word' id='word_1_35' title='bbox 215 307 258 338; x_wconf 70' lang='grc' dir='ltr'><strong>εἰς</strong></span> <span class='ocrx_word' id='word_1_36' title='bbox 284 306 444 341; x_wconf 75' lang='grc' dir='ltr'><strong>συμμαχίαν</strong></span> <span class='ocrx_word' id='word_1_37' title='bbox 471 306 543 334; x_wconf 78' lang='grc' dir='ltr'><strong>κατὰ</strong></span> <span class='ocrx_word' id='word_1_38' title='bbox 567 306 736 342; x_wconf 83' lang='grc' dir='ltr'><strong>Μαγνεντιου</strong></span> <span class='ocrx_word' id='word_1_39' title='bbox 762 305 858 342; x_wconf 74' lang='grc' dir='ltr'><strong>μικρὸν</strong></span> 
     </span>
    </p>
   </div>
   <div class='ocr_carea' id='block_1_8' title="bbox 68 351 860 389">
    <p class='ocr_par' dir='ltr' id='par_1_8' title="bbox 68 351 860 389">
     <span class='ocr_line' id='line_1_8' title="bbox 68 351 860 389; baseline -0.001 -9"><span class='ocrx_word' id='word_1_40' title='bbox 68 352 220 388; x_wconf 75' lang='grc' dir='ltr'><strong>ἔμπροσθεν</strong></span> <span class='ocrx_word' id='word_1_41' title='bbox 234 351 418 388; x_wconf 76' lang='grc' dir='ltr'><strong>ἐμισθώσατο,</strong></span> <span class='ocrx_word' id='word_1_42' title='bbox 428 353 469 385; x_wconf 79' lang='grc' dir='ltr'><strong>εἰς</strong></span> <span class='ocrx_word' id='word_1_43' title='bbox 482 353 558 380; x_wconf 83' lang='grc' dir='ltr'><strong>οὐδὲν</strong></span> <span class='ocrx_word' id='word_1_44' title='bbox 569 354 704 389; x_wconf 84' lang='grc' dir='ltr'><strong>χρήσιμον</strong></span> <span class='ocrx_word' id='word_1_45' title='bbox 715 353 771 388; x_wconf 75' lang='lat'><strong>(15)</strong></span> <span class='ocrx_word' id='word_1_46' title='bbox 789 352 860 379; x_wconf 85' lang='grc' dir='ltr'><strong>κατά</strong></span> 
     </span>
    </p>
   </div>
   <div class='ocr_carea' id='block_1_9' title="bbox 67 397 859 436">
    <p class='ocr_par' dir='ltr' id='par_1_9' title="bbox 67 397 859 436">
     <span class='ocr_line' id='line_1_9' title="bbox 67 397 859 436; baseline 0.003 -12"><span class='ocrx_word' id='word_1_47' title='bbox 67 397 111 424; x_wconf 85' lang='grc' dir='ltr'><strong>τοῦ</strong></span> <span class='ocrx_word' id='word_1_48' title='bbox 136 397 273 433; x_wconf 82' lang='grc' dir='ltr'><strong>τυράννου</strong></span> <span class='ocrx_word' id='word_1_49' title='bbox 299 398 440 434; x_wconf 84' lang='grc' dir='ltr'><strong>γενόμενοι</strong></span> <span class='ocrx_word' id='word_1_50' title='bbox 454 419 462 431; x_wconf 92' lang='grc'><strong>,</strong></span> <span class='ocrx_word' id='word_1_51' title='bbox 486 399 537 431; x_wconf 80' lang='grc' dir='ltr'><strong>τὰς</strong></span> <span class='ocrx_word' id='word_1_52' title='bbox 565 399 709 436; x_wconf 80' lang='grc' dir='ltr'><strong>Ῥωμαίων</strong></span> <span class='ocrx_word' id='word_1_53' title='bbox 734 399 859 435; x_wconf 77' lang='grc' dir='ltr'><strong>ἔφθειρον</strong></span> 
     </span>
    </p>
   </div>
   <div class='ocr_carea' id='block_1_10' title="bbox 68 441 859 481">
    <p class='ocr_par' dir='ltr' id='par_1_10' title="bbox 68 441 859 481">
     <span class='ocr_line' id='line_1_10' title="bbox 68 441 859 481; baseline 0.003 -12"><span class='ocrx_word' id='word_1_54' title='bbox 68 442 156 474; x_wconf 83' lang='grc' dir='ltr'><strong>πόλεις</strong></span> <span class='ocrx_word' id='word_1_55' title='bbox 169 449 176 456; x_wconf 89' lang='lat'><strong><em>°</em></strong></span> <span class='ocrx_word' id='word_1_56' title='bbox 193 443 244 470; x_wconf 79' lang='grc' dir='ltr'><strong>καὶ</strong></span> <span class='ocrx_word' id='word_1_57' title='bbox 259 443 354 478; x_wconf 79' lang='grc' dir='ltr'><strong>ἐπειδὴ</strong></span> <span class='ocrx_word' id='word_1_58' title='bbox 373 443 434 476; x_wconf 84' lang='grc' dir='ltr'><strong>νέος</strong></span> <span class='ocrx_word' id='word_1_59' title='bbox 458 441 492 479; x_wconf 79' lang='grc' dir='ltr'><strong>ἦν</strong></span> <span class='ocrx_word' id='word_1_60' title='bbox 509 444 559 480; x_wconf 84' lang='grc' dir='ltr'><strong>τὴν</strong></span> <span class='ocrx_word' id='word_1_61' title='bbox 580 444 688 481; x_wconf 86' lang='grc' dir='ltr'><strong>ἠλικίαν</strong></span> <span class='ocrx_word' id='word_1_62' title='bbox 699 465 708 478; x_wconf 83' lang='grc'><em>,</em></span> <span class='ocrx_word' id='word_1_63' title='bbox 731 445 859 472; x_wconf 77' lang='grc' dir='ltr'><strong>ἐκέλευσε</strong></span> 
     </span>
    </p>
   </div>
   <div class='ocr_carea' id='block_1_11' title="bbox 70 488 859 526">
    <p class='ocr_par' dir='ltr' id='par_1_11' title="bbox 70 488 859 526">
     <span class='ocr_line' id='line_1_11' title="bbox 70 488 859 526; baseline 0.004 -12"><span class='ocrx_word' id='word_1_64' title='bbox 70 488 149 524; x_wconf 80' lang='grc' dir='ltr'><strong>μηδὲν</strong></span> <span class='ocrx_word' id='word_1_65' title='bbox 167 488 251 515; x_wconf 84' lang='grc' dir='ltr'><strong>αὑτὸν</strong></span> <span class='ocrx_word' id='word_1_66' title='bbox 278 489 406 525; x_wconf 84' lang='grc' dir='ltr'><strong>πράττειν</strong></span> <span class='ocrx_word' id='word_1_67' title='bbox 422 489 484 525; x_wconf 73' lang='grc' dir='ltr'><strong>δίχα</strong></span> <span class='ocrx_word' id='word_1_68' title='bbox 507 489 620 525; x_wconf 83' lang='grc' dir='ltr'><strong>γνώμης</strong></span> <span class='ocrx_word' id='word_1_69' title='bbox 640 491 798 526; x_wconf 70' lang='grc' dir='ltr'><strong>ἡγουμένων</strong></span> <span class='ocrx_word' id='word_1_70' title='bbox 811 490 859 517; x_wconf 77' lang='grc' dir='ltr'><strong>τοῦ</strong></span> 
     </span>
    </p>
   </div>
   <div class='ocr_carea' id='block_1_12' title="bbox 69 534 860 572">
    <p class='ocr_par' dir='ltr' id='par_1_12' title="bbox 69 534 860 572">
     <span class='ocr_line' id='line_1_12' title="bbox 69 534 860 572; baseline 0.003 -11"><span class='ocrx_word' id='word_1_71' title='bbox 69 534 191 571; x_wconf 83' lang='grc' dir='ltr'><strong>στρατοῦ.</strong></span> <span class='ocrx_word' id='word_1_72' title='bbox 212 535 259 567; x_wconf 84' lang='grc' dir='ltr'><strong>Ὡς</strong></span> <span class='ocrx_word' id='word_1_73' title='bbox 282 535 311 562; x_wconf 79' lang='grc' dir='ltr'><strong>δὲ</strong></span> <span class='ocrx_word' id='word_1_74' title='bbox 326 537 424 563; x_wconf 73' lang='grc' dir='ltr'><strong>ἐκεῖνοι</strong></span> <span class='ocrx_word' id='word_1_75' title='bbox 445 537 495 571; x_wconf 86' lang='grc' dir='ltr'><strong>τῆς</strong></span> <span class='ocrx_word' id='word_1_76' title='bbox 518 536 642 569; x_wconf 71' lang='grc' dir='ltr'><strong>ἐξουσίας</strong></span> <span class='ocrx_word' id='word_1_77' title='bbox 656 537 758 572; x_wconf 85' lang='grc' dir='ltr'><strong>ταύτης</strong></span> <span class='ocrx_word' id='word_1_78' title='bbox 780 536 860 564; x_wconf 84' lang='grc' dir='ltr'><strong>λαϐό-</strong></span> 
     </span>
    </p>
   </div>
   <div class='ocr_carea' id='block_1_13' title="bbox 70 580 861 618">
    <p class='ocr_par' dir='ltr' id='par_1_13' title="bbox 70 580 861 618">
     <span class='ocr_line' id='line_1_13' title="bbox 70 580 861 618; baseline 0.003 -11"><span class='ocrx_word' id='word_1_79' title='bbox 70 589 152 616; x_wconf 82' lang='grc' dir='ltr'><strong>μενοι,</strong></span> <span class='ocrx_word' id='word_1_80' title='bbox 168 580 358 617; x_wconf 72' lang='grc' dir='ltr'><strong>ῥᾳθυμότερον</strong></span> <span class='ocrx_word' id='word_1_81' title='bbox 373 582 429 609; x_wconf 86' lang='grc' dir='ltr'><strong>τῶν</strong></span> <span class='ocrx_word' id='word_1_82' title='bbox 440 582 611 618; x_wconf 77' lang='grc' dir='ltr'><strong>πραγμάτων</strong></span> <span class='ocrx_word' id='word_1_83' title='bbox 621 582 780 618; x_wconf 78' lang='grc' dir='ltr'><strong>ἐφρόντιζον</strong></span> <span class='ocrx_word' id='word_1_84' title='bbox 790 602 797 614; x_wconf 88' lang='grc'>,</span> <span class='ocrx_word' id='word_1_85' title='bbox 813 583 861 609; x_wconf 83' lang='grc' dir='ltr'><strong>καὶ</strong></span> 
     </span>
    </p>
   </div>
   <div class='ocr_carea' id='block_1_14' title="bbox 69 626 861 664">
    <p class='ocr_par' dir='ltr' id='par_1_14' title="bbox 69 626 861 664">
     <span class='ocr_line' id='line_1_14' title="bbox 69 626 861 664; baseline 0.001 -11"><span class='ocrx_word' id='word_1_86' title='bbox 69 627 110 654; x_wconf 82' lang='grc' dir='ltr'><strong>διά</strong></span> <span class='ocrx_word' id='word_1_87' title='bbox 131 626 210 653; x_wconf 75' lang='grc' dir='ltr'><strong>τοῦτο</strong></span> <span class='ocrx_word' id='word_1_88' title='bbox 227 626 266 654; x_wconf 83' lang='grc' dir='ltr'><strong>τὰ</strong></span> <span class='ocrx_word' id='word_1_89' title='bbox 289 626 441 663; x_wconf 83' lang='grc' dir='ltr'><strong>Βαρϐάρων</strong></span> <span class='ocrx_word' id='word_1_90' title='bbox 456 628 675 664; x_wconf 77' lang='grc' dir='ltr'><strong>ἐπικρατέστερα</strong></span> <span class='ocrx_word' id='word_1_91' title='bbox 693 626 743 663; x_wconf 81' lang='grc' dir='ltr'><strong>ἦν,</strong></span> <span class='ocrx_word' id='word_1_92' title='bbox 762 628 776 654; x_wconf 85' lang='grc' dir='ltr'><strong>ό</strong></span> <span class='ocrx_word' id='word_1_93' title='bbox 796 628 861 654; x_wconf 77' lang='grc' dir='ltr'><strong>Ἰου-</strong></span> 
     </span>
    </p>
   </div>
   <div class='ocr_carea' id='block_1_15' title="bbox 70 671 861 708">
    <p class='ocr_par' dir='ltr' id='par_1_15' title="bbox 70 671 861 708">
     <span class='ocr_line' id='line_1_15' title="bbox 70 671 861 708; baseline 0 -10"><span class='ocrx_word' id='word_1_94' title='bbox 70 671 155 703; x_wconf 78' lang='grc' dir='ltr'><strong>λιανὸς</strong></span> <span class='ocrx_word' id='word_1_95' title='bbox 172 671 238 703; x_wconf 85' lang='grc' dir='ltr'><strong>τοὺς</strong></span> <span class='ocrx_word' id='word_1_96' title='bbox 260 671 310 707; x_wconf 86' lang='grc' dir='ltr'><strong>μὲν</strong></span> <span class='ocrx_word' id='word_1_97' title='bbox 325 672 494 707; x_wconf 76' lang='grc' dir='ltr'><strong>στρατηγοὺς</strong></span> <span class='ocrx_word' id='word_1_98' title='bbox 508 673 551 699; x_wconf 72' lang='grc' dir='ltr'><strong>εἶα</strong></span> <span class='ocrx_word' id='word_1_99' title='bbox 571 673 687 708; x_wconf 80' lang='grc' dir='ltr'>τρυφαῖς</span> <span class='ocrx_word' id='word_1_100' title='bbox 708 673 756 700; x_wconf 71' lang='grc' dir='ltr'><strong>καὶ</strong></span> <span class='ocrx_word' id='word_1_101' title='bbox 769 672 861 702; x_wconf 86' lang='grc' dir='ltr'><strong>πότοις</strong></span> 
     </span>
    </p>
   </div>
   <div class='ocr_carea' id='block_1_16' title="bbox 71 717 860 754">
    <p class='ocr_par' dir='ltr' id='par_1_16' title="bbox 71 717 860 754">
     <span class='ocr_line' id='line_1_16' title="bbox 71 717 860 754; baseline 0.001 -10"><span class='ocrx_word' id='word_1_102' title='bbox 71 717 208 753; x_wconf 79' lang='grc' dir='ltr'><strong>σχολάζειν</strong></span> <span class='ocrx_word' id='word_1_103' title='bbox 224 725 233 734; x_wconf 67' lang='grc' dir='ltr'><strong>ε</strong></span> <span class='ocrx_word' id='word_1_104' title='bbox 269 718 333 749; x_wconf 82' lang='grc' dir='ltr'><strong>τοὺς</strong></span> <span class='ocrx_word' id='word_1_105' title='bbox 371 718 399 744; x_wconf 80' lang='grc' dir='ltr'><strong>δὲ</strong></span> <span class='ocrx_word' id='word_1_106' title='bbox 435 718 605 754; x_wconf 71' lang='grc' dir='ltr'><strong>στρατιώτας</strong></span> <span class='ocrx_word' id='word_1_107' title='bbox 640 718 860 754; x_wconf 82' lang='grc' dir='ltr'><strong>προθυμοτέρους</strong></span> 
     </span>
    </p>
   </div>
   <div class='ocr_carea' id='block_1_17' title="bbox 71 761 861 798">
    <p class='ocr_par' dir='ltr' id='par_1_17' title="bbox 71 761 861 798">
     <span class='ocr_line' id='line_1_17' title="bbox 71 761 861 798; baseline 0.001 -9"><span class='ocrx_word' id='word_1_108' title='bbox 71 762 195 798; x_wconf 75' lang='grc' dir='ltr'><strong>ιποίησε,</strong></span> <span class='ocrx_word' id='word_1_109' title='bbox 215 762 314 797; x_wconf 79' lang='grc' dir='ltr'><strong>μισθὸν</strong></span> <span class='ocrx_word' id='word_1_110' title='bbox 339 761 491 798; x_wconf 83' lang='grc' dir='ltr'><strong>ὡρισμένον</strong></span> <span class='ocrx_word' id='word_1_111' title='bbox 516 763 555 798; x_wconf 84' lang='grc' dir='ltr'><strong>τῷ</strong></span> <span class='ocrx_word' id='word_1_112' title='bbox 580 763 702 790; x_wconf 79' lang='grc' dir='ltr'><strong>ἀνελόντι</strong></span> <span class='ocrx_word' id='word_1_113' title='bbox 725 763 861 798; x_wconf 76' lang='grc' dir='ltr'><strong>βάρϐαρον</strong></span> 
     </span>
    </p>
   </div>
   <div class='ocr_carea' id='block_1_18' title="bbox 72 807 860 844">
    <p class='ocr_par' dir='ltr' id='par_1_18' title="bbox 72 807 860 844">
     <span class='ocr_line' id='line_1_18' title="bbox 72 807 860 844; baseline 0.001 -10"><span class='ocrx_word' id='word_1_114' title='bbox 72 808 268 842; x_wconf 75' lang='grc' dir='ltr'><strong>ὑποσχόμενος.</strong></span> <span class='ocrx_word' id='word_1_115' title='bbox 298 807 384 834; x_wconf 83' lang='grc' dir='ltr'><strong>Τοῦτο</strong></span> <span class='ocrx_word' id='word_1_116' title='bbox 402 809 538 844; x_wconf 82' lang='grc' dir='ltr'><strong>παρέσχεν</strong></span> <span class='ocrx_word' id='word_1_117' title='bbox 565 809 653 844; x_wconf 85' lang='grc' dir='ltr'><strong>ἀρχὴν</strong></span> <span class='ocrx_word' id='word_1_118' title='bbox 677 808 726 838; x_wconf 79' lang='grc' dir='ltr'>τοῦ</span> <span class='ocrx_word' id='word_1_119' title='bbox 754 809 801 836; x_wconf 79' lang='grc' dir='ltr'><strong>καὶ</strong></span> <span class='ocrx_word' id='word_1_120' title='bbox 826 809 860 836; x_wconf 81' lang='grc' dir='ltr'><strong>τά</strong></span> 
     </span>
    </p>
   </div>
   <div class='ocr_carea' id='block_1_19' title="bbox 75 853 861 890">
    <p class='ocr_par' dir='ltr' id='par_1_19' title="bbox 75 853 861 890">
     <span class='ocr_line' id='line_1_19' title="bbox 75 853 861 890; baseline 0.003 -11"><span class='ocrx_word' id='word_1_121' title='bbox 75 853 220 889; x_wconf 76' lang='grc' dir='ltr'><strong>Βαρϐάρων</strong></span> <span class='ocrx_word' id='word_1_122' title='bbox 247 853 428 881; x_wconf 74' lang='grc' dir='ltr'><strong>ἐλαττοῦσθαι</strong></span> <span class='ocrx_word' id='word_1_123' title='bbox 440 873 449 887; x_wconf 85' lang='grc'><em>,</em></span> <span class='ocrx_word' id='word_1_124' title='bbox 468 854 515 881; x_wconf 79' lang='grc' dir='ltr'><strong>καὶ</strong></span> <span class='ocrx_word' id='word_1_125' title='bbox 541 854 622 882; x_wconf 84' lang='grc' dir='ltr'><strong>αὐτὸν</strong></span> <span class='ocrx_word' id='word_1_126' title='bbox 638 854 768 890; x_wconf 79' lang='grc' dir='ltr'><strong>ἐράσμιον</strong></span> <span class='ocrx_word' id='word_1_127' title='bbox 785 854 861 890; x_wconf 84' lang='grc' dir='ltr'><strong>παρά</strong></span> 
     </span>
    </p>
   </div>
   <div class='ocr_carea' id='block_1_20' title="bbox 72 898 860 934">
    <p class='ocr_par' dir='ltr' id='par_1_20' title="bbox 72 898 860 934">
     <span class='ocr_line' id='line_1_20' title="bbox 72 898 860 934; baseline 0.001 -9"><span class='ocrx_word' id='word_1_128' title='bbox 72 901 122 930; x_wconf 81' lang='grc' dir='ltr'><strong>τοῖς</strong></span> <span class='ocrx_word' id='word_1_129' title='bbox 138 898 321 934; x_wconf 80' lang='grc' dir='ltr'><strong>στρατιώταις</strong></span> <span class='ocrx_word' id='word_1_130' title='bbox 336 899 474 934; x_wconf 87' lang='grc' dir='ltr'><strong>γενέσθαι.</strong></span> <span class='ocrx_word' id='word_1_131' title='bbox 490 899 575 934; x_wconf 85' lang='grc' dir='ltr'><strong>Λόγος</strong></span> <span class='ocrx_word' id='word_1_132' title='bbox 594 900 623 926; x_wconf 86' lang='grc' dir='ltr'><strong>δέ</strong></span> <span class='ocrx_word' id='word_1_133' title='bbox 638 908 694 932; x_wconf 87' lang='grc' dir='ltr'><strong>τις,</strong></span> <span class='ocrx_word' id='word_1_134' title='bbox 716 899 757 927; x_wconf 83' lang='grc' dir='ltr'><strong>ὅτι</strong></span> <span class='ocrx_word' id='word_1_135' title='bbox 773 900 813 932; x_wconf 73' lang='grc' dir='ltr'><strong>εἰς</strong></span> <span class='ocrx_word' id='word_1_136' title='bbox 831 899 860 927; x_wconf 81' lang='grc' dir='ltr'><strong>ἓν</strong></span> 
     </span>
    </p>
   </div>
   <div class='ocr_carea' id='block_1_21' title="bbox 73 942 861 981">
    <p class='ocr_par' dir='ltr' id='par_1_21' title="bbox 73 942 861 981">
     <span class='ocr_line' id='line_1_21' title="bbox 73 942 861 981; baseline 0.001 -10"><span class='ocrx_word' id='word_1_137' title='bbox 73 945 121 972; x_wconf 80' lang='grc' dir='ltr'><strong>τῶν</strong></span> <span class='ocrx_word' id='word_1_138' title='bbox 133 946 280 981; x_wconf 81' lang='grc' dir='ltr'><strong>πολιχνίων</strong></span> <span class='ocrx_word' id='word_1_139' title='bbox 299 945 465 977; x_wconf 73' lang='grc' dir='ltr'><strong>εἰσελθόντος</strong></span> <span class='ocrx_word' id='word_1_140' title='bbox 487 945 570 973; x_wconf 79' lang='grc' dir='ltr'><strong>αὑτοῦ</strong></span> <span class='ocrx_word' id='word_1_141' title='bbox 581 967 588 979; x_wconf 84' lang='grc'><em>,</em></span> <span class='ocrx_word' id='word_1_142' title='bbox 607 945 740 980; x_wconf 85' lang='grc' dir='ltr'><strong>στέφανος</strong></span> <span class='ocrx_word' id='word_1_143' title='bbox 757 946 805 980; x_wconf 79' lang='grc' dir='ltr'><strong>ἀφ’</strong></span> <span class='ocrx_word' id='word_1_144' title='bbox 822 942 861 972; x_wconf 84' lang='grc' dir='ltr'><strong>ὧν</strong></span> 
     </span>
    </p>
   </div>
   <div class='ocr_carea' id='block_1_22' title="bbox 72 989 861 1026">
    <p class='ocr_par' dir='ltr' id='par_1_22' title="bbox 72 989 861 1026">
     <span class='ocr_line' id='line_1_22' title="bbox 72 989 861 1026; baseline -0.001 -9"><span class='ocrx_word' id='word_1_145' title='bbox 72 990 118 1021; x_wconf 71' lang='grc' dir='ltr'><strong>τὰς</strong></span> <span class='ocrx_word' id='word_1_146' title='bbox 133 990 225 1022; x_wconf 77' lang='grc' dir='ltr'><strong>πόλεις</strong></span> <span class='ocrx_word' id='word_1_147' title='bbox 249 990 399 1025; x_wconf 76' lang='grc' dir='ltr'><strong>κοσμοῦσιν</strong></span> <span class='ocrx_word' id='word_1_148' title='bbox 413 989 481 1026; x_wconf 76' lang='grc' dir='ltr'><strong>(ιϐ),</strong></span> <span class='ocrx_word' id='word_1_149' title='bbox 501 990 531 1016; x_wconf 81' lang='grc' dir='ltr'><strong>έν</strong></span> <span class='ocrx_word' id='word_1_150' title='bbox 551 989 627 1025; x_wconf 86' lang='grc' dir='ltr'><strong>μέσῳ</strong></span> <span class='ocrx_word' id='word_1_151' title='bbox 642 989 696 1016; x_wconf 87' lang='grc' dir='ltr'><strong>τῶν</strong></span> <span class='ocrx_word' id='word_1_152' title='bbox 715 990 812 1017; x_wconf 85' lang='grc' dir='ltr'><strong>κιόνων</strong></span> <span class='ocrx_word' id='word_1_153' title='bbox 828 991 861 1016; x_wconf 73' lang='grc' dir='ltr'><strong>ὲκ</strong></span> 
     </span>
    </p>
   </div>
   <div class='ocr_carea' id='block_1_23' title="bbox 73 1035 860 1071">
    <p class='ocr_par' dir='ltr' id='par_1_23' title="bbox 73 1035 860 1071">
     <span class='ocr_line' id='line_1_23' title="bbox 73 1035 860 1071; baseline 0 -9"><span class='ocrx_word' id='word_1_154' title='bbox 73 1035 207 1063; x_wconf 80' lang='grc' dir='ltr'><strong>καλωδίων</strong></span> <span class='ocrx_word' id='word_1_155' title='bbox 222 1035 393 1071; x_wconf 79' lang='grc' dir='ltr'><strong>ὴρτημένος,</strong></span> <span class='ocrx_word' id='word_1_156' title='bbox 409 1036 443 1071; x_wconf 81' lang='grc' dir='ltr'><strong>τῇ</strong></span> <span class='ocrx_word' id='word_1_157' title='bbox 458 1035 564 1071; x_wconf 77' lang='grc' dir='ltr'><strong>κεφαλῇ</strong></span> <span class='ocrx_word' id='word_1_158' title='bbox 581 1035 753 1071; x_wconf 74' lang='grc' dir='ltr'><strong>κατενεχθεὶς</strong></span> <span class='ocrx_word' id='word_1_159' title='bbox 770 1036 860 1071; x_wconf 79' lang='grc' dir='ltr'><strong>ἥρμο-</strong></span> 
     </span>
    </p>
   </div>
   <div class='ocr_carea' id='block_1_24' title="bbox 74 1081 859 1117">
    <p class='ocr_par' dir='ltr' id='par_1_24' title="bbox 74 1081 859 1117">
     <span class='ocr_line' id='line_1_24' title="bbox 74 1081 859 1117; baseline 0 -9"><span class='ocrx_word' id='word_1_160' title='bbox 74 1090 125 1114; x_wconf 84' lang='grc' dir='ltr'><strong>σεν,</strong></span> <span class='ocrx_word' id='word_1_161' title='bbox 139 1081 184 1108; x_wconf 76' lang='grc' dir='ltr'><strong>ἐπί</strong></span> <span class='ocrx_word' id='word_1_162' title='bbox 198 1090 227 1108; x_wconf 87' lang='grc' dir='ltr'><strong>τε.</strong></span> <span class='ocrx_word' id='word_1_163' title='bbox 240 1081 330 1116; x_wconf 82' lang='grc' dir='ltr'><strong>τούτῳ</strong></span> <span class='ocrx_word' id='word_1_164' title='bbox 342 1081 446 1112; x_wconf 81' lang='grc' dir='ltr'><strong>πάντας</strong></span> <span class='ocrx_word' id='word_1_165' title='bbox 463 1081 528 1113; x_wconf 81' lang='grc' dir='ltr'><strong>τοὺς</strong></span> <span class='ocrx_word' id='word_1_166' title='bbox 541 1081 678 1117; x_wconf 78' lang='grc' dir='ltr'><strong>παρόντας</strong></span> <span class='ocrx_word' id='word_1_167' title='bbox 689 1081 841 1116; x_wconf 82' lang='grc' dir='ltr'><strong>ἀναϐοῆσαι</strong></span> <span class='ocrx_word' id='word_1_168' title='bbox 850 1090 859 1099; x_wconf 90' lang='grc'><strong>·</strong></span> 
     </span>
    </p>
   </div>
   <div class='ocr_carea' id='block_1_25' title="bbox 74 1126 860 1164">
    <p class='ocr_par' dir='ltr' id='par_1_25' title="bbox 74 1126 860 1164">
     <span class='ocr_line' id='line_1_25' title="bbox 74 1126 860 1164; baseline 0.001 -10"><span class='ocrx_word' id='word_1_169' title='bbox 74 1126 268 1163; x_wconf 80' lang='grc' dir='ltr'><strong>προδηλοῦσθαι</strong></span> <span class='ocrx_word' id='word_1_170' title='bbox 286 1127 342 1163; x_wconf 83' lang='grc' dir='ltr'><strong>γὰρ</strong></span> <span class='ocrx_word' id='word_1_171' title='bbox 362 1126 438 1163; x_wconf 85' lang='grc' dir='ltr'><strong>αὐτῷ</strong></span> <span class='ocrx_word' id='word_1_172' title='bbox 452 1126 497 1154; x_wconf 84' lang='grc' dir='ltr'><strong>διὰ</strong></span> <span class='ocrx_word' id='word_1_173' title='bbox 516 1126 564 1154; x_wconf 77' lang='grc' dir='ltr'><strong>τοῦ</strong></span> <span class='ocrx_word' id='word_1_174' title='bbox 585 1127 731 1163; x_wconf 79' lang='grc' dir='ltr'><strong>γενομένου</strong></span> <span class='ocrx_word' id='word_1_175' title='bbox 746 1129 860 1164; x_wconf 80' lang='grc' dir='ltr'><strong>σημείου</strong></span> 
     </span>
    </p>
   </div>
   <div class='ocr_carea' id='block_1_26' title="bbox 73 1173 861 1209">
    <p class='ocr_par' dir='ltr' id='par_1_26' title="bbox 73 1173 861 1209">
     <span class='ocr_line' id='line_1_26' title="bbox 73 1173 861 1209; baseline 0.004 -9"><span class='ocrx_word' id='word_1_176' title='bbox 73 1173 118 1209; x_wconf 86' lang='grc' dir='ltr'><strong>τὴν</strong></span> <span class='ocrx_word' id='word_1_177' title='bbox 128 1174 278 1208; x_wconf 78' lang='grc' dir='ltr'><strong>βασιλείαν.</strong></span> <span class='ocrx_word' id='word_1_178' title='bbox 290 1173 359 1200; x_wconf 78' lang='grc' dir='ltr'><strong>Φασὶ</strong></span> <span class='ocrx_word' id='word_1_179' title='bbox 371 1173 400 1200; x_wconf 79' lang='grc' dir='ltr'><strong>δέ</strong></span> <span class='ocrx_word' id='word_1_180' title='bbox 417 1182 490 1205; x_wconf 79' lang='grc' dir='ltr'><strong>τινες</strong></span> <span class='ocrx_word' id='word_1_181' title='bbox 502 1193 510 1206; x_wconf 85' lang='grc'>,</span> <span class='ocrx_word' id='word_1_182' title='bbox 523 1173 561 1206; x_wconf 86' lang='grc' dir='ltr'><strong>ὡς</strong></span> <span class='ocrx_word' id='word_1_183' title='bbox 577 1174 766 1206; x_wconf 82' lang='grc' dir='ltr'><strong>Κωνστάντιος</strong></span> <span class='ocrx_word' id='word_1_184' title='bbox 780 1175 861 1203; x_wconf 76' lang='grc' dir='ltr'><strong>αὐτὸν</strong></span> 
     </span>
    </p>
   </div>
   <div class='ocr_carea' id='block_1_27' title="bbox 74 1219 862 1255">
    <p class='ocr_par' dir='ltr' id='par_1_27' title="bbox 74 1219 862 1255">
     <span class='ocr_line' id='line_1_27' title="bbox 74 1219 862 1255; baseline 0.003 -9"><span class='ocrx_word' id='word_1_185' title='bbox 74 1219 192 1247; x_wconf 84' lang='grc' dir='ltr'><strong>διατοῦτο</strong></span> <span class='ocrx_word' id='word_1_186' title='bbox 215 1219 265 1246; x_wconf 77' lang='grc' dir='ltr'><strong>ἐπὶ</strong></span> <span class='ocrx_word' id='word_1_187' title='bbox 286 1220 349 1252; x_wconf 86' lang='grc' dir='ltr'><strong>τοὺς</strong></span> <span class='ocrx_word' id='word_1_188' title='bbox 365 1219 525 1255; x_wconf 81' lang='grc' dir='ltr'><strong>Βαρϐάρους</strong></span> <span class='ocrx_word' id='word_1_189' title='bbox 540 1219 717 1253; x_wconf 82' lang='grc' dir='ltr'><strong>ἀπέστειλεν,</strong></span> <span class='ocrx_word' id='word_1_190' title='bbox 736 1220 781 1248; x_wconf 83' lang='grc' dir='ltr'><strong>ἵνα</strong></span> <span class='ocrx_word' id='word_1_191' title='bbox 803 1221 862 1248; x_wconf 72' lang='grc' dir='ltr'><strong>ἐκεῖ</strong></span> 
     </span>
    </p>
   </div>
   <div class='ocr_carea' id='block_1_28' title="bbox 74 1263 860 1300">
    <p class='ocr_par' dir='ltr' id='par_1_28' title="bbox 74 1263 860 1300">
     <span class='ocr_line' id='line_1_28' title="bbox 74 1263 860 1300; baseline 0.001 -9"><span class='ocrx_word' id='word_1_192' title='bbox 74 1264 203 1300; x_wconf 81' lang='grc' dir='ltr'><strong>διαφθαρῇ</strong></span> <span class='ocrx_word' id='word_1_193' title='bbox 213 1285 221 1298; x_wconf 84' lang='grc'><strong>,</strong></span> <span class='ocrx_word' id='word_1_194' title='bbox 235 1265 461 1300; x_wconf 76' lang='grc' dir='ltr'><strong>συμπλεκόμενος</strong></span> <span class='ocrx_word' id='word_1_195' title='bbox 473 1265 576 1297; x_wconf 81' lang='grc' dir='ltr'><strong>αὐτοῖς.</strong></span> <span class='ocrx_word' id='word_1_196' title='bbox 590 1265 647 1292; x_wconf 85' lang='grc' dir='ltr'><strong>Οὐκ</strong></span> <span class='ocrx_word' id='word_1_197' title='bbox 662 1263 721 1292; x_wconf 79' lang='grc' dir='ltr'><strong>οἶδα</strong></span> <span class='ocrx_word' id='word_1_198' title='bbox 735 1265 764 1292; x_wconf 86' lang='grc' dir='ltr'><strong>δὲ</strong></span> <span class='ocrx_word' id='word_1_199' title='bbox 774 1285 782 1297; x_wconf 87' lang='grc'><em>,</em></span> <span class='ocrx_word' id='word_1_200' title='bbox 798 1266 823 1292; x_wconf 80' lang='grc' dir='ltr'><strong>ει</strong></span> <span class='ocrx_word' id='word_1_201' title='bbox 836 1267 860 1293; x_wconf 74' lang='grc' dir='ltr'><strong>οἱ</strong></span> 
     </span>
    </p>
   </div>
   <div class='ocr_carea' id='block_1_29' title="bbox 75 1310 862 1347">
    <p class='ocr_par' dir='ltr' id='par_1_29' title="bbox 75 1310 862 1347">
     <span class='ocr_line' id='line_1_29' title="bbox 75 1310 862 1347; baseline 0.001 -10"><span class='ocrx_word' id='word_1_202' title='bbox 75 1310 102 1337; x_wconf 81' lang='grc' dir='ltr'><strong>τὸ</strong></span> <span class='ocrx_word' id='word_1_203' title='bbox 111 1310 213 1338; x_wconf 82' lang='grc' dir='ltr'><strong>τοιοῦτο</strong></span> <span class='ocrx_word' id='word_1_204' title='bbox 232 1310 359 1345; x_wconf 81' lang='grc' dir='ltr'><strong>λέγοντες</strong></span> <span class='ocrx_word' id='word_1_205' title='bbox 371 1310 556 1346; x_wconf 82' lang='grc' dir='ltr'><strong>ἀληθεύουσιν.</strong></span> <span class='ocrx_word' id='word_1_206' title='bbox 575 1310 604 1338; x_wconf 91' lang='lat'>&#39;0</span> <span class='ocrx_word' id='word_1_207' title='bbox 615 1311 669 1347; x_wconf 82' lang='grc' dir='ltr'><strong>γὰρ</strong></span> <span class='ocrx_word' id='word_1_208' title='bbox 683 1311 732 1347; x_wconf 85' lang='grc' dir='ltr'><strong>τὴν</strong></span> <span class='ocrx_word' id='word_1_209' title='bbox 745 1311 862 1347; x_wconf 83' lang='grc' dir='ltr'><strong>ἀδελφὴν</strong></span> 
     </span>
    </p>
   </div>
   <div class='ocr_carea' id='block_1_30' title="bbox 76 1357 862 1393">
    <p class='ocr_par' dir='ltr' id='par_1_30' title="bbox 76 1357 862 1393">
     <span class='ocr_line' id='line_1_30' title="bbox 76 1357 862 1393; baseline 0 -8"><span class='ocrx_word' id='word_1_210' title='bbox 76 1358 120 1393; x_wconf 85' lang='grc' dir='ltr'><strong>τὴν</strong></span> <span class='ocrx_word' id='word_1_211' title='bbox 136 1358 201 1384; x_wconf 80' lang='grc' dir='ltr'><strong>ἰδίαν</strong></span> <span class='ocrx_word' id='word_1_212' title='bbox 217 1357 294 1392; x_wconf 81' lang='grc' dir='ltr'><strong>αὐτῷ</strong></span> <span class='ocrx_word' id='word_1_213' title='bbox 308 1357 489 1393; x_wconf 81' lang='grc' dir='ltr'><strong>συνοικήσας,</strong></span> <span class='ocrx_word' id='word_1_214' title='bbox 501 1357 695 1389; x_wconf 78' lang='grc' dir='ltr'><strong>ἐπιϐουλεύων,</strong></span> <span class='ocrx_word' id='word_1_215' title='bbox 710 1358 786 1385; x_wconf 78' lang='grc' dir='ltr'><strong>οὐδὲν</strong></span> <span class='ocrx_word' id='word_1_216' title='bbox 798 1358 862 1386; x_wconf 73' lang='grc' dir='ltr'><strong>ἄλλο</strong></span> 
     </span>
    </p>
   </div>
   <div class='ocr_carea' id='block_1_31' title="bbox 76 1402 861 1440">
    <p class='ocr_par' dir='ltr' id='par_1_31' title="bbox 76 1402 861 1440">
     <span class='ocr_line' id='line_1_31' title="bbox 76 1402 861 1440; baseline 0 -9"><span class='ocrx_word' id='word_1_217' title='bbox 76 1404 92 1439; x_wconf 71' lang='grc' dir='ltr'><strong>ἢ</strong></span> <span class='ocrx_word' id='word_1_218' title='bbox 104 1403 162 1431; x_wconf 79' lang='grc' dir='ltr'><strong>καθ’</strong></span> <span class='ocrx_word' id='word_1_219' title='bbox 173 1403 274 1431; x_wconf 74' lang='grc' dir='ltr'><strong>ἑαυτοῦ</strong></span> <span class='ocrx_word' id='word_1_220' title='bbox 288 1403 339 1438; x_wconf 87' lang='grc' dir='ltr'><strong>τὴν</strong></span> <span class='ocrx_word' id='word_1_221' title='bbox 355 1403 500 1439; x_wconf 76' lang='grc' dir='ltr'><strong>ἐπιϐουλὴν</strong></span> <span class='ocrx_word' id='word_1_222' title='bbox 510 1404 619 1440; x_wconf 70' lang='grc' dir='ltr'><strong>ἔτρεπε.</strong></span> <span class='ocrx_word' id='word_1_223' title='bbox 635 1404 721 1431; x_wconf 79' lang='grc' dir='ltr'><strong>Τοῦτο</strong></span> <span class='ocrx_word' id='word_1_224' title='bbox 738 1404 788 1440; x_wconf 81' lang='grc' dir='ltr'><strong>μὲν</strong></span> <span class='ocrx_word' id='word_1_225' title='bbox 803 1402 861 1437; x_wconf 81' lang='grc' dir='ltr'><strong>οὖν,</strong></span> 
     </span>
    </p>
   </div>
   <div class='ocr_carea' id='block_1_32' title="bbox 76 1449 862 1485">
    <p class='ocr_par' dir='ltr' id='par_1_32' title="bbox 76 1449 862 1485">
     <span class='ocr_line' id='line_1_32' title="bbox 76 1449 862 1485; baseline 0.003 -10"><span class='ocrx_word' id='word_1_226' title='bbox 76 1449 111 1480; x_wconf 85' lang='grc' dir='ltr'><strong>ὡς</strong></span> <span class='ocrx_word' id='word_1_227' title='bbox 132 1450 238 1485; x_wconf 76' lang='grc' dir='ltr'><strong>ἑκάστῳ</strong></span> <span class='ocrx_word' id='word_1_228' title='bbox 265 1450 362 1481; x_wconf 85' lang='grc' dir='ltr'><strong>δοκεῖ,</strong></span> <span class='ocrx_word' id='word_1_229' title='bbox 379 1449 505 1485; x_wconf 83' lang='grc' dir='ltr'><strong>κρινέτω.</strong></span> <span class='ocrx_word' id='word_1_230' title='bbox 531 1449 676 1477; x_wconf 80' lang='grc' dir='ltr'><strong>Ἰουλιανοῦ</strong></span> <span class='ocrx_word' id='word_1_231' title='bbox 703 1449 732 1476; x_wconf 78' lang='grc' dir='ltr'><strong>δὲ</strong></span> <span class='ocrx_word' id='word_1_232' title='bbox 754 1450 862 1485; x_wconf 77' lang='grc' dir='ltr'><strong>μεμψα-</strong></span> 
     </span>
    </p>
   </div>
   <div class='ocr_carea' id='block_1_33' title="bbox 78 1493 863 1531">
    <p class='ocr_par' dir='ltr' id='par_1_33' title="bbox 78 1493 863 1531">
     <span class='ocr_line' id='line_1_33' title="bbox 78 1493 863 1531; baseline 0.003 -12"><span class='ocrx_word' id='word_1_233' title='bbox 78 1493 155 1529; x_wconf 85' lang='grc' dir='ltr'><strong>μένου</strong></span> <span class='ocrx_word' id='word_1_234' title='bbox 178 1494 255 1530; x_wconf 82' lang='grc' dir='ltr'><strong>παρά</strong></span> <span class='ocrx_word' id='word_1_235' title='bbox 277 1494 381 1530; x_wconf 84' lang='grc' dir='ltr'><strong>βασιλεῖ</strong></span> <span class='ocrx_word' id='word_1_236' title='bbox 394 1495 444 1530; x_wconf 84' lang='grc' dir='ltr'><strong>τὴν</strong></span> <span class='ocrx_word' id='word_1_237' title='bbox 462 1494 597 1531; x_wconf 81' lang='grc' dir='ltr'><strong>ρᾳθυμίαν</strong></span> <span class='ocrx_word' id='word_1_238' title='bbox 611 1494 665 1522; x_wconf 87' lang='grc' dir='ltr'><strong>τῶν</strong></span> <span class='ocrx_word' id='word_1_239' title='bbox 681 1494 863 1529; x_wconf 85' lang='grc' dir='ltr'><strong>στρατηγούν-</strong></span> 
     </span>
    </p>
   </div>
   <div class='ocr_carea' id='block_1_34' title="bbox 77 1538 861 1575">
    <p class='ocr_par' dir='ltr' id='par_1_34' title="bbox 77 1538 861 1575">
     <span class='ocr_line' id='line_1_34' title="bbox 77 1538 861 1575; baseline 0.001 -11"><span class='ocrx_word' id='word_1_240' title='bbox 77 1546 144 1570; x_wconf 81' lang='grc' dir='ltr'><strong>των,</strong></span> <span class='ocrx_word' id='word_1_241' title='bbox 170 1538 265 1574; x_wconf 75' lang='grc' dir='ltr'><strong>ἕτερος</strong></span> <span class='ocrx_word' id='word_1_242' title='bbox 285 1539 413 1574; x_wconf 78' lang='grc' dir='ltr'><strong>ἐπέμφθη</strong></span> <span class='ocrx_word' id='word_1_243' title='bbox 438 1539 607 1575; x_wconf 80' lang='grc' dir='ltr'><strong>στρατηγὸς,</strong></span> <span class='ocrx_word' id='word_1_244' title='bbox 634 1539 807 1574; x_wconf 82' lang='grc' dir='ltr'><strong>ἡρμοσμένος</strong></span> <span class='ocrx_word' id='word_1_245' title='bbox 828 1539 861 1574; x_wconf 80' lang='grc' dir='ltr'><strong>τῇ</strong></span> 
     </span>
    </p>
   </div>
   <div class='ocr_carea' id='block_1_35' title="bbox 77 1584 864 1622">
    <p class='ocr_par' dir='ltr' id='par_1_35' title="bbox 77 1584 864 1622">
     <span class='ocr_line' id='line_1_35' title="bbox 77 1584 864 1622; baseline 0.004 -12"><span class='ocrx_word' id='word_1_246' title='bbox 77 1584 212 1621; x_wconf 76' lang='grc' dir='ltr'><strong>προθυμξᾳ</strong></span> <span class='ocrx_word' id='word_1_247' title='bbox 239 1585 395 1613; x_wconf 83' lang='grc' dir='ltr'><strong>Ἰουλιανοῦ.</strong></span> <span class='ocrx_word' id='word_1_248' title='bbox 415 1586 463 1613; x_wconf 74' lang='lat' dir='ltr'><strong>“Ov</strong></span> <span class='ocrx_word' id='word_1_249' title='bbox 482 1586 551 1622; x_wconf 70' lang='grc' dir='ltr'><strong>ἔχων</strong></span> <span class='ocrx_word' id='word_1_250' title='bbox 571 1586 727 1621; x_wconf 81' lang='grc' dir='ltr'><strong>ὑπουργὸν,</strong></span> <span class='ocrx_word' id='word_1_251' title='bbox 755 1586 864 1622; x_wconf 80' lang='grc' dir='ltr'><strong>θαρρῶν</strong></span> 
     </span>
    </p>
   </div>
   <div class='ocr_carea' id='block_1_36' title="bbox 78 1630 866 1667">
    <p class='ocr_par' dir='ltr' id='par_1_36' title="bbox 78 1630 866 1667">
     <span class='ocr_line' id='line_1_36' title="bbox 78 1630 866 1667; baseline 0.003 -11"><span class='ocrx_word' id='word_1_252' title='bbox 78 1631 130 1661; x_wconf 89' lang='grc' dir='ltr'><strong>τοῖς</strong></span> <span class='ocrx_word' id='word_1_253' title='bbox 153 1630 311 1666; x_wconf 82' lang='grc' dir='ltr'><strong>Βαρϐἁροις</strong></span> <span class='ocrx_word' id='word_1_254' title='bbox 338 1631 513 1659; x_wconf 86' lang='grc' dir='ltr'><strong>συνέϐαλλεν.</strong></span> <span class='ocrx_word' id='word_1_255' title='bbox 540 1632 571 1659; x_wconf 83' lang='lat' dir='ltr'><strong>Ol</strong></span> <span class='ocrx_word' id='word_1_256' title='bbox 594 1631 623 1658; x_wconf 81' lang='grc' dir='ltr'><strong>δὲ</strong></span> <span class='ocrx_word' id='word_1_257' title='bbox 642 1631 866 1667; x_wconf 82' lang='grc' dir='ltr'><strong>διεπρεσϐεύοντο</strong></span> 
     </span>
    </p>
   </div>
   <div class='ocr_carea' id='block_1_37' title="bbox 79 1676 866 1713">
    <p class='ocr_par' dir='ltr' id='par_1_37' title="bbox 79 1676 866 1713">
     <span class='ocr_line' id='line_1_37' title="bbox 79 1676 866 1713; baseline 0.003 -11"><span class='ocrx_word' id='word_1_258' title='bbox 79 1676 141 1711; x_wconf 59' lang='lat' dir='ltr'><strong>apo;</strong></span> <span class='ocrx_word' id='word_1_259' title='bbox 155 1677 252 1709; x_wconf 82' lang='grc' dir='ltr'><strong>αὑτὸν,</strong></span> <span class='ocrx_word' id='word_1_260' title='bbox 268 1677 420 1709; x_wconf 79' lang='grc' dir='ltr'><strong>δεικνύντες</strong></span> <span class='ocrx_word' id='word_1_261' title='bbox 439 1678 478 1710; x_wconf 83' lang='grc' dir='ltr'><strong>ὡς</strong></span> <span class='ocrx_word' id='word_1_262' title='bbox 500 1677 535 1704; x_wconf 77' lang='grc' dir='ltr'><strong>τὰ</strong></span> <span class='ocrx_word' id='word_1_263' title='bbox 558 1677 690 1713; x_wconf 82' lang='grc' dir='ltr'><strong>βασιλέως</strong></span> <span class='ocrx_word' id='word_1_264' title='bbox 714 1678 866 1713; x_wconf 81' lang='grc' dir='ltr'><strong>γράμματα</strong></span> 
     </span>
    </p>
   </div>
   <div class='ocr_carea' id='block_1_38' title="bbox 79 1723 865 1760">
    <p class='ocr_par' dir='ltr' id='par_1_38' title="bbox 79 1723 865 1760">
     <span class='ocr_line' id='line_1_38' title="bbox 79 1723 865 1760; baseline 0.005 -12"><span class='ocrx_word' id='word_1_265' title='bbox 79 1723 116 1754; x_wconf 73' lang='grc' dir='ltr'><strong>εἰς</strong></span> <span class='ocrx_word' id='word_1_266' title='bbox 129 1723 177 1758; x_wconf 81' lang='grc' dir='ltr'><strong>τὴν</strong></span> <span class='ocrx_word' id='word_1_267' title='bbox 196 1723 341 1759; x_wconf 82' lang='grc' dir='ltr'><strong>Ῥωμαίων</strong></span> <span class='ocrx_word' id='word_1_268' title='bbox 361 1723 454 1760; x_wconf 84' lang='grc' dir='ltr'><strong>χώραν</strong></span> <span class='ocrx_word' id='word_1_269' title='bbox 478 1725 606 1760; x_wconf 81' lang='grc' dir='ltr'><strong>παρεῖναι</strong></span> <span class='ocrx_word' id='word_1_270' title='bbox 629 1724 737 1751; x_wconf 84' lang='grc' dir='ltr'><strong>κελεύει</strong></span> <span class='ocrx_word' id='word_1_271' title='bbox 755 1725 865 1758; x_wconf 82' lang='grc' dir='ltr'><strong>αὐτοὺς,</strong></span> 
     </span>
    </p>
   </div>
   <div class='ocr_carea' id='block_1_39' title="bbox 80 1768 867 1807">
    <p class='ocr_par' dir='ltr' id='par_1_39' title="bbox 80 1768 867 1807">
     <span class='ocr_line' id='line_1_39' title="bbox 80 1768 867 1807; baseline 0.005 -13"><span class='ocrx_word' id='word_1_272' title='bbox 80 1768 123 1794; x_wconf 85' lang='grc' dir='ltr'><strong>καὶ</strong></span> <span class='ocrx_word' id='word_1_273' title='bbox 146 1769 194 1800; x_wconf 88' lang='grc' dir='ltr'><strong>τὰς</strong></span> <span class='ocrx_word' id='word_1_274' title='bbox 215 1769 360 1802; x_wconf 77' lang='grc' dir='ltr'><strong>ἐπιστολὰς</strong></span> <span class='ocrx_word' id='word_1_275' title='bbox 379 1770 563 1798; x_wconf 75' lang='grc' dir='ltr'><strong>ἐπεδείκνυον.</strong></span> <span class='ocrx_word' id='word_1_276' title='bbox 582 1771 612 1798; x_wconf 95' lang='lat'><strong>&#39;0</strong></span> <span class='ocrx_word' id='word_1_277' title='bbox 625 1771 654 1798; x_wconf 82' lang='grc' dir='ltr'><strong>δὲ</strong></span> <span class='ocrx_word' id='word_1_278' title='bbox 665 1771 721 1804; x_wconf 77' lang='grc' dir='ltr'><strong>τὸν,</strong></span> <span class='ocrx_word' id='word_1_279' title='bbox 737 1770 787 1806; x_wconf 81' lang='grc' dir='ltr'><strong>μὲν</strong></span> <span class='ocrx_word' id='word_1_280' title='bbox 799 1779 867 1807; x_wconf 85' lang='grc' dir='ltr'><strong>πρε-</strong></span> 
     </span>
    </p>
   </div>
   <div class='ocr_carea' id='block_1_40' title="bbox 81 1813 866 1852">
    <p class='ocr_par' dir='ltr' id='par_1_40' title="bbox 81 1813 866 1852">
     <span class='ocr_line' id='line_1_40' title="bbox 81 1813 866 1852; baseline 0.004 -12"><span class='ocrx_word' id='word_1_281' title='bbox 81 1813 189 1850; x_wconf 81' lang='grc' dir='ltr'><strong>σϐευτὴν</strong></span> <span class='ocrx_word' id='word_1_282' title='bbox 201 1814 346 1851; x_wconf 81' lang='grc' dir='ltr'><strong>δεσμώτην</strong></span> <span class='ocrx_word' id='word_1_283' title='bbox 357 1816 468 1852; x_wconf 73' lang='grc' dir='ltr'><strong>ἐποίησε</strong></span> <span class='ocrx_word' id='word_1_284' title='bbox 480 1825 486 1832; x_wconf 91' lang='grc'>·</span> <span class='ocrx_word' id='word_1_285' title='bbox 503 1816 651 1852; x_wconf 85' lang='grc' dir='ltr'><strong>συμϐάλλει</strong></span> <span class='ocrx_word' id='word_1_286' title='bbox 664 1816 693 1843; x_wconf 79' lang='grc' dir='ltr'><strong>δὲ</strong></span> <span class='ocrx_word' id='word_1_287' title='bbox 705 1816 744 1851; x_wconf 85' lang='grc' dir='ltr'><strong>τῷ</strong></span> <span class='ocrx_word' id='word_1_288' title='bbox 759 1816 866 1852; x_wconf 86' lang='grc' dir='ltr'><strong>πλήθει,</strong></span> 
     </span>
    </p>
   </div>
   <div class='ocr_carea' id='block_1_41' title="bbox 81 1859 866 1898">
    <p class='ocr_par' dir='ltr' id='par_1_41' title="bbox 81 1859 866 1898">
     <span class='ocr_line' id='line_1_41' title="bbox 81 1859 866 1898; baseline 0.005 -13"><span class='ocrx_word' id='word_1_289' title='bbox 81 1859 124 1886; x_wconf 80' lang='grc' dir='ltr'><strong>καὶ</strong></span> <span class='ocrx_word' id='word_1_290' title='bbox 137 1861 309 1896; x_wconf 84' lang='grc' dir='ltr'><strong>κατακράτος</strong></span> <span class='ocrx_word' id='word_1_291' title='bbox 322 1863 394 1897; x_wconf 75' lang='grc' dir='ltr'><strong>νικᾷ.-</strong></span> <span class='ocrx_word' id='word_1_292' title='bbox 406 1862 454 1889; x_wconf 73' lang='lat' dir='ltr'><strong>ml.</strong></span> <span class='ocrx_word' id='word_1_293' title='bbox 465 1862 510 1888; x_wconf 82' lang='grc' dir='ltr'><strong>τὸν</strong></span> <span class='ocrx_word' id='word_1_294' title='bbox 525 1862 637 1897; x_wconf 83' lang='grc' dir='ltr'><strong>βασιλέα</strong></span> <span class='ocrx_word' id='word_1_295' title='bbox 647 1862 702 1890; x_wconf 84' lang='grc' dir='ltr'><strong>τῶν</strong></span> <span class='ocrx_word' id='word_1_296' title='bbox 713 1862 866 1898; x_wconf 85' lang='grc' dir='ltr'><strong>Βαρϐάρων</strong></span> 
     </span>
    </p>
   </div>
   <div class='ocr_carea' id='block_1_42' title="bbox 80 1905 869 1943">
    <p class='ocr_par' dir='ltr' id='par_1_42' title="bbox 80 1905 869 1943">
     <span class='ocr_line' id='line_1_42' title="bbox 80 1905 869 1943; baseline 0.003 -11"><span class='ocrx_word' id='word_1_297' title='bbox 80 1905 246 1940; x_wconf 77' lang='grc' dir='ltr'><strong>αἰχμάλωτον</strong></span> <span class='ocrx_word' id='word_1_298' title='bbox 263 1906 365 1938; x_wconf 87' lang='grc' dir='ltr'><strong>λαϐὼν,</strong></span> <span class='ocrx_word' id='word_1_299' title='bbox 378 1907 562 1943; x_wconf 84' lang='grc' dir='ltr'><strong>Κωνσταντίῳ</strong></span> <span class='ocrx_word' id='word_1_300' title='bbox 579 1907 696 1943; x_wconf 75' lang='grc' dir='ltr'><strong>έπεμψε.</strong></span> <span class='ocrx_word' id='word_1_301' title='bbox 713 1907 808 1935; x_wconf 75' lang='grc' dir='ltr'><strong>Ταῦτα</strong></span> <span class='ocrx_word' id='word_1_302' title='bbox 823 1907 869 1934; x_wconf 84' lang='grc' dir='ltr'><strong>εὐ-</strong></span> 
     </span>
    </p>
   </div>
   <div class='ocr_carea' id='block_1_43' title="bbox 80 1951 869 1986">
    <p class='ocr_par' dir='ltr' id='par_1_43' title="bbox 80 1951 869 1986">
     <span class='ocr_line' id='line_1_43' title="bbox 80 1951 869 1986; baseline 0.003 -11"><span class='ocrx_word' id='word_1_303' title='bbox 80 1951 195 1985; x_wconf 79' lang='grc' dir='ltr'><strong>τυχήσας</strong></span> <span class='ocrx_word' id='word_1_304' title='bbox 207 1971 215 1983; x_wconf 88' lang='grc'>,</span> <span class='ocrx_word' id='word_1_305' title='bbox 237 1951 433 1986; x_wconf 82' lang='grc' dir='ltr'><strong>ἀναγορεύεται</strong></span> <span class='ocrx_word' id='word_1_306' title='bbox 449 1951 502 1978; x_wconf 80' lang='grc' dir='ltr'><strong>ὑπὸ</strong></span> <span class='ocrx_word' id='word_1_307' title='bbox 523 1951 578 1978; x_wconf 85' lang='grc' dir='ltr'><strong>τῶν</strong></span> <span class='ocrx_word' id='word_1_308' title='bbox 600 1951 775 1986; x_wconf 84' lang='grc' dir='ltr'><strong>στρατιωτῶν</strong></span> <span class='ocrx_word' id='word_1_309' title='bbox 793 1951 869 1986; x_wconf 86' lang='grc' dir='ltr'><strong>βασι-</strong></span> 
     </span>
    </p>
   </div>
   <div class='ocr_carea' id='block_1_44' title="bbox 81 1994 869 2033">
    <p class='ocr_par' dir='ltr' id='par_1_44' title="bbox 81 1994 869 2033">
     <span class='ocr_line' id='line_1_44' title="bbox 81 1994 869 2033; baseline 0.004 -12"><span class='ocrx_word' id='word_1_310' title='bbox 81 1995 148 2028; x_wconf 83' lang='grc' dir='ltr'><strong>λεύς.</strong></span> <span class='ocrx_word' id='word_1_311' title='bbox 169 1996 213 2029; x_wconf 79' lang='grc' dir='ltr'><strong>Ὠς</strong></span> <span class='ocrx_word' id='word_1_312' title='bbox 226 1997 256 2024; x_wconf 79' lang='grc' dir='ltr'><strong>δὲ</strong></span> <span class='ocrx_word' id='word_1_313' title='bbox 278 1997 410 2032; x_wconf 83' lang='grc' dir='ltr'><strong>στέφανος</strong></span> <span class='ocrx_word' id='word_1_314' title='bbox 425 1997 563 2032; x_wconf 77' lang='grc' dir='ltr'><strong>βασιλικὸς</strong></span> <span class='ocrx_word' id='word_1_315' title='bbox 587 1998 617 2024; x_wconf 82' lang='grc' dir='ltr'><strong>οὐ</strong></span> <span class='ocrx_word' id='word_1_316' title='bbox 633 1998 724 2033; x_wconf 83' lang='grc' dir='ltr'><strong>παρῆν</strong></span> <span class='ocrx_word' id='word_1_317' title='bbox 735 2018 743 2030; x_wconf 86' lang='grc'><strong>,</strong></span> <span class='ocrx_word' id='word_1_318' title='bbox 760 1994 801 2029; x_wconf 82' lang='grc' dir='ltr'><strong>εἷς</strong></span> <span class='ocrx_word' id='word_1_319' title='bbox 814 1997 869 2024; x_wconf 85' lang='grc' dir='ltr'><strong>τῶν</strong></span> 
     </span>
    </p>
   </div>
   <div class='ocr_carea' id='block_1_45' title="bbox 81 2038 868 2077">
    <p class='ocr_par' dir='ltr' id='par_1_45' title="bbox 81 2038 868 2077">
     <span class='ocr_line' id='line_1_45' title="bbox 81 2038 868 2077; baseline 0.004 -12"><span class='ocrx_word' id='word_1_320' title='bbox 81 2038 248 2075; x_wconf 79' lang='grc' dir='ltr'><strong>δορυφόρων,</strong></span> <span class='ocrx_word' id='word_1_321' title='bbox 264 2041 294 2068; x_wconf 80' lang='grc' dir='ltr'><strong>ὃν</strong></span> <span class='ocrx_word' id='word_1_322' title='bbox 308 2039 364 2076; x_wconf 78' lang='grc' dir='ltr'><strong>εἶχε</strong></span> <span class='ocrx_word' id='word_1_323' title='bbox 377 2042 587 2077; x_wconf 85' lang='grc' dir='ltr'><strong>περιτραχήλιον</strong></span> <span class='ocrx_word' id='word_1_324' title='bbox 611 2041 707 2068; x_wconf 81' lang='grc' dir='ltr'><strong>ἑαυτοῦ</strong></span> <span class='ocrx_word' id='word_1_325' title='bbox 735 2041 868 2077; x_wconf 75' lang='grc' dir='ltr'><strong>πρεπτὸν</strong></span> 
     </span>
    </p>
   </div>
   <div class='ocr_carea' id='block_1_46' title="bbox 909 256 1714 294">
    <p class='ocr_par' dir='ltr' id='par_1_46' title="bbox 909 256 1714 294">
     <span class='ocr_line' id='line_1_46' title="bbox 909 256 1714 294; baseline 0.001 -7"><span class='ocrx_word' id='word_1_326' title='bbox 909 259 1059 294; x_wconf 73' lang='lat' dir='ltr'><strong>imperator</strong></span> <span class='ocrx_word' id='word_1_327' title='bbox 1073 266 1137 286; x_wconf 89' lang='lat' dir='ltr'><strong>eum</strong></span> <span class='ocrx_word' id='word_1_328' title='bbox 1159 258 1225 287; x_wconf 87' lang='lat' dir='ltr'><strong>inde</strong></span> <span class='ocrx_word' id='word_1_329' title='bbox 1239 259 1404 288; x_wconf 86' lang='lat' dir='ltr'><strong>accersitum</strong></span> <span class='ocrx_word' id='word_1_330' title='bbox 1414 280 1422 293; x_wconf 89' lang='lat'><strong>,</strong></span> <span class='ocrx_word' id='word_1_331' title='bbox 1437 260 1575 287; x_wconf 77' lang='lat' dir='ltr'><strong>Caesarem</strong></span> <span class='ocrx_word' id='word_1_332' title='bbox 1594 256 1714 288; x_wconf 67' lang='lat' dir='ltr'><strong>renun-.</strong></span> 
     </span>
    </p>
   </div>
   <div class='ocr_carea' id='block_1_47' title="bbox 910 302 1712 339">
    <p class='ocr_par' dir='ltr' id='par_1_47' title="bbox 910 302 1712 339">
     <span class='ocr_line' id='line_1_47' title="bbox 910 302 1712 339; baseline 0 -9"><span class='ocrx_word' id='word_1_333' title='bbox 910 303 980 331; x_wconf 88' lang='lat' dir='ltr'><strong>tiat:</strong></span> <span class='ocrx_word' id='word_1_334' title='bbox 1001 307 1029 330; x_wconf 88' lang='lat' dir='ltr'><strong>et</strong></span> <span class='ocrx_word' id='word_1_335' title='bbox 1045 311 1141 331; x_wconf 86' lang='lat' dir='ltr'><strong>sorore</strong></span> <span class='ocrx_word' id='word_1_336' title='bbox 1162 311 1211 331; x_wconf 86' lang='lat' dir='ltr'><strong>sua</strong></span> <span class='ocrx_word' id='word_1_337' title='bbox 1222 302 1331 332; x_wconf 81' lang='lat' dir='ltr'><strong>&#39;ilelcna</strong></span> <span class='ocrx_word' id='word_1_338' title='bbox 1346 304 1385 332; x_wconf 83' lang='lat' dir='ltr'><strong>illi</strong></span> <span class='ocrx_word' id='word_1_339' title='bbox 1400 304 1428 331; x_wconf 90' lang='lat' dir='ltr'><strong>in</strong></span> <span class='ocrx_word' id='word_1_340' title='bbox 1442 303 1600 339; x_wconf 79' lang='lat' dir='ltr'><strong>conjugium</strong></span> <span class='ocrx_word' id='word_1_341' title='bbox 1617 304 1712 336; x_wconf 85' lang='lat' dir='ltr'><strong>data,‘</strong></span> 
     </span>
    </p>
   </div>
   <div class='ocr_carea' id='block_1_48' title="bbox 909 349 1696 380">
    <p class='ocr_par' dir='ltr' id='par_1_48' title="bbox 909 349 1696 380">
     <span class='ocr_line' id='line_1_48' title="bbox 909 349 1696 380; baseline -0.003 -3"><span class='ocrx_word' id='word_1_342' title='bbox 909 350 939 377; x_wconf 91' lang='lat' dir='ltr'><strong>in</strong></span> <span class='ocrx_word' id='word_1_343' title='bbox 955 349 1058 377; x_wconf 82' lang='lat' dir='ltr'><strong>Gallias</strong></span> <span class='ocrx_word' id='word_1_344' title='bbox 1071 354 1168 377; x_wconf 89' lang='lat' dir='ltr'><strong>contra</strong></span> <span class='ocrx_word' id='word_1_345' title='bbox 1183 350 1316 378; x_wconf 84' lang='lat' dir='ltr'><strong>barbaros</strong></span> <span class='ocrx_word' id='word_1_346' title='bbox 1331 349 1427 378; x_wconf 87' lang='lat' dir='ltr'><strong>mittit.</strong></span> <span class='ocrx_word' id='word_1_347' title='bbox 1441 349 1550 378; x_wconf 85' lang='lat' dir='ltr'><strong>Etenim</strong></span> <span class='ocrx_word' id='word_1_348' title='bbox 1564 349 1676 377; x_wconf 84' lang='lat' dir='ltr'><strong>barbari</strong></span> <span class='ocrx_word' id='word_1_349' title='bbox 1688 367 1696 380; x_wconf 82' lang='lat'><strong>.</strong></span> 
     </span>
    </p>
   </div>
   <div class='ocr_carea' id='block_1_49' title="bbox 909 394 1703 430">
    <p class='ocr_par' dir='ltr' id='par_1_49' title="bbox 909 394 1703 430">
     <span class='ocr_line' id='line_1_49' title="bbox 909 394 1703 430; baseline 0.001 -9"><span class='ocrx_word' id='word_1_350' title='bbox 909 402 980 430; x_wconf 90' lang='lat' dir='ltr'><strong>quos</strong></span> <span class='ocrx_word' id='word_1_351' title='bbox 998 394 1178 422; x_wconf 82' lang='lat' dir='ltr'><strong>Constantius</strong></span> <span class='ocrx_word' id='word_1_352' title='bbox 1199 395 1350 430; x_wconf 79' lang='lat' dir='ltr'><strong>imperator</strong></span> <span class='ocrx_word' id='word_1_353' title='bbox 1369 395 1405 423; x_wconf 91' lang='lat' dir='ltr'><strong>ad</strong></span> <span class='ocrx_word' id='word_1_354' title='bbox 1430 395 1565 423; x_wconf 85' lang='lat' dir='ltr'><strong>auxilium</strong></span> <span class='ocrx_word' id='word_1_355' title='bbox 1587 395 1640 422; x_wconf 87' lang='lat' dir='ltr'><strong>sibi</strong></span> <span class='ocrx_word' id='word_1_356' title='bbox 1663 394 1703 422; x_wconf 81' lang='lat' dir='ltr'><strong>fe-</strong></span> 
     </span>
    </p>
   </div>
   <div class='ocr_carea' id='block_1_50' title="bbox 910 440 1699 476">
    <p class='ocr_par' dir='ltr' id='par_1_50' title="bbox 910 440 1699 476">
     <span class='ocr_line' id='line_1_50' title="bbox 910 440 1699 476; baseline -0.001 -9"><span class='ocrx_word' id='word_1_357' title='bbox 910 440 1027 468; x_wconf 85' lang='lat' dir='ltr'><strong>rendum</strong></span> <span class='ocrx_word' id='word_1_358' title='bbox 1044 445 1141 468; x_wconf 87' lang='lat' dir='ltr'><strong>contra</strong></span> <span class='ocrx_word' id='word_1_359' title='bbox 1155 440 1341 476; x_wconf 78' lang='lat' dir='ltr'><strong>Magnentium</strong></span> <span class='ocrx_word' id='word_1_360' title='bbox 1364 441 1447 476; x_wconf 86' lang='lat' dir='ltr'><strong>paulo</strong></span> <span class='ocrx_word' id='word_1_361' title='bbox 1469 445 1534 468; x_wconf 84' lang='lat' dir='ltr'><strong>ante</strong></span> <span class='ocrx_word' id='word_1_362' title='bbox 1557 440 1699 468; x_wconf 80' lang='lat' dir='ltr'><strong>conduxe-</strong></span> 
     </span>
    </p>
   </div>
   <div class='ocr_carea' id='block_1_51' title="bbox 910 485 1702 521">
    <p class='ocr_par' dir='ltr' id='par_1_51' title="bbox 910 485 1702 521">
     <span class='ocr_line' id='line_1_51' title="bbox 910 485 1702 521; baseline 0.001 -10"><span class='ocrx_word' id='word_1_363' title='bbox 910 490 969 518; x_wconf 81' lang='lat' dir='ltr'><strong>rat,</strong></span> <span class='ocrx_word' id='word_1_364' title='bbox 994 492 1057 512; x_wconf 89' lang='lat' dir='ltr'><strong>cum</strong></span> <span class='ocrx_word' id='word_1_365' title='bbox 1082 485 1188 512; x_wconf 91' lang='lat' dir='ltr'><strong>nullum</strong></span> <span class='ocrx_word' id='word_1_366' title='bbox 1209 485 1252 513; x_wconf 92' lang='lat' dir='ltr'><strong>sui</strong></span> <span class='ocrx_word' id='word_1_367' title='bbox 1270 493 1352 514; x_wconf 89' lang='lat' dir='ltr'><strong>usnm</strong></span> <span class='ocrx_word' id='word_1_368' title='bbox 1374 486 1556 521; x_wconf 63' lang='lat' dir='ltr'><strong>praebuissent</strong></span> <span class='ocrx_word' id='word_1_369' title='bbox 1580 485 1610 512; x_wconf 90' lang='lat' dir='ltr'><strong>in</strong></span> <span class='ocrx_word' id='word_1_370' title='bbox 1629 485 1702 512; x_wconf 86' lang='lat' dir='ltr'><strong>bello</strong></span> 
     </span>
    </p>
   </div>
   <div class='ocr_carea' id='block_1_52' title="bbox 910 530 1701 566">
    <p class='ocr_par' dir='ltr' id='par_1_52' title="bbox 910 530 1701 566">
     <span class='ocr_line' id='line_1_52' title="bbox 910 530 1701 566; baseline 0.001 -9"><span class='ocrx_word' id='word_1_371' title='bbox 910 530 1044 563; x_wconf 83' lang='lat' dir='ltr'><strong>adversus</strong></span> <span class='ocrx_word' id='word_1_372' title='bbox 1059 535 1206 566; x_wconf 80' lang='lat' dir='ltr'><strong>tyrannum</strong></span> <span class='ocrx_word' id='word_1_373' title='bbox 1217 551 1225 564; x_wconf 86' lang='lat'><strong>,</strong></span> <span class='ocrx_word' id='word_1_374' title='bbox 1243 532 1328 559; x_wconf 85' lang='lat' dir='ltr'><strong>urbes</strong></span> <span class='ocrx_word' id='word_1_375' title='bbox 1343 532 1451 566; x_wconf 88' lang='lat' dir='ltr'><strong>imperii</strong></span> <span class='ocrx_word' id='word_1_376' title='bbox 1475 531 1591 559; x_wconf 74' lang='lat' dir='ltr'><strong>Romani</strong></span> <span class='ocrx_word' id='word_1_377' title='bbox 1614 538 1701 566; x_wconf 89' lang='lat' dir='ltr'><strong>popu-</strong></span> 
     </span>
    </p>
   </div>
   <div class='ocr_carea' id='block_1_53' title="bbox 910 576 1702 613">
    <p class='ocr_par' dir='ltr' id='par_1_53' title="bbox 910 576 1702 613">
     <span class='ocr_line' id='line_1_53' title="bbox 910 576 1702 613; baseline 0.003 -10"><span class='ocrx_word' id='word_1_378' title='bbox 910 576 1051 604; x_wconf 79' lang='lat' dir='ltr'><strong>labantur.</strong></span> <span class='ocrx_word' id='word_1_379' title='bbox 1067 577 1101 603; x_wconf 87' lang='lat' dir='ltr'><strong>Et</strong></span> <span class='ocrx_word' id='word_1_380' title='bbox 1113 577 1244 611; x_wconf 87' lang='lat' dir='ltr'><strong>quoniam</strong></span> <span class='ocrx_word' id='word_1_381' title='bbox 1258 577 1386 605; x_wconf 84' lang='lat' dir='ltr'><strong>Julianus</strong></span> <span class='ocrx_word' id='word_1_382' title='bbox 1398 582 1478 606; x_wconf 76' lang='lat' dir='ltr'><strong>aetate</strong></span> <span class='ocrx_word' id='word_1_383' title='bbox 1489 578 1580 606; x_wconf 86' lang='lat' dir='ltr'><strong>adhuc</strong></span> <span class='ocrx_word' id='word_1_384' title='bbox 1592 577 1702 613; x_wconf 79' lang='lat' dir='ltr'><strong>juvenis</strong></span> 
     </span>
    </p>
   </div>
   <div class='ocr_carea' id='block_1_54' title="bbox 911 622 1702 659">
    <p class='ocr_par' dir='ltr' id='par_1_54' title="bbox 911 622 1702 659">
     <span class='ocr_line' id='line_1_54' title="bbox 911 622 1702 659; baseline 0.003 -10"><span class='ocrx_word' id='word_1_385' title='bbox 911 627 986 654; x_wconf 88' lang='lat' dir='ltr'><strong>erat,</strong></span> <span class='ocrx_word' id='word_1_386' title='bbox 1006 622 1137 657; x_wconf 58' lang='lat' dir='ltr'><strong>praecepit</strong></span> <span class='ocrx_word' id='word_1_387' title='bbox 1150 622 1175 650; x_wconf 88' lang='lat' dir='ltr'><strong>ei</strong></span> <span class='ocrx_word' id='word_1_388' title='bbox 1190 622 1369 650; x_wconf 82' lang='lat' dir='ltr'><strong>Constantius</strong></span> <span class='ocrx_word' id='word_1_389' title='bbox 1399 631 1434 651; x_wconf 90' lang='lat' dir='ltr'><strong>ne</strong></span> <span class='ocrx_word' id='word_1_390' title='bbox 1446 624 1512 658; x_wconf 88' lang='lat' dir='ltr'><strong>quid</strong></span> <span class='ocrx_word' id='word_1_391' title='bbox 1527 627 1622 659; x_wconf 81' lang='lat' dir='ltr'><strong>ageret</strong></span> <span class='ocrx_word' id='word_1_392' title='bbox 1637 623 1702 651; x_wconf 81' lang='lat' dir='ltr'><strong>abs-</strong></span> 
     </span>
    </p>
   </div>
   <div class='ocr_carea' id='block_1_55' title="bbox 911 666 1702 702">
    <p class='ocr_par' dir='ltr' id='par_1_55' title="bbox 911 666 1702 702">
     <span class='ocr_line' id='line_1_55' title="bbox 911 666 1702 702; baseline 0.001 -7"><span class='ocrx_word' id='word_1_393' title='bbox 911 675 965 702; x_wconf 89' lang='lat' dir='ltr'><strong>que</strong></span> <span class='ocrx_word' id='word_1_394' title='bbox 978 667 1080 694; x_wconf 89' lang='lat' dir='ltr'><strong>ducum</strong></span> <span class='ocrx_word' id='word_1_395' title='bbox 1101 666 1261 694; x_wconf 84' lang='lat' dir='ltr'><strong>militarium</strong></span> <span class='ocrx_word' id='word_1_396' title='bbox 1278 667 1406 695; x_wconf 88' lang='lat' dir='ltr'><strong>consilio.</strong></span> <span class='ocrx_word' id='word_1_397' title='bbox 1430 668 1484 695; x_wconf 88' lang='lat' dir='ltr'><strong>Sed</strong></span> <span class='ocrx_word' id='word_1_398' title='bbox 1506 676 1569 696; x_wconf 87' lang='lat' dir='ltr'><strong>cutn</strong></span> <span class='ocrx_word' id='word_1_399' title='bbox 1585 669 1636 700; x_wconf 86' lang='lat' dir='ltr'><strong>illi,</strong></span> <span class='ocrx_word' id='word_1_400' title='bbox 1651 668 1702 696; x_wconf 85' lang='lat' dir='ltr'><strong>hac</strong></span> 
     </span>
    </p>
   </div>
   <div class='ocr_carea' id='block_1_56' title="bbox 911 712 1703 747">
    <p class='ocr_par' dir='ltr' id='par_1_56' title="bbox 911 712 1703 747">
     <span class='ocr_line' id='line_1_56' title="bbox 911 712 1703 747; baseline 0 -9"><span class='ocrx_word' id='word_1_401' title='bbox 911 715 1049 747; x_wconf 83' lang='lat' dir='ltr'><strong>potestate</strong></span> <span class='ocrx_word' id='word_1_402' title='bbox 1064 715 1189 746; x_wconf 83' lang='lat' dir='ltr'><strong>accepta,</strong></span> <span class='ocrx_word' id='word_1_403' title='bbox 1207 712 1390 747; x_wconf 78' lang='lat' dir='ltr'><strong>negligentius</strong></span> <span class='ocrx_word' id='word_1_404' title='bbox 1407 719 1464 739; x_wconf 90' lang='lat' dir='ltr'><strong>rem</strong></span> <span class='ocrx_word' id='word_1_405' title='bbox 1480 717 1600 747; x_wconf 80' lang='lat' dir='ltr'><strong>agerent,</strong></span> <span class='ocrx_word' id='word_1_406' title='bbox 1618 715 1703 746; x_wconf 88' lang='lat' dir='ltr'><strong>atque</strong></span> 
     </span>
    </p>
   </div>
   <div class='ocr_carea' id='block_1_57' title="bbox 913 757 1703 792">
    <p class='ocr_par' dir='ltr' id='par_1_57' title="bbox 913 757 1703 792">
     <span class='ocr_line' id='line_1_57' title="bbox 913 757 1703 792; baseline -0.001 -7"><span class='ocrx_word' id='word_1_407' title='bbox 913 757 993 792; x_wconf 82' lang='lat'><strong>170</strong></span> <span class='ocrx_word' id='word_1_408' title='bbox 1002 757 1037 785; x_wconf 89' lang='lat' dir='ltr'><strong>ob</strong></span> <span class='ocrx_word' id='word_1_409' title='bbox 1050 764 1110 785; x_wconf 88' lang='lat' dir='ltr'><strong>eam</strong></span> <span class='ocrx_word' id='word_1_410' title='bbox 1125 764 1235 784; x_wconf 86' lang='lat' dir='ltr'><strong>causam</strong></span> <span class='ocrx_word' id='word_1_411' title='bbox 1250 757 1407 792; x_wconf 85' lang='lat' dir='ltr'><strong>superiores</strong></span> <span class='ocrx_word' id='word_1_412' title='bbox 1417 762 1511 785; x_wconf 85' lang='lat' dir='ltr'><strong>essent</strong></span> <span class='ocrx_word' id='word_1_413' title='bbox 1524 758 1645 790; x_wconf 88' lang='lat' dir='ltr'><strong>barbari,</strong></span> <span class='ocrx_word' id='word_1_414' title='bbox 1656 757 1703 785; x_wconf 83' lang='lat' dir='ltr'><strong>Ju-</strong></span> 
     </span>
    </p>
   </div>
   <div class='ocr_carea' id='block_1_58' title="bbox 912 802 1704 838">
    <p class='ocr_par' dir='ltr' id='par_1_58' title="bbox 912 802 1704 838">
     <span class='ocr_line' id='line_1_58' title="bbox 912 802 1704 838; baseline 0.003 -9"><span class='ocrx_word' id='word_1_415' title='bbox 912 803 1003 831; x_wconf 86' lang='lat' dir='ltr'><strong>lianus</strong></span> <span class='ocrx_word' id='word_1_416' title='bbox 1024 802 1110 831; x_wconf 90' lang='lat' dir='ltr'><strong>duces</strong></span> <span class='ocrx_word' id='word_1_417' title='bbox 1132 803 1244 838; x_wconf 89' lang='lat' dir='ltr'><strong>quidem</strong></span> <span class='ocrx_word' id='word_1_418' title='bbox 1269 802 1379 830; x_wconf 83' lang='lat' dir='ltr'><strong>deliciis</strong></span> <span class='ocrx_word' id='word_1_419' title='bbox 1401 808 1429 831; x_wconf 89' lang='lat' dir='ltr'><strong>et</strong></span> <span class='ocrx_word' id='word_1_420' title='bbox 1453 803 1704 838; x_wconf 87' lang='lat' dir='ltr'><strong>compotationibus</strong></span> 
     </span>
    </p>
   </div>
   <div class='ocr_carea' id='block_1_59' title="bbox 912 848 1704 884">
    <p class='ocr_par' dir='ltr' id='par_1_59' title="bbox 912 848 1704 884">
     <span class='ocr_line' id='line_1_59' title="bbox 912 848 1704 884; baseline 0 -8"><span class='ocrx_word' id='word_1_421' title='bbox 912 848 1057 884; x_wconf 76' lang='lat' dir='ltr'><strong>indulgere</strong></span> <span class='ocrx_word' id='word_1_422' title='bbox 1073 856 1173 884; x_wconf 88' lang='lat' dir='ltr'><strong>passus</strong></span> <span class='ocrx_word' id='word_1_423' title='bbox 1189 854 1232 876; x_wconf 89' lang='lat' dir='ltr'><strong>est</strong></span> <span class='ocrx_word' id='word_1_424' title='bbox 1247 858 1254 876; x_wconf 84' lang='lat'><strong>:</strong></span> <span class='ocrx_word' id='word_1_425' title='bbox 1272 848 1376 876; x_wconf 85' lang='lat' dir='ltr'><strong>milites</strong></span> <span class='ocrx_word' id='word_1_426' title='bbox 1393 856 1460 876; x_wconf 90' lang='lat' dir='ltr'><strong>vero</strong></span> <span class='ocrx_word' id='word_1_427' title='bbox 1475 849 1626 876; x_wconf 86' lang='lat' dir='ltr'><strong>alacriores</strong></span> <span class='ocrx_word' id='word_1_428' title='bbox 1643 849 1704 876; x_wconf 87' lang='lat' dir='ltr'><strong>red-</strong></span> 
     </span>
    </p>
   </div>
   <div class='ocr_carea' id='block_1_60' title="bbox 877 881 1704 930">
    <p class='ocr_par' dir='ltr' id='par_1_60' title="bbox 877 881 1704 930">
     <span class='ocr_line' id='line_1_60' title="bbox 877 881 1704 930; baseline 0 -8"><span class='ocrx_word' id='word_1_429' title='bbox 877 881 900 912; x_wconf 69' lang='grc' dir='ltr'><strong>Β</strong></span> <span class='ocrx_word' id='word_1_430' title='bbox 914 881 1006 926; x_wconf 52' lang='lat' dir='ltr'><strong>didit;</strong></span> <span class='ocrx_word' id='word_1_431' title='bbox 1014 881 1118 921; x_wconf 71' lang='lat' dir='ltr'><strong>certam</strong></span> <span class='ocrx_word' id='word_1_432' title='bbox 1132 893 1288 922; x_wconf 86' lang='lat' dir='ltr'><strong>mercedem</strong></span> <span class='ocrx_word' id='word_1_433' title='bbox 1304 895 1443 930; x_wconf 87' lang='lat' dir='ltr'><strong>pollicitus</strong></span> <span class='ocrx_word' id='word_1_434' title='bbox 1456 895 1480 923; x_wconf 89' lang='lat' dir='ltr'><strong>ei</strong></span> <span class='ocrx_word' id='word_1_435' title='bbox 1495 895 1543 930; x_wconf 92' lang='lat' dir='ltr'><strong>qui</strong></span> <span class='ocrx_word' id='word_1_436' title='bbox 1556 895 1704 922; x_wconf 84' lang='lat' dir='ltr'><strong>barbarum</strong></span> 
     </span>
    </p>
   </div>
   <div class='ocr_carea' id='block_1_61' title="bbox 914 939 1704 969">
    <p class='ocr_par' dir='ltr' id='par_1_61' title="bbox 914 939 1704 969">
     <span class='ocr_line' id='line_1_61' title="bbox 914 939 1704 969; baseline 0.001 -2"><span class='ocrx_word' id='word_1_437' title='bbox 914 940 1072 968; x_wconf 87' lang='lat' dir='ltr'><strong>occidisset.</strong></span> <span class='ocrx_word' id='word_1_438' title='bbox 1088 939 1159 968; x_wconf 85' lang='lat' dir='ltr'><strong>Hinc</strong></span> <span class='ocrx_word' id='word_1_439' title='bbox 1189 940 1294 968; x_wconf 81' lang='lat' dir='ltr'><strong>factum</strong></span> <span class='ocrx_word' id='word_1_440' title='bbox 1313 945 1355 969; x_wconf 80' lang='lat' dir='ltr'><strong>est</strong></span> <span class='ocrx_word' id='word_1_441' title='bbox 1375 945 1405 968; x_wconf 93' lang='lat' dir='ltr'><strong>ut</strong></span> <span class='ocrx_word' id='word_1_442' title='bbox 1418 945 1446 969; x_wconf 87' lang='lat' dir='ltr'><strong>et</strong></span> <span class='ocrx_word' id='word_1_443' title='bbox 1460 941 1704 969; x_wconf 85' lang='lat' dir='ltr'><strong>barbarornm&#39;co—</strong></span> 
     </span>
    </p>
   </div>
   <div class='ocr_carea' id='block_1_62' title="bbox 914 987 1704 1023">
    <p class='ocr_par' dir='ltr' id='par_1_62' title="bbox 914 987 1704 1023">
     <span class='ocr_line' id='line_1_62' title="bbox 914 987 1704 1023; baseline 0.001 -10"><span class='ocrx_word' id='word_1_444' title='bbox 914 987 966 1022; x_wconf 73' lang='lat' dir='ltr'><strong>piae</strong></span> <span class='ocrx_word' id='word_1_445' title='bbox 980 987 1181 1020; x_wconf 86' lang='lat' dir='ltr'><strong>minuerentur,</strong></span> <span class='ocrx_word' id='word_1_446' title='bbox 1195 991 1222 1014; x_wconf 92' lang='lat' dir='ltr'><strong>et</strong></span> <span class='ocrx_word' id='word_1_447' title='bbox 1238 987 1298 1023; x_wconf 85' lang='lat' dir='ltr'><strong>ipse</strong></span> <span class='ocrx_word' id='word_1_448' title='bbox 1315 987 1448 1015; x_wconf 79' lang='lat' dir='ltr'><strong>militibus</strong></span> <span class='ocrx_word' id='word_1_449' title='bbox 1462 991 1538 1015; x_wconf 86' lang='lat' dir='ltr'><strong>esset</strong></span> <span class='ocrx_word' id='word_1_450' title='bbox 1553 987 1704 1023; x_wconf 84' lang='lat' dir='ltr'><strong>acceptior.</strong></span> 
     </span>
    </p>
   </div>
   <div class='ocr_carea' id='block_1_63' title="bbox 913 1032 1706 1068">
    <p class='ocr_par' dir='ltr' id='par_1_63' title="bbox 913 1032 1706 1068">
     <span class='ocr_line' id='line_1_63' title="bbox 913 1032 1706 1068; baseline 0.001 -9"><span class='ocrx_word' id='word_1_451' title='bbox 913 1032 1014 1060; x_wconf 81' lang='lat' dir='ltr'><strong>Fertur</strong></span> <span class='ocrx_word' id='word_1_452' title='bbox 1026 1036 1134 1066; x_wconf 86' lang='lat' dir='ltr'><strong>autem,</strong></span> <span class='ocrx_word' id='word_1_453' title='bbox 1151 1040 1214 1060; x_wconf 90' lang='lat' dir='ltr'><strong>cum</strong></span> <span class='ocrx_word' id='word_1_454' title='bbox 1236 1033 1368 1068; x_wconf 85' lang='lat' dir='ltr'><strong>oppidum</strong></span> <span class='ocrx_word' id='word_1_455' title='bbox 1387 1033 1525 1068; x_wconf 85' lang='lat' dir='ltr'><strong>quoddam</strong></span> <span class='ocrx_word' id='word_1_456' title='bbox 1550 1032 1706 1068; x_wconf 78' lang='lat' dir='ltr'><strong>ingredere-</strong></span> 
     </span>
    </p>
   </div>
   <div class='ocr_carea' id='block_1_64' title="bbox 915 1078 1706 1114">
    <p class='ocr_par' dir='ltr' id='par_1_64' title="bbox 915 1078 1706 1114">
     <span class='ocr_line' id='line_1_64' title="bbox 915 1078 1706 1114; baseline 0 -9"><span class='ocrx_word' id='word_1_457' title='bbox 915 1083 970 1111; x_wconf 89' lang='lat' dir='ltr'><strong>tur,</strong></span> <span class='ocrx_word' id='word_1_458' title='bbox 992 1086 1125 1106; x_wconf 77' lang='lat' dir='ltr'><strong>coronam</strong></span> <span class='ocrx_word' id='word_1_459' title='bbox 1140 1086 1195 1114; x_wconf 90' lang='lat' dir='ltr'><strong>qua</strong></span> <span class='ocrx_word' id='word_1_460' title='bbox 1215 1079 1342 1107; x_wconf 83' lang='lat' dir='ltr'><strong>civitates</strong></span> <span class='ocrx_word' id='word_1_461' title='bbox 1357 1079 1452 1107; x_wconf 89' lang='lat' dir='ltr'><strong>ornari</strong></span> <span class='ocrx_word' id='word_1_462' title='bbox 1469 1079 1576 1112; x_wconf 86' lang='lat' dir='ltr'><strong>solent,</strong></span> <span class='ocrx_word' id='word_1_463' title='bbox 1593 1078 1621 1106; x_wconf 92' lang='lat' dir='ltr'><strong>in</strong></span> <span class='ocrx_word' id='word_1_464' title='bbox 1637 1078 1706 1106; x_wconf 88' lang='lat' dir='ltr'><strong>duas</strong></span> 
     </span>
    </p>
   </div>
   <div class='ocr_carea' id='block_1_65' title="bbox 915 1124 1707 1160">
    <p class='ocr_par' dir='ltr' id='par_1_65' title="bbox 915 1124 1707 1160">
     <span class='ocr_line' id='line_1_65' title="bbox 915 1124 1707 1160; baseline 0 -9"><span class='ocrx_word' id='word_1_465' title='bbox 915 1124 1060 1152; x_wconf 86' lang='lat' dir='ltr'><strong>columnas</strong></span> <span class='ocrx_word' id='word_1_466' title='bbox 1077 1131 1241 1160; x_wconf 88' lang='lat' dir='ltr'><strong>suspensam</strong></span> <span class='ocrx_word' id='word_1_467' title='bbox 1259 1124 1373 1154; x_wconf 78' lang='lat' dir='ltr'><strong>funibus</strong></span> <span class='ocrx_word' id='word_1_468' title='bbox 1384 1145 1392 1158; x_wconf 89' lang='lat'><strong>,</strong></span> <span class='ocrx_word' id='word_1_469' title='bbox 1407 1126 1436 1152; x_wconf 94' lang='lat' dir='ltr'><strong>in</strong></span> <span class='ocrx_word' id='word_1_470' title='bbox 1451 1129 1534 1160; x_wconf 84' lang='lat' dir='ltr'><strong>caput</strong></span> <span class='ocrx_word' id='word_1_471' title='bbox 1546 1125 1606 1159; x_wconf 85' lang='lat' dir='ltr'><strong>ejus</strong></span> <span class='ocrx_word' id='word_1_472' title='bbox 1620 1124 1707 1159; x_wconf 87' lang='lat' dir='ltr'><strong>aptis-</strong></span> 
     </span>
    </p>
   </div>
   <div class='ocr_carea' id='block_1_66' title="bbox 914 1171 1702 1206">
    <p class='ocr_par' dir='ltr' id='par_1_66' title="bbox 914 1171 1702 1206">
     <span class='ocr_line' id='line_1_66' title="bbox 914 1171 1702 1206; baseline -0.003 -7"><span class='ocrx_word' id='word_1_473' title='bbox 914 1171 984 1199; x_wconf 83' lang='lat' dir='ltr'><strong>sime</strong></span> <span class='ocrx_word' id='word_1_474' title='bbox 999 1171 1195 1200; x_wconf 87' lang='lat' dir='ltr'><strong>descendisse:</strong></span> <span class='ocrx_word' id='word_1_475' title='bbox 1212 1179 1301 1206; x_wconf 89' lang='lat' dir='ltr'><strong>eoque</strong></span> <span class='ocrx_word' id='word_1_476' title='bbox 1317 1172 1376 1199; x_wconf 87' lang='lat' dir='ltr'><strong>viso</strong></span> <span class='ocrx_word' id='word_1_477' title='bbox 1392 1177 1508 1199; x_wconf 90' lang='lat' dir='ltr'><strong>cunctos</strong></span> <span class='ocrx_word' id='word_1_478' title='bbox 1522 1171 1569 1206; x_wconf 86' lang='lat' dir='ltr'><strong>qui</strong></span> <span class='ocrx_word' id='word_1_479' title='bbox 1586 1171 1702 1198; x_wconf 88' lang='lat' dir='ltr'><strong>aderant</strong></span> 
     </span>
    </p>
   </div>
   <div class='ocr_carea' id='block_1_67' title="bbox 913 1216 1706 1253">
    <p class='ocr_par' dir='ltr' id='par_1_67' title="bbox 913 1216 1706 1253">
     <span class='ocr_line' id='line_1_67' title="bbox 913 1216 1706 1253; baseline -0.003 -8"><span class='ocrx_word' id='word_1_480' title='bbox 913 1217 1086 1246; x_wconf 84' lang='lat' dir='ltr'><strong>exclamasse</strong></span> <span class='ocrx_word' id='word_1_481' title='bbox 1096 1237 1104 1250; x_wconf 87' lang='lat'>.</span> <span class='ocrx_word' id='word_1_482' title='bbox 1118 1217 1197 1252; x_wconf 86' lang='lat' dir='ltr'><strong>quasi</strong></span> <span class='ocrx_word' id='word_1_483' title='bbox 1211 1225 1244 1245; x_wconf 89' lang='lat' dir='ltr'><strong>eo</strong></span> <span class='ocrx_word' id='word_1_484' title='bbox 1259 1217 1338 1253; x_wconf 75' lang='lat' dir='ltr'><strong>signo</strong></span> <span class='ocrx_word' id='word_1_485' title='bbox 1351 1217 1494 1252; x_wconf 89' lang='lat' dir='ltr'><strong>imperium</strong></span> <span class='ocrx_word' id='word_1_486' title='bbox 1511 1217 1548 1244; x_wconf 92' lang='lat' dir='ltr'><strong>illi</strong></span> <span class='ocrx_word' id='word_1_487' title='bbox 1561 1216 1706 1252; x_wconf 72' lang='lat' dir='ltr'><strong>praesigni-</strong></span> 
     </span>
    </p>
   </div>
   <div class='ocr_carea' id='block_1_68' title="bbox 916 1263 1708 1298">
    <p class='ocr_par' dir='ltr' id='par_1_68' title="bbox 916 1263 1708 1298">
     <span class='ocr_line' id='line_1_68' title="bbox 916 1263 1708 1298; baseline -0.003 -7"><span class='ocrx_word' id='word_1_488' title='bbox 916 1263 993 1291; x_wconf 82' lang='lat' dir='ltr'><strong>ﬁcari</strong></span> <span class='ocrx_word' id='word_1_489' title='bbox 1005 1263 1157 1291; x_wconf 88' lang='lat' dir='ltr'><strong>videretur.</strong></span> <span class='ocrx_word' id='word_1_490' title='bbox 1171 1263 1242 1291; x_wconf 91' lang='lat' dir='ltr'><strong>Sunt</strong></span> <span class='ocrx_word' id='word_1_491' title='bbox 1255 1263 1303 1298; x_wconf 87' lang='lat' dir='ltr'><strong>qui</strong></span> <span class='ocrx_word' id='word_1_492' title='bbox 1326 1263 1421 1290; x_wconf 90' lang='lat' dir='ltr'><strong>dicant</strong></span> <span class='ocrx_word' id='word_1_493' title='bbox 1439 1263 1516 1290; x_wconf 89' lang='lat' dir='ltr'><strong>illum</strong></span> <span class='ocrx_word' id='word_1_494' title='bbox 1530 1266 1629 1290; x_wconf 89' lang='lat' dir='ltr'><strong>contra</strong></span> <span class='ocrx_word' id='word_1_495' title='bbox 1640 1263 1708 1289; x_wconf 83' lang='lat' dir='ltr'><strong>bar-</strong></span> 
     </span>
    </p>
   </div>
   <div class='ocr_carea' id='block_1_69' title="bbox 914 1308 1708 1349">
    <p class='ocr_par' dir='ltr' id='par_1_69' title="bbox 914 1308 1708 1349">
     <span class='ocr_line' id='line_1_69' title="bbox 914 1308 1708 1349; baseline -0.004 -11"><span class='ocrx_word' id='word_1_496' title='bbox 914 1310 998 1338; x_wconf 87' lang='lat' dir='ltr'><strong>baros</strong></span> <span class='ocrx_word' id='word_1_497' title='bbox 1013 1318 1046 1338; x_wconf 92' lang='lat' dir='ltr'><strong>eo</strong></span> <span class='ocrx_word' id='word_1_498' title='bbox 1060 1310 1179 1338; x_wconf 86' lang='lat' dir='ltr'><strong>consilio</strong></span> <span class='ocrx_word' id='word_1_499' title='bbox 1194 1310 1310 1338; x_wconf 89' lang='lat' dir='ltr'><strong>missum</strong></span> <span class='ocrx_word' id='word_1_500' title='bbox 1325 1317 1388 1349; x_wconf 81' lang='lat' dir='ltr'><strong>esse</strong></span> <span class='ocrx_word' id='word_1_501' title='bbox 1401 1316 1416 1337; x_wconf 86' lang='lat' dir='ltr'><strong>a</strong></span> <span class='ocrx_word' id='word_1_502' title='bbox 1432 1309 1611 1341; x_wconf 87' lang='lat' dir='ltr'><strong>Constantio,</strong></span> <span class='ocrx_word' id='word_1_503' title='bbox 1626 1311 1658 1336; x_wconf 91' lang='lat' dir='ltr'><strong>ut</strong></span> <span class='ocrx_word' id='word_1_504' title='bbox 1674 1308 1708 1335; x_wconf 90' lang='lat' dir='ltr'><strong>il-</strong></span> 
     </span>
    </p>
   </div>
   <div class='ocr_carea' id='block_1_70' title="bbox 915 1354 1708 1384">
    <p class='ocr_par' dir='ltr' id='par_1_70' title="bbox 915 1354 1708 1384">
     <span class='ocr_line' id='line_1_70' title="bbox 915 1354 1708 1384; baseline -0.005 0"><span class='ocrx_word' id='word_1_505' title='bbox 915 1357 953 1384; x_wconf 89' lang='lat' dir='ltr'><strong>lic</strong></span> <span class='ocrx_word' id='word_1_506' title='bbox 975 1364 1037 1384; x_wconf 88' lang='lat' dir='ltr'><strong>cum</strong></span> <span class='ocrx_word' id='word_1_507' title='bbox 1060 1355 1189 1384; x_wconf 87' lang='lat' dir='ltr'><strong>barbaris</strong></span> <span class='ocrx_word' id='word_1_508' title='bbox 1210 1356 1349 1383; x_wconf 88' lang='lat' dir='ltr'><strong>dimicans</strong></span> <span class='ocrx_word' id='word_1_509' title='bbox 1371 1355 1508 1383; x_wconf 78' lang='lat' dir='ltr'><strong>interiret.</strong></span> <span class='ocrx_word' id='word_1_510' title='bbox 1536 1354 1591 1382; x_wconf 86' lang='lat' dir='ltr'><strong>Sed</strong></span> <span class='ocrx_word' id='word_1_511' title='bbox 1613 1358 1708 1381; x_wconf 90' lang='lat' dir='ltr'><strong>utrum</strong></span> 
     </span>
    </p>
   </div>
   <div class='ocr_carea' id='block_1_71' title="bbox 916 1399 1707 1437">
    <p class='ocr_par' dir='ltr' id='par_1_71' title="bbox 916 1399 1707 1437">
     <span class='ocr_line' id='line_1_71' title="bbox 916 1399 1707 1437; baseline -0.004 -8"><span class='ocrx_word' id='word_1_512' title='bbox 916 1409 980 1430; x_wconf 86' lang='lat' dir='ltr'><strong>vera</strong></span> <span class='ocrx_word' id='word_1_513' title='bbox 995 1402 1090 1430; x_wconf 91' lang='lat' dir='ltr'><strong>dicant</strong></span> <span class='ocrx_word' id='word_1_514' title='bbox 1105 1402 1153 1437; x_wconf 86' lang='lat' dir='ltr'><strong>qui</strong></span> <span class='ocrx_word' id='word_1_515' title='bbox 1167 1401 1195 1429; x_wconf 91' lang='lat' dir='ltr'><strong>id</strong></span> <span class='ocrx_word' id='word_1_516' title='bbox 1210 1407 1358 1433; x_wconf 86' lang='lat' dir='ltr'><strong>asserunt,</strong></span> <span class='ocrx_word' id='word_1_517' title='bbox 1374 1401 1503 1436; x_wconf 89' lang='lat' dir='ltr'><strong>equidem</strong></span> <span class='ocrx_word' id='word_1_518' title='bbox 1520 1400 1623 1428; x_wconf 88' lang='lat' dir='ltr'><strong>nescio.</strong></span> <span class='ocrx_word' id='word_1_519' title='bbox 1639 1399 1707 1426; x_wconf 89' lang='lat' dir='ltr'><strong>Nam</strong></span> 
     </span>
    </p>
   </div>
   <div class='ocr_carea' id='block_1_72' title="bbox 916 1445 1709 1484">
    <p class='ocr_par' dir='ltr' id='par_1_72' title="bbox 916 1445 1709 1484">
     <span class='ocr_line' id='line_1_72' title="bbox 916 1445 1709 1484; baseline -0.005 -8"><span class='ocrx_word' id='word_1_520' title='bbox 916 1456 1012 1477; x_wconf 81' lang='lat' dir='ltr'><strong>sorore</strong></span> <span class='ocrx_word' id='word_1_521' title='bbox 1024 1449 1135 1484; x_wconf 90' lang='lat' dir='ltr'><strong>propria</strong></span> <span class='ocrx_word' id='word_1_522' title='bbox 1153 1447 1191 1475; x_wconf 91' lang='lat' dir='ltr'><strong>illi</strong></span> <span class='ocrx_word' id='word_1_523' title='bbox 1210 1448 1239 1474; x_wconf 92' lang='lat' dir='ltr'><strong>in</strong></span> <span class='ocrx_word' id='word_1_524' title='bbox 1253 1447 1460 1474; x_wconf 88' lang='lat' dir='ltr'><strong>matrimonium</strong></span> <span class='ocrx_word' id='word_1_525' title='bbox 1476 1446 1540 1473; x_wconf 86' lang='lat' dir='ltr'><strong>data</strong></span> <span class='ocrx_word' id='word_1_526' title='bbox 1550 1465 1558 1478; x_wconf 96' lang='lat'><strong>,</strong></span> <span class='ocrx_word' id='word_1_527' title='bbox 1574 1445 1598 1473; x_wconf 94' lang='lat' dir='ltr'><strong>si</strong></span> <span class='ocrx_word' id='word_1_528' title='bbox 1613 1449 1709 1480; x_wconf 86' lang='lat' dir='ltr'><strong>postea</strong></span> 
     </span>
    </p>
   </div>
   <div class='ocr_carea' id='block_1_73' title="bbox 916 1491 1708 1528">
    <p class='ocr_par' dir='ltr' id='par_1_73' title="bbox 916 1491 1708 1528">
     <span class='ocr_line' id='line_1_73' title="bbox 916 1491 1708 1528; baseline -0.008 -5"><span class='ocrx_word' id='word_1_529' title='bbox 916 1494 1033 1523; x_wconf 86' lang='lat' dir='ltr'><strong>insidias</strong></span> <span class='ocrx_word' id='word_1_530' title='bbox 1049 1494 1073 1522; x_wconf 92' lang='lat' dir='ltr'><strong>ei</strong></span> <span class='ocrx_word' id='word_1_531' title='bbox 1089 1493 1256 1526; x_wconf 81' lang='lat' dir='ltr'><strong>struxisset,</strong></span> <span class='ocrx_word' id='word_1_532' title='bbox 1279 1500 1394 1528; x_wconf 89' lang='lat' dir='ltr'><strong>prorsus</strong></span> <span class='ocrx_word' id='word_1_533' title='bbox 1407 1495 1505 1520; x_wconf 87' lang='lat' dir='ltr'><strong>contra</strong></span> <span class='ocrx_word' id='word_1_534' title='bbox 1523 1491 1645 1527; x_wconf 88' lang='lat' dir='ltr'><strong>seipsum</strong></span> <span class='ocrx_word' id='word_1_535' title='bbox 1661 1498 1708 1518; x_wconf 87' lang='lat' dir='ltr'><strong>eas</strong></span> 
     </span>
    </p>
   </div>
   <div class='ocr_carea' id='block_1_74' title="bbox 916 1537 1708 1574">
    <p class='ocr_par' dir='ltr' id='par_1_74' title="bbox 916 1537 1708 1574">
     <span class='ocr_line' id='line_1_74' title="bbox 916 1537 1708 1574; baseline -0.008 -4"><span class='ocrx_word' id='word_1_536' title='bbox 916 1543 1030 1570; x_wconf 87' lang='lat' dir='ltr'><strong>molitus</strong></span> <span class='ocrx_word' id='word_1_537' title='bbox 1045 1546 1131 1570; x_wconf 84' lang='lat' dir='ltr'><strong>esset.</strong></span> <span class='ocrx_word' id='word_1_538' title='bbox 1146 1540 1249 1568; x_wconf 77' lang='lat' dir='ltr'><strong>Verum</strong></span> <span class='ocrx_word' id='word_1_539' title='bbox 1264 1540 1317 1568; x_wconf 86' lang='lat' dir='ltr'><strong>hac</strong></span> <span class='ocrx_word' id='word_1_540' title='bbox 1334 1540 1368 1568; x_wconf 89' lang='lat' dir='ltr'><strong>de</strong></span> <span class='ocrx_word' id='word_1_541' title='bbox 1388 1547 1418 1567; x_wconf 93' lang='lat' dir='ltr'><strong>re</strong></span> <span class='ocrx_word' id='word_1_542' title='bbox 1438 1539 1540 1574; x_wconf 80' lang='lat' dir='ltr'><strong>singuli</strong></span> <span class='ocrx_word' id='word_1_543' title='bbox 1560 1545 1613 1574; x_wconf 88' lang='lat' dir='ltr'><strong>pro</strong></span> <span class='ocrx_word' id='word_1_544' title='bbox 1632 1537 1708 1564; x_wconf 87' lang='lat' dir='ltr'><strong>arbi-</strong></span> 
     </span>
    </p>
   </div>
   <div class='ocr_carea' id='block_1_75' title="bbox 916 1584 1710 1622">
    <p class='ocr_par' dir='ltr' id='par_1_75' title="bbox 916 1584 1710 1622">
     <span class='ocr_line' id='line_1_75' title="bbox 916 1584 1710 1622; baseline -0.006 -6"><span class='ocrx_word' id='word_1_545' title='bbox 916 1589 971 1616; x_wconf 86' lang='lat' dir='ltr'><strong>trio</strong></span> <span class='ocrx_word' id='word_1_546' title='bbox 1001 1594 1053 1616; x_wconf 91' lang='lat' dir='ltr'><strong>suo</strong></span> <span class='ocrx_word' id='word_1_547' title='bbox 1070 1586 1207 1622; x_wconf 85' lang='lat' dir='ltr'><strong>judicent.</strong></span> <span class='ocrx_word' id='word_1_548' title='bbox 1229 1585 1316 1614; x_wconf 87' lang='lat' dir='ltr'><strong>Porro</strong></span> <span class='ocrx_word' id='word_1_549' title='bbox 1336 1593 1399 1613; x_wconf 89' lang='lat' dir='ltr'><strong>cum</strong></span> <span class='ocrx_word' id='word_1_550' title='bbox 1419 1585 1547 1613; x_wconf 77' lang='lat' dir='ltr'><strong>Julianus</strong></span> <span class='ocrx_word' id='word_1_551' title='bbox 1567 1585 1602 1612; x_wconf 88' lang='lat' dir='ltr'><strong>de</strong></span> <span class='ocrx_word' id='word_1_552' title='bbox 1622 1584 1710 1620; x_wconf 84' lang='lat' dir='ltr'><strong>negli-</strong></span> 
     </span>
    </p>
   </div>
   <div class='ocr_carea' id='block_1_76' title="bbox 917 1630 1711 1669">
    <p class='ocr_par' dir='ltr' id='par_1_76' title="bbox 917 1630 1711 1669">
     <span class='ocr_line' id='line_1_76' title="bbox 917 1630 1711 1669; baseline -0.004 -9"><span class='ocrx_word' id='word_1_553' title='bbox 917 1634 1009 1669; x_wconf 78' lang='lat' dir='ltr'><strong>gentia</strong></span> <span class='ocrx_word' id='word_1_554' title='bbox 1029 1639 1062 1660; x_wconf 88' lang='lat' dir='ltr'><strong>ac</strong></span> <span class='ocrx_word' id='word_1_555' title='bbox 1077 1631 1207 1660; x_wconf 88' lang='lat' dir='ltr'><strong>socordia</strong></span> <span class='ocrx_word' id='word_1_556' title='bbox 1222 1631 1324 1659; x_wconf 92' lang='lat' dir='ltr'><strong>ducum</strong></span> <span class='ocrx_word' id='word_1_557' title='bbox 1341 1630 1412 1666; x_wconf 86' lang='lat' dir='ltr'><strong>apud</strong></span> <span class='ocrx_word' id='word_1_558' title='bbox 1430 1630 1625 1665; x_wconf 87' lang='lat' dir='ltr'><strong>imperatorem</strong></span> <span class='ocrx_word' id='word_1_559' title='bbox 1642 1637 1711 1665; x_wconf 91' lang='lat' dir='ltr'><strong>que-</strong></span> 
     </span>
    </p>
   </div>
   <div class='ocr_carea' id='block_1_77' title="bbox 916 1676 1709 1712">
    <p class='ocr_par' dir='ltr' id='par_1_77' title="bbox 916 1676 1709 1712">
     <span class='ocr_line' id='line_1_77' title="bbox 916 1676 1709 1712; baseline -0.004 -6"><span class='ocrx_word' id='word_1_560' title='bbox 916 1683 978 1707; x_wconf 83' lang='lat' dir='ltr'><strong>stus</strong></span> <span class='ocrx_word' id='word_1_561' title='bbox 1000 1681 1092 1711; x_wconf 90' lang='lat' dir='ltr'><strong>esset,</strong></span> <span class='ocrx_word' id='word_1_562' title='bbox 1116 1677 1189 1705; x_wconf 90' lang='lat' dir='ltr'><strong>alius</strong></span> <span class='ocrx_word' id='word_1_563' title='bbox 1211 1677 1318 1705; x_wconf 86' lang='lat' dir='ltr'><strong>missus</strong></span> <span class='ocrx_word' id='word_1_564' title='bbox 1341 1680 1385 1705; x_wconf 91' lang='lat' dir='ltr'><strong>est</strong></span> <span class='ocrx_word' id='word_1_565' title='bbox 1409 1677 1541 1712; x_wconf 82' lang='lat' dir='ltr'><strong>magister</strong></span> <span class='ocrx_word' id='word_1_566' title='bbox 1569 1676 1709 1710; x_wconf 91' lang='lat' dir='ltr'><strong>militum,</strong></span> 
     </span>
    </p>
   </div>
   <div class='ocr_carea' id='block_1_78' title="bbox 916 1722 1711 1759">
    <p class='ocr_par' dir='ltr' id='par_1_78' title="bbox 916 1722 1711 1759">
     <span class='ocr_line' id='line_1_78' title="bbox 916 1722 1711 1759; baseline -0.005 -6"><span class='ocrx_word' id='word_1_567' title='bbox 916 1724 1055 1753; x_wconf 90' lang='lat' dir='ltr'><strong>alacritati</strong></span> <span class='ocrx_word' id='word_1_568' title='bbox 1081 1723 1185 1751; x_wconf 87' lang='lat' dir='ltr'><strong>Juliani</strong></span> <span class='ocrx_word' id='word_1_569' title='bbox 1207 1723 1318 1759; x_wconf 79' lang='lat' dir='ltr'><strong>egregie</strong></span> <span class='ocrx_word' id='word_1_570' title='bbox 1346 1722 1530 1758; x_wconf 85' lang='lat' dir='ltr'><strong>respondens.</strong></span> <span class='ocrx_word' id='word_1_571' title='bbox 1558 1722 1638 1750; x_wconf 88' lang='lat' dir='ltr'><strong>iiunc</strong></span> <span class='ocrx_word' id='word_1_572' title='bbox 1663 1722 1711 1750; x_wconf 82' lang='lat' dir='ltr'><strong>ille</strong></span> 
     </span>
    </p>
   </div>
   <div class='ocr_carea' id='block_1_79' title="bbox 918 1767 1712 1801">
    <p class='ocr_par' dir='ltr' id='par_1_79' title="bbox 918 1767 1712 1801">
     <span class='ocr_line' id='line_1_79' title="bbox 918 1767 1712 1801; baseline -0.004 -4"><span class='ocrx_word' id='word_1_573' title='bbox 918 1769 1114 1797; x_wconf 81' lang='lat' dir='ltr'><strong>administrum</strong></span> <span class='ocrx_word' id='word_1_574' title='bbox 1129 1772 1248 1801; x_wconf 89' lang='lat' dir='ltr'><strong>nactus,</strong></span> <span class='ocrx_word' id='word_1_575' title='bbox 1267 1767 1363 1796; x_wconf 89' lang='lat' dir='ltr'><strong>lldenti</strong></span> <span class='ocrx_word' id='word_1_576' title='bbox 1384 1768 1479 1795; x_wconf 88' lang='lat' dir='ltr'><strong>animo</strong></span> <span class='ocrx_word' id='word_1_577' title='bbox 1498 1775 1561 1795; x_wconf 90' lang='lat' dir='ltr'><strong>cum</strong></span> <span class='ocrx_word' id='word_1_578' title='bbox 1582 1767 1712 1795; x_wconf 89' lang='lat' dir='ltr'><strong>barbaris</strong></span> 
     </span>
    </p>
   </div>
   <div class='ocr_carea' id='block_1_80' title="bbox 918 1813 1706 1849">
    <p class='ocr_par' dir='ltr' id='par_1_80' title="bbox 918 1813 1706 1849">
     <span class='ocr_line' id='line_1_80' title="bbox 918 1813 1706 1849; baseline -0.004 -6"><span class='ocrx_word' id='word_1_579' title='bbox 918 1822 1086 1849; x_wconf 82' lang='lat' dir='ltr'><strong>congressus</strong></span> <span class='ocrx_word' id='word_1_580' title='bbox 1099 1818 1153 1841; x_wconf 89' lang='lat' dir='ltr'><strong>est.</strong></span> <span class='ocrx_word' id='word_1_581' title='bbox 1172 1813 1214 1840; x_wconf 92' lang='lat' dir='ltr'><strong>liii</strong></span> <span class='ocrx_word' id='word_1_582' title='bbox 1231 1821 1298 1841; x_wconf 89' lang='lat' dir='ltr'><strong>vero</strong></span> <span class='ocrx_word' id='word_1_583' title='bbox 1313 1813 1452 1849; x_wconf 80' lang='lat' dir='ltr'><strong>legatione</strong></span> <span class='ocrx_word' id='word_1_584' title='bbox 1467 1813 1502 1841; x_wconf 90' lang='lat' dir='ltr'><strong>ad</strong></span> <span class='ocrx_word' id='word_1_585' title='bbox 1519 1820 1581 1841; x_wconf 89' lang='lat' dir='ltr'><strong>eum</strong></span> <span class='ocrx_word' id='word_1_586' title='bbox 1602 1813 1684 1840; x_wconf 88' lang='lat' dir='ltr'><strong>missa</strong></span> <span class='ocrx_word' id='word_1_587' title='bbox 1697 1833 1706 1846; x_wconf 63' lang='grc' dir='ltr'><strong><em>ν</em></strong></span> 
     </span>
    </p>
   </div>
   <div class='ocr_carea' id='block_1_81' title="bbox 918 1858 1712 1894">
    <p class='ocr_par' dir='ltr' id='par_1_81' title="bbox 918 1858 1712 1894">
     <span class='ocr_line' id='line_1_81' title="bbox 918 1858 1712 1894; baseline -0.001 -7"><span class='ocrx_word' id='word_1_588' title='bbox 918 1860 1075 1888; x_wconf 85' lang='lat' dir='ltr'><strong>docuerunt</strong></span> <span class='ocrx_word' id='word_1_589' title='bbox 1095 1859 1272 1894; x_wconf 88' lang='lat' dir='ltr'><strong>imperatoris</strong></span> <span class='ocrx_word' id='word_1_590' title='bbox 1290 1866 1319 1886; x_wconf 91' lang='lat' dir='ltr'><strong>se</strong></span> <span class='ocrx_word' id='word_1_591' title='bbox 1339 1859 1438 1886; x_wconf 88' lang='lat' dir='ltr'><strong>litteris</strong></span> <span class='ocrx_word' id='word_1_592' title='bbox 1453 1862 1584 1886; x_wconf 82' lang='lat' dir='ltr'><strong>evocatos</strong></span> <span class='ocrx_word' id='word_1_593' title='bbox 1603 1858 1712 1886; x_wconf 80' lang='lat' dir='ltr'><strong>venisse</strong></span> 
     </span>
    </p>
   </div>
   <div class='ocr_carea' id='block_1_82' title="bbox 919 1902 1708 1940">
    <p class='ocr_par' dir='ltr' id='par_1_82' title="bbox 919 1902 1708 1940">
     <span class='ocr_line' id='line_1_82' title="bbox 919 1902 1708 1940; baseline -0.004 -8"><span class='ocrx_word' id='word_1_594' title='bbox 919 1905 947 1932; x_wconf 89' lang='lat' dir='ltr'><strong>in</strong></span> <span class='ocrx_word' id='word_1_595' title='bbox 961 1905 1100 1940; x_wconf 86' lang='lat' dir='ltr'><strong>regionem</strong></span> <span class='ocrx_word' id='word_1_596' title='bbox 1113 1904 1312 1931; x_wconf 81' lang='lat' dir='ltr'><strong>Romanorum.</strong></span> <span class='ocrx_word' id='word_1_597' title='bbox 1331 1902 1419 1931; x_wconf 88' lang='lat' dir='ltr'><strong>Simul</strong></span> <span class='ocrx_word' id='word_1_598' title='bbox 1433 1903 1516 1931; x_wconf 86' lang='lat' dir='ltr'><strong>etiam</strong></span> <span class='ocrx_word' id='word_1_599' title='bbox 1532 1903 1708 1938; x_wconf 86' lang='lat' dir='ltr'><strong>imperatoris</strong></span> 
     </span>
    </p>
   </div>
   <div class='ocr_carea' id='block_1_83' title="bbox 918 1949 1709 1985">
    <p class='ocr_par' dir='ltr' id='par_1_83' title="bbox 918 1949 1709 1985">
     <span class='ocr_line' id='line_1_83' title="bbox 918 1949 1709 1985; baseline -0.004 -7"><span class='ocrx_word' id='word_1_600' title='bbox 918 1952 1029 1980; x_wconf 88' lang='lat' dir='ltr'><strong>litteras</strong></span> <span class='ocrx_word' id='word_1_601' title='bbox 1044 1951 1241 1979; x_wconf 87' lang='lat' dir='ltr'><strong>ostendebant.</strong></span> <span class='ocrx_word' id='word_1_602' title='bbox 1262 1951 1297 1977; x_wconf 84' lang='lat' dir='ltr'><strong>At</strong></span> <span class='ocrx_word' id='word_1_603' title='bbox 1315 1949 1442 1977; x_wconf 78' lang='lat' dir='ltr'><strong>Julianus</strong></span> <span class='ocrx_word' id='word_1_604' title='bbox 1458 1950 1580 1985; x_wconf 77' lang='lat' dir='ltr'><strong>legatum</strong></span> <span class='ocrx_word' id='word_1_605' title='bbox 1597 1949 1709 1984; x_wconf 88' lang='lat' dir='ltr'><strong>quidem</strong></span> 
     </span>
    </p>
   </div>
   <div class='ocr_carea' id='block_1_84' title="bbox 923 1994 1713 2032">
    <p class='ocr_par' dir='ltr' id='par_1_84' title="bbox 923 1994 1713 2032">
     <span class='ocr_line' id='line_1_84' title="bbox 923 1994 1713 2032; baseline -0.005 -6"><span class='ocrx_word' id='word_1_606' title='bbox 923 1997 1046 2032; x_wconf 89' lang='lat' dir='ltr'><strong>conjecit</strong></span> <span class='ocrx_word' id='word_1_607' title='bbox 1070 1998 1099 2025; x_wconf 92' lang='lat' dir='ltr'><strong>in</strong></span> <span class='ocrx_word' id='word_1_608' title='bbox 1126 1997 1258 2025; x_wconf 87' lang='lat' dir='ltr'><strong>vincula:</strong></span> <span class='ocrx_word' id='word_1_609' title='bbox 1285 1999 1415 2024; x_wconf 88' lang='lat' dir='ltr'><strong>conserto</strong></span> <span class='ocrx_word' id='word_1_610' title='bbox 1441 1999 1532 2023; x_wconf 90' lang='lat' dir='ltr'><strong>autem</strong></span> <span class='ocrx_word' id='word_1_611' title='bbox 1556 2003 1619 2022; x_wconf 90' lang='lat' dir='ltr'><strong>cum</strong></span> <span class='ocrx_word' id='word_1_612' title='bbox 1643 1994 1713 2029; x_wconf 90' lang='lat' dir='ltr'><strong>ipsis</strong></span> 
     </span>
    </p>
   </div>
   <div class='ocr_carea' id='block_1_85' title="bbox 923 2041 1713 2078">
    <p class='ocr_par' dir='ltr' id='par_1_85' title="bbox 923 2041 1713 2078">
     <span class='ocr_line' id='line_1_85' title="bbox 923 2041 1713 2078; baseline -0.005 -7"><span class='ocrx_word' id='word_1_613' title='bbox 923 2043 1038 2078; x_wconf 84' lang='lat' dir='ltr'><strong>praelio,</strong></span> <span class='ocrx_word' id='word_1_614' title='bbox 1061 2043 1243 2071; x_wconf 84' lang='lat' dir='ltr'><strong>barbarorum</strong></span> <span class='ocrx_word' id='word_1_615' title='bbox 1262 2042 1356 2078; x_wconf 84' lang='lat' dir='ltr'><strong>copias</strong></span> <span class='ocrx_word' id='word_1_616' title='bbox 1380 2041 1506 2070; x_wconf 80' lang='lat' dir='ltr'><strong>funditus</strong></span> <span class='ocrx_word' id='word_1_617' title='bbox 1527 2041 1628 2069; x_wconf 87' lang='lat' dir='ltr'><strong>delevit</strong></span> <span class='ocrx_word' id='word_1_618' title='bbox 1640 2060 1648 2073; x_wconf 94' lang='lat'><strong>,</strong></span> <span class='ocrx_word' id='word_1_619' title='bbox 1667 2047 1713 2067; x_wconf 82' lang='lat' dir='ltr'><strong>ca-</strong></span> 
     </span>
    </p>
   </div>
   <div class='ocr_carea' id='block_1_86' title="bbox 657 2117 1098 2148">
    <p class='ocr_par' dir='ltr' id='par_1_86' title="bbox 657 2117 1098 2148">
     <span class='ocr_line' id='line_1_86' title="bbox 657 2117 1098 2148; baseline 0.005 -2"><span class='ocrx_word' id='word_1_620' title='bbox 657 2117 794 2147; x_wconf 79' lang='lat' dir='ltr'><strong>VALESII</strong></span> <span class='ocrx_word' id='word_1_621' title='bbox 815 2118 1040 2148; x_wconf 81' lang='lat' dir='ltr'><strong>ANNOTATION</strong></span> <span class='ocrx_word' id='word_1_622' title='bbox 1045 2119 1098 2148; x_wconf 87' lang='lat' dir='ltr'><strong>ES.</strong></span> 
     </span>
    </p>
   </div>
   <div class='ocr_carea' id='block_1_87' title="bbox 114 2163 860 2206">
    <p class='ocr_par' dir='ltr' id='par_1_87' title="bbox 114 2163 860 2206">
     <span class='ocr_line' id='line_1_87' title="bbox 114 2163 860 2206; baseline 0 0"><span class='ocrx_word' id='word_1_623' title='bbox 114 2163 169 2206; x_wconf 64' lang='grc' dir='ltr'><strong>(ιδ)</strong></span> <span class='ocrx_word' id='word_1_624' title='bbox 183 2165 235 2206; x_wconf 56' lang='lat' dir='ltr'><strong>Eis</strong></span> <span class='ocrx_word' id='word_1_625' title='bbox 248 2165 340 2206; x_wconf 61' lang='grc' dir='ltr'><strong>οῠβὲτῖ</strong></span> <span class='ocrx_word' id='word_1_626' title='bbox 360 2165 521 2206; x_wconf 48' lang='lat' dir='ltr'><strong>Metam“-</strong></span> <span class='ocrx_word' id='word_1_627' title='bbox 539 2164 621 2206; x_wconf 65' lang='grc' dir='ltr'><strong>,ἔλεξερ</strong></span> <span class='ocrx_word' id='word_1_628' title='bbox 637 2166 779 2206; x_wconf 66' lang='grc' dir='ltr'><strong>κρήσιμρι-</strong></span> <span class='ocrx_word' id='word_1_629' title='bbox 795 2164 860 2206; x_wconf 58' lang='lat'><strong>09°-</strong></span> 
     </span>
    </p>
   </div>
   <div class='ocr_carea' id='block_1_88' title="bbox 966 2163 1712 2206">
    <p class='ocr_par' dir='ltr' id='par_1_88' title="bbox 966 2164 1712 2206">
     <span class='ocr_line' id='line_1_88' title="bbox 966 2164 1712 2206; baseline -0.004 -12"><span class='ocrx_word' id='word_1_630' title='bbox 966 2167 1111 2202; x_wconf 68' lang='lat' dir='ltr'><strong>provincize</strong></span> <span class='ocrx_word' id='word_1_631' title='bbox 1126 2166 1234 2202; x_wconf 87' lang='lat' dir='ltr'><strong>imperii</strong></span> <span class='ocrx_word' id='word_1_632' title='bbox 1249 2166 1366 2206; x_wconf 81' lang='lat' dir='ltr'><strong>Romani</strong></span> <span class='ocrx_word' id='word_1_633' title='bbox 1385 2166 1438 2206; x_wconf 78' lang='lat' dir='ltr'><strong>hoc</strong></span> <span class='ocrx_word' id='word_1_634' title='bbox 1449 2164 1632 2206; x_wconf 74' lang='lat' dir='ltr'><strong>itabitupingi</strong></span> <span class='ocrx_word' id='word_1_635' title='bbox 1646 2171 1712 2206; x_wconf 80' lang='lat' dir='ltr'><strong>con-</strong></span> 
     </span>
    </p>
   </div>
   <div class='ocr_carea' id='block_1_89' title="bbox 84 2199 1215 2235">
    <p class='ocr_par' dir='ltr' id='par_1_89' title="bbox 84 2199 1215 2235">
     <span class='ocr_line' id='line_1_89' title="bbox 84 2199 1215 2235; baseline 0.004 -10"><span class='ocrx_word' id='word_1_636' title='bbox 84 2199 160 2235; x_wconf 86' lang='lat' dir='ltr'><strong>modo</strong></span> <span class='ocrx_word' id='word_1_637' title='bbox 171 2199 254 2235; x_wconf 81' lang='lat' dir='ltr'><strong>etiam</strong></span> <span class='ocrx_word' id='word_1_638' title='bbox 283 2200 385 2234; x_wconf 82' lang='lat' dir='ltr'><strong>legisse</strong></span> <span class='ocrx_word' id='word_1_639' title='bbox 411 2199 521 2227; x_wconf 79' lang='lat' dir='ltr'><strong>videtur</strong></span> <span class='ocrx_word' id='word_1_640' title='bbox 537 2199 776 2235; x_wconf 51' lang='lat' dir='ltr'><strong>Epipltaiiiusfsic</strong></span> <span class='ocrx_word' id='word_1_641' title='bbox 792 2201 867 2228; x_wconf 90' lang='lat' dir='ltr'><strong>enim</strong></span> <span class='ocrx_word' id='word_1_642' title='bbox 924 2199 1083 2234; x_wconf 78' lang='lat' dir='ltr'><strong>sueverant,</strong></span> <span class='ocrx_word' id='word_1_643' title='bbox 1097 2199 1215 2229; x_wconf 76' lang='lat' dir='ltr'><strong>coronas</strong></span> 
     </span>
    </p>
   </div>
   <div class='ocr_carea' id='block_1_90' title="bbox 85 2234 796 2270">
    <p class='ocr_par' dir='ltr' id='par_1_90' title="bbox 85 2234 796 2270">
     <span class='ocr_line' id='line_1_90' title="bbox 85 2234 796 2270; baseline 0.006 -11"><span class='ocrx_word' id='word_1_644' title='bbox 85 2234 176 2270; x_wconf 81' lang='lat' dir='ltr'><strong>vertit:</strong></span> <span class='ocrx_word' id='word_1_645' title='bbox 193 2234 261 2270; x_wconf 74' lang='lat' dir='ltr'><strong>Cum</strong></span> <span class='ocrx_word' id='word_1_646' title='bbox 278 2235 346 2262; x_wconf 70' lang='lat' dir='ltr'><strong>nillil</strong></span> <span class='ocrx_word' id='word_1_647' title='bbox 360 2236 522 2270; x_wconf 51' lang='lat' dir='ltr'><strong>profuissent</strong></span> <span class='ocrx_word' id='word_1_648' title='bbox 538 2234 630 2262; x_wconf 80' lang='lat' dir='ltr'><strong>contra</strong></span> <span class='ocrx_word' id='word_1_649' title='bbox 644 2240 796 2270; x_wconf 82' lang='lat' dir='ltr'><strong>tyrannum.</strong></span> 
     </span>
    </p>
   </div>
   <div class='ocr_carea' id='block_1_91' title="bbox 116 2267 867 2305">
    <p class='ocr_par' dir='ltr' id='par_1_91' title="bbox 116 2267 867 2305">
     <span class='ocr_line' id='line_1_91' title="bbox 116 2267 867 2305; baseline 0.004 -10"><span class='ocrx_word' id='word_1_650' title='bbox 116 2269 172 2305; x_wconf 17' lang='lat'><strong>(716)</strong></span> <span class='ocrx_word' id='word_1_651' title='bbox 185 2269 339 2304; x_wconf 69' lang='grc' dir='ltr'><strong>Στέφανος</strong></span> <span class='ocrx_word' id='word_1_652' title='bbox 351 2267 414 2305; x_wconf 54' lang='grc' dir='ltr'><strong>ἀφ’</strong></span> <span class='ocrx_word' id='word_1_653' title='bbox 426 2267 470 2297; x_wconf 74' lang='grc' dir='ltr'><strong>ὧν</strong></span> <span class='ocrx_word' id='word_1_654' title='bbox 483 2271 538 2303; x_wconf 79' lang='grc' dir='ltr'><strong>τὰς</strong></span> <span class='ocrx_word' id='word_1_655' title='bbox 563 2267 669 2304; x_wconf 64' lang='grc' dir='ltr'><strong>πόλειξν</strong></span> <span class='ocrx_word' id='word_1_656' title='bbox 688 2270 867 2305; x_wconf 80' lang='grc' dir='ltr'><strong>κοσμοῦσιν.</strong></span> 
     </span>
    </p>
   </div>
   <div class='ocr_carea' id='block_1_92' title="bbox 85 2302 870 2338">
    <p class='ocr_par' dir='ltr' id='par_1_92' title="bbox 85 2302 870 2338">
     <span class='ocr_line' id='line_1_92' title="bbox 85 2302 870 2338; baseline 0.004 -9"><span class='ocrx_word' id='word_1_657' title='bbox 85 2302 251 2338; x_wconf 78' lang='lat' dir='ltr'><strong>Epiphanius</strong></span> <span class='ocrx_word' id='word_1_658' title='bbox 278 2302 471 2333; x_wconf 80' lang='lat' dir='ltr'><strong>Scliolasticus</strong></span> <span class='ocrx_word' id='word_1_659' title='bbox 495 2302 621 2333; x_wconf 78' lang='lat' dir='ltr'><strong>coronam</strong></span> <span class='ocrx_word' id='word_1_660' title='bbox 649 2302 870 2334; x_wconf 64' lang='lat' dir='ltr'><strong>laureaminter-</strong></span> 
     </span>
    </p>
   </div>
   <div class='ocr_carea' id='block_1_93' title="bbox 86 2339 870 2375">
    <p class='ocr_par' dir='ltr' id='par_1_93' title="bbox 86 2339 870 2375">
     <span class='ocr_line' id='line_1_93' title="bbox 86 2339 870 2375; baseline 0.004 -10"><span class='ocrx_word' id='word_1_661' title='bbox 86 2344 213 2373; x_wconf 88' lang='lat' dir='ltr'><strong>pretatur,</strong></span> <span class='ocrx_word' id='word_1_662' title='bbox 232 2339 333 2375; x_wconf 82' lang='lat' dir='ltr'><strong>quibus</strong></span> <span class='ocrx_word' id='word_1_663' title='bbox 349 2341 475 2369; x_wconf 85' lang='lat' dir='ltr'><strong>civitates</strong></span> <span class='ocrx_word' id='word_1_664' title='bbox 489 2341 621 2368; x_wconf 79' lang='lat' dir='ltr'><strong>exornari</strong></span> <span class='ocrx_word' id='word_1_665' title='bbox 639 2341 775 2369; x_wconf 88' lang='lat' dir='ltr'><strong>solebant.</strong></span> <span class='ocrx_word' id='word_1_666' title='bbox 797 2341 870 2369; x_wconf 86' lang='lat' dir='ltr'><strong>Sane</strong></span> 
     </span>
    </p>
   </div>
   <div class='ocr_carea' id='block_1_94' title="bbox 1245 2200 1711 2236">
    <p class='ocr_par' dir='ltr' id='par_1_94' title="bbox 1245 2200 1711 2236">
     <span class='ocr_line' id='line_1_94' title="bbox 1245 2200 1711 2236; baseline -0.004 -8"><span class='ocrx_word' id='word_1_667' title='bbox 1245 2202 1358 2230; x_wconf 86' lang='lat' dir='ltr'><strong>uasdam</strong></span> <span class='ocrx_word' id='word_1_668' title='bbox 1369 2202 1483 2229; x_wconf 88' lang='lat' dir='ltr'><strong>turritas</strong></span> <span class='ocrx_word' id='word_1_669' title='bbox 1497 2200 1586 2236; x_wconf 84' lang='lat' dir='ltr'><strong>capite</strong></span> <span class='ocrx_word' id='word_1_670' title='bbox 1601 2203 1711 2236; x_wconf 80' lang='lat' dir='ltr'><strong>gestan-</strong></span> 
     </span>
    </p>
   </div>
   <div class='ocr_carea' id='block_1_95' title="bbox 922 2211 1713 2272">
    <p class='ocr_par' dir='ltr' id='par_1_95' title="bbox 922 2211 1713 2272">
     <span class='ocr_line' id='line_1_95' title="bbox 924 2211 1711 2236; baseline -0.004 -7"><span class='ocrx_word' id='word_1_671' title='bbox 924 2211 1083 2234; x_wconf 87' lang='lat' dir='ltr'><strong>sueveram,</strong></span> <span class='ocrx_word' id='word_1_672' title='bbox 1097 2211 1215 2229; x_wconf 87' lang='lat' dir='ltr'><strong>coronas</strong></span> <span class='ocrx_word' id='word_1_673' title='bbox 1245 2211 1358 2230; x_wconf 86' lang='lat' dir='ltr'><strong>uasuam</strong></span> <span class='ocrx_word' id='word_1_674' title='bbox 1369 2211 1483 2229; x_wconf 86' lang='lat' dir='ltr'><strong>turmas</strong></span> <span class='ocrx_word' id='word_1_675' title='bbox 1497 2211 1586 2236; x_wconf 83' lang='lat' dir='ltr'><strong>capue</strong></span> <span class='ocrx_word' id='word_1_676' title='bbox 1601 2211 1711 2235; x_wconf 75' lang='lat' dir='ltr'><strong>gestau-</strong></span> 
     </span>
     <span class='ocr_line' id='line_1_96' title="bbox 922 2211 1713 2272; baseline -0.003 -8"><span class='ocrx_word' id='word_1_677' title='bbox 922 2241 974 2270; x_wconf 91' lang='lat' dir='ltr'><strong>tes,</strong></span> <span class='ocrx_word' id='word_1_678' title='bbox 991 2242 1019 2264; x_wconf 93' lang='lat' dir='ltr'><strong>ut</strong></span> <span class='ocrx_word' id='word_1_679' title='bbox 1030 2238 1122 2265; x_wconf 89' lang='lat' dir='ltr'><strong>videre</strong></span> <span class='ocrx_word' id='word_1_680' title='bbox 1133 2237 1213 2265; x_wconf 85' lang='lat' dir='ltr'><strong>estin</strong></span> <span class='ocrx_word' id='word_1_681' title='bbox 1225 2211 1331 2264; x_wconf 40' lang='lat' dir='ltr'><strong>Kotitia</strong></span> <span class='ocrx_word' id='word_1_682' title='bbox 1350 2237 1456 2272; x_wconf 89' lang='lat' dir='ltr'><strong>imperii</strong></span> <span class='ocrx_word' id='word_1_683' title='bbox 1473 2236 1600 2263; x_wconf 78' lang='lat' dir='ltr'><strong>Romani.</strong></span> <span class='ocrx_word' id='word_1_684' title='bbox 1619 2234 1713 2272; x_wconf 58' lang='lat' dir='ltr'><strong>Suspi:</strong></span> 
     </span>
    </p>
   </div>
   <div class='ocr_carea' id='block_1_96' title="bbox 923 2270 1713 2308">
    <p class='ocr_par' dir='ltr' id='par_1_96' title="bbox 923 2270 1713 2308">
     <span class='ocr_line' id='line_1_97' title="bbox 923 2270 1713 2308; baseline 0 -10"><span class='ocrx_word' id='word_1_685' title='bbox 923 2273 981 2308; x_wconf 68' lang='lat' dir='ltr'><strong>gari</strong></span> <span class='ocrx_word' id='word_1_686' title='bbox 990 2276 1080 2308; x_wconf 84' lang='lat' dir='ltr'><strong>tamen</strong></span> <span class='ocrx_word' id='word_1_687' title='bbox 1088 2273 1150 2308; x_wconf 88' lang='lat' dir='ltr'><strong>quis</strong></span> <span class='ocrx_word' id='word_1_688' title='bbox 1159 2272 1256 2308; x_wconf 81' lang='lat' dir='ltr'><strong>possit,</strong></span> <span class='ocrx_word' id='word_1_689' title='bbox 1269 2272 1319 2300; x_wconf 92' lang='lat' dir='ltr'><strong>hoc</strong></span> <span class='ocrx_word' id='word_1_690' title='bbox 1327 2270 1575 2308; x_wconf 36' lang='lat' dir='ltr'><strong>loco‘scribcndum</strong></span> <span class='ocrx_word' id='word_1_691' title='bbox 1584 2278 1655 2304; x_wconf 82' lang='lat' dir='ltr'><strong>esse,</strong></span> <span class='ocrx_word' id='word_1_692' title='bbox 1665 2270 1713 2304; x_wconf 79' lang='grc' dir='ltr'><strong>ἀφ’</strong></span> 
     </span>
    </p>
   </div>
   <div class='ocr_carea' id='block_1_97' title="bbox 923 2304 1488 2343">
    <p class='ocr_par' dir='ltr' id='par_1_97' title="bbox 923 2304 1488 2343">
     <span class='ocr_line' id='line_1_98' title="bbox 923 2304 1488 2343; baseline -0.004 -8"><span class='ocrx_word' id='word_1_693' title='bbox 923 2304 961 2335; x_wconf 82' lang='grc' dir='ltr'><strong>ὧν</strong></span> <span class='ocrx_word' id='word_1_694' title='bbox 978 2308 1006 2335; x_wconf 81' lang='grc' dir='ltr'><strong>αι</strong></span> <span class='ocrx_word' id='word_1_695' title='bbox 1022 2304 1113 2339; x_wconf 67' lang='grc' dir='ltr'><strong>πόλεις</strong></span> <span class='ocrx_word' id='word_1_696' title='bbox 1125 2304 1188 2340; x_wconf 75' lang='grc' dir='ltr'><strong>τοῦς</strong></span> <span class='ocrx_word' id='word_1_697' title='bbox 1204 2307 1332 2342; x_wconf 84' lang='grc' dir='ltr'><strong>βασιλέας</strong></span> <span class='ocrx_word' id='word_1_698' title='bbox 1344 2306 1488 2343; x_wconf 81' lang='grc' dir='ltr'><strong>κοσμοῦσι.</strong></span> 
     </span>
    </p>
   </div>
   <div class='ocr_carea' id='block_1_98' title="bbox 785 2408 979 2437">
    <p class='ocr_par' dir='ltr' id='par_1_98' title="bbox 785 2408 979 2437">
     <span class='ocr_line' id='line_1_99' title="bbox 785 2408 979 2437; baseline -0.005 0"><span class='ocrx_word' id='word_1_699' title='bbox 785 2408 979 2437; x_wconf 76' lang='lat' dir='ltr'><strong>VARIORUM.</strong></span> 
     </span>
    </p>
   </div>
   <div class='ocr_carea' id='block_1_99' title="bbox 120 2455 870 2490">
    <p class='ocr_par' dir='ltr' id='par_1_99' title="bbox 120 2455 870 2490">
     <span class='ocr_line' id='line_1_100' title="bbox 120 2455 870 2490; baseline 0 -7"><span class='ocrx_word' id='word_1_700' title='bbox 120 2460 131 2474; x_wconf 75' lang='grc' dir='ltr'><strong>τ</strong></span> <span class='ocrx_word' id='word_1_701' title='bbox 147 2455 211 2483; x_wconf 74' lang='grc' dir='ltr'><strong>Ἐπὶ</strong></span> <span class='ocrx_word' id='word_1_702' title='bbox 230 2456 284 2490; x_wconf 81' lang='grc' dir='ltr'><strong>τὰς</strong></span> <span class='ocrx_word' id='word_1_703' title='bbox 297 2457 432 2490; x_wconf 71' lang='grc' dir='ltr'><strong>Γαλλίας</strong></span> <span class='ocrx_word' id='word_1_704' title='bbox 444 2456 634 2484; x_wconf 71' lang='grc' dir='ltr'><strong>ἀπέστειλεν.</strong></span> <span class='ocrx_word' id='word_1_705' title='bbox 648 2456 717 2484; x_wconf 86' lang='lat' dir='ltr'><strong>Cum</strong></span> <span class='ocrx_word' id='word_1_706' title='bbox 732 2456 870 2485; x_wconf 86' lang='lat' dir='ltr'><strong>Constan-</strong></span> 
     </span>
    </p>
   </div>
   <div class='ocr_carea' id='block_1_100' title="bbox 87 2489 869 2527">
    <p class='ocr_par' dir='ltr' id='par_1_100' title="bbox 87 2489 869 2527">
     <span class='ocr_line' id='line_1_101' title="bbox 87 2489 869 2527; baseline 0.001 -10"><span class='ocrx_word' id='word_1_707' title='bbox 87 2489 149 2527; x_wconf 81' lang='lat' dir='ltr'><strong>tium</strong></span> <span class='ocrx_word' id='word_1_708' title='bbox 165 2489 340 2527; x_wconf 71' lang='lat' dir='ltr'><strong>exagitarent</strong></span> <span class='ocrx_word' id='word_1_709' title='bbox 354 2492 459 2527; x_wconf 75' lang='lat' dir='ltr'><strong>assidui</strong></span> <span class='ocrx_word' id='word_1_710' title='bbox 471 2492 561 2519; x_wconf 88' lang='lat' dir='ltr'><strong>nuntii</strong></span> <span class='ocrx_word' id='word_1_711' title='bbox 571 2491 727 2527; x_wconf 85' lang='lat' dir='ltr'><strong>deploratas</strong></span> <span class='ocrx_word' id='word_1_712' title='bbox 737 2491 794 2526; x_wconf 87' lang='lat' dir='ltr'><strong>jam</strong></span> <span class='ocrx_word' id='word_1_713' title='bbox 805 2491 869 2519; x_wconf 86' lang='lat' dir='ltr'><strong>Gal-</strong></span> 
     </span>
    </p>
   </div>
   <div class='ocr_carea' id='block_1_101' title="bbox 87 2525 867 2561">
    <p class='ocr_par' dir='ltr' id='par_1_101' title="bbox 87 2525 867 2561">
     <span class='ocr_line' id='line_1_102' title="bbox 87 2525 867 2561; baseline 0.004 -10"><span class='ocrx_word' id='word_1_714' title='bbox 87 2525 134 2553; x_wconf 88' lang='lat' dir='ltr'><strong>lias</strong></span> <span class='ocrx_word' id='word_1_715' title='bbox 164 2525 326 2559; x_wconf 82' lang='lat' dir='ltr'><strong>indicantes,</strong></span> <span class='ocrx_word' id='word_1_716' title='bbox 353 2526 492 2555; x_wconf 73' lang='lat' dir='ltr'><strong>lulianum</strong></span> <span class='ocrx_word' id='word_1_717' title='bbox 515 2527 544 2554; x_wconf 94' lang='lat' dir='ltr'><strong>in</strong></span> <span class='ocrx_word' id='word_1_718' title='bbox 577 2525 683 2561; x_wconf 75' lang='lat' dir='ltr'><strong>imperii</strong></span> <span class='ocrx_word' id='word_1_719' title='bbox 704 2525 867 2555; x_wconf 82' lang='lat' dir='ltr'><strong>societatem</strong></span> 
     </span>
    </p>
   </div>
   <div class='ocr_carea' id='block_1_102' title="bbox 87 2561 868 2597">
    <p class='ocr_par' dir='ltr' id='par_1_102' title="bbox 87 2561 868 2597">
     <span class='ocr_line' id='line_1_103' title="bbox 87 2561 868 2597; baseline 0.001 -10"><span class='ocrx_word' id='word_1_720' title='bbox 87 2561 208 2597; x_wconf 80' lang='lat' dir='ltr'><strong>ascitum,</strong></span> <span class='ocrx_word' id='word_1_721' title='bbox 222 2566 250 2597; x_wconf 80' lang='lat' dir='ltr'><strong>et</strong></span> <span class='ocrx_word' id='word_1_722' title='bbox 264 2562 371 2589; x_wconf 71' lang='lat' dir='ltr'><strong>Helena:</strong></span> <span class='ocrx_word' id='word_1_723' title='bbox 387 2563 491 2590; x_wconf 89' lang='lat' dir='ltr'><strong>sororis</strong></span> <span class='ocrx_word' id='word_1_724' title='bbox 502 2562 587 2597; x_wconf 78' lang='lat' dir='ltr'><strong>jugali</strong></span> <span class='ocrx_word' id='word_1_725' title='bbox 600 2562 702 2597; x_wconf 54' lang='lat' dir='ltr'><strong>laedere</strong></span> <span class='ocrx_word' id='word_1_726' title='bbox 717 2561 770 2589; x_wconf 89' lang='lat' dir='ltr'><strong>sibi</strong></span> <span class='ocrx_word' id='word_1_727' title='bbox 781 2569 868 2597; x_wconf 89' lang='lat' dir='ltr'><strong>copu-</strong></span> 
     </span>
    </p>
   </div>
   <div class='ocr_carea' id='block_1_103' title="bbox 88 2594 868 2635">
    <p class='ocr_par' dir='ltr' id='par_1_103' title="bbox 88 2594 868 2635">
     <span class='ocr_line' id='line_1_104' title="bbox 88 2594 868 2635; baseline 0.004 -14"><span class='ocrx_word' id='word_1_728' title='bbox 88 2594 180 2635; x_wconf 76' lang='lat' dir='ltr'><strong>latum,</strong></span> <span class='ocrx_word' id='word_1_729' title='bbox 195 2596 277 2631; x_wconf 85' lang='lat' dir='ltr'><strong>hujus</strong></span> <span class='ocrx_word' id='word_1_730' title='bbox 289 2597 352 2635; x_wconf 74' lang='lat' dir='ltr'><strong>belli</strong></span> <span class='ocrx_word' id='word_1_731' title='bbox 368 2598 466 2635; x_wconf 69' lang='lat' dir='ltr'><strong>duceni</strong></span> <span class='ocrx_word' id='word_1_732' title='bbox 478 2594 800 2635; x_wconf 55' lang='lat' dir='ltr'><strong>renuntiavitJuiianus.</strong></span> <span class='ocrx_word' id='word_1_733' title='bbox 812 2594 868 2624; x_wconf 76' lang='lat' dir='ltr'><strong>non</strong></span> 
     </span>
    </p>
   </div>
   <div class='ocr_carea' id='block_1_104' title="bbox 87 2631 869 2668">
    <p class='ocr_par' dir='ltr' id='par_1_104' title="bbox 87 2631 869 2668">
     <span class='ocr_line' id='line_1_105' title="bbox 87 2631 869 2668; baseline 0.003 -12"><span class='ocrx_word' id='word_1_734' title='bbox 87 2631 194 2668; x_wconf 79' lang='lat' dir='ltr'><strong>ignarus</strong></span> <span class='ocrx_word' id='word_1_735' title='bbox 208 2633 318 2666; x_wconf 88' lang='lat' dir='ltr'><strong>quantis</strong></span> <span class='ocrx_word' id='word_1_736' title='bbox 344 2632 474 2668; x_wconf 86' lang='lat' dir='ltr'><strong>periculis</strong></span> <span class='ocrx_word' id='word_1_737' title='bbox 491 2631 668 2667; x_wconf 85' lang='lat' dir='ltr'><strong>objiceretur,</strong></span> <span class='ocrx_word' id='word_1_738' title='bbox 691 2639 744 2668; x_wconf 80' lang='lat' dir='ltr'><strong>non</strong></span> <span class='ocrx_word' id='word_1_739' title='bbox 764 2635 819 2668; x_wconf 78' lang='lat' dir='ltr'><strong>tam</strong></span> <span class='ocrx_word' id='word_1_740' title='bbox 839 2639 869 2659; x_wconf 89' lang='lat' dir='ltr'><strong>se</strong></span> 
     </span>
    </p>
   </div>
   <div class='ocr_carea' id='block_1_105' title="bbox 87 2665 867 2702">
    <p class='ocr_par' dir='ltr' id='par_1_105' title="bbox 87 2665 867 2702">
     <span class='ocr_line' id='line_1_106' title="bbox 87 2665 867 2702; baseline 0.001 -10"><span class='ocrx_word' id='word_1_741' title='bbox 87 2665 118 2702; x_wconf 63' lang='lat' dir='ltr'><strong>ad</strong></span> <span class='ocrx_word' id='word_1_742' title='bbox 131 2665 259 2694; x_wconf 77' lang='lat' dir='ltr'><strong>honorem</strong></span> <span class='ocrx_word' id='word_1_743' title='bbox 270 2665 354 2702; x_wconf 80' lang='lat' dir='ltr'><strong>quam</strong></span> <span class='ocrx_word' id='word_1_744' title='bbox 365 2667 399 2694; x_wconf 89' lang='lat' dir='ltr'><strong>ad</strong></span> <span class='ocrx_word' id='word_1_745' title='bbox 409 2665 661 2695; x_wconf 36' lang='lat' dir='ltr'><strong>mortem‘vocatum</strong></span> <span class='ocrx_word' id='word_1_746' title='bbox 672 2667 867 2694; x_wconf 87' lang='lat' dir='ltr'><strong>arbitrabatur.</strong></span> 
     </span>
    </p>
   </div>
   <div class='ocr_carea' id='block_1_106' title="bbox 89 2699 869 2737">
    <p class='ocr_par' dir='ltr' id='par_1_106' title="bbox 89 2699 869 2737">
     <span class='ocr_line' id='line_1_107' title="bbox 89 2699 869 2737; baseline 0.003 -11"><span class='ocrx_word' id='word_1_747' title='bbox 89 2699 121 2726; x_wconf 78' lang='lat' dir='ltr'><strong>Et</strong></span> <span class='ocrx_word' id='word_1_748' title='bbox 141 2707 219 2737; x_wconf 73' lang='lat' dir='ltr'><strong>certe,</strong></span> <span class='ocrx_word' id='word_1_749' title='bbox 246 2699 334 2737; x_wconf 79' lang='lat' dir='ltr'><strong>inquit</strong></span> <span class='ocrx_word' id='word_1_750' title='bbox 348 2703 438 2729; x_wconf 89' lang='lat' dir='ltr'><strong>Amm.</strong></span> <span class='ocrx_word' id='word_1_751' title='bbox 459 2702 644 2734; x_wconf 86' lang='lat' dir='ltr'><strong>Marcellinus.</strong></span> <span class='ocrx_word' id='word_1_752' title='bbox 672 2702 743 2737; x_wconf 14' lang='lat' dir='ltr'><strong>illudi</strong></span> <span class='ocrx_word' id='word_1_753' title='bbox 762 2709 869 2728; x_wconf 81' lang='lat' dir='ltr'><strong>rumore</strong></span> 
     </span>
    </p>
   </div>
   <div class='ocr_carea' id='block_1_107' title="bbox 89 2736 868 2772">
    <p class='ocr_par' dir='ltr' id='par_1_107' title="bbox 89 2736 868 2772">
     <span class='ocr_line' id='line_1_108' title="bbox 89 2736 868 2772; baseline 0.003 -11"><span class='ocrx_word' id='word_1_754' title='bbox 89 2739 157 2772; x_wconf 71' lang='lat' dir='ltr'><strong>tenus</strong></span> <span class='ocrx_word' id='word_1_755' title='bbox 167 2736 260 2771; x_wconf 83' lang='lat' dir='ltr'><strong>ubique</strong></span> <span class='ocrx_word' id='word_1_756' title='bbox 271 2736 432 2770; x_wconf 70' lang='lat' dir='ltr'><strong>iactabatur,</strong></span> <span class='ocrx_word' id='word_1_757' title='bbox 444 2738 512 2772; x_wconf 84' lang='lat' dir='ltr'><strong>quod</strong></span> <span class='ocrx_word' id='word_1_758' title='bbox 522 2737 649 2765; x_wconf 73' lang='lat' dir='ltr'><strong>Julianus</strong></span> <span class='ocrx_word' id='word_1_759' title='bbox 667 2745 719 2764; x_wconf 80' lang='lat' dir='ltr'><strong>non</strong></span> <span class='ocrx_word' id='word_1_760' title='bbox 734 2736 868 2764; x_wconf 78' lang='lat' dir='ltr'><strong>levaturus</strong></span> 
     </span>
    </p>
   </div>
   <div class='ocr_carea' id='block_1_108' title="bbox 90 2769 869 2806">
    <p class='ocr_par' dir='ltr' id='par_1_108' title="bbox 90 2769 869 2806">
     <span class='ocr_line' id='line_1_109' title="bbox 90 2769 869 2806; baseline 0.003 -10"><span class='ocrx_word' id='word_1_761' title='bbox 90 2769 251 2798; x_wconf 77' lang='lat' dir='ltr'><strong>incommotla</strong></span> <span class='ocrx_word' id='word_1_762' title='bbox 277 2772 427 2800; x_wconf 77' lang='lat' dir='ltr'><strong>Galliarum</strong></span> <span class='ocrx_word' id='word_1_763' title='bbox 450 2769 548 2800; x_wconf 56' lang='lat' dir='ltr'><strong>&#39;electus</strong></span> <span class='ocrx_word' id='word_1_764' title='bbox 568 2777 644 2804; x_wconf 78' lang='lat' dir='ltr'><strong>esset,</strong></span> <span class='ocrx_word' id='word_1_765' title='bbox 662 2771 707 2800; x_wconf 81' lang='lat' dir='ltr'><strong>sed</strong></span> <span class='ocrx_word' id='word_1_766' title='bbox 727 2775 756 2798; x_wconf 85' lang='lat' dir='ltr'><strong>ut</strong></span> <span class='ocrx_word' id='word_1_767' title='bbox 780 2776 869 2806; x_wconf 75' lang='lat' dir='ltr'><strong>posset</strong></span> 
     </span>
    </p>
   </div>
   <div class='ocr_carea' id='block_1_109' title="bbox 89 2806 868 2840">
    <p class='ocr_par' dir='ltr' id='par_1_109' title="bbox 89 2806 868 2840">
     <span class='ocr_line' id='line_1_110' title="bbox 89 2806 868 2840; baseline 0.003 -9"><span class='ocrx_word' id='word_1_768' title='bbox 89 2811 131 2837; x_wconf 85' lang='lat' dir='ltr'><strong>per</strong></span> <span class='ocrx_word' id='word_1_769' title='bbox 144 2806 210 2833; x_wconf 86' lang='lat' dir='ltr'><strong>bella</strong></span> <span class='ocrx_word' id='word_1_770' title='bbox 220 2806 301 2834; x_wconf 83' lang='lat' dir='ltr'><strong>deleri</strong></span> <span class='ocrx_word' id='word_1_771' title='bbox 316 2809 473 2840; x_wconf 66' lang='lat' dir='ltr'><strong>saevissima,</strong></span> <span class='ocrx_word' id='word_1_772' title='bbox 491 2807 565 2835; x_wconf 83' lang='lat' dir='ltr'><strong>rudis</strong></span> <span class='ocrx_word' id='word_1_773' title='bbox 579 2808 659 2834; x_wconf 80' lang='lat' dir='ltr'><strong>etiam</strong></span> <span class='ocrx_word' id='word_1_774' title='bbox 675 2813 741 2838; x_wconf 83' lang='lat' dir='ltr'><strong>tum,</strong></span> <span class='ocrx_word' id='word_1_775' title='bbox 756 2812 785 2833; x_wconf 88' lang='lat' dir='ltr'><strong>ut</strong></span> <span class='ocrx_word' id='word_1_776' title='bbox 794 2807 868 2834; x_wconf 71' lang='lat' dir='ltr'><strong>msti-</strong></span> 
     </span>
    </p>
   </div>
   <div class='ocr_carea' id='block_1_110' title="bbox 91 2840 866 2877">
    <p class='ocr_par' dir='ltr' id='par_1_110' title="bbox 91 2840 866 2877">
     <span class='ocr_line' id='line_1_111' title="bbox 91 2840 866 2877; baseline 0.004 -12"><span class='ocrx_word' id='word_1_777' title='bbox 91 2840 219 2877; x_wconf 67' lang='lat' dir='ltr'><strong>utebatur,</strong></span> <span class='ocrx_word' id='word_1_778' title='bbox 230 2850 262 2868; x_wconf 83' lang='lat' dir='ltr'><strong>ac</strong></span> <span class='ocrx_word' id='word_1_779' title='bbox 273 2851 303 2870; x_wconf 88' lang='lat' dir='ltr'><strong>ue</strong></span> <span class='ocrx_word' id='word_1_780' title='bbox 317 2844 431 2870; x_wconf 78' lang='lat' dir='ltr'><strong>sonitum</strong></span> <span class='ocrx_word' id='word_1_781' title='bbox 446 2843 550 2877; x_wconf 82' lang='lat' dir='ltr'><strong>quidem</strong></span> <span class='ocrx_word' id='word_1_782' title='bbox 561 2843 708 2870; x_wconf 77' lang='lat' dir='ltr'><strong>duraturus</strong></span> <span class='ocrx_word' id='word_1_783' title='bbox 721 2849 866 2869; x_wconf 86' lang='lat' dir='ltr'><strong>armorum.</strong></span> 
     </span>
    </p>
   </div>
   <div class='ocr_carea' id='block_1_111' title="bbox 91 2875 868 2912">
    <p class='ocr_par' dir='ltr' id='par_1_111' title="bbox 91 2875 868 2912">
     <span class='ocr_line' id='line_1_112' title="bbox 91 2875 868 2912; baseline 0.003 -11"><span class='ocrx_word' id='word_1_784' title='bbox 91 2875 123 2901; x_wconf 88' lang='lat' dir='ltr'><strong>At</strong></span> <span class='ocrx_word' id='word_1_785' title='bbox 133 2876 204 2904; x_wconf 83' lang='lat' dir='ltr'><strong>rudis</strong></span> <span class='ocrx_word' id='word_1_786' title='bbox 230 2877 281 2905; x_wconf 82' lang='lat' dir='ltr'><strong>iste</strong></span> <span class='ocrx_word' id='word_1_787' title='bbox 305 2875 476 2912; x_wconf 77' lang='lat' dir='ltr'><strong>adolescens,</strong></span> <span class='ocrx_word' id='word_1_788' title='bbox 494 2883 520 2907; x_wconf 89' lang='lat' dir='ltr'><strong>ct</strong></span> <span class='ocrx_word' id='word_1_789' title='bbox 546 2878 575 2906; x_wconf 88' lang='lat' dir='ltr'><strong>in</strong></span> <span class='ocrx_word' id='word_1_790' title='bbox 592 2878 745 2907; x_wconf 81' lang='lat' dir='ltr'><strong>Academiae</strong></span> <span class='ocrx_word' id='word_1_791' title='bbox 761 2877 868 2910; x_wconf 87' lang='lat' dir='ltr'><strong>umbra,</strong></span> 
     </span>
    </p>
   </div>
   <div class='ocr_carea' id='block_1_112' title="bbox 923 2454 1714 2491">
    <p class='ocr_par' dir='ltr' id='par_1_112' title="bbox 923 2454 1714 2491">
     <span class='ocr_line' id='line_1_113' title="bbox 923 2454 1714 2491; baseline -0.003 -8"><span class='ocrx_word' id='word_1_792' title='bbox 923 2463 977 2483; x_wconf 89' lang='lat' dir='ltr'><strong>non</strong></span> <span class='ocrx_word' id='word_1_793' title='bbox 989 2455 1017 2483; x_wconf 93' lang='lat' dir='ltr'><strong>in</strong></span> <span class='ocrx_word' id='word_1_794' title='bbox 1035 2455 1093 2483; x_wconf 89' lang='lat' dir='ltr'><strong>sole</strong></span> <span class='ocrx_word' id='word_1_795' title='bbox 1102 2463 1134 2483; x_wconf 88' lang='lat' dir='ltr'><strong>ac</strong></span> <span class='ocrx_word' id='word_1_796' title='bbox 1149 2455 1261 2491; x_wconf 88' lang='lat' dir='ltr'><strong>pulvere</strong></span> <span class='ocrx_word' id='word_1_797' title='bbox 1274 2454 1385 2491; x_wconf 83' lang='lat' dir='ltr'><strong>militari</strong></span> <span class='ocrx_word' id='word_1_798' title='bbox 1400 2454 1630 2491; x_wconf 17' lang='lat' dir='ltr'><strong>educatus,rmiria</strong></span> <span class='ocrx_word' id='word_1_799' title='bbox 1642 2454 1714 2482; x_wconf 87' lang='lat' dir='ltr'><strong>cele-</strong></span> 
     </span>
    </p>
   </div>
   <div class='ocr_carea' id='block_1_113' title="bbox 923 2490 1714 2525">
    <p class='ocr_par' dir='ltr' id='par_1_113' title="bbox 923 2490 1714 2525">
     <span class='ocr_line' id='line_1_114' title="bbox 923 2490 1714 2525; baseline -0.003 -7"><span class='ocrx_word' id='word_1_800' title='bbox 923 2491 1004 2519; x_wconf 89' lang='lat' dir='ltr'><strong>ritate</strong></span> <span class='ocrx_word' id='word_1_801' title='bbox 1020 2490 1154 2519; x_wconf 82' lang='lat' dir='ltr'><strong>barbaros</strong></span> <span class='ocrx_word' id='word_1_802' title='bbox 1164 2491 1252 2518; x_wconf 84' lang='lat' dir='ltr'><strong>Gallia</strong></span> <span class='ocrx_word' id='word_1_803' title='bbox 1263 2490 1378 2525; x_wconf 73' lang='lat' dir='ltr'><strong>expulit.</strong></span> <span class='ocrx_word' id='word_1_804' title='bbox 1390 2494 1494 2525; x_wconf 89' lang='lat' dir='ltr'><strong>septem</strong></span> <span class='ocrx_word' id='word_1_805' title='bbox 1506 2490 1592 2517; x_wconf 90' lang='lat' dir='ltr'><strong>totius</strong></span> <span class='ocrx_word' id='word_1_806' title='bbox 1603 2490 1714 2517; x_wconf 88' lang='lat' dir='ltr'><strong>Germa-</strong></span> 
     </span>
    </p>
   </div>
   <div class='ocr_carea' id='block_1_114' title="bbox 921 2525 1715 2561">
    <p class='ocr_par' dir='ltr' id='par_1_114' title="bbox 921 2525 1715 2561">
     <span class='ocr_line' id='line_1_115' title="bbox 921 2525 1715 2561; baseline -0.004 -7"><span class='ocrx_word' id='word_1_807' title='bbox 921 2527 974 2554; x_wconf 69' lang='lat' dir='ltr'><strong>niae</strong></span> <span class='ocrx_word' id='word_1_808' title='bbox 986 2526 1194 2561; x_wconf 84' lang='lat' dir='ltr'><strong>potentissimos</strong></span> <span class='ocrx_word' id='word_1_809' title='bbox 1205 2533 1284 2561; x_wconf 80' lang='lat' dir='ltr'><strong>reges</strong></span> <span class='ocrx_word' id='word_1_810' title='bbox 1302 2533 1360 2561; x_wconf 83' lang='lat' dir='ltr'><strong>uno</strong></span> <span class='ocrx_word' id='word_1_811' title='bbox 1383 2525 1486 2561; x_wconf 80' lang='lat' dir='ltr'><strong>ingenti</strong></span> <span class='ocrx_word' id='word_1_812' title='bbox 1501 2525 1715 2560; x_wconf 85' lang='lat' dir='ltr'><strong>diliicillimoquc</strong></span> 
     </span>
    </p>
   </div>
   <div class='ocr_carea' id='block_1_115' title="bbox 922 2560 1714 2596">
    <p class='ocr_par' dir='ltr' id='par_1_115' title="bbox 922 2560 1714 2596">
     <span class='ocr_line' id='line_1_116' title="bbox 922 2560 1714 2596; baseline -0.003 -8"><span class='ocrx_word' id='word_1_813' title='bbox 922 2560 1019 2596; x_wconf 72' lang='lat' dir='ltr'><strong>prmlio</strong></span> <span class='ocrx_word' id='word_1_814' title='bbox 1047 2562 1081 2589; x_wconf 84' lang='lat' dir='ltr'><strong>ad</strong></span> <span class='ocrx_word' id='word_1_815' title='bbox 1105 2560 1319 2596; x_wconf 82' lang='lat' dir='ltr'><strong>Argentoratum</strong></span> <span class='ocrx_word' id='word_1_816' title='bbox 1346 2560 1457 2596; x_wconf 86' lang='lat' dir='ltr'><strong>devicit,</strong></span> <span class='ocrx_word' id='word_1_817' title='bbox 1481 2561 1649 2594; x_wconf 84' lang='lat' dir='ltr'><strong>omninoque</strong></span> <span class='ocrx_word' id='word_1_818' title='bbox 1670 2568 1714 2587; x_wconf 79' lang='lat' dir='ltr'><strong>res</strong></span> 
     </span>
    </p>
   </div>
   <div class='ocr_carea' id='block_1_116' title="bbox 922 2595 1715 2634">
    <p class='ocr_par' dir='ltr' id='par_1_116' title="bbox 922 2595 1715 2634">
     <span class='ocr_line' id='line_1_117' title="bbox 922 2595 1715 2634; baseline -0.004 -10"><span class='ocrx_word' id='word_1_819' title='bbox 922 2595 1016 2634; x_wconf 68' lang='lat' dir='ltr'><strong>Gallia:</strong></span> <span class='ocrx_word' id='word_1_820' title='bbox 1025 2597 1131 2634; x_wconf 82' lang='lat' dir='ltr'><strong>accisas</strong></span> <span class='ocrx_word' id='word_1_821' title='bbox 1143 2595 1226 2631; x_wconf 84' lang='lat' dir='ltr'><strong>atque</strong></span> <span class='ocrx_word' id='word_1_822' title='bbox 1239 2596 1355 2624; x_wconf 86' lang='lat' dir='ltr'><strong>aliiictas</strong></span> <span class='ocrx_word' id='word_1_823' title='bbox 1367 2596 1394 2622; x_wconf 92' lang='lat' dir='ltr'><strong>in</strong></span> <span class='ocrx_word' id='word_1_824' title='bbox 1408 2595 1547 2634; x_wconf 71' lang='lat' dir='ltr'><strong>integrum</strong></span> <span class='ocrx_word' id='word_1_825' title='bbox 1552 2599 1659 2634; x_wconf 67' lang='lat' dir='ltr'><strong>statum</strong></span> <span class='ocrx_word' id='word_1_826' title='bbox 1672 2602 1715 2634; x_wconf 80' lang='lat' dir='ltr'><strong>re-</strong></span> 
     </span>
    </p>
   </div>
   <div class='ocr_carea' id='block_1_117' title="bbox 923 2629 1714 2666">
    <p class='ocr_par' dir='ltr' id='par_1_117' title="bbox 923 2629 1714 2666">
     <span class='ocr_line' id='line_1_118' title="bbox 923 2629 1714 2666; baseline -0.005 -7"><span class='ocrx_word' id='word_1_827' title='bbox 923 2632 1023 2664; x_wconf 87' lang='lat' dir='ltr'><strong>stituit,</strong></span> <span class='ocrx_word' id='word_1_828' title='bbox 1037 2632 1110 2666; x_wconf 91' lang='lat' dir='ltr'><strong>quod</strong></span> <span class='ocrx_word' id='word_1_829' title='bbox 1120 2629 1217 2659; x_wconf 45' lang='lat' dir='ltr'><strong>omn—es</strong></span> <span class='ocrx_word' id='word_1_830' title='bbox 1231 2638 1286 2658; x_wconf 92' lang='lat' dir='ltr'><strong>uno</strong></span> <span class='ocrx_word' id='word_1_831' title='bbox 1302 2638 1350 2658; x_wconf 89' lang='lat' dir='ltr'><strong>ore</strong></span> <span class='ocrx_word' id='word_1_832' title='bbox 1363 2629 1514 2666; x_wconf 79' lang='lat' dir='ltr'><strong>scriptores</strong></span> <span class='ocrx_word' id='word_1_833' title='bbox 1531 2629 1606 2657; x_wconf 89' lang='lat' dir='ltr'><strong>illius</strong></span> <span class='ocrx_word' id='word_1_834' title='bbox 1615 2629 1714 2666; x_wconf 62' lang='lat' dir='ltr'><strong>aetatis</strong></span> 
     </span>
    </p>
   </div>
   <div class='ocr_carea' id='block_1_118' title="bbox 922 2663 1712 2702">
    <p class='ocr_par' dir='ltr' id='par_1_118' title="bbox 922 2663 1712 2702">
     <span class='ocr_line' id='line_1_119' title="bbox 922 2663 1712 2702; baseline -0.006 -7"><span class='ocrx_word' id='word_1_835' title='bbox 922 2663 1081 2702; x_wconf 63' lang='lat' dir='ltr'><strong>praedicant.</strong></span> <span class='ocrx_word' id='word_1_836' title='bbox 1100 2667 1167 2694; x_wconf 88' lang='lat' dir='ltr'><strong>Vide</strong></span> <span class='ocrx_word' id='word_1_837' title='bbox 1182 2666 1333 2702; x_wconf 77' lang='lat' dir='ltr'><strong>Marcellin.</strong></span> <span class='ocrx_word' id='word_1_838' title='bbox 1349 2666 1398 2702; x_wconf 81' lang='lat' dir='ltr'><strong>lib.</strong></span> <span class='ocrx_word' id='word_1_839' title='bbox 1409 2663 1455 2698; x_wconf 63' lang='grc' dir='ltr'><strong>ἰν,</strong></span> <span class='ocrx_word' id='word_1_840' title='bbox 1465 2665 1598 2702; x_wconf 33' lang='grc' dir='ltr'><strong>ςιηξρευη]</strong></span> <span class='ocrx_word' id='word_1_841' title='bbox 1611 2663 1712 2702; x_wconf 77' lang='lat' dir='ltr'><strong>Julian.</strong></span> 
     </span>
    </p>
   </div>
   <div class='ocr_carea' id='block_1_119' title="bbox 923 2699 1713 2738">
    <p class='ocr_par' dir='ltr' id='par_1_119' title="bbox 923 2699 1713 2738">
     <span class='ocr_line' id='line_1_120' title="bbox 923 2699 1713 2738; baseline -0.008 -8"><span class='ocrx_word' id='word_1_842' title='bbox 923 2699 957 2730; x_wconf 66' lang='lat' dir='ltr'><strong>od</strong></span> <span class='ocrx_word' id='word_1_843' title='bbox 973 2702 1154 2738; x_wconf 70' lang='lat' dir='ltr'><strong>Athenienses.</strong></span> <span class='ocrx_word' id='word_1_844' title='bbox 1179 2703 1244 2729; x_wconf 84' lang='lat' dir='ltr'><strong>Ant.</strong></span> <span class='ocrx_word' id='word_1_845' title='bbox 1260 2701 1324 2738; x_wconf 77' lang='lat' dir='ltr'><strong>Pagi</strong></span> <span class='ocrx_word' id='word_1_846' title='bbox 1341 2701 1374 2728; x_wconf 85' lang='lat' dir='ltr'><strong>ad</strong></span> <span class='ocrx_word' id='word_1_847' title='bbox 1387 2708 1452 2728; x_wconf 86' lang='lat' dir='ltr'><strong>ann.</strong></span> <span class='ocrx_word' id='word_1_848' title='bbox 1464 2699 1564 2732; x_wconf 60' lang='lat' dir='ltr'><strong>555m.</strong></span> <span class='ocrx_word' id='word_1_849' title='bbox 1581 2699 1609 2730; x_wconf 78' lang='grc'><strong>4,</strong></span> <span class='ocrx_word' id='word_1_850' title='bbox 1622 2699 1713 2738; x_wconf 49' lang='lat' dir='ltr'><strong>lulia-</strong></span> 
     </span>
    </p>
   </div>
   <div class='ocr_carea' id='block_1_120' title="bbox 922 2733 1714 2773">
    <p class='ocr_par' dir='ltr' id='par_1_120' title="bbox 922 2733 1714 2773">
     <span class='ocr_line' id='line_1_121' title="bbox 922 2733 1714 2773; baseline -0.008 -8"><span class='ocrx_word' id='word_1_851' title='bbox 922 2745 985 2770; x_wconf 88' lang='lat' dir='ltr'><strong>nus,</strong></span> <span class='ocrx_word' id='word_1_852' title='bbox 1015 2737 1114 2772; x_wconf 90' lang='lat' dir='ltr'><strong>inquit,</strong></span> <span class='ocrx_word' id='word_1_853' title='bbox 1139 2737 1195 2773; x_wconf 8' lang='lat' dir='ltr'><strong>ltocj</strong></span> <span class='ocrx_word' id='word_1_854' title='bbox 1212 2744 1285 2773; x_wconf 71' lang='lat' dir='ltr'><strong>anno</strong></span> <span class='ocrx_word' id='word_1_855' title='bbox 1300 2733 1397 2773; x_wconf 55' lang='lat' dir='ltr'><strong>Caesar</strong></span> <span class='ocrx_word' id='word_1_856' title='bbox 1423 2739 1543 2767; x_wconf 88' lang='lat' dir='ltr'><strong>creatus,</strong></span> <span class='ocrx_word' id='word_1_857' title='bbox 1565 2737 1608 2773; x_wconf 53' lang='lat' dir='ltr'><strong>et&quot;</strong></span> <span class='ocrx_word' id='word_1_858' title='bbox 1619 2733 1714 2773; x_wconf 77' lang='lat' dir='ltr'><strong>Galliis</strong></span> 
     </span>
    </p>
   </div>
   <div class='ocr_carea' id='block_1_121' title="bbox 922 2768 1712 2814">
    <p class='ocr_par' dir='ltr' id='par_1_121' title="bbox 922 2768 1712 2814">
     <span class='ocr_line' id='line_1_122' title="bbox 922 2768 1712 2814; baseline 0 0"><span class='ocrx_word' id='word_1_859' title='bbox 922 2768 1084 2814; x_wconf 58' lang='grc' dir='ltr'><strong>ινξεροξὲείιξι</strong></span> <span class='ocrx_word' id='word_1_860' title='bbox 1098 2768 1112 2805; x_wconf 70' lang='grc' dir='ltr'>ς’</span> <span class='ocrx_word' id='word_1_861' title='bbox 1123 2772 1197 2814; x_wconf 51' lang='lat' dir='ltr'><strong>qua!</strong></span> <span class='ocrx_word' id='word_1_862' title='bbox 1218 2771 1343 2814; x_wconf 62' lang='grc' dir='ltr'><strong>ἱειιιθιῐεξ</strong></span> <span class='ocrx_word' id='word_1_863' title='bbox 1367 2768 1712 2814; x_wconf 51' lang='lat' dir='ltr'><strong>99‘&quot;&#39;Pifcﬁi‘ifi’ﬁlfl&#39;9:</strong></span> 
     </span>
    </p>
   </div>
   <div class='ocr_carea' id='block_1_122' title="bbox 924 2803 1711 2842">
    <p class='ocr_par' dir='ltr' id='par_1_122' title="bbox 924 2803 1711 2842">
     <span class='ocr_line' id='line_1_123' title="bbox 924 2803 1711 2842; baseline -0.011 -6"><span class='ocrx_word' id='word_1_864' title='bbox 924 2803 1003 2836; x_wconf 85' lang='lat' dir='ltr'><strong>initio</strong></span> <span class='ocrx_word' id='word_1_865' title='bbox 1017 2808 1079 2835; x_wconf 89' lang='lat' dir='ltr'><strong>libri</strong></span> <span class='ocrx_word' id='word_1_866' title='bbox 1092 2803 1177 2839; x_wconf 62' lang='grc' dir='ltr'><strong>ιίιξοι</strong></span> <span class='ocrx_word' id='word_1_867' title='bbox 1192 2807 1302 2842; x_wconf 87' lang='lat' dir='ltr'><strong>quidem</strong></span> <span class='ocrx_word' id='word_1_868' title='bbox 1317 2805 1471 2837; x_wconf 85' lang='lat' dir='ltr'><strong>Mediolani,</strong></span> <span class='ocrx_word' id='word_1_869' title='bbox 1484 2810 1513 2832; x_wconf 92' lang='lat' dir='ltr'><strong>ut</strong></span> <span class='ocrx_word' id='word_1_870' title='bbox 1523 2803 1711 2838; x_wconf 73' lang='lat' dir='ltr'><strong>Hieronymus</strong></span> 
     </span>
    </p>
   </div>
   <div class='ocr_carea' id='block_1_123' title="bbox 924 2843 1225 2872">
    <p class='ocr_par' dir='ltr' id='par_1_123' title="bbox 924 2843 1225 2872">
     <span class='ocr_line' id='line_1_124' title="bbox 924 2843 1225 2872; baseline -0.003 -1"><span class='ocrx_word' id='word_1_871' title='bbox 924 2844 950 2871; x_wconf 92' lang='lat' dir='ltr'><strong>in</strong></span> <span class='ocrx_word' id='word_1_872' title='bbox 966 2843 1102 2872; x_wconf 83' lang='lat' dir='ltr'><strong>Chronico</strong></span> <span class='ocrx_word' id='word_1_873' title='bbox 1118 2843 1225 2871; x_wconf 88' lang='lat' dir='ltr'><strong>scribit.</strong></span> 
     </span>
    </p>
   </div>
  </div>
