1891 3068
220 154 276 182 379
303 134 306 137 ’

955 149 1129 179 SOCRATIS

1805 149 1855 176 380

224 213 306 246 cipue
334 210 407 246 quod
437 210 549 238 fratrem
577 217 657 238 suum
675 209 781 236 Gallum
806 215 854 244 per
878 207 939 244 ejus
964 216 1008 237 ca-

1063 205 1118 236 οἷον
1134 207 1262 244 ἡμιόνων,
1281 207 1360 241 βοιῖιν,
1378 207 1426 235 καὶ
1440 207 1508 235 δνων
1520 215 1527 223 ·
1542 207 1622 243 μόνον
1640 207 1669 234 δέ
1690 206 1747 234 τῶν
1763 206 1855 234 ἵππων

225 257 346 285 htmnias
368 257 563 291 interemptum
575 263 637 282 esse
656 257 838 288 compererat.
853 254 886 281 Et
905 261 1009 290 corpus

225 302 337 337 quidem
361 301 439 336 172
453 299 607 328 Constantii
630 298 769 334 regalibus
792 298 932 333 exsequiis
958 298 1009 325 ho-

225 349 350 381 noravit;
372 346 516 374 eunuchos
528 353 604 378 vero,
623 349 750 372 tonsores
768 349 795 372 et
809 351 915 380 coquos
927 344 1009 379 ejecit

223 403 259 422 ex
276 394 390 430 palatio.
412 393 563 420 Eunuchos
578 392 699 428 quidem.
724 399 757 420 eo
775 392 847 427 quod
864 392 924 427 ipse
940 400 1009 420 uxo-

225 447 283 467 rem
308 447 386 467 suam
420 439 568 472 amiserat,
597 441 659 473 post
685 437 765 472 cujus
795 437 898 466 obitum
926 438 1008 467 aliam

225 484 335 511 nolebat
346 484 457 511 ducere.
473 482 584 518 Coquos
599 489 676 516 vero,
690 486 833 518 propterea
843 482 918 518 quod
933 484 1008 511 tenui

226 537 258 556 ac
275 528 394 563 simplici
410 528 473 555 cibo
496 532 632 556 uteretur.
646 527 785 557 Tonsores
799 529 928 564 denique,
944 529 1009 564 quia

225 582 317 607 unus,
346 577 376 601 ut
403 574 506 606 aiebat,
531 578 629 603 tonsor
657 574 757 603 suiﬁcit
783 575 919 609 plurimis.
953 574 1009 604 Has

224 619 307 654 igitur
319 619 354 646 ob
372 625 471 646 causas
486 619 643 653 hujusmodi
657 619 798 646 hominum
809 626 896 654 genus
908 619 1010 654 palatio

223 663 338 698 expulit.
348 662 407 689 1am
417 670 482 689 vero
495 670 529 689 ex
542 663 659 690 notariis
670 663 804 698 plurimos
818 663 851 690 ad
862 663 1008 698 pristinam

221 708 410 736 conditionem
443 707 558 743 redegit.
587 707 713 743 Reliquis
743 708 874 736 salarium
900 709 1010 736 notario

221 761 381 789 congruens
398 753 457 780 dari
471 754 610 788 prazcepit.
627 753 681 781 Sed
698 757 726 781 et
739 754 881 789 publicum
895 761 1009 782 cursum

223 799 270 834 qui
291 799 411 834 publicis
437 799 651 828 necessitatibus
674 799 852 833 inserviebat,
879 800 1008 835 sustulit;

224 845 362 872 mulorum
376 844 493 877 scilicet,
506 845 588 872 boum
601 849 629 872 et
645 845 785 873 asinorum
799 846 906 874 :solum
921 854 1009 882 equo-

1057 255 1117 285 ταῖς
1125 254 1268 289 δημοσίαις
1278 253 1382 289 χρείαις
1393 252 1580 289 συνεχώρησεν
1591 253 1750 288 ὑπουργεῖν.
1761 252 1854 279 Ταῦτα

1057 299 1087 327 δὲ
1100 298 1181 326 αὐτοῦ
1196 299 1337 326 ἐπαινοῦσι
1354 299 1403 334 μὲν
1420 298 1506 333 ὀλίγοι
1517 307 1524 314 ·
1540 299 1564 325 οῑ
1581 299 1691 330 πλείους
1707 299 1737 325 δὲ
1754 298 1855 333 ψέγου.

1059 353 1112 377 σιν,
1131 345 1172 372 ὅτι
1188 344 1330 385 παυομένη
1350 345 1367 380 ή
1390 345 1423 372 ἐκ
1446 343 1493 371 τοῦ
1509 344 1648 380 βασιλικοῦ
1663 344 1785 371 πλούτου
1801 347 1855 376 τοῖς

1058 391 1166 422 πολλοῖς
1195 390 1358 426 ἐγγινομένη
1387 389 1556 426 κατάπληξις
1572 409 1580 422 ,
1611 390 1855 426 εὐκαταφρόνητον

1058 437 1145 464 ἐποίει
1154 437 1203 473 τὴν
1215 437 1363 473 βασιλείαν.
1371 437 1407 464 Οὐ
1422 437 1475 473 μὴν
1486 437 1555 464 ἀλλὰ
1565 437 1611 463 καὶ
1622 436 1854 472 διανυκτερεύων,

1058 481 1154 516 λόγους
1183 482 1336 517 συνέγραφε
1355 488 1377 514 ι,
1401 483 1449 510 καὶ
1474 481 1583 513 τούτους
1609 481 1712 508 κατιὼν
1737 482 1782 513 εἰς
1807 481 1854 516 τὴν

1060 527 1213 563 συγκλήτου
1232 527 1330 563 βουλὴν
1346 528 1519 555 ἐπεδείκνυτο
1529 534 1538 543 ο
1554 526 1633 562 μόνος
1645 526 1701 562 γὰρ
1718 526 1852 561 βασιλέων

1059 574 1114 601 ἀπὸ
1127 573 1234 600 Ἰουλίου
1248 574 1386 609 Καίσαρος
1398 573 1506 609 πρῶτος
1519 573 1559 605 είς
1571 572 1621 608 τὴν
1633 573 1684 607 τῆς
1695 571 1851 607 συγκλήτου

1061 619 1158 655 βουλὴν
1172 619 1267 653 λόγους
1280 619 1462 647 ἐπεδείκνυτο.
1480 618 1577 654 Ἐτίμα
1593 618 1621 645 δὲ
1642 619 1689 645 καὶ
1705 618 1772 649 τοὺς
1789 617 1852 652 περὶ.

1059 665 1181 692 παιδείαν
1201 665 1401 697 ἐσπουδακότας
1412 673 1419 679 ·
1438 664 1553 700 μάλιστα
1567 664 1596 691 δὲ
1607 684 1615 697 ,
1629 665 1693 696 τοὺς
1712 663 1850 698 ἐπαγγελ-

1059 709 1187 745 λομένους
1201 710 1366 745 φιλοσοφεῖν.
1383 709 1428 737 Διδ
1445 710 1492 737 καὶ
1507 710 1570 742 τοὺς
1596 710 1719 745 πανταχῆ
1737 707 1810 744 ἦγεν
1834 709 1849 743 ή

1059 756 1139 791 φήμη
1155 756 1314 792 βριάζοντας
1330 756 1377 783 ἐπὶ
1392 756 1426 782 τὰ
1440 755 1573 791 βασίλεια,
1587 755 1613 782 οἶ
1626 755 1776 791 φοροῦντες
1788 755 1848 786 τοὺς

1058 801 1209 836 τρίϐωνας,
1235 801 1328 828 πολλο)⁵
1350 802 1383 828 ἐκ
1402 800 1450 827 τοῦ
1471 801 1609 836 σχήματος
1629 800 1732 835 μᾶλλον
1745 819 1754 831 ,
1778 799 1796 834 ἢ
1819 799 1849 825 ἐκ

1061 847 1185 880 παιδείας
1196 848 1346 875 ἐδείκνυντο
1354 856 1361 862 ·
1374 847 1474 879 πάντες
1484 847 1513 874 δέ
1527 845 1597 883 ἦσαν
1607 846 1699 882 βαρεῖς
1714 846 1772 876 τοῖς
1783 845 1848 880 Χρι-

224 897 286 917 rum
309 897 421 918 cursum
446 889 584 924 ejusmodi
609 890 823 918 necessitatibus
848 891 1008 920 ministrare

1063 893 1250 925 πιανίζουσιν,
1263 893 1359 928 ἄνδρες
1375 892 1550 925 ἀπατεῶνες,
1576 891 1624 918 καὶ
1647 891 1691 918 ἀεὶ
1711 890 1760 916 τοῦ
1783 898 1848 925 κραο

223 935 396 970 permittens.
411 934 474 962 Haec
488 935 550 970 ejus
563 939 624 962 acta
639 935 788 963 laudantur
801 943 817 963 a
833 937 930 972 paucis
943 937 1007 965 :sed

223 982 316 1015 plures
340 985 406 1009 sunt
427 982 475 1016 qui
501 981 665 1016 vituperent,
686 989 720 1010 eo
742 982 816 1017 quod
838 982 945 1010 sublata
962 990 1008 1011 re-

220 1025 330 1060 giarum
348 1033 430 1061 opum
455 1026 666 1061 magniﬁcentia,
685 1035 746 1062 quae
762 1028 836 1063 vulgi
853 1028 961 1056 animos
979 1029 1007 1056 in

221 1069 434 1099 admirationem
453 1072 537 1106 rapit,
557 1072 611 1100 vile
623 1076 651 1100 et
666 1073 836 1108 contemptui
856 1074 1007 1101 obnoxium

220 1116 387 1144 reddidisset
411 1117 568 1152 imperium.
589 1117 677 1145 Porro
695 1123 777 1146 noctu
793 1118 922 1154 vigilans,
943 1126 1008 1146 ora-

222 1159 313 1187 tiones
345 1161 503 1194 scribebat,
530 1168 634 1196 easque
668 1166 764 1196 postea
790 1163 943 1198 procedens
973 1170 1007 1191 ex

220 1204 322 1238 palatio
337 1205 364 1232 in
383 1210 481 1234 senatu
495 1206 629 1234 recitabat
643 1216 650 1234 :
664 1208 765 1243 quippe
781 1215 813 1235 ex
832 1208 1006 1243 imperatori-

219 1248 272 1277 bus
287 1249 333 1284 qui
349 1257 365 1277 a
379 1249 452 1278 Julio
469 1251 577 1280 Caesare
590 1252 622 1280 ad
646 1257 770 1281 nostram
794 1261 884 1289 usque
898 1258 1006 1282 aetatem

219 1299 380 1329 regnarunt,
397 1297 474 1324 solus
489 1297 535 1324 hic
554 1301 582 1325 et
602 1298 709 1334 primus
723 1299 865 1327 orationes
885 1300 913 1328 in
928 1300 1004 1328 curia

219 1340 356 1368 recitavit.
373 1341 406 1368 Et
426 1343 568 1371 studiosos
587 1344 698 1379 quidem
717 1345 926 1380 disciplinarum
946 1353 1006 1373 om-

219 1386 296 1412 nium
318 1386 472 1414 honorabat
490 1397 497 1416 :
513 1389 562 1415 sed
582 1396 629 1417 eos
650 1390 789 1424 praecipue
811 1391 859 1424 qui
880 1390 1005 1425 philoso-

220 1431 310 1466 phiam
325 1433 536 1466 proﬁtebantur.
551 1433 670 1462 Proinde
684 1434 756 1462 fama
768 1434 852 1469 hujus
864 1436 904 1463 rei
921 1436 1004 1464 exciti

1061 938 1170 970 τοῦντος
1183 938 1362 973 οἰκειούμενοι
1378 938 1426 973 τὴν
1442 937 1600 974 θρησκείαν.
1619 936 1708 970 Ἐχων
1723 935 1753 962 δὲ
1772 935 1786 961 ό
1803 934 1847 969 βα-

1063 983 1151 1015 σιλεὺς
1167 983 1314 1016 πλεονάζον
1337 985 1367 1011 ἐν
1393 983 1483 1019 ἐαυτῷ
1505 983 1536 1009 τὸ
1555 980 1691 1014 κενόδοξον
1704 999 1714 1012 ,
1742 980 1845 1011 πάντας

1060 1030 1123 1062 τοὺς
1137 1030 1191 1066 πρὸ
1205 1029 1287 1057 αὑτοῦ
1301 1029 1420 1062 βασιλεῖς
1431 1029 1613 1064 ἐκωμῲδησεν
1631 1028 1660 1054 ἐν
1676 1026 1716 1061 τῷ
1729 1026 1804 1061 λόγῳ
1819 1026 1847 1052 ὃν

1061 1075 1199 1112 ἐπέγραψε
1213 1076 1377 1110 Καίσαρος.
1393 1075 1441 1102 Ἐκ
1454 1075 1501 1102 τοῦ
1514 1073 1636 1101 τοιούτου
1659 1072 1742 1107 ήοους
1758 1071 1847 1098 κινού-

1061 1130 1151 1156 μενος,
1166 1122 1213 1149 καὶ
1228 1122 1292 1154 τοὺς
1309 1121 1379 1148 κατὰ
1389 1121 1557 1156 Χριστιανῶν
1572 1120 1667 1155 λόγους
1680 1120 1846 1156 συνέγραψε.

1060 1167 1097 1194 Τὸ
1120 1167 1169 1202 μὲν
1193 1168 1248 1203 γὰρ
1265 1167 1413 1203 μαγείρους
1432 1167 1489 1202 ('22)
1514 1167 1561 1194 καὶ
1577 1169 1687 1201 κουρεῖς
1709 1166 1845 1197 ἐκϐαλεῖν,

1059 1213 1204 1248 φιλοσόφου
1219 1213 1299 1248 ἔργον
1310 1233 1318 1245 ,
1332 1213 1363 1239 οὺ
1378 1212 1432 1248 μὴν
1454 1212 1595 1245 βασιλέως.
1610 1212 1647 1239 Τὸ
1665 1212 1694 1238 δὲ
1709 1211 1846 1246 διασύρειν

1058 1258 1076 1293 ἢ
1094 1257 1238 1290 σκώπτειν,
1252 1257 1346 1284 οὐκέτι
1361 1257 1505 1292 φιλοσόφου
1519 1276 1526 1289 ,
1543 1256 1611 1283 ἀλλὰ
1622 1256 1675 1291 μὴν
1691 1255 1754 1283 οὐδὲ
1770 1255 1845 1290 βασι-

1058 1303 1137 1334 λέως.
1159 1303 1320 1339 ’Δμφότεροι
1341 1303 1395 1338 γὰρ
1419 1304 1509 1330 πᾶσαν
1525 1302 1657 1338 λοιδορίαν
1671 1301 1718 1328 καὶ
1744 1301 1844 1336 ﬂaua.

1058 1350 1118 1377 νίαν
1133 1350 1347 1385 ὑπερὸεὸήκασι.
1361 1349 1470 1376 Βασιλεῖ
1485 1349 1534 1384 μὲν
1551 1348 1605 1384 γὰρ
1620 1347 1723 1380 ἐξέστω
1742 1348 1846 1382 φιλοσο-

1058 1395 1137 1429 φεῖν,
1154 1395 1204 1422 ὅσα
1224 1395 1293 1430 πρὸς
1315 1395 1491 1430 σωφροσύνην
1508 1395 1558 1430 ὁρᾷ
1569 1403 1577 1410 ·
1591 1394 1736 1428 φιλόσοφος
1757 1394 1786 1421 δὲ
1797 1414 1805 1426 ,
1822 1394 1844 1419 εί

1058 1439 1146 1465 πάντα
1171 1439 1225 1465 τῶν
1249 1439 1380 1474 βασιλέων
1406 1440 1576 1474 μιμήσαιτο,
1605 1439 1775 1466 διαπεσεῖται
1800 1437 1843 1464 τοῦ

216 1482 316 1520 omnes
335 1477 382 1511 qui
398 1477 498 1512 ubique
513 1484 593 1507 erant
612 1480 784 1515 philosophi,
808 1481 958 1515 gestientes
975 1482 1004 1510 in

1063 1484 1170 1511 σκοποῦ.
1192 1485 1261 1519 Περὶ
1277 1485 1325 1519 μὲν
1343 1485 1374 1520 δὴ
1400 1484 1543 1511 Ἰουλιανοῦ
1561 1483 1609 1511 τοῦ
1633 1484 1786 1519 βασιλέως,
1799 1483 1844 1517 γέ-

218 1519 351 1554 palatium
371 1521 550 1550 conﬂuebant
563 1531 570 1550 :
585 1523 632 1558 qui
647 1524 760 1558 pallium
776 1527 925 1559 gestantes,
946 1527 1005 1560 ple-

1063 1538 1119 1561 νους
1132 1539 1162 1557 τε
1181 1530 1264 1557 αὑτοῦ
1283 1531 1331 1557 καὶ
1346 1530 1512 1561 παιδεύσεως
1527 1530 1575 1556 καὶ
1591 1530 1672 1565 ἤθους
1682 1550 1690 1562 ,
1706 1530 1755 1556 καὶ
1774 1529 1844 1560 ὅπως

218 1565 298 1599 rique
318 1565 413 1594 habitu
440 1568 528 1603 magis
546 1575 628 1602 quam
650 1568 778 1596 doctrina
793 1570 1006 1605 conspicieban-

1063 1574 1105 1601 ἐπὶ
1116 1574 1165 1609 τὴν
1181 1574 1319 1610 βασιλείαν
1330 1575 1478 1610 παρῆλθεν,
1490 1563 1608 1602 τοσαῦτα
1621 1575 1659 1606 ὡς
1670 1574 1699 1600 ἐν
1712 1573 1842 1609 ἐπιδρομῇ

217 1610 383 1639 tur.Graves
391 1619 473 1646 porro
483 1620 515 1641 ac
523 1613 632 1641 molesti
639 1621 734 1642 omnes
743 1621 821 1642 erant
828 1615 1005 1650 Christianis,
1060 1620 1191 1655 εἰρήσθω.

217 1659 312 1702 utpote
333 1656 509 1692 impostores.
531 1663 560 1686 et
585 1659 632 1694 qui
649 1659 823 1694 imperatoris
845 1661 1004 1697 religionem
1024 1669 1158 1700 perpetuo
1172 1667 1416 1702 amplecterentur.
1433 1667 1568 1695 Caeterum
1599 1674 1664 1695 cum
1696 1666 1844 1702 imperator

221 1701 315 1728 inanis
330 1701 425 1748 gloria:
437 1703 533 1748 morbo
566 1711 648 1739 supra
672 1705 782 1732 modum
813 1705 961 1740 laboraret,
983 1714 1099 1738 cunctos
1121 1715 1186 1739 ante
1203 1719 1233 1739 se
1258 1712 1439 1748 imperatores
1464 1713 1627 1748 perstrinxit
1645 1713 1674 1740 in
1698 1701 1745 1739 eo,
1766 1712 1845 1741 libro.

216 1750 300 1778 quem
332 1747 475 1782 inscripsit
498 1747 628 1776 Cmam.
661 1748 763 1777 Eodem
791 1750 877 1778 animi
907 1753 1005 1780 morbo
1039 1754 1187 1790 impulsus,
1211 1747 1308 1784 contra
1338 1747 1513 1785 Christianos
1552 1758 1634 1785 etiam
1660 1757 1786 1792 scripsit.
1815 1756 1844 1783 Et

217 1792 329 1826 quidem
350 1792 422 1827 quod
442 1799 548 1828 coquos
564 1801 596 1821 ac
614 1797 742 1822 tonsores
762 1803 796 1822 ex
822 1796 922 1830 palatio
950 1797 1042 1832 cjecit,
1060 1800 1220 1835 philosophi
1244 1802 1271 1828 id
1299 1810 1369 1837 opus
1394 1802 1459 1836 fuit,
1481 1810 1535 1830 non
1559 1802 1746 1837 imperatoris.
1767 1802 1842 1835 Quod

221 1845 287 1865 vero
302 1837 441 1865 infamare
459 1838 530 1866 alios
544 1846 576 1866 ac
591 1840 700 1874 probris
716 1841 855 1869 incessere
873 1842 1008 1877 instituit,
1028 1852 1083 1872 non
1117 1847 1196 1882 173
1212 1847 1268 1882 jam
1291 1848 1461 1884 philosophi,
1487 1849 1535 1876 sed
1557 1855 1648 1882 neque
1671 1849 1842 1883 imperatoris

216 1882 290 1910 istud
313 1882 374 1929 iuit.
397 1882 514 1918 Utrique
535 1884 608 1911 enim
626 1885 743 1913 istorum
759 1886 794 1913 ab
816 1887 891 1914 omni
908 1888 1110 1918 obtrectatione
1126 1895 1153 1918 et
1173 1892 1276 1921 invidia
1294 1882 1360 1921 sunt
1394 1882 1489 1922 alieni.
1523 1894 1557 1922 Et
1590 1882 1752 1929 imperatori
1785 1894 1841 1928 qui-

216 1928 278 1954 dem
299 1927 488 1963 philosophari
520 1929 593 1962 licet,
617 1930 646 1957 in
673 1931 714 1958 eis
744 1935 852 1958 tantum
881 1940 943 1967 qua:
968 1933 1002 1961 ad
1022 1935 1188 1964 modestiam
1217 1946 1249 1965 ac
1274 1939 1484 1974 temperantiam
1525 1927 1681 1974 pertinent;
1724 1927 1841 1974 philoso-

217 1974 288 2009 phus
301 1982 368 2001 vero
384 1974 408 2002 si
416 1979 516 2002 cuncta
531 1983 592 2011 quae
608 1976 783 2010 imperatoris
796 1979 910 2013 propria
924 1983 1001 2012 sunt,
1021 1981 1126 2009 imitari
1143 1983 1272 2018 voluerit,
1290 1991 1306 2012 a
1316 1992 1400 2020 scopo
1415 1985 1565 2012 aberrabit.
1580 1984 1633 2012 Sed
1665 1984 1700 2012 de
1725 1984 1839 2012 Julianov

216 2020 305 2055 deque
325 2020 386 2055 ejus
409 2029 519 2056 genere,
547 2026 575 2050 et
596 2023 768 2052 institutione
798 2030 882 2060 atque
903 2026 1010 2060 indole,
1049 2028 1170 2065 denique
1201 2038 1255 2066 qua
1285 2032 1394 2059 ratione
1425 2031 1460 2058 ad
1487 2031 1634 2066 imperium
1661 2031 1836 2066 pervenerit,

217 2067 334 2095 strictim
352 2067 410 2095 haec
429 2068 504 2095 dicta
519 2068 584 2096 sint.

532 2116 607 2144 CAP.
632 2116 666 2144 ll.

1358 2121 1483 2148 ΚΕΦΛΛ.
1509 2121 1547 2148 B’.

218 2159 255 2187 De
271 2159 398 2188 seditione
409 2165 470 2188 orla
480 2161 661 2201 Aleasarrdriw,
673 2167 698 2190 et
709 2165 838 2198 quomodo
851 2165 1004 2200 interfectus

1063 2166 1128 2201 Περὶ
1145 2165 1200 2201 τῆς
1222 2167 1258 2193 ἐν
1280 2166 1489 2200 Ἀλεξανδρείᾳ
1513 2165 1677 2201 γενομένης
1698 2167 1838 2200 στάσεως,

513 2197 549 2223 sit
566 2196 704 2232 Georgius.
714 2196 720 2198 ⁷
920 2196 926 2200 ”

1096 2196 1106 2201 ⁷
1173 2196 1196 2201 υ
1225 2201 1275 2228 καὶ
1289 2196 1369 2234 ὅπως
1388 2196 1533 2236 ι’ἑώργιοζ·
1544 2196 1684 2235 άνᾷιρέσὴ.

251 2238 331 2266 Nunc
358 2243 529 2268 transeamus
553 2241 587 2268 ad
615 2248 648 2268 ea
673 2245 912 2272 commemoranda
944 2254 1004 2281 qua:

1092 2245 1174 2278 Αὖθις
1190 2247 1219 2273 δὲ
1235 2247 1289 2273 τῶν
1303 2247 1367 2282 περὶ
1385 2247 1435 2278 τὰς
1462 2246 1624 2282 Ἐκκλησίας
1641 2246 1694 2273 ὑπὸ
1706 2246 1754 2273 τδν
1767 2247 1839 2274 αὐτὸν

217 2293 265 2320 per
277 2285 348 2313 idem
361 2289 468 2321 tempus
483 2286 512 2314 in
525 2286 653 2316 Ecclesiis
677 2291 753 2323 gesta
774 2292 848 2316 sunt.
866 2289 953 2325 Igitur
977 2291 1004 2318 in

1063 2291 1209 2326 γενομένων
1221 2291 1316 2327 χρόνον
1337 2291 1446 2327 μνήμην
1460 2290 1620 2326 ποιούμεθα.
1643 2291 1725 2318 Κατὰ
1738 2291 1788 2327 τὴν
1799 2300 1838 2326 με·

798 2365 933 2393 V'ALESll
950 2366 1231 2395 ANNOTATIONES.

217 2420 257 2454 τις
267 2410 434 2454 πεντήκοντα
445 2411 491 2438 τὸν
503 2411 617 2453 ἀριθμὸν
631 2410 746 2454 ἀνδρῶν,
755 2412 780 2440 οἳ
793 2414 1004 2454 φρουμεντάριοι
1020 2417 1041 2444 [)
1055 2412 1125 2441 εἶναι
1139 2415 1214 2454 δοκεῖ
1227 2414 1486 2454 τοὺςηῦποζυιγίους-
1495 2415 1604 2446 ῑππους,
1619 2414 1689 2454 ᾇπερ
1709 2415 1783 2454 ἐστίν

216 2447 262 2474 καὶ
275 2445 402 2492 κοριώροι
413 2445 673 2492 1προρτνιγοριὶύονττοι
674 2445 736 2491 οἷον,
743 2445 857 2492 ,σιτῷναι
867 2445 1002 2492 καὶιπερρ
1055 2449 1152 2492 κεινντὸ
1165 2449 1256 2484 ὄχημα
1266 2459 1273 2465 ·
1281 2445 1565 2492 ﬁatﬁat-famaene:
1577 2445 1730 2485 γράφοντες
1742 2450 1776 2492 ’τὸ
1787 2449 1835 2492 pel:

215 2490 292 2516 εργοι
301 2490 308 2496 ο
323 2481 370 2507 καὶ
396 2482 421 2507 οι
453 2481 502 2514 μὲν
518 2481 629 2507 σιτῶναι
643 2482 692 2516 τῆς
711 2482 837 2516 εὐθηνίας
851 2483 906 2522 τῷν
918 2483 948 2509 ἐν
962 2481 1002 2524 τῷ
1054 2484 1101 2515 δας
1111 2481 1197 2519 ὄνομᾶ
1248 2483 1294 2511 τοῦ
1303 2484 1402 2527 ῥαδίως
1412 2481 1604 2520 ἐπιῤῥήματος
1616 2481 1834 2519 παρηγμένον-οὶ

215 2516 339 2554 παλατίῳ
363 2516 576 2554 αντείχοντο-οοὶ
654 2517 794 2554 περίεργοι
817 2518 931 2554 ήγουντο
946 2527 1002 2554 του
1055 2519 1109 2554 γὰρ
1130 2519 1269 2553 βεραίδους
1291 2528 1354 2551 τους
1377 2519 1471 2554 ῥαίδας
1493 2519 1572 2551 ἐκτὸς
1595 2518 1722 2553 λέγοντες
1746 2519 1834 2554 σφόδρα

215 2525 339 2550 παλατιῳ
363 2525 517 2550 αντειχοντο
532 2525 576 2542 ὀι
598 2525 626 2542 οε
654 2525 794 2552 περιεργοι
817 2525 931 2552 ηγουντο
955 2527 1002 2544 του
1055 2525 1109 2554 γαρ
1130 2525 1269 2553 βεραίσους
1291 2525 1354 2551 τους
1377 2525 1471 2554 ραιοας
1493 2525 1572 2551 ἐκτὸς
1596 2525 1722 2553 Λεγοντες

215 2549 1003 2594 δῑλμοεέφβρσμφξγἐλιῖιδφυὶέερεοςὲκημξτικάςςκλάξον
1056 2554 1221 2594 clavsae-
1253 2588 1258 2594 .
1319 2588 1325 2594 .
1448 2588 1454 2594 .
1558 2587 1582 2594 ..
1602 2588 1618 2594 ..
1720 2588 1727 2594 .

215 2584 273 2625 γὰρ
282 2584 329 2625 τὸν
339 2584 418 2625 οτᾳκα
432 2584 559 2625 καλρῦσῆιν
570 2593 576 2600 ·
591 2584 768 2625 βέλοξηόξῦςςέ
777 2586 806 2618 ὃς
819 2587 865 2625 καὶ
873 2587 1003 2625 Βεραιδα-
1086 2588 1147 2625 βξ)
1170 2589 1215 2625 Td?
1223 2588 1281 2625 μὲν
1295 2588 1350 2625 rep
1366 2588 1537 2623 μαγείρους.
1558 2587 1648 2615 Malim
1671 2588 1792 2616 scribere
1810 2588 1833 2614 τὸ

218 2619 294 2655 ρικὸς
321 2619 380 2646 ἐστὶ
397 2619 445 2647 καὶ
464 2619 512 2648 νῦν
531 2619 639 2654 λέγεται
657 2629 664 2636 ·
677 2620 817 2656 βεραίδους
834 2622 863 2649 δέ
894 2619 1004 2654 Ἰταλοῖς
1058 2619 1160 2659 μέντοι,
1176 2619 1263 2650 νθΓτὺ
1279 2619 1389 2658 μέν’γέ.

915 2696 1106 2727 VARIORUM.

255 2742 523 2782 ιξ-Διανυφιτερεύων
540 2743 650 2782 ,ζόῃ-ους
660 2742 839 2782 συνέγραφε.
854 2742 1005 2782 _Oraliones

1063 2754 1084 2772 in
1107 2745 1214 2782 funebri
1234 2746 1316 2780 hujus
1335 2746 1508 2782 imperatoris
1525 2745 1696 2777 laudatione,
1720 2747 1830 2774 nomina-

218 2778 328 2816 quidcm
348 2781 412 2816 ante
427 2782 452 2805 et
470 2778 692 2816 post_im‘pcrium
711 2778 746 2816 ab
761 2786 793 2805 co
808 2778 935 2816 scriptas,
950 2786 1005 2812 quo
1059 2781 1105 2808 tim
1126 2781 1195 2808 duas
1212 2778 1298 2816 tangit
1311 2778 1536 2815 cjns'orationes,
1552 2789 1622 2816 quas
1637 2782 1684 2809 ille
1701 2790 1753 2809 una
1765 2786 1830 2810 nocte

219 2813 329 2839 nomine
343 2812 448 2851 πατέρα
463 2812 567 2839 πολλῶν
583 2813 680 2846 λόγων,
691 2813 838 2851 ῃιιιίιονμηι
853 2813 1005 2851 orationum

1063 2815 1181 2851 singulas
1197 2812 1370 2851 conscripsit.

221 2853 321 2879 palrcm
336 2848 458 2875 eumdem
473 2851 562 2880 vocat,
580 2849 662 2875 tradit
674 2848 773 2875 alicubi
792 2847 921 2874 Libanius
937 2856 944 2875 :
959 2848 1006 2883 qui
