1891 3068
46 129 93 159 5δὸ

524 125 689 155 HISTORIA
701 125 983 155 ECCLESIASTICA.
1001 141 1036 148 —
1055 125 1120 154 LIB.
1141 125 1184 154 Ill.

1628 123 1682 152 386

44 180 270 218 πολιτικώτερον,
298 182 364 210 ἀλλὰ
385 182 423 218 μὴ
448 182 686 218 τυραννικώτερον.
701 183 837 219 πόρρωθεν

926 184 1083 211 instantium
1121 183 1290 211 formidaret.
1325 179 1435 209 Scilicet
1468 180 1619 208 modestius
1649 188 1682 207 ac

43 227 241 264 προσεφέρετο.
257 228 366 255 Τούτων
376 226 422 255 οὗν
430 229 522 256 ἕνεκεν
535 228 706 265 ὀργιζόμενοι
715 229 754 264 τῷ
764 229 841 260 Θεοῖς

43 274 129 309 ἐχθρῷ
147 274 288 311 Γεωργίῳ
301 295 310 308 ,
338 275 387 310 τὴν
412 275 489 311 ἱερὰν
511 273 589 307 αὖθις
605 275 736 311 ἐμιάνατε
752 275 838 308 πόλιν,

44 318 99 350 ὲξδν
115 318 286 345 ὑποϐάλλειν
302 319 384 346 αὑτὸν
407 321 468 351 ταῖς
492 319 546 346 τῶν
569 320 703 346 δικαστῶν
730 319 838 358 ψήφοις.

45 362 119 390 Οὕτω
143 363 199 399 γὰρ
222 364 330 396 ἐγίνετο
348 364 381 390 ἂν
402 364 433 390 οὐ
451 364 540 398 φόνος,
565 364 627 390 οὐδὲ
644 365 799 400 παρανομία
810 365 840 391 τὸ

46 409 158 443 πρᾶγμα
172 416 179 423 ·
205 408 272 444 δίκη
285 408 314 434 δὲ
327 407 459 444 ἐμμελὴς,
476 409 548 443 ὑμᾶς
566 408 614 443 μὲν
627 408 731 439 ἁθώους
750 409 839 444 πάντη

45 455 226 488 φυλάττουσα,
255 455 447 490 τιμωρουμένη
473 455 522 490 μὲν
535 455 581 481 τὸν
598 455 695 482 ἀνίατα
707 455 836 490 δυσσεϐῆ-

46 507 140 529 σαντα,
166 499 378 534 σωφρονίζουσα
401 499 429 526 δὲ
452 499 514 530 τοὺς
525 499 619 531 ἄλλους
640 500 760 532 πάντας,
783 496 840 526 ὅσοι

44 544 94 570 τῶν
114 542 185 570 Θεῶν
211 543 393 579 ὀλιγωροῦσι,
427 544 475 571 καὶ
501 545 612 580 προσέτι
638 546 687 577 τὰς
713 545 840 577 τοιαύτας

46 588 133 620 πόλεις
146 589 272 621 καὶτοὺς
283 589 431 622 ἀνθοῦντας
445 590 557 625 δήμους,
573 591 602 618 ἐν
610 591 697 617 οὐδενὶ
707 591 838 618 τίθενται·

45 634 95 661 τῶν
109 634 214 661 ἑαυτῶν
236 634 266 661 δὲ
286 635 426 663 ποιοῦνται
449 636 586 671 πάρεργον
609 635 767 668 δυναστείας
791 637 840 672 τὴν

46 679 102 706 κατ’
109 679 223 706 ἐκείνων
232 679 372 714 ὠμότητα.
383 679 574 714 Παραϐάλλετε
582 680 670 707 τοίνυν
677 680 778 715 ταύτην
787 689 839 715 μου

46 723 90 758 τὴν
99 722 260 758 επιστολὴν,
305 723 396 758 μικρῷ
407 722 502 759 πρώην
515 723 659 750 ἐπέστειλα
671 724 736 759 (28)·
748 724 795 751 καὶ
809 725 839 750 τδ

47 768 167 804 διάφορον
183 769 393 804 κατανοήσατε.
421 770 521 801 πόσους
544 769 592 806 μὲν
612 769 689 805 ὑμῶν
709 771 839 802 ἐπαίνους

47 814 158 849 ἔγραφον
172 814 246 840 τότε.
261 815 331 841 Νυνὶ
344 815 384 848 δὲ,
400 815 438 850 μὰ
452 816 514 847 τοὺς
530 816 617 848 θεοὺς,
635 815 749 850 ὀφείλων
766 816 838 851 ὑμᾶς

49 860 178 892 ἐπαινεῖν,
202 860 234 887 οὐ
255 860 375 895 δύναμαι
397 861 442 887 διὰ
465 861 515 896 τὴν
535 860 719 897 παρανομίαν.
744 861 838 897 Τολμᾷ
854 854 875 883 Β

48 905 125 940 δῆμος
139 905 237 941 ὥσπερ
253 907 279 932 οἱ
304 906 395 938 κύνες,
412 906 555 942 ἄνθρωπον
568 907 744 942 σπαράττειν.
770 905 838 933 Εἶτα

49 952 94 978 οὐκ
108 951 268 986 αἰσχύνεται
281 952 328 978 καὶ
343 951 486 986 φυλάττειν
501 951 557 987 (29)
579 951 702 988 καθαρὰς
716 953 766 985 τὰς
782 954 839 987 χεῖ-

49 1005 95 1033 ρας
110 996 146 1028 ῶς
161 997 315 1033 προσάγειν
340 996 409 1032 πρὸς
430 997 496 1029 τοὺς
512 997 605 1030 Θεοὺς,
632 997 748 1033 αἵματος
773 997 838 1024 καθ-

49 1042 202 1077 αρευούσας.
242 1042 325 1068 Ἀλλὰ
345 1041 481 1077 Γεώργιος
499 1041 574 1074 ἄξιος
597 1035 633 1078 ἦν
659 1042 705 1070 τοῦ
727 1043 840 1070 τοιαῦτα

50 1088 150 1115 παθεῖν.
163 1087 220 1114 Καὶ
231 1087 335 1115 τούτων
354 1088 420 1120 ἴσως
441 1087 497 1122 ἑγὼ
521 1088 602 1123 φαίην
615 1088 648 1115 ἂν
663 1088 773 1124 χείρονα
792 1089 841 1116 καὶ

51 1135 204 1170 πικρότερα.
233 1134 291 1162 Καὶ
315 1134 348 1161 δι’
364 1135 437 1169 ὑμᾶς
450 1135 536 1170 ἐρεῖτε
549 1135 622 1169 (50)·
646 1135 773 1171 σύμφημι
792 1135 840 1162 καὶ

51 1181 125 1212 αὐτός
135 1189 141 1196 ·
166 1181 234 1216 παρ’
249 1180 328 1216 ὑμῶν
342 1180 371 1207 δὲ
386 1181 410 1207 ει
429 1181 534 1215 λέγοιτο
546 1181 642 1215 τοῦτο,
668 1182 760 1209 οὐκέτι
774 1191 839 1217 our-

52 1226 136 1262 χωρῶ.
147 1226 236 1262 Νόμοι
254 1226 310 1261 γὰρ
330 1226 394 1261 ὑμῖν
413 1226 481 1252 εἰσιν
491 1245 499 1258 ,
523 1225 570 1257 οὓς
580 1226 632 1261 χρὴ
644 1225 776 1261 τιμᾶσθαι
787 1226 839 1261 μά-

52 1273 122 1300 λιστα
139 1273 188 1307 μὲν
210 1273 267 1299 ὑπὸ
291 1272 399 1299 πάντων
420 1272 473 1307 ἰδίᾳ
497 1272 544 1298 καὶ
557 1271 731 1308 στέργεσθαι.
765 1272 839 1308 Πλὴν

53 1319 138 1355 ὲπειδὴ
153 1318 301 1354 ωμὸαίνει
311 1318 364 1344 τῶν
375 1317 437 1345 καθ’
449 1317 564 1345 ἕκαστόν
574 1326 650 1349 τινας
658 1319 837 1353 παρανομεῖν,

53 1366 114 1393 ἀλλὰ
126 1366 160 1393 τὰ
178 1365 256 1393 κοινὰ
269 1365 335 1400 γοῦν
344 1364 520 1400 εὐνομεῖσθαι
532 1365 598 1400 χρὴ,
614 1365 662 1391 καὶ
680 1364 839 1400 πειθαρχεῖν

53 1414 103 1444 τοῖς
120 1412 211 1448 νόμοις
239 1412 331 1447 ὑμᾶς,
359 1410 462 1447 καὶμὴ
488 1410 667 1446 παραϐαίνειν
681 1411 786 1445 ὅσαπερ
810 1411 839 1444 ἐξ

53 1459 134 1494 ἀρχῆς
158 1457 289 1494 ἐνομίσθη
317 1457 418 1489 καλῶς.
454 1456 604 1492 Εύτύχημα
627 1457 738 1491 γέγονεν
764 1456 838 1491 ὑμῖν,

54 1504 347 1539 ἁνδρεςᾌλεξανδρείς,
361 1503 405 1530 ἐπ’
421 1503 489 1538 ἐμοῦ
516 1502 714 1538 πλημμελῆσαι
733 1501 839 1529 τοιοῦτὸ

54 1558 89 1576 τοι
100 1537 165 1586 πρὸς
178 1550 262 1585 ὑμᾶς,
275 1537 305 1582 δς
318 1549 391 1578 αἰδοῖ
400 1550 432 1584 τῇ
441 1537 516 1584 πρὸς
529 1537 665 1580 τδνΘεὺν,
676 1548 723 1575 καὶ
737 1547 780 1574 διὰ
794 1547 840 1574 τὸν
853 1537 875 1565 c

55 1596 158 1623 πάππον
172 1596 217 1622 τὸν
235 1596 303 1632 ὲμδν
316 1595 363 1622 καὶ¹
378 1594 523 1631 ὁμώνυμον
536 1595 604 1630 (51),
619 1594 648 1626 ὃς
660 1592 743 1630 ἦρξεν
754 1594 841 1629 αὐτῆς

55 1650 82 1668 τε
93 1641 242 1675 Αἰγύπτου,
264 1642 312 1668 καὶ
327 1641 533 1676 τῆςοὺμετέρας
553 1640 675 1672 πόλεως,
694 1639 841 1676 ἀδελφικὴν

57 1686 114 1721 ὑμῖν
127 1686 231 1713 εὔνοιαν
243 1686 389 1718 ἀποσώζω,
408 1686 445 1712 To
456 1685 512 1721 γὰρ
526 1685 576 1721 τῆς
592 1685 716 1718 ἐξουσίας
737 1685 840 1711 ἀκατα-

57 1732 188 1768 φρόνητον,
198 1733 246 1759 καὶ
255 1733 286 1759 τὸ
295 1731 481 1768 ἀπηνέστερον
489 1731 536 1758 καὶ
544 1730 665 1766 καθαρὸν
678 1730 727 1766 τῆς
738 1730 838 1765 ἀρχῆς,

56 1776 144 1804 οὔποτε
157 1778 189 1805 ἂν
200 1778 288 1814 δήμου
301 1777 432 1813 περιιδεῖν
442 1777 570 1812 τόλμημα
579 1775 648 1811 (32),
663 1775 701 1811 μὴ
711 1775 837 1811 καθάπερ

58 1823 154 1859 νόσημα
167 1823 285 1859 χαλεπὸν
296 1843 304 1856 ,
328 1823 483 1860 πικροτέρῳ
503 1822 669 1857 διακαθᾶραι
686 1821 836 1857 φαρμάκῳ.

58 1869 196 1905 Προσφερω
205 1871 233 1897 δὲ
244 1870 301 1905 ἐγὼ
310 1871 384 1906 ὑμῖν,
395 1869 428 1896 δι’
437 1869 526 1905 ἇσπερ
537 1868 649 1902 ἔναγχος
659 1867 728 1903 ἔφην
738 1867 839 1899 αίτίας,

59 1915 85 1941 τὸ
97 1917 326 1951 προσηνέστατον,
357 1916 518 1952 παραίνεσιν
540 1915 588 1941 καὶ
597 1914 702 1948 λόγους.
722 1913 784 1948 Ὑφ’
801 1909 839 1940 ὧν

60 1956 85 1985 εὖ
98 1958 143 1987 οἷδ’
163 1961 202 1988 ὅτι
222 1961 351 1988 πείσεσθε
377 1961 492 1997 μᾶλλον,
519 1960 592 1996 ἥπερ
608 1958 686 1991 ἐστὲ,
713 1958 839 1995 καθάπερ

60 2005 152 2040 ἀκούω,
166 2007 196 2034 τό
207 2016 238 2035 τε
254 2008 368 2044 ἀρχαῖον
387 2007 536 2043 Ἕλληνες,
552 2005 600 2033 καὶ
615 2005 650 2032 τὰ
661 2004 709 2032 νῦν
722 2005 770 2032 ἐπὶ
788 2004 840 2040 τῆς

891 228 1011 262 civilius,
1028 238 1083 257 non
1097 233 1186 258 autent
1203 228 1348 265 tyrannico
1368 235 1443 254 more
1457 235 1519 261 erga
1536 234 1585 254 vos
1602 232 1681 253 antea

891 283 922 303 se
941 280 1074 310 gesserat.
1091 275 1147 302 llas
1165 275 1248 311 igitur
1269 275 1304 301 ob
1329 281 1428 300 causas
1444 272 1574 300 adversus
1597 271 1683 299 Geor-

891 320 965 355 gium
983 320 1037 348 diis
1054 320 1194 348 inimicum
1223 320 1263 346 ira
1294 318 1433 350 succensi,
1458 324 1565 344 sacram
1591 317 1683 343 denuo

891 364 986 391 urbem
998 365 1102 392 srclere
1121 365 1272 400 polluistis,
1297 372 1359 391 cum
1385 363 1508 397 judicum
1538 361 1684 390 sententiis

890 417 953 437 eum
969 410 1105 444 subjicere
1122 410 1226 438 liceret.
1250 409 1307 437 Hoc
1332 410 1404 436 enim
1427 413 1507 444 pacto
1521 416 1571 435 nec
1583 408 1681 440 caedes,

879 463 942 482 .nec
957 455 1089 490 iniquitas
1106 455 1203 482 fuisset
1221 455 1285 487 ulla,
1304 455 1351 482 sed
1374 455 1464 489 potius
1487 454 1611 482 absoluta
1634 452 1682 487 ju-

891 500 964 528 stitia
979 510 985 527 :
1000 508 1060 535 qum
1071 508 1120 528 vos
1135 500 1244 535 quidem
1261 500 1384 527 insontes
1399 507 1431 527 ac
1448 507 1532 534 puros
1548 499 1582 526 ab
1606 498 1681 525 omni

891 547 995 574 scelere
1013 550 1161 577 servasset,
1187 546 1262 573 illum
1278 554 1342 574 vero
1365 547 1411 581 qui
1432 545 1604 581 inexpiabilia
1623 553 1682 572 sce-

889 590 946 621 lera
971 591 1156 622 commiserat,
1178 590 1331 624 puuivissct
1353 599 1360 617 :
1385 598 1445 625 quae
1469 591 1587 624 denique
1612 590 1682 617 alios

889 635 1069 670 repressisset
1088 643 1196 667 omnes,
1214 636 1259 670 qui
1282 636 1347 663 deos
1365 635 1532 663 immortales
1560 641 1682 663 contem-

890 685 970 714 nunt,
1004 685 1151 716 tantasque
1171 681 1254 708 urbes
1276 685 1303 708 et
1328 680 1457 708 ﬂorentes
1481 681 1597 715 populos
1630 688 1682 715 pro

891 726 976 759 nihilo
990 726 1102 762 habent,
1115 729 1143 753 et
1156 726 1347 754 crudelitatem
1361 732 1414 760 qua
1433 726 1459 752 in
1475 725 1536 752 illos
1552 725 1680 758 saeviunt,

889 772 965 799 velut
991 771 1084 798 ludum
1105 771 1251 806 quemdam
1270 771 1398 806 potentiae
1412 779 1469 798 sua:
1489 778 1551 798 esse
1566 771 1680 798 ducunt.

890 818 1018 846 Conferte
1035 818 1118 853 igitur
1131 818 1201 845 hanc
1212 818 1355 852 epistolam
1366 824 1454 844 meam
1464 824 1525 844 cum
1539 817 1583 843 illa
1599 824 1681 851 quain

890 865 971 899 paulo
985 868 1049 891 ante
1064 864 1099 891 ad
1114 871 1162 891 vos
1177 864 1250 895 misi,
1263 867 1290 891 et
1301 867 1434 898 quantum
1451 863 1522 889 inter
1535 869 1582 889 eas
1595 862 1682 890 inter-

890 913 937 944 sit;
951 912 1134 940 considerate.
1151 911 1268 945 Quantis
1279 919 1327 939 vos
1345 911 1473 939 laudibus
1488 915 1553 938 tunc
1565 909 1680 937 ornavi!

888 956 967 983 Nunc
980 963 1053 988 vero,
1069 964 1118 991 per
1132 957 1200 983 deos
1225 956 1407 987 immortales,
1422 963 1485 983 cum
1503 962 1552 982 vos
1569 954 1683 982 laudare

888 1001 1027 1034 deberem,
1043 1002 1079 1029 ob
1095 1001 1260 1037 gravitatem
1278 1001 1390 1028 admissi
1407 1000 1538 1028 facinoris
1549 999 1577 1027 id
1594 999 1685 1027 facere

889 1055 945 1074 non
960 1054 1084 1081 possum.
1115 1046 1204 1074 Audet
1222 1046 1339 1081 populus
1362 1046 1449 1074 instar
1475 1052 1574 1074 canum
1592 1044 1683 1074 homi-

889 1099 952 1120 nem
969 1091 1137 1126 discerpere.
1164 1091 1219 1119 Nec
1235 1091 1357 1126 posthaec
1374 1091 1478 1126 pudore
1499 1090 1616 1117 afﬁcitur
1632 1099 1638 1117 :
1656 1093 1685 1117 et

892 1145 991 1166 manus
1005 1138 1084 1172 quasi
1111 1146 1195 1173 puras
1213 1142 1316 1170 servat,
1341 1141 1372 1164 ut
1396 1144 1443 1164 eas
1466 1137 1500 1164 ab
1516 1136 1591 1164 omni
1609 1136 1684 1165 cado

889 1185 1012 1220 integras
1026 1184 1060 1211 ad
1075 1184 1141 1212 deos
1165 1183 1268 1212 tendat.
1283 1184 1392 1211 Atenim
1407 1183 1507 1218 dignus
1523 1186 1582 1210 erat
1597 1182 1684 1210 Geor-

890 1231 952 1266 gius
965 1231 1012 1266 qui
1027 1230 1093 1258 talia
1113 1234 1265 1265 pateretur.
1280 1229 1349 1262 lmo,
1366 1229 1464 1261 fateor,
1495 1228 1537 1256 his
1565 1229 1684 1257 fortasse

889 1278 1016 1313 graviora
1037 1280 1065 1305 et
1080 1277 1234 1304 acerbiora.
1251 1276 1291 1303 Ac
1304 1276 1328 1304 si
1340 1278 1452 1311 propter
1462 1282 1509 1302 vos
1523 1275 1588 1302 illud
1606 1283 1683 1303 com-

889 1324 1027 1351 meruisse
1042 1323 1179 1356 dixeritis,
1195 1322 1322 1358 equidem
1349 1321 1428 1349 vobis
1451 1322 1603 1355 assentiar;
1633 1322 1683 1350 sed

891 1367 916 1396 si
934 1367 1062 1401 addatur,
1084 1375 1098 1394 a
1118 1368 1196 1395 vobis
1214 1367 1288 1395 istud
1311 1368 1364 1402 pati
1380 1367 1518 1400 debuisse,
1533 1367 1559 1394 id
1579 1375 1684 1403 nequa-

890 1422 972 1450 quam
988 1415 1121 1443 concedo.
1140 1414 1211 1442 Sunt
1221 1414 1294 1442 enim
1312 1414 1391 1441 vobis
1411 1414 1486 1449 leges
1499 1422 1561 1449 quso
1571 1413 1607 1441 ab
1624 1421 1684 1441 om-

891 1461 971 1489 nibus
985 1461 1112 1496 privatim
1125 1468 1157 1488 ac
1176 1460 1286 1496 publice
1296 1460 1350 1488 coli
1373 1460 1455 1495 atque
1479 1459 1620 1487 observari
1634 1459 1682 1487 de-

890 1507 966 1535 bent.
981 1507 1060 1540 Quod
1074 1507 1098 1535 si
1110 1507 1267 1543 contigerit,
1281 1511 1312 1535 ut
1323 1514 1362 1535 ea
1376 1513 1390 1533 a
1400 1506 1513 1542 privatis
1523 1506 1682 1534 hominibus

891 1554 1038 1587 violentur,
1054 1554 1290 1589 atrempublicam
1306 1554 1387 1581 bonis
1408 1552 1514 1589 legibus
1535 1553 1683 1587 gubernari

891 1603 1009 1634 oportet,
1026 1607 1131 1634 vosque
1145 1600 1200 1627 illis
1213 1600 1405 1634 obtemperare
1419 1599 1509 1630 decet,
1526 1606 1578 1626 nec
1595 1603 1684 1626 trans-

891 1645 968 1679 gredi
986 1652 1018 1673 ea
1031 1653 1093 1679 qua:
1114 1646 1148 1673 ab
1177 1645 1257 1673 initio
1281 1645 1412 1680 praeclare
1433 1648 1499 1671 sunt
1518 1644 1682 1671 constituta.

891 1688 1020 1717 Feliciter
1031 1689 1144 1717 omnino
1158 1690 1184 1717 id
1199 1689 1277 1717 vobis
1297 1690 1391 1721 cessit,
1403 1689 1476 1716 cives
1491 1688 1681 1722 Alexandrini,

891 1733 964 1770 quod
981 1742 1024 1762 me
1045 1738 1176 1770 regnante
1195 1734 1353 1769 huiusmodi
1373 1733 1481 1761 facinus
1510 1732 1680 1765 admisistis;

890 1780 1008 1815 quitum
1017 1780 1059 1807 ob
1075 1780 1255 1807 reverentiam
1273 1786 1338 1814 erga
1361 1778 1458 1811 Deum,
1486 1783 1541 1806 tum
1566 1782 1680 1814 propter

890 1832 972 1853 avum
995 1832 1097 1857 meum,
1113 1828 1141 1852 et
1154 1825 1319 1852 avunculum
1335 1825 1401 1852 mihi
1416 1824 1618 1860 cognominem,
1633 1824 1682 1860 qui

891 1870 1050 1898 universam
1061 1868 1211 1905 Egyptum
1229 1873 1256 1897 et
1270 1869 1406 1896 civitatem
1428 1872 1548 1897 vestram
1566 1868 1683 1896 admini-

891 1916 998 1949 stravit,
1017 1915 1167 1943 fraternam
1196 1922 1260 1951 erga
1278 1922 1328 1943 vos
1352 1915 1513 1943 cbaritatem
1534 1922 1680 1943 conservo.

890 1960 972 1989 Certe
990 1965 1112 1996 potestas
1128 1968 1189 1997 qua:
1203 1960 1340 1989 contemni
1357 1967 1388 1988 se
1400 1968 1454 1988 non
1471 1960 1583 1995 patitur,
1596 1964 1623 1987 et
1636 1967 1682 1988 so-

890 2013 973 2035 verus
995 2007 1076 2043 176
1096 2011 1179 2043 atque
1196 2007 1304 2043 integer
1323 2007 1512 2043 principatus,
1538 2012 1681 2041 nunquam

629 2098 765 2127 VALESll
783 2097 1063 2127 ANNOTATIUNES.

62 2177 193 2206 librorum.
226 2179 330 2208 Deinde
348 2178 421 2214 quod
442 2177 594 2206 Artemium
610 2176 836 2214 ducemrdigypti

62 2217 172 2250 excusat,
189 2213 400 2250 perinderquasi
414 2213 591 2250 illerciviliter
606 2213 794 2250 aemoderate
808 2219 838 2239 se

63 2249 178 2293 gsssisset
190 2247 270 2290 initio
285 2247 534 2293 adtiiinistratiqnis
551 2255 617 2275 suae.
631 2247 710 2280 Quod
727 2247 838 2293 quidem
855 2265 877 2293 Β

64 2282 279 2312 absurdissimum
296 2288 382 2316 esset,
409 2284 432 2312 si
446 2283 573 2311 Julianus
595 2290 659 2310 eum
674 2286 836 2314 excusaret,

64 2324 134 2350 quem
147 2321 222 2353 quasi
238 2320 351 2347 noxium
367 2319 456 2346 occidi
467 2319 599 2353 jusserat.
620 2317 650 2344 Si
669 2317 733 2351 quis
753 2317 838 2351 igitur

64 2353 203 2389 versionem
217 2359 342 2382 nostram
359 2354 437 2389 sequi
465 2353 604 2384 maluerit,
626 2353 837 2389 punica_ta_ntum

66 2388 183 2425 particula
198 2390 349 2425 supplenda
366 2386 408 2417 esi
421 2389 473 2416 hoc
486 2389 568 2415 modo
584 2397 602 2425 :_
625 2386 690 2425 icui;
711 2387 740 2413 δὲ
749 2386 838 2425 Γεώρ-

64 2429 114 2454 γιον
128 2421 240 2458 μᾶλλον(
252 2421 285 2452 τοι
306 2429 414 2456 caetera,
430 2427 460 2450 ut
479 2431 573 2458 supra.
586 2421 714 2449 Petavius
730 2429 794 2449 vero
804 2421 836 2458 in

66 2452 173 2494 notis'ad
191 2452 335 2494 epistolam
359 2452 433 2486 illam
453 2452 568 2494 Julizini,
586 2465 621 2494 ex_
633 2457 837 2494 sc_riptis_cod_i-

66 2492 134 2538 cibus
148 2491 225 2521 aliam
246 2496 351 2538 profert
367 2493 589 2522 emendationem
615 2491 786 2527 hujusmodi,
807 2491 838 2524 ὃς

66 2527 136 2564 αὐτον
150 2527 364 2564 παρεφύλαττεν,
380 2533 434 2556 etc.

96 2562 145 2598 (28)
159 2561 212 2590 Ἦν
220 2561 316 2599 μικρῷ
331 2564 435 2599 πρώην
446 2563 617 2591 ἐπέστειλα.
638 2561 731 2599 Magis,
748 2562 839 2599 placet

68 2594 146 2628 ιείέιὶολ
163 2594 241 2633 quam
257 2594 283 2633 in
300 2594 563 2627 codiceFlorentino
576 2602 602 2625 et
613 2594 838 2633 apud'Nic'epltm

68 2632 229 2671 τυεπὲὲιιῖεηὲς
247 2632 263 2671 ᾗ
283 2634 373 2671 μικρῷ
389 2633 483 2671 πρώην
499 2632 655 2671 ἐπέφερε.-

99 2666 148 2704 (ἓθ)
166 2669 217 2695 Καὶ
232 2666 450 2704 ερὺλάτῖτέινίιιι
461 2666 585 2704 epistolis
598 2667 699 2694 Juliani
720 2666 838 2695 Caesaris

70 2699 155 2739 legitur
170 2704 215 2730 καὶ
231 2699 370 2739 φυλάττει.
388 2699 651 2738 ριιοιη”βοι’ἱριυιίιιη
665 2707 778 2739 secutus
795 2705 839 2729 est

71 2713 155 2735 ιεδιιυι·
170 2713 215 2730 και
231 2713 334 2739 φυλαττ
352 2713 370 2731 ι.
388 2713 474 2737 quam
487 2713 651 2738 scripturam
665 2713 778 2730 SBCIHUS
795 2713 838 2729 εει

70 2734 169 2775 bangus
179 2739 312 2775 interpres
328 2713 486 2775 ﬁicephori,
507 2739 544 2766 ita
559 2743 588 2765 ut
606 2737 739 2773 particula
758 2744 838 2772 nega-

72 2773 118 2797 ttva
133 2773 306 2801 subaudiatur
324 2775 379 2802 ἀπὸ
395 2773 502 2801 ήκοινοῦ.

101 2806 221 2845 (ξολιέᾳι
244 2809 282 2836 δι’
302 2809 380 2845 ὑμᾶς
400 2809 503 2844 ἐρεῖτε.
523 2808 705 2838 Scribendum
722 2811 765 2837 est
787 2805 838 2835 κᾶν

72 2838 177 2877 δι”ὑμζᾶς
192 2844 286 2880 ἐρεῖτε.

927 2176 983 2211 (51)
999 2176 1050 2203 Διὰ
1060 2175 1252 2211 τὸν-πάππον
1273 2175 1327 2203 τὸν
1342 2175 1416 2210 ἐμὸν
1436 2175 1485 2202 καὶ
1513 2175 1680 2210 ὁμώνυμον.

892 2210 1006 2239 Rectius
1017 2211 1088 2246 apud
1104 2210 1290 2246 Nicephorum
1307 2211 1407 2246 legitur
1416 2211 1463 2237 τὸν
1473 2210 1544 2237 θεῖον
1557 2211 1603 2237 τὸν
1614 2211 1682 2246 ὲμὺν

891 2246 939 2273 καὶ
959 2245 1112 2281 ὁμώνυμον.
1124 2245 1265 2273 Julianum
1281 2245 1352 2273 enim
1367 2246 1496 2280 intelligit
1510 2253 1543 2272 ex
1554 2245 1683 2281 prafecto

891 2280 1014 2316 Egypti,
1028 2280 1061 2308 de
1078 2289 1132 2316 quo
1148 2281 1232 2316 multa
1249 2281 1346 2308 scribit
1367 2281 1529 2308 Ammianus
1544 2280 1682 2316 Marcelli-

866 2333 870 2335 Α
893 2315 955 2343 nus}
972 2316 1001 2342 lu
1018 2315 1142 2351 epistulis
1157 2315 1257 2343 .Iuliani
1271 2319 1387 2350 utraque
1402 2316 1483 2342 lectio
1496 2315 1682 2351 habeturhoc

891 2351 973 2378 modo
990 2359 996 2376 :
1012 2349 1056 2378 δια
1075 2351 1121 2378 τὸν
1136 2350 1249 2377 πάππον
1263 2350 1308 2377 τὸν
1323 2349 1390 2384 ἐμὸν
1407 2351 1454 2376 καὶ
1467 2351 1513 2377 τὸν
1527 2350 1597 2377 θεῖον
1612 2349 1683 2385 ὀμώ-

891 2395 985 2421 νυμον.
1004 2386 1105 2413 Verum
1122 2386 1178 2413 hanc
1193 2386 1330 2420 scriptura
1343 2385 1409 2412 ferri
1423 2393 1477 2411 non
1501 2389 1607 2419 potest;
1631 2393 1682 2421 cur

891 2420 966 2448 enim
979 2420 1033 2448 hoc
1045 2421 1106 2448 loco
1113 2421 1241 2448 Julianus
1250 2428 1331 2447 avum
1342 2427 1422 2448 suum
1434 2420 1682 2447 commemoraret?

891 2455 971 2491 ρει-ιε
986 2455 1156 2483 Sozomenus
1171 2456 1336 2491 scripturam
1354 2454 1512 2491 Nicephori
1523 2455 1681 2491 confirmat.

890 2490 937 2518 Sic
952 2491 1026 2518 enim
1042 2491 1123 2518 habet
1137 2491 1163 2518 in
1185 2489 1246 2525 cap.
1270 2491 1286 2517 7
1299 2490 1346 2517 lib.
1362 2499 1379 2517 ν
1395 2499 1401 2517 :
1418 2490 1472 2516 Καὶ
1487 2489 1535 2525 τὴν
1544 2489 1681 2525 τιμωρίαν

890 2526 1090 2566 σννεχιὺρησεν,
1102 2526 1181 2557 αἰδοῖ,
1192 2524 1268 2561 φησὶ,
1279 2526 1313 2560 τῇ
1324 2525 1392 2560 πρὸς
1406 2525 1527 2560 Σάραπιν
1535 2524 1580 2551 τὸν
1591 2524 1682 2551 αὐτῶν

889 2561 1043 2595 πολιουχον,
1061 2562 1107 2587 καὶ
1130 2560 1314 2595 Ἀλέξανδρον,
1333 2560 1379 2586 τὸν
1395 2559 1597 2595 οἰκιστὴνμκαὶ
1613 2559 1682 2586 Ἰου-

889 2570 1043 2596 πολιουχον,
1061 2570 1107 2587 και
1138 2570 1314 2595 ΔΛεςανορον,
1333 2570 1379 2586 τον
1395 2570 1529 2594 οικιστην,
1550 2570 1597 2586 και
1623 2570 1682 2586 Ιου-

888 2596 978 2622 λιανὺν
991 2596 1036 2622 τὸν
1051 2595 1133 2622 αὑτοῦ
1150 2595 1232 2626 Θεϊον,
1247 2595 1344 2629 δίπρὺ
1362 2595 1457 2621 τούτου
1474 2594 1612 2628 Αἰγύπτου
1635 2595 1682 2621 καὶ

889 2631 940 2666 τῆς
960 2630 1164 2666 ῘΑλεξανδρείας
1179 2631 1265 2665 αὐτῆς
1276 2628 1439 2666 ἦρξενλοιο.

926 2665 982 2700 (52)
992 2663 1095 2699 Δήμού
1111 2665 1184 2692 ιδεῖν
1209 2663 1355 2700 τόλμῆμα.
1371 2664 1399 2700 In
1413 2664 1523 2699 optimis
1538 2663 1682 2700 codicibus

890 2698 1052 2728 Florentino
1065 2705 1092 2727 et
1106 2700 1246 2728 Sfortiauo
1256 2698 1362 2735 etnpud
1378 2698 1562 2734 Nicephorum
1580 2698 1681 2735 legitur

891 2735 922 2771 δή
927 2744 977 2771 μον
989 2735 1120 2771 περιιδεῖν
1131 2736 1268 2770 τόλμημα.
1284 2732 1316 2762 Iri
1323 2734 1439 2771 vulgatis
1447 2732 1545 2771 autem
1554 2732 1682 2759 editioni-

890 2766 943 2798 bus
961 2766 1064 2798 Julia'ni
1076 2766 1267 2805 scripttt'm'est
1284 2766 1508 2805 ῐὼιενέόλμημα.
1525 2766 1616 2805 Quare
1625 2773 1681 2805 non

892 2805 986 2833 dubito
1004 2806 1069 2840 quin
1083 2800 1259 2833 scribendum
1273 2806 1310 2834 sit
1325 2805 1377 2833 hoc
1389 2800 1573 2837 loco','ot'mutt
1589 2801 1622 2829 ἂν
1631 2800 1681 2835 δή·

893 2849 945 2876 μου
957 2840 1101 2876 περιίδοιεν
1111 2840 1248 2876 τόλμημα.
