  <div class='ocr_page' id='page_1' title='image "/cluster/home/n/w/nwhite01/storage/ocr_20150623/67/njp.32101077772703/235.png"; bbox 0 0 1891 3068; ppageno 0'>
   <div class='ocr_carea' id='block_1_1' title="bbox 207 137 262 166">
    <p class='ocr_par' dir='ltr' id='par_1_1' title="bbox 207 137 262 166">
     <span class='ocr_line' id='line_1_1' title="bbox 207 137 262 166; baseline 0.018 -1"><span class='ocrx_word' id='word_1_1' title='bbox 207 137 262 166; x_wconf 82' lang='lat'><strong>395</strong></span> 
     </span>
    </p>
   </div>
   <div class='ocr_carea' id='block_1_2' title="bbox 927 142 1100 171">
    <p class='ocr_par' dir='ltr' id='par_1_2' title="bbox 927 142 1100 171">
     <span class='ocr_line' id='line_1_2' title="bbox 927 142 1100 171; baseline 0 -1"><span class='ocrx_word' id='word_1_2' title='bbox 927 142 1100 171; x_wconf 74' lang='lat' dir='ltr'><strong>SOURATIS</strong></span> 
     </span>
    </p>
   </div>
   <div class='ocr_carea' id='block_1_3' title="bbox 1787 153 1838 182">
    <p class='ocr_par' dir='ltr' id='par_1_3' title="bbox 1787 153 1838 182">
     <span class='ocr_line' id='line_1_3' title="bbox 1787 153 1838 182; baseline 0 0"><span class='ocrx_word' id='word_1_3' title='bbox 1787 153 1838 182; x_wconf 65' lang='grc' dir='ltr'>ὃς)ιῖ</span> 
     </span>
    </p>
   </div>
   <div class='ocr_carea' id='block_1_4' title="bbox 206 196 972 248">
    <p class='ocr_par' dir='ltr' id='par_1_4' title="bbox 206 196 972 234">
     <span class='ocr_line' id='line_1_4' title="bbox 206 196 972 234; baseline 0.007 -10"><span class='ocrx_word' id='word_1_4' title='bbox 206 196 290 230; x_wconf 79' lang='lat' dir='ltr'><strong>bellii,</strong></span> <span class='ocrx_word' id='word_1_5' title='bbox 307 204 353 232; x_wconf 89' lang='lat' dir='ltr'><strong>ne,</strong></span> <span class='ocrx_word' id='word_1_6' title='bbox 370 198 518 227; x_wconf 81' lang='lat' dir='ltr'><strong>verborum</strong></span> <span class='ocrx_word' id='word_1_7' title='bbox 541 199 643 234; x_wconf 79' lang='lat' dir='ltr'><strong>inopia,</strong></span> <span class='ocrx_word' id='word_1_8' title='bbox 657 199 820 227; x_wconf 68' lang='lat' dir='ltr'><strong>Trinitatem</strong></span> <span class='ocrx_word' id='word_1_9' title='bbox 837 208 893 228; x_wconf 90' lang='lat' dir='ltr'><strong>rem</strong></span> <span class='ocrx_word' id='word_1_10' title='bbox 908 209 972 230; x_wconf 71' lang='lat' dir='ltr'><strong>una:</strong></span> 
     </span>
    </p>
   </div>
   <div class='ocr_carea' id='block_1_5' title="bbox 1064 196 1838 248">
    <p class='ocr_par' dir='ltr' id='par_1_5' title="bbox 1064 204 1838 248">
     <span class='ocr_line' id='line_1_5' title="bbox 1064 204 1838 248; baseline 0.013 -18"><span class='ocrx_word' id='word_1_11' title='bbox 1064 204 1138 236; x_wconf 69' lang='grc' dir='ltr'>ὒσίας</span> <span class='ocrx_word' id='word_1_12' title='bbox 1152 205 1199 232; x_wconf 80' lang='grc' dir='ltr'>καὶ</span> <span class='ocrx_word' id='word_1_13' title='bbox 1219 205 1394 238; x_wconf 79' lang='grc' dir='ltr'><strong>ὑποστάσεως</strong></span> <span class='ocrx_word' id='word_1_14' title='bbox 1410 207 1499 242; x_wconf 79' lang='grc' dir='ltr'>ἴσμεν,</span> <span class='ocrx_word' id='word_1_15' title='bbox 1514 209 1589 236; x_wconf 76' lang='grc' dir='ltr'>οὐδὲν</span> <span class='ocrx_word' id='word_1_16' title='bbox 1605 211 1760 239; x_wconf 80' lang='grc' dir='ltr'>κωλύειδιὰ</span> <span class='ocrx_word' id='word_1_17' title='bbox 1774 213 1838 248; x_wconf 63' lang='lat' dir='ltr'><strong>ppa-</strong></span> 
     </span>
    </p>
   </div>
   <div class='ocr_carea' id='block_1_6' title="bbox 204 245 994 281">
    <p class='ocr_par' dir='ltr' id='par_1_6' title="bbox 204 245 994 281">
     <span class='ocr_line' id='line_1_6' title="bbox 204 245 994 281; baseline 0.006 -10"><span class='ocrx_word' id='word_1_18' title='bbox 204 251 269 272; x_wconf 80' lang='lat' dir='ltr'><strong>esse</strong></span> <span class='ocrx_word' id='word_1_19' title='bbox 283 248 443 279; x_wconf 90' lang='lat' dir='ltr'><strong>putaremus</strong></span> <span class='ocrx_word' id='word_1_20' title='bbox 460 245 561 280; x_wconf 92' lang='lat' dir='ltr'><strong>triplici</strong></span> <span class='ocrx_word' id='word_1_21' title='bbox 576 245 686 273; x_wconf 83' lang='lat' dir='ltr'><strong>nomine</strong></span> <span class='ocrx_word' id='word_1_22' title='bbox 705 246 880 281; x_wconf 76' lang='lat' dir='ltr'><strong>appellatam,</strong></span> <span class='ocrx_word' id='word_1_23' title='bbox 900 247 949 275; x_wconf 83' lang='lat' dir='ltr'><strong>sed</strong></span> <span class='ocrx_word' id='word_1_24' title='bbox 963 251 994 275; x_wconf 92' lang='lat' dir='ltr'><strong>ut</strong></span> 
     </span>
    </p>
   </div>
   <div class='ocr_carea' id='block_1_7' title="bbox 205 289 993 326">
    <p class='ocr_par' dir='ltr' id='par_1_7' title="bbox 205 289 993 326">
     <span class='ocr_line' id='line_1_7' title="bbox 205 289 993 326; baseline 0.008 -11"><span class='ocrx_word' id='word_1_25' title='bbox 205 289 297 324; x_wconf 87' lang='lat' dir='ltr'><strong>potius</strong></span> <span class='ocrx_word' id='word_1_26' title='bbox 322 297 545 325; x_wconf 84' lang='lat' dir='ltr'><strong>unumquemque</strong></span> <span class='ocrx_word' id='word_1_27' title='bbox 566 298 662 317; x_wconf 91' lang='lat' dir='ltr'><strong>eorum</strong></span> <span class='ocrx_word' id='word_1_28' title='bbox 692 291 739 326; x_wconf 86' lang='lat' dir='ltr'><strong>qui</strong></span> <span class='ocrx_word' id='word_1_29' title='bbox 763 292 941 320; x_wconf 70' lang='lat' dir='ltr'><strong>nominantur</strong></span> <span class='ocrx_word' id='word_1_30' title='bbox 965 293 993 321; x_wconf 92' lang='lat' dir='ltr'><strong>in</strong></span> 
     </span>
    </p>
   </div>
   <div class='ocr_carea' id='block_1_8' title="bbox 206 335 989 371">
    <p class='ocr_par' dir='ltr' id='par_1_8' title="bbox 206 335 989 371">
     <span class='ocr_line' id='line_1_8' title="bbox 206 335 989 371; baseline 0.006 -9"><span class='ocrx_word' id='word_1_31' title='bbox 206 335 354 368; x_wconf 80' lang='lat' dir='ltr'><strong>Trinitate,</strong></span> <span class='ocrx_word' id='word_1_32' title='bbox 365 336 448 363; x_wconf 88' lang='lat' dir='ltr'><strong>Deum</strong></span> <span class='ocrx_word' id='word_1_33' title='bbox 461 336 487 362; x_wconf 93' lang='lat' dir='ltr'><strong>in</strong></span> <span class='ocrx_word' id='word_1_34' title='bbox 503 336 614 371; x_wconf 82' lang='lat' dir='ltr'><strong>propria</strong></span> <span class='ocrx_word' id='word_1_35' title='bbox 631 343 750 371; x_wconf 84' lang='lat' dir='ltr'><strong>persona</strong></span> <span class='ocrx_word' id='word_1_36' title='bbox 758 345 822 365; x_wconf 85' lang='lat' dir='ltr'><strong>esse</strong></span> <span class='ocrx_word' id='word_1_37' title='bbox 832 338 989 367; x_wconf 85' lang='lat' dir='ltr'><strong>credamus.</strong></span> 
     </span>
    </p>
   </div>
   <div class='ocr_carea' id='block_1_9' title="bbox 164 382 991 418">
    <p class='ocr_par' dir='ltr' id='par_1_9' title="bbox 164 382 991 418">
     <span class='ocr_line' id='line_1_9' title="bbox 164 382 991 418; baseline 0.002 -8"><span class='ocrx_word' id='word_1_38' title='bbox 164 412 167 413; x_wconf 29' lang='grc' dir='ltr'><strong>ν</strong></span> <span class='ocrx_word' id='word_1_39' title='bbox 206 383 238 410; x_wconf 83' lang='lat' dir='ltr'><strong>Et</strong></span> <span class='ocrx_word' id='word_1_40' title='bbox 254 383 311 410; x_wconf 63' lang='lat' dir='ltr'><strong>haec</strong></span> <span class='ocrx_word' id='word_1_41' title='bbox 325 382 436 418; x_wconf 82' lang='lat' dir='ltr'><strong>quidem</strong></span> <span class='ocrx_word' id='word_1_42' title='bbox 458 386 523 409; x_wconf 85' lang='lat' dir='ltr'><strong>tunc</strong></span> <span class='ocrx_word' id='word_1_43' title='bbox 540 389 555 409; x_wconf 88' lang='lat' dir='ltr'><strong>a</strong></span> <span class='ocrx_word' id='word_1_44' title='bbox 575 383 683 418; x_wconf 81' lang='lat' dir='ltr'><strong>synodo</strong></span> <span class='ocrx_word' id='word_1_45' title='bbox 697 388 763 411; x_wconf 85' lang='lat' dir='ltr'><strong>sunt</strong></span> <span class='ocrx_word' id='word_1_46' title='bbox 777 384 899 412; x_wconf 83' lang='lat' dir='ltr'><strong>decreta.</strong></span> <span class='ocrx_word' id='word_1_47' title='bbox 918 385 991 418; x_wconf 81' lang='lat' dir='ltr'><strong>Quid</strong></span> 
     </span>
    </p>
   </div>
   <div class='ocr_carea' id='block_1_10' title="bbox 203 428 991 466">
    <p class='ocr_par' dir='ltr' id='par_1_10' title="bbox 203 428 991 466">
     <span class='ocr_line' id='line_1_10' title="bbox 203 428 991 466; baseline 0.005 -11"><span class='ocrx_word' id='word_1_48' title='bbox 203 432 295 456; x_wconf 89' lang='lat' dir='ltr'><strong>autem</strong></span> <span class='ocrx_word' id='word_1_49' title='bbox 310 436 360 455; x_wconf 86' lang='lat' dir='ltr'><strong>nos</strong></span> <span class='ocrx_word' id='word_1_50' title='bbox 375 428 409 456; x_wconf 86' lang='lat' dir='ltr'><strong>de</strong></span> <span class='ocrx_word' id='word_1_51' title='bbox 424 428 582 456; x_wconf 81' lang='lat' dir='ltr'><strong>substantia</strong></span> <span class='ocrx_word' id='word_1_52' title='bbox 597 429 686 464; x_wconf 86' lang='lat' dir='ltr'><strong>deque</strong></span> <span class='ocrx_word' id='word_1_53' title='bbox 703 430 844 466; x_wconf 83' lang='lat' dir='ltr'><strong>hypostasi</strong></span> <span class='ocrx_word' id='word_1_54' title='bbox 860 431 991 459; x_wconf 86' lang='lat' dir='ltr'><strong>didiceri-</strong></span> 
     </span>
    </p>
   </div>
   <div class='ocr_carea' id='block_1_11' title="bbox 203 474 987 512">
    <p class='ocr_par' dir='ltr' id='par_1_11' title="bbox 203 474 987 512">
     <span class='ocr_line' id='line_1_11' title="bbox 203 474 987 512; baseline 0.004 -11"><span class='ocrx_word' id='word_1_55' title='bbox 203 482 275 506; x_wconf 89' lang='lat' dir='ltr'><strong>mus,</strong></span> <span class='ocrx_word' id='word_1_56' title='bbox 285 474 352 501; x_wconf 90' lang='lat' dir='ltr'><strong>nihil</strong></span> <span class='ocrx_word' id='word_1_57' title='bbox 365 478 439 501; x_wconf 85' lang='lat' dir='ltr'><strong>vetat</strong></span> <span class='ocrx_word' id='word_1_58' title='bbox 452 475 600 510; x_wconf 84' lang='lat' dir='ltr'><strong>quominus</strong></span> <span class='ocrx_word' id='word_1_59' title='bbox 613 475 657 502; x_wconf 90' lang='lat' dir='ltr'><strong>hie</strong></span> <span class='ocrx_word' id='word_1_60' title='bbox 672 476 793 504; x_wconf 80' lang='lat' dir='ltr'><strong>breviter</strong></span> <span class='ocrx_word' id='word_1_61' title='bbox 808 484 987 512; x_wconf 78' lang='lat' dir='ltr'><strong>exponamus.</strong></span> 
     </span>
    </p>
   </div>
   <div class='ocr_carea' id='block_1_12' title="bbox 201 520 989 558">
    <p class='ocr_par' dir='ltr' id='par_1_12' title="bbox 201 520 989 558">
     <span class='ocr_line' id='line_1_12' title="bbox 201 520 989 558; baseline 0.006 -12"><span class='ocrx_word' id='word_1_62' title='bbox 201 520 253 553; x_wconf 86' lang='lat' dir='ltr'><strong>Qui</strong></span> <span class='ocrx_word' id='word_1_63' title='bbox 275 520 397 547; x_wconf 67' lang='lat' dir='ltr'><strong>Graecam</strong></span> <span class='ocrx_word' id='word_1_64' title='bbox 418 521 488 548; x_wconf 93' lang='lat' dir='ltr'><strong>inter</strong></span> <span class='ocrx_word' id='word_1_65' title='bbox 507 520 618 550; x_wconf 66' lang='lat' dir='ltr'><strong>Graecos</strong></span> <span class='ocrx_word' id='word_1_66' title='bbox 638 522 840 558; x_wconf 87' lang='lat' dir='ltr'><strong>philosophiam</strong></span> <span class='ocrx_word' id='word_1_67' title='bbox 866 524 989 552; x_wconf 90' lang='lat' dir='ltr'><strong>tradide-</strong></span> 
     </span>
    </p>
   </div>
   <div class='ocr_carea' id='block_1_13' title="bbox 201 566 989 602">
    <p class='ocr_par' dir='ltr' id='par_1_13' title="bbox 201 566 989 602">
     <span class='ocr_line' id='line_1_13' title="bbox 201 566 989 602; baseline 0.006 -10"><span class='ocrx_word' id='word_1_68' title='bbox 201 570 274 599; x_wconf 89' lang='lat' dir='ltr'><strong>runt,</strong></span> <span class='ocrx_word' id='word_1_69' title='bbox 291 566 473 594; x_wconf 86' lang='lat' dir='ltr'><strong>substantiam</strong></span> <span class='ocrx_word' id='word_1_70' title='bbox 489 567 599 602; x_wconf 88' lang='lat' dir='ltr'><strong>quidem</strong></span> <span class='ocrx_word' id='word_1_71' title='bbox 623 568 751 602; x_wconf 83' lang='lat' dir='ltr'><strong>pluribus</strong></span> <span class='ocrx_word' id='word_1_72' title='bbox 767 568 855 597; x_wconf 81' lang='lat' dir='ltr'><strong>modis</strong></span> <span class='ocrx_word' id='word_1_73' title='bbox 874 569 989 597; x_wconf 85' lang='lat' dir='ltr'><strong>delinie-</strong></span> 
     </span>
    </p>
   </div>
   <div class='ocr_carea' id='block_1_14' title="bbox 199 612 987 648">
    <p class='ocr_par' dir='ltr' id='par_1_14' title="bbox 199 612 987 648">
     <span class='ocr_line' id='line_1_14' title="bbox 199 612 987 648; baseline 0.004 -9"><span class='ocrx_word' id='word_1_74' title='bbox 199 615 279 646; x_wconf 81' lang='lat' dir='ltr'><strong>runt;</strong></span> <span class='ocrx_word' id='word_1_75' title='bbox 295 612 478 647; x_wconf 79' lang='lat' dir='ltr'><strong>hypostaseos</strong></span> <span class='ocrx_word' id='word_1_76' title='bbox 493 620 558 640; x_wconf 89' lang='lat' dir='ltr'><strong>vero</strong></span> <span class='ocrx_word' id='word_1_77' title='bbox 569 613 672 640; x_wconf 76' lang='lat' dir='ltr'><strong>rutilant</strong></span> <span class='ocrx_word' id='word_1_78' title='bbox 688 621 802 648; x_wconf 78' lang='lat' dir='ltr'><strong>prorsus</strong></span> <span class='ocrx_word' id='word_1_79' title='bbox 821 614 987 642; x_wconf 81' lang='lat' dir='ltr'><strong>mentionem</strong></span> 
     </span>
    </p>
   </div>
   <div class='ocr_carea' id='block_1_15' title="bbox 199 656 987 694">
    <p class='ocr_par' dir='ltr' id='par_1_15' title="bbox 199 656 987 694">
     <span class='ocr_line' id='line_1_15' title="bbox 199 656 987 694; baseline 0.004 -10"><span class='ocrx_word' id='word_1_80' title='bbox 199 656 301 684; x_wconf 78' lang='lat' dir='ltr'><strong>fecere.</strong></span> <span class='ocrx_word' id='word_1_81' title='bbox 315 656 436 684; x_wconf 72' lang='lat' dir='ltr'><strong>Irenaeus</strong></span> <span class='ocrx_word' id='word_1_82' title='bbox 448 657 561 691; x_wconf 88' lang='lat' dir='ltr'><strong>quidem</strong></span> <span class='ocrx_word' id='word_1_83' title='bbox 575 656 780 685; x_wconf 82' lang='lat' dir='ltr'><strong>Grammaticus</strong></span> <span class='ocrx_word' id='word_1_84' title='bbox 791 659 817 685; x_wconf 93' lang='lat' dir='ltr'><strong>in</strong></span> <span class='ocrx_word' id='word_1_85' title='bbox 826 657 925 686; x_wconf 83' lang='lat' dir='ltr'><strong>Lexico</strong></span> <span class='ocrx_word' id='word_1_86' title='bbox 939 667 987 694; x_wconf 86' lang='lat' dir='ltr'><strong>per</strong></span> 
     </span>
    </p>
   </div>
   <div class='ocr_carea' id='block_1_16' title="bbox 196 702 986 739">
    <p class='ocr_par' dir='ltr' id='par_1_16' title="bbox 196 702 986 739">
     <span class='ocr_line' id='line_1_16' title="bbox 196 702 986 739; baseline 0.005 -9"><span class='ocrx_word' id='word_1_87' title='bbox 196 702 322 730; x_wconf 84' lang='lat' dir='ltr'><strong>ordinem</strong></span> <span class='ocrx_word' id='word_1_88' title='bbox 337 703 492 730; x_wconf 87' lang='lat' dir='ltr'><strong>litterarum</strong></span> <span class='ocrx_word' id='word_1_89' title='bbox 507 703 625 738; x_wconf 76' lang='lat' dir='ltr'><strong>digesto,</strong></span> <span class='ocrx_word' id='word_1_90' title='bbox 643 703 724 739; x_wconf 72' lang='lat'><strong>180</strong></span> <span class='ocrx_word' id='word_1_91' title='bbox 748 704 821 739; x_wconf 88' lang='lat' dir='ltr'><strong>quod</strong></span> <span class='ocrx_word' id='word_1_92' title='bbox 843 705 986 734; x_wconf 87' lang='lat' dir='ltr'><strong>Atticistes</strong></span> 
     </span>
    </p>
   </div>
   <div class='ocr_carea' id='block_1_17' title="bbox 197 748 984 782">
    <p class='ocr_par' dir='ltr' id='par_1_17' title="bbox 197 748 984 782">
     <span class='ocr_line' id='line_1_17' title="bbox 197 748 984 782; baseline 0.004 -7"><span class='ocrx_word' id='word_1_93' title='bbox 197 749 373 782; x_wconf 88' lang='lat' dir='ltr'><strong>inscribitur,</strong></span> <span class='ocrx_word' id='word_1_94' title='bbox 395 748 465 776; x_wconf 81' lang='lat' dir='ltr'><strong>hanc</strong></span> <span class='ocrx_word' id='word_1_95' title='bbox 488 756 581 776; x_wconf 89' lang='lat' dir='ltr'><strong>vocem</strong></span> <span class='ocrx_word' id='word_1_96' title='bbox 600 749 745 777; x_wconf 83' lang='lat' dir='ltr'><strong>barbaram</strong></span> <span class='ocrx_word' id='word_1_97' title='bbox 770 758 832 778; x_wconf 85' lang='lat' dir='ltr'><strong>esse</strong></span> <span class='ocrx_word' id='word_1_98' title='bbox 856 751 984 779; x_wconf 88' lang='lat' dir='ltr'><strong>alIirmat.</strong></span> 
     </span>
    </p>
   </div>
   <div class='ocr_carea' id='block_1_18' title="bbox 197 795 984 833">
    <p class='ocr_par' dir='ltr' id='par_1_18' title="bbox 197 795 984 833">
     <span class='ocr_line' id='line_1_18' title="bbox 197 795 984 833; baseline 0.005 -11"><span class='ocrx_word' id='word_1_99' title='bbox 197 795 290 830; x_wconf 77' lang='lat' dir='ltr'><strong>Neque</strong></span> <span class='ocrx_word' id='word_1_100' title='bbox 306 795 379 823; x_wconf 88' lang='lat' dir='ltr'><strong>enim</strong></span> <span class='ocrx_word' id='word_1_101' title='bbox 396 796 467 830; x_wconf 88' lang='lat' dir='ltr'><strong>apud</strong></span> <span class='ocrx_word' id='word_1_102' title='bbox 483 803 648 831; x_wconf 87' lang='lat' dir='ltr'><strong>quemquam</strong></span> <span class='ocrx_word' id='word_1_103' title='bbox 670 800 793 825; x_wconf 80' lang='lat' dir='ltr'><strong>veterum</strong></span> <span class='ocrx_word' id='word_1_104' title='bbox 817 798 984 833; x_wconf 83' lang='lat' dir='ltr'><strong>scriptorum</strong></span> 
     </span>
    </p>
   </div>
   <div class='ocr_carea' id='block_1_19' title="bbox 196 840 984 876">
    <p class='ocr_par' dir='ltr' id='par_1_19' title="bbox 196 840 984 876">
     <span class='ocr_line' id='line_1_19' title="bbox 196 840 984 876; baseline 0.004 -8"><span class='ocrx_word' id='word_1_105' title='bbox 196 849 256 868; x_wconf 83' lang='lat' dir='ltr'><strong>eam</strong></span> <span class='ocrx_word' id='word_1_106' title='bbox 271 841 386 876; x_wconf 88' lang='lat' dir='ltr'><strong>reperiri</strong></span> <span class='ocrx_word' id='word_1_107' title='bbox 400 850 406 868; x_wconf 89' lang='lat'><strong><em>:</em></strong></span> <span class='ocrx_word' id='word_1_108' title='bbox 423 848 455 869; x_wconf 85' lang='lat' dir='ltr'><strong>ac</strong></span> <span class='ocrx_word' id='word_1_109' title='bbox 471 841 558 869; x_wconf 90' lang='lat' dir='ltr'><strong>sicubi</strong></span> <span class='ocrx_word' id='word_1_110' title='bbox 574 840 691 869; x_wconf 83' lang='lat' dir='ltr'><strong>fortasse</strong></span> <span class='ocrx_word' id='word_1_111' title='bbox 704 843 870 876; x_wconf 87' lang='lat' dir='ltr'><strong>reperiatur,</strong></span> <span class='ocrx_word' id='word_1_112' title='bbox 883 851 938 870; x_wconf 92' lang='lat' dir='ltr'><strong>non</strong></span> <span class='ocrx_word' id='word_1_113' title='bbox 951 851 984 871; x_wconf 88' lang='lat' dir='ltr'><strong>eo</strong></span> 
     </span>
    </p>
   </div>
   <div class='ocr_carea' id='block_1_20' title="bbox 195 879 1022 924">
    <p class='ocr_par' dir='ltr' id='par_1_20' title="bbox 195 879 1022 924">
     <span class='ocr_line' id='line_1_20' title="bbox 195 879 1022 924; baseline 0.004 -10"><span class='ocrx_word' id='word_1_114' title='bbox 195 895 279 915; x_wconf 83' lang='lat' dir='ltr'><strong>sensu</strong></span> <span class='ocrx_word' id='word_1_115' title='bbox 302 894 358 922; x_wconf 85' lang='lat' dir='ltr'><strong>quo</strong></span> <span class='ocrx_word' id='word_1_116' title='bbox 377 894 451 914; x_wconf 91' lang='lat' dir='ltr'><strong>nunc</strong></span> <span class='ocrx_word' id='word_1_117' title='bbox 474 887 603 920; x_wconf 89' lang='lat' dir='ltr'><strong>sumitur,</strong></span> <span class='ocrx_word' id='word_1_118' title='bbox 620 888 758 923; x_wconf 89' lang='lat' dir='ltr'><strong>usurpari.</strong></span> <span class='ocrx_word' id='word_1_119' title='bbox 779 887 887 916; x_wconf 85' lang='lat' dir='ltr'><strong>Etenim</strong></span> <span class='ocrx_word' id='word_1_120' title='bbox 911 889 984 924; x_wconf 90' lang='lat' dir='ltr'><strong>apud</strong></span> <span class='ocrx_word' id='word_1_121' title='bbox 1001 879 1022 909; x_wconf 67' lang='grc' dir='ltr'><strong>θ</strong></span> 
     </span>
    </p>
   </div>
   <div class='ocr_carea' id='block_1_21' title="bbox 195 932 985 968">
    <p class='ocr_par' dir='ltr' id='par_1_21' title="bbox 195 932 985 968">
     <span class='ocr_line' id='line_1_21' title="bbox 195 932 985 968; baseline 0.003 -7"><span class='ocrx_word' id='word_1_122' title='bbox 195 933 360 968; x_wconf 86' lang='lat' dir='ltr'><strong>Sophoclem</strong></span> <span class='ocrx_word' id='word_1_123' title='bbox 384 933 413 960; x_wconf 89' lang='lat' dir='ltr'><strong>in</strong></span> <span class='ocrx_word' id='word_1_124' title='bbox 433 932 569 968; x_wconf 64' lang='lat' dir='ltr'><strong>tragmdia</strong></span> <span class='ocrx_word' id='word_1_125' title='bbox 593 933 724 962; x_wconf 65' lang='lat' dir='ltr'><strong>Phoenice</strong></span> <span class='ocrx_word' id='word_1_126' title='bbox 745 942 776 962; x_wconf 86' lang='lat' dir='ltr'><strong>ea</strong></span> <span class='ocrx_word' id='word_1_127' title='bbox 800 942 852 962; x_wconf 85' lang='lat' dir='ltr'><strong>vox</strong></span> <span class='ocrx_word' id='word_1_128' title='bbox 868 935 985 964; x_wconf 82' lang='lat' dir='ltr'><strong>insidias</strong></span> 
     </span>
    </p>
   </div>
   <div class='ocr_carea' id='block_1_22' title="bbox 195 979 985 1016">
    <p class='ocr_par' dir='ltr' id='par_1_22' title="bbox 195 979 985 1016">
     <span class='ocr_line' id='line_1_22' title="bbox 195 979 985 1016; baseline 0.003 -9"><span class='ocrx_word' id='word_1_129' title='bbox 195 979 343 1014; x_wconf 79' lang='lat' dir='ltr'><strong>signiﬁcat.</strong></span> <span class='ocrx_word' id='word_1_130' title='bbox 354 979 433 1014; x_wconf 84' lang='lat' dir='ltr'><strong>Apud</strong></span> <span class='ocrx_word' id='word_1_131' title='bbox 448 979 628 1007; x_wconf 83' lang='lat' dir='ltr'><strong>Menandrum</strong></span> <span class='ocrx_word' id='word_1_132' title='bbox 645 988 710 1008; x_wconf 91' lang='lat' dir='ltr'><strong>vero</strong></span> <span class='ocrx_word' id='word_1_133' title='bbox 722 980 912 1009; x_wconf 82' lang='lat' dir='ltr'><strong>condimenta:</strong></span> <span class='ocrx_word' id='word_1_134' title='bbox 924 990 985 1016; x_wconf 85' lang='lat' dir='ltr'><strong>per-</strong></span> 
     </span>
    </p>
   </div>
   <div class='ocr_carea' id='block_1_23' title="bbox 194 1025 984 1061">
    <p class='ocr_par' dir='ltr' id='par_1_23' title="bbox 194 1025 984 1061">
     <span class='ocr_line' id='line_1_23' title="bbox 194 1025 984 1061; baseline 0.003 -8"><span class='ocrx_word' id='word_1_135' title='bbox 194 1026 257 1053; x_wconf 85' lang='lat' dir='ltr'><strong>inde</strong></span> <span class='ocrx_word' id='word_1_136' title='bbox 288 1033 320 1052; x_wconf 87' lang='lat' dir='ltr'><strong>ac</strong></span> <span class='ocrx_word' id='word_1_137' title='bbox 341 1026 365 1054; x_wconf 88' lang='lat' dir='ltr'><strong>si</strong></span> <span class='ocrx_word' id='word_1_138' title='bbox 387 1025 452 1061; x_wconf 83' lang='lat' dir='ltr'><strong>quis</strong></span> <span class='ocrx_word' id='word_1_139' title='bbox 474 1026 567 1052; x_wconf 68' lang='lat' dir='ltr'><strong>faecem</strong></span> <span class='ocrx_word' id='word_1_140' title='bbox 585 1025 641 1053; x_wconf 90' lang='lat' dir='ltr'><strong>vini</strong></span> <span class='ocrx_word' id='word_1_141' title='bbox 662 1026 691 1052; x_wconf 91' lang='lat' dir='ltr'><strong>in</strong></span> <span class='ocrx_word' id='word_1_142' title='bbox 707 1026 782 1054; x_wconf 90' lang='lat' dir='ltr'><strong>dolio</strong></span> <span class='ocrx_word' id='word_1_143' title='bbox 797 1027 984 1055; x_wconf 84' lang='lat' dir='ltr'><strong>subsidentem</strong></span> 
     </span>
    </p>
   </div>
   <div class='ocr_carea' id='block_1_24' title="bbox 195 1071 983 1108">
    <p class='ocr_par' dir='ltr' id='par_1_24' title="bbox 195 1071 983 1108">
     <span class='ocr_line' id='line_1_24' title="bbox 195 1071 983 1108; baseline 0.004 -10"><span class='ocrx_word' id='word_1_144' title='bbox 195 1072 312 1107; x_wconf 84' lang='lat' dir='ltr'><strong>appellet</strong></span> <span class='ocrx_word' id='word_1_145' title='bbox 337 1072 497 1098; x_wconf 78' lang='grc' dir='ltr'>ὑπόστασιν.</span> <span class='ocrx_word' id='word_1_146' title='bbox 514 1071 614 1099; x_wconf 87' lang='lat' dir='ltr'><strong>Verum</strong></span> <span class='ocrx_word' id='word_1_147' title='bbox 635 1071 698 1099; x_wconf 87' lang='lat' dir='ltr'><strong>licet</strong></span> <span class='ocrx_word' id='word_1_148' title='bbox 724 1071 759 1100; x_wconf 90' lang='lat' dir='ltr'><strong>ab</strong></span> <span class='ocrx_word' id='word_1_149' title='bbox 776 1073 983 1108; x_wconf 87' lang='lat' dir='ltr'><strong>antiquioribus</strong></span> 
     </span>
    </p>
   </div>
   <div class='ocr_carea' id='block_1_25' title="bbox 195 1118 982 1154">
    <p class='ocr_par' dir='ltr' id='par_1_25' title="bbox 195 1118 982 1154">
     <span class='ocr_line' id='line_1_25' title="bbox 195 1118 982 1154; baseline 0.001 -8"><span class='ocrx_word' id='word_1_150' title='bbox 195 1119 366 1154; x_wconf 82' lang='lat' dir='ltr'><strong>philosophis</strong></span> <span class='ocrx_word' id='word_1_151' title='bbox 382 1118 440 1146; x_wconf 62' lang='lat' dir='ltr'><strong>hac</strong></span> <span class='ocrx_word' id='word_1_152' title='bbox 456 1125 508 1145; x_wconf 79' lang='lat' dir='ltr'><strong>vox</strong></span> <span class='ocrx_word' id='word_1_153' title='bbox 524 1122 655 1153; x_wconf 86' lang='lat' dir='ltr'><strong>usurpata</strong></span> <span class='ocrx_word' id='word_1_154' title='bbox 667 1125 721 1146; x_wconf 87' lang='lat' dir='ltr'><strong>non</strong></span> <span class='ocrx_word' id='word_1_155' title='bbox 735 1118 982 1151; x_wconf 82' lang='lat' dir='ltr'><strong>fuerit,seiendum</strong></span> 
     </span>
    </p>
   </div>
   <div class='ocr_carea' id='block_1_26' title="bbox 192 1164 981 1200">
    <p class='ocr_par' dir='ltr' id='par_1_26' title="bbox 192 1164 981 1200">
     <span class='ocr_line' id='line_1_26' title="bbox 192 1164 981 1200; baseline 0 -7"><span class='ocrx_word' id='word_1_156' title='bbox 192 1169 235 1193; x_wconf 87' lang='lat' dir='ltr'><strong>est</strong></span> <span class='ocrx_word' id='word_1_157' title='bbox 247 1169 341 1193; x_wconf 83' lang='lat' dir='ltr'><strong>tamen</strong></span> <span class='ocrx_word' id='word_1_158' title='bbox 354 1165 523 1192; x_wconf 84' lang='lat' dir='ltr'><strong>recentiores</strong></span> <span class='ocrx_word' id='word_1_159' title='bbox 534 1171 566 1192; x_wconf 86' lang='lat' dir='ltr'><strong>ea</strong></span> <span class='ocrx_word' id='word_1_160' title='bbox 584 1164 744 1200; x_wconf 87' lang='lat' dir='ltr'><strong>frequenter</strong></span> <span class='ocrx_word' id='word_1_161' title='bbox 757 1172 822 1193; x_wconf 88' lang='lat' dir='ltr'><strong>usos</strong></span> <span class='ocrx_word' id='word_1_162' title='bbox 834 1165 920 1193; x_wconf 81' lang='lat' dir='ltr'><strong>fuisse</strong></span> <span class='ocrx_word' id='word_1_163' title='bbox 931 1173 981 1200; x_wconf 87' lang='lat' dir='ltr'><strong>pro</strong></span> 
     </span>
    </p>
   </div>
   <div class='ocr_carea' id='block_1_27' title="bbox 192 1209 981 1245">
    <p class='ocr_par' dir='ltr' id='par_1_27' title="bbox 192 1209 981 1245">
     <span class='ocr_line' id='line_1_27' title="bbox 192 1209 981 1245; baseline -0.003 -6"><span class='ocrx_word' id='word_1_164' title='bbox 192 1211 355 1239; x_wconf 75' lang='lat' dir='ltr'><strong>substantiae</strong></span> <span class='ocrx_word' id='word_1_165' title='bbox 373 1210 519 1238; x_wconf 71' lang='lat' dir='ltr'><strong>vocabulo.</strong></span> <span class='ocrx_word' id='word_1_166' title='bbox 532 1209 719 1238; x_wconf 88' lang='lat' dir='ltr'><strong>thstantiam</strong></span> <span class='ocrx_word' id='word_1_167' title='bbox 733 1218 816 1245; x_wconf 88' lang='lat' dir='ltr'><strong>porro</strong></span> <span class='ocrx_word' id='word_1_168' title='bbox 825 1210 911 1239; x_wconf 87' lang='lat' dir='ltr'><strong>variis</strong></span> <span class='ocrx_word' id='word_1_169' title='bbox 922 1218 981 1238; x_wconf 88' lang='lat' dir='ltr'><strong>mo-</strong></span> 
     </span>
    </p>
   </div>
   <div class='ocr_carea' id='block_1_28' title="bbox 191 1255 979 1290">
    <p class='ocr_par' dir='ltr' id='par_1_28' title="bbox 191 1255 979 1290">
     <span class='ocr_line' id='line_1_28' title="bbox 191 1255 979 1290; baseline -0.001 -5"><span class='ocrx_word' id='word_1_170' title='bbox 191 1257 235 1285; x_wconf 85' lang='lat' dir='ltr'><strong>dis</strong></span> <span class='ocrx_word' id='word_1_171' title='bbox 249 1256 424 1284; x_wconf 84' lang='lat' dir='ltr'><strong>delinicrunt.</strong></span> <span class='ocrx_word' id='word_1_172' title='bbox 438 1256 516 1290; x_wconf 86' lang='lat' dir='ltr'><strong>Quod</strong></span> <span class='ocrx_word' id='word_1_173' title='bbox 532 1255 555 1283; x_wconf 92' lang='lat' dir='ltr'><strong>si</strong></span> <span class='ocrx_word' id='word_1_174' title='bbox 573 1256 730 1283; x_wconf 82' lang='lat' dir='ltr'><strong>substantia</strong></span> <span class='ocrx_word' id='word_1_175' title='bbox 750 1256 908 1284; x_wconf 89' lang='lat' dir='ltr'><strong>delinitione</strong></span> <span class='ocrx_word' id='word_1_176' title='bbox 922 1257 979 1284; x_wconf 90' lang='lat' dir='ltr'><strong>cir-</strong></span> 
     </span>
    </p>
   </div>
   <div class='ocr_carea' id='block_1_29' title="bbox 190 1301 979 1338">
    <p class='ocr_par' dir='ltr' id='par_1_29' title="bbox 190 1301 979 1338">
     <span class='ocr_line' id='line_1_29' title="bbox 190 1301 979 1338; baseline -0.001 -8"><span class='ocrx_word' id='word_1_177' title='bbox 190 1302 399 1334; x_wconf 79' lang='lat' dir='ltr'><strong>cumscribitur.</strong></span> <span class='ocrx_word' id='word_1_178' title='bbox 410 1302 547 1337; x_wconf 90' lang='lat' dir='ltr'><strong>quomodo</strong></span> <span class='ocrx_word' id='word_1_179' title='bbox 559 1301 610 1329; x_wconf 85' lang='lat' dir='ltr'><strong>hac</strong></span> <span class='ocrx_word' id='word_1_180' title='bbox 621 1301 741 1329; x_wconf 88' lang='lat' dir='ltr'><strong>dictione</strong></span> <span class='ocrx_word' id='word_1_181' title='bbox 750 1302 860 1338; x_wconf 86' lang='lat' dir='ltr'><strong>proprie</strong></span> <span class='ocrx_word' id='word_1_182' title='bbox 873 1302 913 1330; x_wconf 90' lang='lat' dir='ltr'><strong>uti</strong></span> <span class='ocrx_word' id='word_1_183' title='bbox 930 1310 979 1338; x_wconf 88' lang='lat' dir='ltr'><strong>po-</strong></span> 
     </span>
    </p>
   </div>
   <div class='ocr_carea' id='block_1_30' title="bbox 191 1347 979 1383">
    <p class='ocr_par' dir='ltr' id='par_1_30' title="bbox 191 1347 979 1383">
     <span class='ocr_line' id='line_1_30' title="bbox 191 1347 979 1383; baseline -0.001 -7"><span class='ocrx_word' id='word_1_184' title='bbox 191 1349 307 1376; x_wconf 85' lang='lat' dir='ltr'><strong>terimus</strong></span> <span class='ocrx_word' id='word_1_185' title='bbox 323 1348 352 1376; x_wconf 88' lang='lat' dir='ltr'><strong>in</strong></span> <span class='ocrx_word' id='word_1_186' title='bbox 365 1348 431 1382; x_wconf 84' lang='lat' dir='ltr'><strong>Deo,</strong></span> <span class='ocrx_word' id='word_1_187' title='bbox 440 1348 486 1383; x_wconf 90' lang='lat' dir='ltr'><strong>qui</strong></span> <span class='ocrx_word' id='word_1_188' title='bbox 501 1347 698 1382; x_wconf 89' lang='lat' dir='ltr'><strong>comprehendi</strong></span> <span class='ocrx_word' id='word_1_189' title='bbox 713 1355 766 1375; x_wconf 87' lang='lat' dir='ltr'><strong>non</strong></span> <span class='ocrx_word' id='word_1_190' title='bbox 783 1348 892 1382; x_wconf 86' lang='lat' dir='ltr'><strong>potest?</strong></span> <span class='ocrx_word' id='word_1_191' title='bbox 908 1347 979 1375; x_wconf 83' lang='lat' dir='ltr'><strong>Eva-</strong></span> 
     </span>
    </p>
   </div>
   <div class='ocr_carea' id='block_1_31' title="bbox 191 1392 978 1429">
    <p class='ocr_par' dir='ltr' id='par_1_31' title="bbox 191 1392 978 1429">
     <span class='ocr_line' id='line_1_31' title="bbox 191 1392 978 1429; baseline 0 -9"><span class='ocrx_word' id='word_1_192' title='bbox 191 1394 267 1429; x_wconf 75' lang='lat' dir='ltr'><strong>grius</strong></span> <span class='ocrx_word' id='word_1_193' title='bbox 278 1394 388 1429; x_wconf 92' lang='lat' dir='ltr'><strong>quidem</strong></span> <span class='ocrx_word' id='word_1_194' title='bbox 402 1394 429 1420; x_wconf 92' lang='lat' dir='ltr'><strong>in</strong></span> <span class='ocrx_word' id='word_1_195' title='bbox 441 1394 512 1421; x_wconf 91' lang='lat' dir='ltr'><strong>libro</strong></span> <span class='ocrx_word' id='word_1_196' title='bbox 523 1401 604 1428; x_wconf 88' lang='lat' dir='ltr'><strong>quem</strong></span> <span class='ocrx_word' id='word_1_197' title='bbox 615 1392 808 1420; x_wconf 81' lang='lat' dir='ltr'><strong>Monachicum</strong></span> <span class='ocrx_word' id='word_1_198' title='bbox 823 1393 978 1428; x_wconf 85' lang='lat' dir='ltr'><strong>inscripsit,</strong></span> 
     </span>
    </p>
   </div>
   <div class='ocr_carea' id='block_1_32' title="bbox 190 1437 980 1468">
    <p class='ocr_par' dir='ltr' id='par_1_32' title="bbox 190 1437 980 1468">
     <span class='ocr_line' id='line_1_32' title="bbox 190 1437 980 1468; baseline -0.003 0"><span class='ocrx_word' id='word_1_199' title='bbox 190 1445 286 1468; x_wconf 87' lang='lat' dir='ltr'><strong>monet</strong></span> <span class='ocrx_word' id='word_1_200' title='bbox 303 1448 339 1468; x_wconf 88' lang='lat' dir='ltr'><strong>ne</strong></span> <span class='ocrx_word' id='word_1_201' title='bbox 355 1440 389 1467; x_wconf 91' lang='lat' dir='ltr'><strong>de</strong></span> <span class='ocrx_word' id='word_1_202' title='bbox 405 1439 461 1467; x_wconf 84' lang='lat' dir='ltr'><strong>Deo</strong></span> <span class='ocrx_word' id='word_1_203' title='bbox 474 1443 577 1467; x_wconf 81' lang='lat' dir='ltr'><strong>temere</strong></span> <span class='ocrx_word' id='word_1_204' title='bbox 590 1443 617 1466; x_wconf 90' lang='lat' dir='ltr'><strong>et</strong></span> <span class='ocrx_word' id='word_1_205' title='bbox 633 1437 837 1466; x_wconf 84' lang='lat' dir='ltr'><strong>inconsiderate</strong></span> <span class='ocrx_word' id='word_1_206' title='bbox 858 1439 980 1467; x_wconf 88' lang='lat' dir='ltr'><strong>dissera-</strong></span> 
     </span>
    </p>
   </div>
   <div class='ocr_carea' id='block_1_33' title="bbox 190 1485 981 1520">
    <p class='ocr_par' dir='ltr' id='par_1_33' title="bbox 190 1485 981 1520">
     <span class='ocr_line' id='line_1_33' title="bbox 190 1485 981 1520; baseline -0.001 -7"><span class='ocrx_word' id='word_1_207' title='bbox 190 1494 263 1515; x_wconf 86' lang='lat' dir='ltr'><strong>mus.</strong></span> <span class='ocrx_word' id='word_1_208' title='bbox 280 1486 455 1514; x_wconf 77' lang='lat' dir='ltr'><strong>Diviuitatt-m</strong></span> <span class='ocrx_word' id='word_1_209' title='bbox 476 1492 540 1512; x_wconf 83' lang='lat' dir='ltr'><strong>vero</strong></span> <span class='ocrx_word' id='word_1_210' title='bbox 562 1485 675 1513; x_wconf 80' lang='lat' dir='ltr'><strong>delinire</strong></span> <span class='ocrx_word' id='word_1_211' title='bbox 697 1492 812 1520; x_wconf 88' lang='lat' dir='ltr'><strong>prorsus</strong></span> <span class='ocrx_word' id='word_1_212' title='bbox 835 1488 921 1518; x_wconf 86' lang='lat' dir='ltr'><strong>vetat,</strong></span> <span class='ocrx_word' id='word_1_213' title='bbox 940 1489 981 1512; x_wconf 95' lang='lat' dir='ltr'><strong>ut-</strong></span> 
     </span>
    </p>
   </div>
   <div class='ocr_carea' id='block_1_34' title="bbox 190 1530 979 1568">
    <p class='ocr_par' dir='ltr' id='par_1_34' title="bbox 190 1530 979 1568">
     <span class='ocr_line' id='line_1_34' title="bbox 190 1530 979 1568; baseline -0.003 -9"><span class='ocrx_word' id='word_1_214' title='bbox 190 1537 255 1568; x_wconf 86' lang='lat' dir='ltr'><strong>pote</strong></span> <span class='ocrx_word' id='word_1_215' title='bbox 272 1539 330 1559; x_wconf 91' lang='lat' dir='ltr'><strong>rem</strong></span> <span class='ocrx_word' id='word_1_216' title='bbox 356 1530 601 1566; x_wconf 88' lang='lat' dir='ltr'><strong>simplicissimam.</strong></span> <span class='ocrx_word' id='word_1_217' title='bbox 615 1530 792 1558; x_wconf 83' lang='lat' dir='ltr'><strong>Deﬁnitiones</strong></span> <span class='ocrx_word' id='word_1_218' title='bbox 803 1530 876 1558; x_wconf 88' lang='lat' dir='ltr'><strong>enim</strong></span> <span class='ocrx_word' id='word_1_219' title='bbox 889 1538 979 1558; x_wconf 89' lang='lat' dir='ltr'><strong>rerum</strong></span> 
     </span>
    </p>
   </div>
   <div class='ocr_carea' id='block_1_35' title="bbox 1045 250 1838 294">
    <p class='ocr_par' dir='ltr' id='par_1_35' title="bbox 1045 250 1838 294">
     <span class='ocr_line' id='line_1_35' title="bbox 1045 250 1838 294; baseline 0.014 -18"><span class='ocrx_word' id='word_1_220' title='bbox 1045 250 1116 286; x_wconf 86' lang='grc' dir='ltr'>χέων</span> <span class='ocrx_word' id='word_1_221' title='bbox 1142 252 1240 278; x_wconf 82' lang='grc' dir='ltr'>είπεῖν.</span> <span class='ocrx_word' id='word_1_222' title='bbox 1256 253 1288 279; x_wconf 80' lang='lat' dir='ltr'><strong>Ol</strong></span> <span class='ocrx_word' id='word_1_223' title='bbox 1316 254 1365 288; x_wconf 83' lang='grc' dir='ltr'>τὴν</span> <span class='ocrx_word' id='word_1_224' title='bbox 1393 253 1551 290; x_wconf 78' lang='grc' dir='ltr'>Ἑλληνικὴν</span> <span class='ocrx_word' id='word_1_225' title='bbox 1574 257 1641 292; x_wconf 69' lang='grc' dir='ltr'>παρ’</span> <span class='ocrx_word' id='word_1_226' title='bbox 1658 258 1774 294; x_wconf 85' lang='grc' dir='ltr'>Ἕλλησι</span> <span class='ocrx_word' id='word_1_227' title='bbox 1794 269 1838 286; x_wconf 86' lang='grc' dir='ltr'>σο-</span> 
     </span>
    </p>
   </div>
   <div class='ocr_carea' id='block_1_36' title="bbox 1043 296 1838 339">
    <p class='ocr_par' dir='ltr' id='par_1_36' title="bbox 1043 296 1838 339">
     <span class='ocr_line' id='line_1_36' title="bbox 1043 296 1838 339; baseline 0.01 -17"><span class='ocrx_word' id='word_1_228' title='bbox 1043 296 1108 330; x_wconf 83' lang='grc' dir='ltr'>φίαν</span> <span class='ocrx_word' id='word_1_229' title='bbox 1124 296 1180 332; x_wconf 71' lang='grc'><strong>(42)</strong></span> <span class='ocrx_word' id='word_1_230' title='bbox 1193 297 1345 332; x_wconf 79' lang='grc' dir='ltr'>ἑκθέμενοι,</span> <span class='ocrx_word' id='word_1_231' title='bbox 1360 298 1410 331; x_wconf 78' lang='grc' dir='ltr'>τὴν</span> <span class='ocrx_word' id='word_1_232' title='bbox 1426 299 1477 333; x_wconf 82' lang='grc' dir='ltr'><strong>μὲν</strong></span> <span class='ocrx_word' id='word_1_233' title='bbox 1492 300 1584 327; x_wconf 83' lang='grc' dir='ltr'>οὐσίαν</span> <span class='ocrx_word' id='word_1_234' title='bbox 1611 302 1757 338; x_wconf 82' lang='grc' dir='ltr'><strong>πολλαχῶς</strong></span> <span class='ocrx_word' id='word_1_235' title='bbox 1775 304 1838 339; x_wconf 84' lang='grc' dir='ltr'>ὡρί-</span> 
     </span>
    </p>
   </div>
   <div class='ocr_carea' id='block_1_37' title="bbox 1044 343 1834 385">
    <p class='ocr_par' dir='ltr' id='par_1_37' title="bbox 1044 343 1834 385">
     <span class='ocr_line' id='line_1_37' title="bbox 1044 343 1834 385; baseline 0.011 -17"><span class='ocrx_word' id='word_1_236' title='bbox 1044 350 1126 369; x_wconf 86' lang='grc' dir='ltr'>σαντο</span> <span class='ocrx_word' id='word_1_237' title='bbox 1140 351 1147 358; x_wconf 92' lang='grc'>·</span> <span class='ocrx_word' id='word_1_238' title='bbox 1165 343 1342 376; x_wconf 75' lang='grc' dir='ltr'><strong>ὑποστάσεως</strong></span> <span class='ocrx_word' id='word_1_239' title='bbox 1369 345 1398 371; x_wconf 74' lang='grc' dir='ltr'><strong>δὲ</strong></span> <span class='ocrx_word' id='word_1_240' title='bbox 1423 345 1478 372; x_wconf 76' lang='grc' dir='ltr'><strong>οὐδ’</strong></span> <span class='ocrx_word' id='word_1_241' title='bbox 1500 347 1642 382; x_wconf 79' lang='grc' dir='ltr'><strong>ἡντιναοῦν</strong></span> <span class='ocrx_word' id='word_1_242' title='bbox 1660 350 1774 385; x_wconf 81' lang='grc' dir='ltr'><strong>μνήμην</strong></span> <span class='ocrx_word' id='word_1_243' title='bbox 1789 358 1834 377; x_wconf 76' lang='grc' dir='ltr'>πε-</span> 
     </span>
    </p>
   </div>
   <div class='ocr_carea' id='block_1_38' title="bbox 1043 388 1839 431">
    <p class='ocr_par' dir='ltr' id='par_1_38' title="bbox 1043 388 1839 431">
     <span class='ocr_line' id='line_1_38' title="bbox 1043 388 1839 431; baseline 0.011 -18"><span class='ocrx_word' id='word_1_244' title='bbox 1043 388 1178 423; x_wconf 78' lang='grc' dir='ltr'>ποίηνται.</span> <span class='ocrx_word' id='word_1_245' title='bbox 1205 389 1348 425; x_wconf 82' lang='grc' dir='ltr'><strong>Εἰρηναῖος</strong></span> <span class='ocrx_word' id='word_1_246' title='bbox 1371 390 1398 416; x_wconf 86' lang='grc' dir='ltr'><strong>δὲ</strong></span> <span class='ocrx_word' id='word_1_247' title='bbox 1422 391 1436 418; x_wconf 81' lang='grc' dir='ltr'><strong>ό</strong></span> <span class='ocrx_word' id='word_1_248' title='bbox 1459 393 1652 426; x_wconf 78' lang='grc' dir='ltr'>γραμματικὸς</span> <span class='ocrx_word' id='word_1_249' title='bbox 1670 394 1725 429; x_wconf 73' lang='grc'><strong>(45)</strong></span> <span class='ocrx_word' id='word_1_250' title='bbox 1750 395 1779 421; x_wconf 83' lang='grc' dir='ltr'>ὲν</span> <span class='ocrx_word' id='word_1_251' title='bbox 1799 397 1839 431; x_wconf 79' lang='grc' dir='ltr'>τῷ</span> 
     </span>
    </p>
   </div>
   <div class='ocr_carea' id='block_1_39' title="bbox 1041 433 1839 474">
    <p class='ocr_par' dir='ltr' id='par_1_39' title="bbox 1041 433 1839 474">
     <span class='ocr_line' id='line_1_39' title="bbox 1041 433 1839 474; baseline 0.01 -15"><span class='ocrx_word' id='word_1_252' title='bbox 1041 433 1112 460; x_wconf 72' lang='grc' dir='ltr'>κατὰ</span> <span class='ocrx_word' id='word_1_253' title='bbox 1135 435 1267 469; x_wconf 85' lang='grc' dir='ltr'>στοιχεῖον</span> <span class='ocrx_word' id='word_1_254' title='bbox 1298 435 1452 471; x_wconf 78' lang='grc' dir='ltr'>Ἀττικιστῇ</span> <span class='ocrx_word' id='word_1_255' title='bbox 1466 455 1474 467; x_wconf 86' lang='lat'><strong>,</strong></span> <span class='ocrx_word' id='word_1_256' title='bbox 1493 437 1540 463; x_wconf 74' lang='grc' dir='ltr'><strong>καὶ</strong></span> <span class='ocrx_word' id='word_1_257' title='bbox 1566 437 1703 474; x_wconf 76' lang='grc' dir='ltr'>βάρϐαρον</span> <span class='ocrx_word' id='word_1_258' title='bbox 1733 439 1839 467; x_wconf 75' lang='grc' dir='ltr'>ἀποκα-</span> 
     </span>
    </p>
   </div>
   <div class='ocr_carea' id='block_1_40' title="bbox 1040 479 1838 519">
    <p class='ocr_par' dir='ltr' id='par_1_40' title="bbox 1040 479 1838 519">
     <span class='ocr_line' id='line_1_40' title="bbox 1040 479 1838 519; baseline 0.01 -13"><span class='ocrx_word' id='word_1_259' title='bbox 1040 479 1082 506; x_wconf 82' lang='grc' dir='ltr'>λεῖ</span> <span class='ocrx_word' id='word_1_260' title='bbox 1099 480 1148 516; x_wconf 86' lang='grc' dir='ltr'><strong>τὴν</strong></span> <span class='ocrx_word' id='word_1_261' title='bbox 1168 481 1249 513; x_wconf 80' lang='grc' dir='ltr'><strong>λέξιν.</strong></span> <span class='ocrx_word' id='word_1_262' title='bbox 1272 482 1348 516; x_wconf 83' lang='grc' dir='ltr'><strong>Μηδὲ</strong></span> <span class='ocrx_word' id='word_1_263' title='bbox 1372 482 1426 518; x_wconf 84' lang='grc' dir='ltr'>γὰρ</span> <span class='ocrx_word' id='word_1_264' title='bbox 1455 484 1531 519; x_wconf 84' lang='grc' dir='ltr'>παρά</span> <span class='ocrx_word' id='word_1_265' title='bbox 1552 493 1606 511; x_wconf 80' lang='grc' dir='ltr'>τισι</span> <span class='ocrx_word' id='word_1_266' title='bbox 1630 485 1686 512; x_wconf 83' lang='grc' dir='ltr'><strong>τῶν</strong></span> <span class='ocrx_word' id='word_1_267' title='bbox 1713 487 1838 514; x_wconf 81' lang='grc' dir='ltr'>παλαιῶν</span> 
     </span>
    </p>
   </div>
   <div class='ocr_carea' id='block_1_41' title="bbox 1040 526 1836 570">
    <p class='ocr_par' dir='ltr' id='par_1_41' title="bbox 1040 526 1836 570">
     <span class='ocr_line' id='line_1_41' title="bbox 1040 526 1836 570; baseline 0.009 -18"><span class='ocrx_word' id='word_1_268' title='bbox 1040 526 1172 562; x_wconf 77' lang='grc' dir='ltr'>είρῆσθαι.</span> <span class='ocrx_word' id='word_1_269' title='bbox 1192 527 1223 553; x_wconf 78' lang='lat' dir='ltr'><strong>Et</strong></span> <span class='ocrx_word' id='word_1_270' title='bbox 1238 527 1267 554; x_wconf 85' lang='grc' dir='ltr'>δέ</span> <span class='ocrx_word' id='word_1_271' title='bbox 1288 537 1338 554; x_wconf 90' lang='grc' dir='ltr'><strong>που</strong></span> <span class='ocrx_word' id='word_1_272' title='bbox 1359 529 1405 555; x_wconf 81' lang='grc' dir='ltr'>καὶ</span> <span class='ocrx_word' id='word_1_273' title='bbox 1417 528 1544 570; x_wconf 80' lang='grc' dir='ltr'>ηὕρηται,</span> <span class='ocrx_word' id='word_1_274' title='bbox 1563 531 1600 566; x_wconf 88' lang='grc' dir='ltr'><strong>μὴ</strong></span> <span class='ocrx_word' id='word_1_275' title='bbox 1626 531 1714 561; x_wconf 79' lang='grc' dir='ltr'>ταῦτα</span> <span class='ocrx_word' id='word_1_276' title='bbox 1734 533 1836 569; x_wconf 72' lang='grc' dir='ltr'>σημαί-</span> 
     </span>
    </p>
   </div>
   <div class='ocr_carea' id='block_1_42' title="bbox 1039 571 1835 614">
    <p class='ocr_par' dir='ltr' id='par_1_42' title="bbox 1039 571 1835 614">
     <span class='ocr_line' id='line_1_42' title="bbox 1039 571 1835 614; baseline 0.009 -15"><span class='ocrx_word' id='word_1_277' title='bbox 1039 581 1104 606; x_wconf 86' lang='grc' dir='ltr'>νειν,</span> <span class='ocrx_word' id='word_1_278' title='bbox 1132 573 1174 608; x_wconf 83' lang='grc' dir='ltr'><strong>ἐφ’</strong></span> <span class='ocrx_word' id='word_1_279' title='bbox 1196 571 1234 601; x_wconf 85' lang='grc' dir='ltr'>ὧν</span> <span class='ocrx_word' id='word_1_280' title='bbox 1257 574 1305 602; x_wconf 82' lang='grc' dir='ltr'>νῦν</span> <span class='ocrx_word' id='word_1_281' title='bbox 1330 575 1584 610; x_wconf 73' lang='grc' dir='ltr'>παραλαμϐάνεται.</span> <span class='ocrx_word' id='word_1_282' title='bbox 1605 577 1684 614; x_wconf 85' lang='grc' dir='ltr'>Παρὰ</span> <span class='ocrx_word' id='word_1_283' title='bbox 1707 579 1758 614; x_wconf 80' lang='grc' dir='ltr'><strong>μὲν</strong></span> <span class='ocrx_word' id='word_1_284' title='bbox 1781 579 1835 614; x_wconf 78' lang='grc' dir='ltr'><strong>γὰρ</strong></span> 
     </span>
    </p>
   </div>
   <div class='ocr_carea' id='block_1_43' title="bbox 1039 619 1835 660">
    <p class='ocr_par' dir='ltr' id='par_1_43' title="bbox 1039 619 1835 660">
     <span class='ocr_line' id='line_1_43' title="bbox 1039 619 1835 660; baseline 0.01 -15"><span class='ocrx_word' id='word_1_285' title='bbox 1039 619 1169 654; x_wconf 73' lang='grc' dir='ltr'>Σοφοκλεῖ</span> <span class='ocrx_word' id='word_1_286' title='bbox 1194 620 1223 646; x_wconf 81' lang='grc' dir='ltr'>ἐν</span> <span class='ocrx_word' id='word_1_287' title='bbox 1247 620 1350 648; x_wconf 74' lang='grc' dir='ltr'>Φοίνικι</span> <span class='ocrx_word' id='word_1_288' title='bbox 1379 621 1489 657; x_wconf 77' lang='grc' dir='ltr'>ἐνέδραν</span> <span class='ocrx_word' id='word_1_289' title='bbox 1517 623 1658 658; x_wconf 78' lang='grc' dir='ltr'>σημαίνειν</span> <span class='ocrx_word' id='word_1_290' title='bbox 1689 625 1740 660; x_wconf 75' lang='grc' dir='ltr'>τὴν</span> <span class='ocrx_word' id='word_1_291' title='bbox 1769 626 1835 652; x_wconf 83' lang='grc' dir='ltr'>ὑπό-</span> 
     </span>
    </p>
   </div>
   <div class='ocr_carea' id='block_1_44' title="bbox 1039 665 1836 706">
    <p class='ocr_par' dir='ltr' id='par_1_44' title="bbox 1039 665 1836 706">
     <span class='ocr_line' id='line_1_44' title="bbox 1039 665 1836 706; baseline 0.01 -15"><span class='ocrx_word' id='word_1_292' title='bbox 1039 673 1144 692; x_wconf 64' lang='lat' dir='ltr'><strong>ﬂuctv.</strong></span> <span class='ocrx_word' id='word_1_293' title='bbox 1167 665 1246 702; x_wconf 86' lang='grc' dir='ltr'>Παρὰ</span> <span class='ocrx_word' id='word_1_294' title='bbox 1270 667 1300 693; x_wconf 78' lang='grc' dir='ltr'><strong>δὲ</strong></span> <span class='ocrx_word' id='word_1_295' title='bbox 1327 667 1489 704; x_wconf 85' lang='grc' dir='ltr'>Μενάνδρῳ,</span> <span class='ocrx_word' id='word_1_296' title='bbox 1505 669 1539 695; x_wconf 79' lang='grc' dir='ltr'><strong>τὰ</strong></span> <span class='ocrx_word' id='word_1_297' title='bbox 1559 670 1756 706; x_wconf 82' lang='grc' dir='ltr'>καρυκεύματα</span> <span class='ocrx_word' id='word_1_298' title='bbox 1770 692 1778 704; x_wconf 92' lang='grc'>,</span> <span class='ocrx_word' id='word_1_299' title='bbox 1796 672 1836 704; x_wconf 85' lang='grc' dir='ltr'>ὡς</span> 
     </span>
    </p>
   </div>
   <div class='ocr_carea' id='block_1_45' title="bbox 1037 709 1834 752">
    <p class='ocr_par' dir='ltr' id='par_1_45' title="bbox 1037 709 1834 752">
     <span class='ocr_line' id='line_1_45' title="bbox 1037 709 1834 752; baseline 0.01 -16"><span class='ocrx_word' id='word_1_300' title='bbox 1037 711 1064 737; x_wconf 85' lang='grc' dir='ltr'>εῐ</span> <span class='ocrx_word' id='word_1_301' title='bbox 1076 719 1118 742; x_wconf 87' lang='grc' dir='ltr'><strong>τις</strong></span> <span class='ocrx_word' id='word_1_302' title='bbox 1140 709 1213 746; x_wconf 81' lang='grc' dir='ltr'>λέγοι</span> <span class='ocrx_word' id='word_1_303' title='bbox 1226 711 1281 747; x_wconf 70' lang='grc' dir='ltr'><strong>(Η)</strong></span> <span class='ocrx_word' id='word_1_304' title='bbox 1296 711 1344 748; x_wconf 82' lang='grc' dir='ltr'>τὴν</span> <span class='ocrx_word' id='word_1_305' title='bbox 1364 713 1392 739; x_wconf 80' lang='grc' dir='ltr'>ὲν</span> <span class='ocrx_word' id='word_1_306' title='bbox 1419 713 1459 748; x_wconf 86' lang='grc' dir='ltr'>τῷ</span> <span class='ocrx_word' id='word_1_307' title='bbox 1478 714 1549 750; x_wconf 88' lang='grc' dir='ltr'>πίθῳ</span> <span class='ocrx_word' id='word_1_308' title='bbox 1572 714 1619 741; x_wconf 82' lang='grc' dir='ltr'>τοῦ</span> <span class='ocrx_word' id='word_1_309' title='bbox 1642 716 1715 743; x_wconf 83' lang='grc' dir='ltr'>οῐνου</span> <span class='ocrx_word' id='word_1_310' title='bbox 1733 716 1834 752; x_wconf 81' lang='grc' dir='ltr'>τρύγα,</span> 
     </span>
    </p>
   </div>
   <div class='ocr_carea' id='block_1_46' title="bbox 1037 755 1837 797">
    <p class='ocr_par' dir='ltr' id='par_1_46' title="bbox 1037 755 1837 797">
     <span class='ocr_line' id='line_1_46' title="bbox 1037 755 1837 797; baseline 0.01 -15"><span class='ocrx_word' id='word_1_311' title='bbox 1037 755 1196 784; x_wconf 83' lang='grc' dir='ltr'>ὑπόστασιν.</span> <span class='ocrx_word' id='word_1_312' title='bbox 1214 757 1313 784; x_wconf 74' lang='grc' dir='ltr'>’Ῑστέον</span> <span class='ocrx_word' id='word_1_313' title='bbox 1330 757 1422 793; x_wconf 86' lang='grc' dir='ltr'>μέντοι</span> <span class='ocrx_word' id='word_1_314' title='bbox 1433 759 1474 786; x_wconf 84' lang='grc' dir='ltr'>ὅτι</span> <span class='ocrx_word' id='word_1_315' title='bbox 1489 761 1513 786; x_wconf 79' lang='grc' dir='ltr'><strong>εί</strong></span> <span class='ocrx_word' id='word_1_316' title='bbox 1532 762 1580 787; x_wconf 84' lang='grc' dir='ltr'>καὶ</span> <span class='ocrx_word' id='word_1_317' title='bbox 1591 761 1617 788; x_wconf 79' lang='grc' dir='ltr'>οἱ</span> <span class='ocrx_word' id='word_1_318' title='bbox 1630 761 1742 789; x_wconf 85' lang='grc' dir='ltr'>παλαιοὶ</span> <span class='ocrx_word' id='word_1_319' title='bbox 1757 763 1837 797; x_wconf 78' lang='grc' dir='ltr'>φιλύ-</span> 
     </span>
    </p>
   </div>
   <div class='ocr_carea' id='block_1_47' title="bbox 1037 801 1835 844">
    <p class='ocr_par' dir='ltr' id='par_1_47' title="bbox 1037 801 1835 844">
     <span class='ocr_line' id='line_1_47' title="bbox 1037 801 1835 844; baseline 0.009 -16"><span class='ocrx_word' id='word_1_320' title='bbox 1037 809 1113 836; x_wconf 81' lang='grc' dir='ltr'>σοφοι</span> <span class='ocrx_word' id='word_1_321' title='bbox 1125 803 1175 838; x_wconf 84' lang='grc' dir='ltr'>τὴν</span> <span class='ocrx_word' id='word_1_322' title='bbox 1191 801 1263 835; x_wconf 78' lang='grc' dir='ltr'>λέξιν</span> <span class='ocrx_word' id='word_1_323' title='bbox 1275 803 1435 839; x_wconf 82' lang='grc' dir='ltr'>παρέλιπον,</span> <span class='ocrx_word' id='word_1_324' title='bbox 1444 805 1502 832; x_wconf 84' lang='grc' dir='ltr'>ἀλλ’</span> <span class='ocrx_word' id='word_1_325' title='bbox 1516 805 1591 842; x_wconf 78' lang='grc' dir='ltr'>ὅμως</span> <span class='ocrx_word' id='word_1_326' title='bbox 1607 807 1631 834; x_wconf 85' lang='grc' dir='ltr'><strong>οί</strong></span> <span class='ocrx_word' id='word_1_327' title='bbox 1642 807 1771 844; x_wconf 77' lang='grc' dir='ltr'>νεώτεροι</span> <span class='ocrx_word' id='word_1_328' title='bbox 1778 809 1835 835; x_wconf 83' lang='grc' dir='ltr'><strong>τῶν</strong></span> 
     </span>
    </p>
   </div>
   <div class='ocr_carea' id='block_1_48' title="bbox 1036 847 1834 889">
    <p class='ocr_par' dir='ltr' id='par_1_48' title="bbox 1036 847 1834 889">
     <span class='ocr_line' id='line_1_48' title="bbox 1036 847 1834 889; baseline 0.01 -16"><span class='ocrx_word' id='word_1_329' title='bbox 1036 847 1189 882; x_wconf 75' lang='grc' dir='ltr'>φιλοσόφων</span> <span class='ocrx_word' id='word_1_330' title='bbox 1213 849 1333 884; x_wconf 88' lang='grc' dir='ltr'>συνεχῶς</span> <span class='ocrx_word' id='word_1_331' title='bbox 1359 850 1420 877; x_wconf 76' lang='grc' dir='ltr'>ἀντὶ</span> <span class='ocrx_word' id='word_1_332' title='bbox 1445 851 1495 886; x_wconf 81' lang='grc' dir='ltr'>τῆς</span> <span class='ocrx_word' id='word_1_333' title='bbox 1520 852 1625 885; x_wconf 83' lang='grc' dir='ltr'>οὐσίας,</span> <span class='ocrx_word' id='word_1_334' title='bbox 1639 854 1672 888; x_wconf 75' lang='grc' dir='ltr'>τῇ</span> <span class='ocrx_word' id='word_1_335' title='bbox 1695 853 1767 886; x_wconf 78' lang='grc' dir='ltr'>λέξει</span> <span class='ocrx_word' id='word_1_336' title='bbox 1781 854 1834 889; x_wconf 81' lang='grc' dir='ltr'>τῆς</span> 
     </span>
    </p>
   </div>
   <div class='ocr_carea' id='block_1_49' title="bbox 1037 894 1834 936">
    <p class='ocr_par' dir='ltr' id='par_1_49' title="bbox 1037 894 1834 936">
     <span class='ocr_line' id='line_1_49' title="bbox 1037 894 1834 936; baseline 0.009 -15"><span class='ocrx_word' id='word_1_337' title='bbox 1037 894 1212 926; x_wconf 82' lang='grc' dir='ltr'><strong>ὑποστάσεως</strong></span> <span class='ocrx_word' id='word_1_338' title='bbox 1239 895 1442 931; x_wconf 82' lang='grc' dir='ltr'>ἀπεχρήσαντο.</span> <span class='ocrx_word' id='word_1_339' title='bbox 1470 898 1572 930; x_wconf 79' lang='grc' dir='ltr'>Οὐσίας</span> <span class='ocrx_word' id='word_1_340' title='bbox 1591 899 1619 925; x_wconf 83' lang='grc' dir='ltr'><strong>δὲ</strong></span> <span class='ocrx_word' id='word_1_341' title='bbox 1644 900 1689 926; x_wconf 81' lang='grc' dir='ltr'>τὸν</span> <span class='ocrx_word' id='word_1_342' title='bbox 1702 901 1776 936; x_wconf 80' lang='grc' dir='ltr'>ὅρον,</span> <span class='ocrx_word' id='word_1_343' title='bbox 1795 901 1834 932; x_wconf 79' lang='grc' dir='ltr'>ὡς</span> 
     </span>
    </p>
   </div>
   <div class='ocr_carea' id='block_1_50' title="bbox 1037 941 1834 982">
    <p class='ocr_par' dir='ltr' id='par_1_50' title="bbox 1037 941 1834 982">
     <span class='ocr_line' id='line_1_50' title="bbox 1037 941 1834 982; baseline 0.01 -16"><span class='ocrx_word' id='word_1_344' title='bbox 1037 941 1152 976; x_wconf 72' lang='grc' dir='ltr'>ἔφαμεν,</span> <span class='ocrx_word' id='word_1_345' title='bbox 1168 941 1303 978; x_wconf 81' lang='grc' dir='ltr'>διαφόρως</span> <span class='ocrx_word' id='word_1_346' title='bbox 1315 942 1528 971; x_wconf 76' lang='grc' dir='ltr'>ἀποδεδώκασιν.</span> <span class='ocrx_word' id='word_1_347' title='bbox 1543 945 1575 972; x_wconf 77' lang='lat' dir='ltr'><strong>Et</strong></span> <span class='ocrx_word' id='word_1_348' title='bbox 1589 945 1617 972; x_wconf 78' lang='grc' dir='ltr'><strong>δὲ</strong></span> <span class='ocrx_word' id='word_1_349' title='bbox 1630 946 1687 981; x_wconf 74' lang='grc' dir='ltr'>ὅρῳ</span> <span class='ocrx_word' id='word_1_350' title='bbox 1709 947 1726 982; x_wconf 85' lang='grc' dir='ltr'><strong>ή</strong></span> <span class='ocrx_word' id='word_1_351' title='bbox 1752 947 1834 974; x_wconf 79' lang='grc' dir='ltr'>οὐσία</span> 
     </span>
    </p>
   </div>
   <div class='ocr_carea' id='block_1_51' title="bbox 1037 985 1831 1026">
    <p class='ocr_par' dir='ltr' id='par_1_51' title="bbox 1037 985 1831 1026">
     <span class='ocr_line' id='line_1_51' title="bbox 1037 985 1831 1026; baseline 0.01 -16"><span class='ocrx_word' id='word_1_352' title='bbox 1037 985 1270 1021; x_wconf 77' lang='grc' dir='ltr'>περιλαμϐάνεται</span> <span class='ocrx_word' id='word_1_353' title='bbox 1283 1007 1290 1019; x_wconf 87' lang='grc'><em>,</em></span> <span class='ocrx_word' id='word_1_354' title='bbox 1310 986 1369 1019; x_wconf 85' lang='grc' dir='ltr'><strong>πῶς</strong></span> <span class='ocrx_word' id='word_1_355' title='bbox 1397 988 1443 1014; x_wconf 73' lang='grc' dir='ltr'><strong>ἐπὶ</strong></span> <span class='ocrx_word' id='word_1_356' title='bbox 1465 988 1533 1015; x_wconf 89' lang='grc' dir='ltr'><strong>Θεοῦ</strong></span> <span class='ocrx_word' id='word_1_357' title='bbox 1548 989 1594 1016; x_wconf 82' lang='grc' dir='ltr'>τοῦ</span> <span class='ocrx_word' id='word_1_358' title='bbox 1613 991 1649 1025; x_wconf 84' lang='grc' dir='ltr'>μὴ</span> <span class='ocrx_word' id='word_1_359' title='bbox 1678 991 1831 1026; x_wconf 77' lang='grc' dir='ltr'>δυναμένου</span> 
     </span>
    </p>
   </div>
   <div class='ocr_carea' id='block_1_52' title="bbox 1037 1031 1830 1072">
    <p class='ocr_par' dir='ltr' id='par_1_52' title="bbox 1037 1031 1830 1072">
     <span class='ocr_line' id='line_1_52' title="bbox 1037 1031 1830 1072; baseline 0.009 -14"><span class='ocrx_word' id='word_1_360' title='bbox 1037 1031 1236 1066; x_wconf 83' lang='grc' dir='ltr'>περιληφθῆναι</span> <span class='ocrx_word' id='word_1_361' title='bbox 1250 1053 1256 1063; x_wconf 84' lang='grc'><em>,</em></span> <span class='ocrx_word' id='word_1_362' title='bbox 1274 1033 1376 1068; x_wconf 78' lang='grc' dir='ltr'><strong>κυρίως</strong></span> <span class='ocrx_word' id='word_1_363' title='bbox 1399 1035 1432 1069; x_wconf 80' lang='grc' dir='ltr'><strong>τῇ</strong></span> <span class='ocrx_word' id='word_1_364' title='bbox 1449 1034 1520 1066; x_wconf 79' lang='grc' dir='ltr'>λέξει</span> <span class='ocrx_word' id='word_1_365' title='bbox 1546 1036 1740 1072; x_wconf 83' lang='grc' dir='ltr'>χρησαίμεθα;</span> <span class='ocrx_word' id='word_1_366' title='bbox 1757 1038 1830 1065; x_wconf 75' lang='grc' dir='ltr'><strong>Εὐά-</strong></span> 
     </span>
    </p>
   </div>
   <div class='ocr_carea' id='block_1_53' title="bbox 1037 1078 1831 1120">
    <p class='ocr_par' dir='ltr' id='par_1_53' title="bbox 1037 1078 1831 1120">
     <span class='ocr_line' id='line_1_53' title="bbox 1037 1078 1831 1120; baseline 0.009 -16"><span class='ocrx_word' id='word_1_367' title='bbox 1037 1080 1113 1113; x_wconf 79' lang='grc' dir='ltr'>γριος</span> <span class='ocrx_word' id='word_1_368' title='bbox 1126 1078 1154 1104; x_wconf 85' lang='grc' dir='ltr'><strong>δὲ</strong></span> <span class='ocrx_word' id='word_1_369' title='bbox 1167 1079 1196 1105; x_wconf 78' lang='grc' dir='ltr'>ἐν</span> <span class='ocrx_word' id='word_1_370' title='bbox 1215 1078 1254 1114; x_wconf 82' lang='grc' dir='ltr'>τῷ</span> <span class='ocrx_word' id='word_1_371' title='bbox 1270 1079 1427 1115; x_wconf 80' lang='grc' dir='ltr'>Μοναχικῴ,</span> <span class='ocrx_word' id='word_1_372' title='bbox 1444 1082 1588 1116; x_wconf 79' lang='grc' dir='ltr'><strong>προπετῶς</strong></span> <span class='ocrx_word' id='word_1_373' title='bbox 1605 1083 1654 1118; x_wconf 83' lang='grc' dir='ltr'><strong>μὲν</strong></span> <span class='ocrx_word' id='word_1_374' title='bbox 1668 1085 1715 1110; x_wconf 75' lang='grc' dir='ltr'>καὶ</span> <span class='ocrx_word' id='word_1_375' title='bbox 1730 1085 1831 1120; x_wconf 83' lang='grc' dir='ltr'>ἀπερι-</span> 
     </span>
    </p>
   </div>
   <div class='ocr_carea' id='block_1_54' title="bbox 1037 1123 1832 1164">
    <p class='ocr_par' dir='ltr' id='par_1_54' title="bbox 1037 1123 1832 1164">
     <span class='ocr_line' id='line_1_54' title="bbox 1037 1123 1832 1164; baseline 0.009 -15"><span class='ocrx_word' id='word_1_376' title='bbox 1037 1123 1162 1155; x_wconf 80' lang='grc' dir='ltr'>σκέπτως</span> <span class='ocrx_word' id='word_1_377' title='bbox 1174 1124 1310 1159; x_wconf 73' lang='grc' dir='ltr'>θεολογεζν</span> <span class='ocrx_word' id='word_1_378' title='bbox 1333 1126 1567 1162; x_wconf 78' lang='grc' dir='ltr'>ἁποσυμὸουλεύει</span> <span class='ocrx_word' id='word_1_379' title='bbox 1579 1136 1586 1143; x_wconf 79' lang='grc' dir='ltr'><strong>ο</strong></span> <span class='ocrx_word' id='word_1_380' title='bbox 1598 1128 1738 1164; x_wconf 77' lang='grc' dir='ltr'>ὁρίζεσθαι</span> <span class='ocrx_word' id='word_1_381' title='bbox 1752 1129 1781 1156; x_wconf 84' lang='grc' dir='ltr'><strong>δὲ</strong></span> <span class='ocrx_word' id='word_1_382' title='bbox 1792 1130 1832 1162; x_wconf 86' lang='grc' dir='ltr'><strong>ὡς</strong></span> 
     </span>
    </p>
   </div>
   <div class='ocr_carea' id='block_1_55' title="bbox 1034 1169 1832 1210">
    <p class='ocr_par' dir='ltr' id='par_1_55' title="bbox 1034 1169 1832 1210">
     <span class='ocr_line' id='line_1_55' title="bbox 1034 1169 1832 1210; baseline 0.009 -15"><span class='ocrx_word' id='word_1_383' title='bbox 1034 1169 1136 1196; x_wconf 80' lang='grc' dir='ltr'>ἁπλοῦν</span> <span class='ocrx_word' id='word_1_384' title='bbox 1147 1169 1177 1196; x_wconf 79' lang='grc' dir='ltr'>τὸ</span> <span class='ocrx_word' id='word_1_385' title='bbox 1190 1170 1266 1197; x_wconf 83' lang='grc' dir='ltr'>Θεῖον</span> <span class='ocrx_word' id='word_1_386' title='bbox 1273 1171 1360 1207; x_wconf 81' lang='grc' dir='ltr'>πάντη</span> <span class='ocrx_word' id='word_1_387' title='bbox 1373 1173 1549 1208; x_wconf 82' lang='grc' dir='ltr'>ἀπαγορεύει.</span> <span class='ocrx_word' id='word_1_388' title='bbox 1560 1174 1619 1200; x_wconf 88' lang='grc' dir='ltr'><strong>Τῶν</strong></span> <span class='ocrx_word' id='word_1_389' title='bbox 1628 1174 1682 1210; x_wconf 84' lang='grc' dir='ltr'><strong>γὰρ</strong></span> <span class='ocrx_word' id='word_1_390' title='bbox 1693 1175 1832 1203; x_wconf 78' lang='grc' dir='ltr'>συνθέτων</span> 
     </span>
    </p>
   </div>
   <div class='ocr_carea' id='block_1_56' title="bbox 1033 1211 1830 1251">
    <p class='ocr_par' dir='ltr' id='par_1_56' title="bbox 1033 1211 1830 1251">
     <span class='ocr_line' id='line_1_56' title="bbox 1033 1211 1830 1251; baseline 0.01 -12"><span class='ocrx_word' id='word_1_391' title='bbox 1033 1211 1102 1241; x_wconf 79' lang='grc' dir='ltr'>εἶναι</span> <span class='ocrx_word' id='word_1_392' title='bbox 1118 1214 1180 1246; x_wconf 86' lang='grc' dir='ltr'>τοὺς</span> <span class='ocrx_word' id='word_1_393' title='bbox 1195 1215 1274 1250; x_wconf 83' lang='grc' dir='ltr'>ὄρους</span> <span class='ocrx_word' id='word_1_394' title='bbox 1296 1217 1389 1251; x_wconf 79' lang='grc' dir='ltr'>φησιν.</span> <span class='ocrx_word' id='word_1_395' title='bbox 1408 1217 1436 1243; x_wconf 83' lang='grc'><strong>’0</strong></span> <span class='ocrx_word' id='word_1_396' title='bbox 1449 1217 1479 1244; x_wconf 83' lang='grc' dir='ltr'><strong>δὲ</strong></span> <span class='ocrx_word' id='word_1_397' title='bbox 1498 1218 1580 1250; x_wconf 80' lang='grc' dir='ltr'>αὐτὸς</span> <span class='ocrx_word' id='word_1_398' title='bbox 1591 1219 1638 1246; x_wconf 75' lang='grc' dir='ltr'>καὶ</span> <span class='ocrx_word' id='word_1_399' title='bbox 1651 1219 1736 1246; x_wconf 83' lang='grc' dir='ltr'>ταῦτα</span> <span class='ocrx_word' id='word_1_400' title='bbox 1757 1221 1830 1247; x_wconf 79' lang='grc' dir='ltr'>κατὰ</span> 
     </span>
    </p>
   </div>
   <div class='ocr_carea' id='block_1_57' title="bbox 1032 1259 1830 1301">
    <p class='ocr_par' dir='ltr' id='par_1_57' title="bbox 1032 1259 1830 1301">
     <span class='ocr_line' id='line_1_57' title="bbox 1032 1259 1830 1301; baseline 0.01 -16"><span class='ocrx_word' id='word_1_401' title='bbox 1032 1259 1104 1292; x_wconf 79' lang='grc' dir='ltr'>λέξιν</span> <span class='ocrx_word' id='word_1_402' title='bbox 1124 1259 1255 1289; x_wconf 72' lang='grc' dir='ltr'>διδάσκει.</span> <span class='ocrx_word' id='word_1_403' title='bbox 1283 1261 1361 1289; x_wconf 80' lang='grc' dir='ltr'>Πᾶσα</span> <span class='ocrx_word' id='word_1_404' title='bbox 1380 1263 1521 1298; x_wconf 82' lang='grc' dir='ltr'>πρότασις,</span> <span class='ocrx_word' id='word_1_405' title='bbox 1536 1265 1652 1301; x_wconf 75' lang='grc' dir='ltr'>φησὶν,ἢ</span> <span class='ocrx_word' id='word_1_406' title='bbox 1667 1265 1746 1300; x_wconf 89' lang='grc' dir='ltr'>γένος</span> <span class='ocrx_word' id='word_1_407' title='bbox 1771 1266 1830 1301; x_wconf 82' lang='grc' dir='ltr'>ἔχει</span> 
     </span>
    </p>
   </div>
   <div class='ocr_carea' id='block_1_58' title="bbox 1032 1306 1829 1348">
    <p class='ocr_par' dir='ltr' id='par_1_58' title="bbox 1032 1306 1829 1348">
     <span class='ocr_line' id='line_1_58' title="bbox 1032 1306 1829 1348; baseline 0.009 -16"><span class='ocrx_word' id='word_1_408' title='bbox 1032 1306 1279 1342; x_wconf 82' lang='grc' dir='ltr'>κατηγορούμενον,</span> <span class='ocrx_word' id='word_1_409' title='bbox 1296 1307 1313 1343; x_wconf 82' lang='grc' dir='ltr'>ἢ</span> <span class='ocrx_word' id='word_1_410' title='bbox 1332 1308 1492 1344; x_wconf 81' lang='grc' dir='ltr'>διαφορὰν,ἣ</span> <span class='ocrx_word' id='word_1_411' title='bbox 1506 1308 1585 1342; x_wconf 76' lang='grc' dir='ltr'>εἶδος,</span> <span class='ocrx_word' id='word_1_412' title='bbox 1598 1311 1614 1346; x_wconf 80' lang='grc' dir='ltr'>ἢ</span> <span class='ocrx_word' id='word_1_413' title='bbox 1629 1311 1704 1343; x_wconf 74' lang='grc' dir='ltr'>ἴδιον,</span> <span class='ocrx_word' id='word_1_414' title='bbox 1719 1312 1736 1348; x_wconf 80' lang='grc' dir='ltr'>ἢ</span> <span class='ocrx_word' id='word_1_415' title='bbox 1755 1321 1829 1347; x_wconf 61' lang='lat' dir='ltr'><strong>cuit»</strong></span> 
     </span>
    </p>
   </div>
   <div class='ocr_carea' id='block_1_59' title="bbox 1032 1348 1829 1392">
    <p class='ocr_par' dir='ltr' id='par_1_59' title="bbox 1032 1348 1829 1392">
     <span class='ocr_line' id='line_1_59' title="bbox 1032 1348 1829 1392; baseline 0.011 -17"><span class='ocrx_word' id='word_1_416' title='bbox 1032 1348 1184 1385; x_wconf 77' lang='grc' dir='ltr'>6ε6ηκὸς,ἢ</span> <span class='ocrx_word' id='word_1_417' title='bbox 1197 1350 1227 1377; x_wconf 83' lang='grc' dir='ltr'>τὸ</span> <span class='ocrx_word' id='word_1_418' title='bbox 1235 1352 1267 1377; x_wconf 85' lang='grc' dir='ltr'>ὲκ</span> <span class='ocrx_word' id='word_1_419' title='bbox 1281 1351 1382 1379; x_wconf 84' lang='grc' dir='ltr'>τούτων</span> <span class='ocrx_word' id='word_1_420' title='bbox 1393 1354 1580 1390; x_wconf 85' lang='grc' dir='ltr'>συγκείμενον,</span> <span class='ocrx_word' id='word_1_421' title='bbox 1588 1355 1664 1383; x_wconf 79' lang='grc' dir='ltr'>οὐδὲν</span> <span class='ocrx_word' id='word_1_422' title='bbox 1675 1356 1703 1383; x_wconf 83' lang='grc' dir='ltr'><strong>δὲ</strong></span> <span class='ocrx_word' id='word_1_423' title='bbox 1716 1357 1763 1384; x_wconf 77' lang='grc' dir='ltr'><strong>ἐπὶ</strong></span> <span class='ocrx_word' id='word_1_424' title='bbox 1777 1357 1829 1392; x_wconf 77' lang='grc' dir='ltr'>τῆς</span> 
     </span>
    </p>
   </div>
   <div class='ocr_carea' id='block_1_60' title="bbox 1033 1395 1826 1438">
    <p class='ocr_par' dir='ltr' id='par_1_60' title="bbox 1033 1395 1826 1438">
     <span class='ocr_line' id='line_1_60' title="bbox 1033 1395 1826 1438; baseline 0.011 -17"><span class='ocrx_word' id='word_1_425' title='bbox 1033 1395 1113 1429; x_wconf 83' lang='grc' dir='ltr'>ἁγίας</span> <span class='ocrx_word' id='word_1_426' title='bbox 1125 1395 1238 1431; x_wconf 80' lang='grc' dir='ltr'>Τριάδος</span> <span class='ocrx_word' id='word_1_427' title='bbox 1248 1397 1302 1432; x_wconf 66' lang='grc'><strong>(45)</strong></span> <span class='ocrx_word' id='word_1_428' title='bbox 1313 1398 1367 1425; x_wconf 83' lang='grc' dir='ltr'><strong>τῶν</strong></span> <span class='ocrx_word' id='word_1_429' title='bbox 1377 1399 1529 1435; x_wconf 74' lang='grc' dir='ltr'>εἰρημένων</span> <span class='ocrx_word' id='word_1_430' title='bbox 1546 1401 1604 1428; x_wconf 76' lang='grc' dir='ltr'>ἐστι</span> <span class='ocrx_word' id='word_1_431' title='bbox 1619 1401 1826 1438; x_wconf 79' lang='grc' dir='ltr'>λαϐεῖν.Σιωπῇ</span> 
     </span>
    </p>
   </div>
   <div class='ocr_carea' id='block_1_61' title="bbox 1034 1441 1826 1484">
    <p class='ocr_par' dir='ltr' id='par_1_61' title="bbox 1034 1441 1826 1484">
     <span class='ocr_line' id='line_1_61' title="bbox 1034 1441 1826 1484; baseline 0.013 -17"><span class='ocrx_word' id='word_1_432' title='bbox 1034 1442 1238 1476; x_wconf 73' lang='grc' dir='ltr'>προσκυνεισθω</span> <span class='ocrx_word' id='word_1_433' title='bbox 1253 1443 1283 1470; x_wconf 84' lang='grc' dir='ltr'><strong>τὺ</strong></span> <span class='ocrx_word' id='word_1_434' title='bbox 1298 1441 1427 1480; x_wconf 69' lang='grc' dir='ltr'>ἄρρητον.</span> <span class='ocrx_word' id='word_1_435' title='bbox 1435 1446 1528 1473; x_wconf 80' lang='grc' dir='ltr'>Ταῦτα</span> <span class='ocrx_word' id='word_1_436' title='bbox 1541 1447 1591 1482; x_wconf 78' lang='grc' dir='ltr'><strong>μὲν</strong></span> <span class='ocrx_word' id='word_1_437' title='bbox 1598 1446 1644 1475; x_wconf 86' lang='grc' dir='ltr'>οὖν</span> <span class='ocrx_word' id='word_1_438' title='bbox 1653 1449 1668 1475; x_wconf 84' lang='grc' dir='ltr'><strong>ὁ</strong></span> <span class='ocrx_word' id='word_1_439' title='bbox 1680 1448 1826 1484; x_wconf 83' lang='grc' dir='ltr'>Εὑάγριος.</span> 
     </span>
    </p>
   </div>
   <div class='ocr_carea' id='block_1_62' title="bbox 1034 1483 1828 1531">
    <p class='ocr_par' dir='ltr' id='par_1_62' title="bbox 1034 1483 1828 1531">
     <span class='ocr_line' id='line_1_62' title="bbox 1034 1483 1828 1531; baseline 0.013 -19"><span class='ocrx_word' id='word_1_440' title='bbox 1034 1487 1099 1521; x_wconf 75' lang='grc' dir='ltr'>περὶ</span> <span class='ocrx_word' id='word_1_441' title='bbox 1111 1483 1143 1513; x_wconf 78' lang='grc' dir='ltr'><strong>οὗ</strong></span> <span class='ocrx_word' id='word_1_442' title='bbox 1156 1488 1195 1520; x_wconf 73' lang='grc' dir='ltr'>εἰς</span> <span class='ocrx_word' id='word_1_443' title='bbox 1208 1488 1320 1524; x_wconf 75' lang='grc' dir='ltr'>ὕστερον</span> <span class='ocrx_word' id='word_1_444' title='bbox 1335 1490 1460 1526; x_wconf 75' lang='grc' dir='ltr'>ἐροῦμεν.</span> <span class='ocrx_word' id='word_1_445' title='bbox 1474 1491 1569 1527; x_wconf 82' lang='grc' dir='ltr'>Ἡμεῖς</span> <span class='ocrx_word' id='word_1_446' title='bbox 1577 1493 1605 1520; x_wconf 86' lang='grc' dir='ltr'><strong>δὲ</strong></span> <span class='ocrx_word' id='word_1_447' title='bbox 1615 1494 1638 1519; x_wconf 86' lang='grc' dir='ltr'><strong>εί</strong></span> <span class='ocrx_word' id='word_1_448' title='bbox 1650 1495 1696 1521; x_wconf 75' lang='grc' dir='ltr'>καὶ</span> <span class='ocrx_word' id='word_1_449' title='bbox 1711 1483 1828 1531; x_wconf 18' lang='grc' dir='ltr'>ὲννπαρ-</span> 
     </span>
    </p>
   </div>
   <div class='ocr_carea' id='block_1_63' title="bbox 1035 1533 1828 1578">
    <p class='ocr_par' dir='ltr' id='par_1_63' title="bbox 1035 1533 1828 1578">
     <span class='ocr_line' id='line_1_63' title="bbox 1035 1533 1828 1578; baseline 0.013 -19"><span class='ocrx_word' id='word_1_450' title='bbox 1035 1533 1145 1560; x_wconf 77' lang='grc' dir='ltr'>εκϐάσει</span> <span class='ocrx_word' id='word_1_451' title='bbox 1172 1534 1305 1570; x_wconf 85' lang='grc' dir='ltr'>δοκοῦμεν</span> <span class='ocrx_word' id='word_1_452' title='bbox 1322 1536 1406 1563; x_wconf 79' lang='grc' dir='ltr'>ταῦτα</span> <span class='ocrx_word' id='word_1_453' title='bbox 1426 1538 1575 1574; x_wconf 70' lang='grc' dir='ltr'>εἰρηκέναι,</span> <span class='ocrx_word' id='word_1_454' title='bbox 1592 1539 1650 1566; x_wconf 82' lang='grc' dir='ltr'>ἀλλ’</span> <span class='ocrx_word' id='word_1_455' title='bbox 1665 1540 1703 1572; x_wconf 86' lang='grc' dir='ltr'>ὡς</span> <span class='ocrx_word' id='word_1_456' title='bbox 1729 1542 1828 1578; x_wconf 84' lang='grc' dir='ltr'>χρησί-</span> 
     </span>
    </p>
   </div>
   <div class='ocr_carea' id='block_1_64' title="bbox 189 1566 972 1622">
    <p class='ocr_par' dir='ltr' id='par_1_64' title="bbox 189 1566 972 1613">
     <span class='ocr_line' id='line_1_64' title="bbox 189 1566 972 1613; baseline 0 -9"><span class='ocrx_word' id='word_1_457' title='bbox 189 1566 404 1613; x_wconf 70' lang='lat' dir='ltr'><strong>compositarum</strong></span> <span class='ocrx_word' id='word_1_458' title='bbox 424 1583 486 1604; x_wconf 85' lang='lat' dir='ltr'><strong>esse</strong></span> <span class='ocrx_word' id='word_1_459' title='bbox 508 1576 586 1603; x_wconf 91' lang='lat' dir='ltr'><strong>dicit.</strong></span> <span class='ocrx_word' id='word_1_460' title='bbox 605 1575 678 1604; x_wconf 90' lang='lat' dir='ltr'><strong>Idem</strong></span> <span class='ocrx_word' id='word_1_461' title='bbox 700 1583 810 1611; x_wconf 84' lang='lat' dir='ltr'><strong>quoque</strong></span> <span class='ocrx_word' id='word_1_462' title='bbox 833 1576 877 1604; x_wconf 83' lang='lat' dir='ltr'><strong>Itis</strong></span> <span class='ocrx_word' id='word_1_463' title='bbox 894 1576 972 1604; x_wconf 84' lang='lat' dir='ltr'><strong>utitut</strong></span> 
     </span>
    </p>
   </div>
   <div class='ocr_carea' id='block_1_65' title="bbox 1064 1566 1756 1622">
    <p class='ocr_par' dir='ltr' id='par_1_65' title="bbox 1064 1566 1756 1622">
     <span class='ocr_line' id='line_1_65' title="bbox 1064 1566 1756 1622; baseline 0.013 -17"><span class='ocrx_word' id='word_1_464' title='bbox 1064 1587 1096 1605; x_wconf 69' lang='grc' dir='ltr'><strong>ων</strong></span> <span class='ocrx_word' id='word_1_465' title='bbox 1112 1580 1145 1615; x_wconf 81' lang='grc' dir='ltr'>τῇ</span> <span class='ocrx_word' id='word_1_466' title='bbox 1162 1581 1289 1608; x_wconf 85' lang='grc' dir='ltr'>ὑποθέσει</span> <span class='ocrx_word' id='word_1_467' title='bbox 1304 1582 1354 1617; x_wconf 85' lang='grc' dir='ltr'>τῆς</span> <span class='ocrx_word' id='word_1_468' title='bbox 1369 1566 1489 1618; x_wconf 44' lang='grc' dir='ltr'>ίστορίιας</span> <span class='ocrx_word' id='word_1_469' title='bbox 1499 1566 1756 1622; x_wconf 52' lang='grc' dir='ltr'>ὲμνημονεύσαμεδῖ</span> 
     </span>
    </p>
   </div>
   <div class='ocr_carea' id='block_1_66' title="bbox 188 1623 1828 1670">
    <p class='ocr_par' dir='ltr' id='par_1_66' title="bbox 188 1623 1828 1670">
     <span class='ocr_line' id='line_1_66' title="bbox 188 1623 1828 1670; baseline 0.007 -18"><span class='ocrx_word' id='word_1_470' title='bbox 188 1624 292 1655; x_wconf 84' lang='lat' dir='ltr'><strong>verbis.</strong></span> <span class='ocrx_word' id='word_1_471' title='bbox 313 1623 410 1651; x_wconf 89' lang='lat' dir='ltr'><strong>Omnis</strong></span> <span class='ocrx_word' id='word_1_472' title='bbox 434 1623 599 1659; x_wconf 86' lang='lat' dir='ltr'><strong>propositio,</strong></span> <span class='ocrx_word' id='word_1_473' title='bbox 618 1627 666 1650; x_wconf 91' lang='lat' dir='ltr'><strong>aut</strong></span> <span class='ocrx_word' id='word_1_474' title='bbox 691 1631 779 1659; x_wconf 68' lang='lat' dir='ltr'><strong>genus</strong></span> <span class='ocrx_word' id='word_1_475' title='bbox 801 1623 883 1652; x_wconf 84' lang='lat' dir='ltr'><strong>habet</strong></span> <span class='ocrx_word' id='word_1_476' title='bbox 905 1625 979 1659; x_wconf 91' lang='lat' dir='ltr'><strong>quod</strong></span> <span class='ocrx_word' id='word_1_477' title='bbox 999 1626 1174 1661; x_wconf 77' lang='lat' dir='ltr'><strong>przedieatur,</strong></span> <span class='ocrx_word' id='word_1_478' title='bbox 1189 1632 1237 1655; x_wconf 91' lang='lat' dir='ltr'><strong>aut</strong></span> <span class='ocrx_word' id='word_1_479' title='bbox 1253 1629 1386 1664; x_wconf 83' lang='lat' dir='ltr'><strong>speciem,</strong></span> <span class='ocrx_word' id='word_1_480' title='bbox 1400 1635 1448 1657; x_wconf 88' lang='lat' dir='ltr'><strong>aut</strong></span> <span class='ocrx_word' id='word_1_481' title='bbox 1461 1630 1651 1666; x_wconf 75' lang='lat' dir='ltr'><strong>differentiam.</strong></span> <span class='ocrx_word' id='word_1_482' title='bbox 1682 1638 1731 1662; x_wconf 88' lang='lat' dir='ltr'><strong>aut</strong></span> <span class='ocrx_word' id='word_1_483' title='bbox 1764 1643 1828 1670; x_wconf 85' lang='lat' dir='ltr'><strong>pro-</strong></span> 
     </span>
    </p>
   </div>
   <div class='ocr_carea' id='block_1_67' title="bbox 189 1668 1825 1716">
    <p class='ocr_par' dir='ltr' id='par_1_67' title="bbox 189 1668 1825 1716">
     <span class='ocr_line' id='line_1_67' title="bbox 189 1668 1825 1716; baseline 0.006 -19"><span class='ocrx_word' id='word_1_484' title='bbox 189 1670 292 1705; x_wconf 85' lang='lat' dir='ltr'><strong>prium,</strong></span> <span class='ocrx_word' id='word_1_485' title='bbox 309 1673 358 1697; x_wconf 91' lang='lat' dir='ltr'><strong>aut</strong></span> <span class='ocrx_word' id='word_1_486' title='bbox 371 1668 511 1702; x_wconf 82' lang='lat' dir='ltr'><strong>accidens,</strong></span> <span class='ocrx_word' id='word_1_487' title='bbox 528 1673 577 1696; x_wconf 82' lang='lat' dir='ltr'><strong>aut</strong></span> <span class='ocrx_word' id='word_1_488' title='bbox 597 1668 670 1704; x_wconf 94' lang='lat' dir='ltr'><strong>quod</strong></span> <span class='ocrx_word' id='word_1_489' title='bbox 703 1669 886 1705; x_wconf 85' lang='lat' dir='ltr'><strong>compositum</strong></span> <span class='ocrx_word' id='word_1_490' title='bbox 908 1674 951 1698; x_wconf 89' lang='lat' dir='ltr'><strong>est</strong></span> <span class='ocrx_word' id='word_1_491' title='bbox 982 1678 1016 1698; x_wconf 84' lang='lat' dir='ltr'><strong>ex</strong></span> <span class='ocrx_word' id='word_1_492' title='bbox 1037 1672 1108 1700; x_wconf 89' lang='lat' dir='ltr'><strong>istis.</strong></span> <span class='ocrx_word' id='word_1_493' title='bbox 1129 1673 1164 1700; x_wconf 86' lang='lat' dir='ltr'><strong>At</strong></span> <span class='ocrx_word' id='word_1_494' title='bbox 1181 1674 1208 1701; x_wconf 92' lang='lat' dir='ltr'><strong>in</strong></span> <span class='ocrx_word' id='word_1_495' title='bbox 1231 1679 1328 1702; x_wconf 88' lang='lat' dir='ltr'><strong>sancta</strong></span> <span class='ocrx_word' id='word_1_496' title='bbox 1346 1675 1481 1705; x_wconf 83' lang='lat' dir='ltr'><strong>Trinitate</strong></span> <span class='ocrx_word' id='word_1_497' title='bbox 1500 1678 1568 1705; x_wconf 89' lang='lat' dir='ltr'><strong>nihil</strong></span> <span class='ocrx_word' id='word_1_498' title='bbox 1593 1679 1690 1707; x_wconf 88' lang='lat' dir='ltr'><strong>horum</strong></span> <span class='ocrx_word' id='word_1_499' title='bbox 1707 1668 1825 1716; x_wconf 71' lang='lat' dir='ltr'><strong>reperiri</strong></span> 
     </span>
    </p>
   </div>
   <div class='ocr_carea' id='block_1_68' title="bbox 189 1714 1825 1760">
    <p class='ocr_par' dir='ltr' id='par_1_68' title="bbox 189 1714 1825 1760">
     <span class='ocr_line' id='line_1_68' title="bbox 189 1714 1825 1760; baseline 0.009 -19"><span class='ocrx_word' id='word_1_500' title='bbox 189 1719 290 1750; x_wconf 85' lang='lat' dir='ltr'><strong>potest.</strong></span> <span class='ocrx_word' id='word_1_501' title='bbox 304 1714 383 1749; x_wconf 84' lang='lat' dir='ltr'><strong>Quod</strong></span> <span class='ocrx_word' id='word_1_502' title='bbox 404 1715 488 1751; x_wconf 82' lang='lat' dir='ltr'><strong>igitur</strong></span> <span class='ocrx_word' id='word_1_503' title='bbox 502 1715 596 1743; x_wconf 79' lang='lat' dir='ltr'><strong>verbis</strong></span> <span class='ocrx_word' id='word_1_504' title='bbox 607 1714 740 1750; x_wconf 85' lang='lat' dir='ltr'><strong>explicari</strong></span> <span class='ocrx_word' id='word_1_505' title='bbox 757 1723 811 1743; x_wconf 88' lang='lat' dir='ltr'><strong>non</strong></span> <span class='ocrx_word' id='word_1_506' title='bbox 826 1719 927 1751; x_wconf 78' lang='lat' dir='ltr'><strong>potest,</strong></span> <span class='ocrx_word' id='word_1_507' title='bbox 944 1717 1056 1745; x_wconf 88' lang='lat' dir='ltr'><strong>silentio</strong></span> <span class='ocrx_word' id='word_1_508' title='bbox 1071 1718 1213 1747; x_wconf 88' lang='lat' dir='ltr'><strong>ad0retur.</strong></span> <span class='ocrx_word' id='word_1_509' title='bbox 1239 1721 1301 1748; x_wconf 82' lang='lat' dir='ltr'><strong>Ilaec</strong></span> <span class='ocrx_word' id='word_1_510' title='bbox 1325 1722 1469 1757; x_wconf 73' lang='lat' dir='ltr'><strong>Evagrius.</strong></span> <span class='ocrx_word' id='word_1_511' title='bbox 1490 1724 1524 1752; x_wconf 90' lang='lat' dir='ltr'><strong>de</strong></span> <span class='ocrx_word' id='word_1_512' title='bbox 1543 1732 1598 1760; x_wconf 94' lang='lat' dir='ltr'><strong>quo</strong></span> <span class='ocrx_word' id='word_1_513' title='bbox 1616 1727 1730 1760; x_wconf 88' lang='lat' dir='ltr'><strong>quidem</strong></span> <span class='ocrx_word' id='word_1_514' title='bbox 1741 1714 1825 1755; x_wconf 68' lang='lat' dir='ltr'><strong>infra</strong></span> 
     </span>
    </p>
   </div>
   <div class='ocr_carea' id='block_1_69' title="bbox 189 1761 1826 1807">
    <p class='ocr_par' dir='ltr' id='par_1_69' title="bbox 189 1761 1826 1807">
     <span class='ocr_line' id='line_1_69' title="bbox 189 1761 1826 1807; baseline 0.008 -16"><span class='ocrx_word' id='word_1_515' title='bbox 189 1763 289 1792; x_wconf 89' lang='lat' dir='ltr'><strong>dicturi</strong></span> <span class='ocrx_word' id='word_1_516' title='bbox 306 1771 411 1791; x_wconf 87' lang='lat' dir='ltr'><strong>sumus.</strong></span> <span class='ocrx_word' id='word_1_517' title='bbox 430 1761 486 1790; x_wconf 84' lang='lat' dir='ltr'><strong>Nos</strong></span> <span class='ocrx_word' id='word_1_518' title='bbox 506 1769 582 1795; x_wconf 84' lang='lat' dir='ltr'><strong>vero,</strong></span> <span class='ocrx_word' id='word_1_519' title='bbox 597 1762 662 1790; x_wconf 86' lang='lat' dir='ltr'><strong>licet</strong></span> <span class='ocrx_word' id='word_1_520' title='bbox 673 1762 753 1798; x_wconf 82' lang='lat' dir='ltr'><strong>quasi</strong></span> <span class='ocrx_word' id='word_1_521' title='bbox 772 1770 892 1791; x_wconf 87' lang='lat' dir='ltr'><strong>excursu</strong></span> <span class='ocrx_word' id='word_1_522' title='bbox 921 1764 1041 1799; x_wconf 90' lang='lat' dir='ltr'><strong>quodam</strong></span> <span class='ocrx_word' id='word_1_523' title='bbox 1065 1773 1079 1793; x_wconf 87' lang='lat' dir='ltr'><strong>a</strong></span> <span class='ocrx_word' id='word_1_524' title='bbox 1102 1768 1245 1803; x_wconf 83' lang='lat' dir='ltr'><strong>proposito</strong></span> <span class='ocrx_word' id='word_1_525' title='bbox 1279 1777 1405 1798; x_wconf 87' lang='lat' dir='ltr'><strong>sermone</strong></span> <span class='ocrx_word' id='word_1_526' title='bbox 1426 1771 1610 1807; x_wconf 79' lang='lat' dir='ltr'><strong>digredientes</strong></span> <span class='ocrx_word' id='word_1_527' title='bbox 1631 1774 1689 1803; x_wconf 71' lang='lat' dir='ltr'><strong>haec</strong></span> <span class='ocrx_word' id='word_1_528' title='bbox 1719 1774 1826 1803; x_wconf 78' lang='lat' dir='ltr'><strong>dixisse</strong></span> 
     </span>
    </p>
   </div>
   <div class='ocr_carea' id='block_1_70' title="bbox 188 1809 1153 1844">
    <p class='ocr_par' dir='ltr' id='par_1_70' title="bbox 188 1809 1153 1844">
     <span class='ocr_line' id='line_1_70' title="bbox 188 1809 1153 1844; baseline 0.003 -6"><span class='ocrx_word' id='word_1_529' title='bbox 188 1810 343 1843; x_wconf 74' lang='lat' dir='ltr'><strong>videamur,</strong></span> <span class='ocrx_word' id='word_1_530' title='bbox 352 1815 442 1837; x_wconf 87' lang='lat' dir='ltr'><strong>tamen</strong></span> <span class='ocrx_word' id='word_1_531' title='bbox 457 1813 586 1844; x_wconf 85' lang='lat' dir='ltr'><strong>tanquam</strong></span> <span class='ocrx_word' id='word_1_532' title='bbox 598 1809 725 1838; x_wconf 89' lang='lat' dir='ltr'><strong>instituto</strong></span> <span class='ocrx_word' id='word_1_533' title='bbox 736 1815 831 1838; x_wconf 88' lang='lat' dir='ltr'><strong>nostro</strong></span> <span class='ocrx_word' id='word_1_534' title='bbox 842 1810 920 1838; x_wconf 86' lang='lat' dir='ltr'><strong>utilia</strong></span> <span class='ocrx_word' id='word_1_535' title='bbox 933 1811 978 1838; x_wconf 90' lang='lat' dir='ltr'><strong>hie</strong></span> <span class='ocrx_word' id='word_1_536' title='bbox 998 1812 1153 1842; x_wconf 88' lang='lat' dir='ltr'><strong>retulimus.</strong></span> 
     </span>
    </p>
   </div>
   <div class='ocr_carea' id='block_1_71' title="bbox 494 1867 660 1896">
    <p class='ocr_par' dir='ltr' id='par_1_71' title="bbox 494 1867 660 1896">
     <span class='ocr_line' id='line_1_71' title="bbox 494 1867 660 1896; baseline -0.006 0"><span class='ocrx_word' id='word_1_537' title='bbox 494 1867 573 1896; x_wconf 81' lang='lat' dir='ltr'><strong>CAP.</strong></span> <span class='ocrx_word' id='word_1_538' title='bbox 588 1867 660 1895; x_wconf 83' lang='lat' dir='ltr'><strong>VIII.</strong></span> 
     </span>
    </p>
   </div>
   <div class='ocr_carea' id='block_1_72' title="bbox 288 1925 876 1963">
    <p class='ocr_par' dir='ltr' id='par_1_72' title="bbox 288 1925 876 1963">
     <span class='ocr_line' id='line_1_72' title="bbox 288 1925 876 1963; baseline 0.002 -11"><span class='ocrx_word' id='word_1_539' title='bbox 288 1925 330 1952; x_wconf 71' lang='lat' dir='ltr'><strong>Ea:</strong></span> <span class='ocrx_word' id='word_1_540' title='bbox 345 1925 490 1953; x_wconf 69' lang='lat' dir='ltr'><strong>Athanasii</strong></span> <span class='ocrx_word' id='word_1_541' title='bbox 506 1925 670 1963; x_wconf 67' lang='lat' dir='ltr'><strong>apologatico</strong></span> <span class='ocrx_word' id='word_1_542' title='bbox 686 1925 718 1952; x_wconf 85' lang='lat' dir='ltr'><strong>de</strong></span> <span class='ocrx_word' id='word_1_543' title='bbox 734 1925 799 1960; x_wconf 79' lang='lat' dir='ltr'><strong>fuga</strong></span> <span class='ocrx_word' id='word_1_544' title='bbox 815 1934 876 1954; x_wconf 69' lang='lat' dir='ltr'><strong>sua.</strong></span> 
     </span>
    </p>
   </div>
   <div class='ocr_carea' id='block_1_73' title="bbox 212 2015 976 2052">
    <p class='ocr_par' dir='ltr' id='par_1_73' title="bbox 212 2015 976 2052">
     <span class='ocr_line' id='line_1_73' title="bbox 212 2015 976 2052; baseline 0.001 -9"><span class='ocrx_word' id='word_1_545' title='bbox 212 2015 325 2043; x_wconf 63' lang='lat' dir='ltr'><strong>Z‘Eodcm</strong></span> <span class='ocrx_word' id='word_1_546' title='bbox 336 2019 457 2050; x_wconf 88' lang='lat' dir='ltr'><strong>tempore</strong></span> <span class='ocrx_word' id='word_1_547' title='bbox 471 2015 640 2043; x_wconf 81' lang='lat' dir='ltr'><strong>Athanasius</strong></span> <span class='ocrx_word' id='word_1_548' title='bbox 659 2015 761 2042; x_wconf 92' lang='lat' dir='ltr'><strong>librum</strong></span> <span class='ocrx_word' id='word_1_549' title='bbox 776 2015 976 2052; x_wconf 76' lang='lat' dir='ltr'><strong>apologetieum</strong></span> 
     </span>
    </p>
   </div>
   <div class='ocr_carea' id='block_1_74' title="bbox 185 2060 976 2098">
    <p class='ocr_par' dir='ltr' id='par_1_74' title="bbox 185 2060 976 2098">
     <span class='ocr_line' id='line_1_74' title="bbox 185 2060 976 2098; baseline 0.001 -9"><span class='ocrx_word' id='word_1_550' title='bbox 185 2069 267 2097; x_wconf 82' lang='lat' dir='ltr'><strong>quem</strong></span> <span class='ocrx_word' id='word_1_551' title='bbox 288 2068 337 2096; x_wconf 92' lang='lat' dir='ltr'><strong>pro</strong></span> <span class='ocrx_word' id='word_1_552' title='bbox 350 2060 420 2096; x_wconf 71' lang='lat' dir='ltr'><strong>fugae</strong></span> <span class='ocrx_word' id='word_1_553' title='bbox 435 2068 492 2088; x_wconf 63' lang='lat' dir='ltr'><strong>sum</strong></span> <span class='ocrx_word' id='word_1_554' title='bbox 504 2061 666 2089; x_wconf 88' lang='lat' dir='ltr'><strong>detensione</strong></span> <span class='ocrx_word' id='word_1_555' title='bbox 676 2061 839 2096; x_wconf 87' lang='lat' dir='ltr'><strong>jamdudum</strong></span> <span class='ocrx_word' id='word_1_556' title='bbox 862 2069 976 2098; x_wconf 90' lang='lat' dir='ltr'><strong>compo-</strong></span> 
     </span>
    </p>
   </div>
   <div class='ocr_carea' id='block_1_75' title="bbox 184 2106 977 2143">
    <p class='ocr_par' dir='ltr' id='par_1_75' title="bbox 184 2106 977 2143">
     <span class='ocr_line' id='line_1_75' title="bbox 184 2106 977 2143; baseline 0.001 -8"><span class='ocrx_word' id='word_1_557' title='bbox 184 2111 290 2140; x_wconf 74' lang='lat' dir='ltr'><strong>suerat,</strong></span> <span class='ocrx_word' id='word_1_558' title='bbox 307 2114 403 2134; x_wconf 90' lang='lat' dir='ltr'><strong>coram</strong></span> <span class='ocrx_word' id='word_1_559' title='bbox 421 2106 604 2134; x_wconf 77' lang='lat' dir='ltr'><strong>familiaribus</strong></span> <span class='ocrx_word' id='word_1_560' title='bbox 628 2107 766 2135; x_wconf 85' lang='lat' dir='ltr'><strong>recitavit.</strong></span> <span class='ocrx_word' id='word_1_561' title='bbox 789 2108 827 2135; x_wconf 89' lang='lat' dir='ltr'><strong>Ex</strong></span> <span class='ocrx_word' id='word_1_562' title='bbox 843 2115 900 2143; x_wconf 89' lang='lat' dir='ltr'><strong>quo</strong></span> <span class='ocrx_word' id='word_1_563' title='bbox 917 2109 977 2136; x_wconf 86' lang='lat' dir='ltr'><strong>loca</strong></span> 
     </span>
    </p>
   </div>
   <div class='ocr_carea' id='block_1_76' title="bbox 185 2151 976 2187">
    <p class='ocr_par' dir='ltr' id='par_1_76' title="bbox 185 2151 976 2187">
     <span class='ocr_line' id='line_1_76' title="bbox 185 2151 976 2187; baseline 0.003 -8"><span class='ocrx_word' id='word_1_564' title='bbox 185 2152 312 2187; x_wconf 76' lang='lat' dir='ltr'><strong>qmedam</strong></span> <span class='ocrx_word' id='word_1_565' title='bbox 328 2159 389 2187; x_wconf 71' lang='lat' dir='ltr'><strong>quae</strong></span> <span class='ocrx_word' id='word_1_566' title='bbox 406 2151 484 2179; x_wconf 79' lang='lat' dir='ltr'><strong>utilia</strong></span> <span class='ocrx_word' id='word_1_567' title='bbox 501 2151 570 2179; x_wconf 83' lang='lat' dir='ltr'><strong>mihi</strong></span> <span class='ocrx_word' id='word_1_568' title='bbox 582 2151 709 2181; x_wconf 79' lang='lat' dir='ltr'><strong>videntur</strong></span> <span class='ocrx_word' id='word_1_569' title='bbox 724 2160 756 2181; x_wconf 85' lang='lat' dir='ltr'><strong>ac</strong></span> <span class='ocrx_word' id='word_1_570' title='bbox 767 2152 921 2187; x_wconf 88' lang='lat' dir='ltr'><strong>fructuosa,</strong></span> <span class='ocrx_word' id='word_1_571' title='bbox 931 2153 976 2181; x_wconf 90' lang='lat' dir='ltr'><strong>hic</strong></span> 
     </span>
    </p>
   </div>
   <div class='ocr_carea' id='block_1_77' title="bbox 1336 1877 1520 1906">
    <p class='ocr_par' dir='ltr' id='par_1_77' title="bbox 1336 1877 1520 1906">
     <span class='ocr_line' id='line_1_77' title="bbox 1336 1877 1520 1906; baseline 0.016 -3"><span class='ocrx_word' id='word_1_572' title='bbox 1336 1877 1459 1904; x_wconf 80' lang='grc' dir='ltr'><strong>ΚΕΦΑΔ.</strong></span> <span class='ocrx_word' id='word_1_573' title='bbox 1478 1878 1520 1906; x_wconf 82' lang='grc' dir='ltr'><strong>Η’.</strong></span> 
     </span>
    </p>
   </div>
   <div class='ocr_carea' id='block_1_78' title="bbox 1039 1930 1823 1976">
    <p class='ocr_par' dir='ltr' id='par_1_78' title="bbox 1039 1930 1823 1976">
     <span class='ocr_line' id='line_1_78' title="bbox 1039 1930 1823 1976; baseline 0.011 -19"><span class='ocrx_word' id='word_1_574' title='bbox 1039 1930 1086 1958; x_wconf 83' lang='grc' dir='ltr'>Ἐκ</span> <span class='ocrx_word' id='word_1_575' title='bbox 1109 1930 1162 1958; x_wconf 83' lang='grc' dir='ltr'><strong>τοῦ</strong></span> <span class='ocrx_word' id='word_1_576' title='bbox 1185 1932 1415 1976; x_wconf 66' lang='grc' dir='ltr'>Ἆπολογῃτικοιξ</span> <span class='ocrx_word' id='word_1_577' title='bbox 1442 1934 1620 1975; x_wconf 61' lang='grc' dir='ltr'>Ἀθιξνασίου</span> <span class='ocrx_word' id='word_1_578' title='bbox 1635 1957 1643 1970; x_wconf 82' lang='grc'>,</span> <span class='ocrx_word' id='word_1_579' title='bbox 1670 1937 1739 1972; x_wconf 72' lang='grc' dir='ltr'>περὶ</span> <span class='ocrx_word' id='word_1_580' title='bbox 1767 1938 1823 1973; x_wconf 78' lang='grc' dir='ltr'>τῆς</span> 
     </span>
    </p>
   </div>
   <div class='ocr_carea' id='block_1_79' title="bbox 1308 1977 1543 2005">
    <p class='ocr_par' dir='ltr' id='par_1_79' title="bbox 1308 1977 1543 2005">
     <span class='ocr_line' id='line_1_79' title="bbox 1308 1977 1543 2005; baseline 0.013 -11"><span class='ocrx_word' id='word_1_581' title='bbox 1308 1977 1416 1996; x_wconf 72' lang='lat' dir='ltr'><strong>savum</strong></span> <span class='ocrx_word' id='word_1_582' title='bbox 1434 1978 1543 2005; x_wconf 66' lang='grc' dir='ltr'>φυγῆς.</span> 
     </span>
    </p>
   </div>
   <div class='ocr_carea' id='block_1_80' title="bbox 1071 2013 1822 2055">
    <p class='ocr_par' dir='ltr' id='par_1_80' title="bbox 1071 2013 1822 2055">
     <span class='ocr_line' id='line_1_80' title="bbox 1071 2013 1822 2055; baseline 0.008 -15"><span class='ocrx_word' id='word_1_583' title='bbox 1071 2013 1228 2045; x_wconf 82' lang='grc' dir='ltr'>Ἀθανάσιος</span> <span class='ocrx_word' id='word_1_584' title='bbox 1242 2014 1271 2041; x_wconf 88' lang='grc' dir='ltr'><strong>δὲ</strong></span> <span class='ocrx_word' id='word_1_585' title='bbox 1287 2014 1334 2041; x_wconf 78' lang='grc' dir='ltr'>καὶ</span> <span class='ocrx_word' id='word_1_586' title='bbox 1349 2014 1393 2041; x_wconf 81' lang='grc' dir='ltr'>τὸν</span> <span class='ocrx_word' id='word_1_587' title='bbox 1411 2015 1475 2050; x_wconf 76' lang='grc' dir='ltr'>περὶ</span> <span class='ocrx_word' id='word_1_588' title='bbox 1490 2016 1539 2052; x_wconf 83' lang='grc' dir='ltr'>τῆς</span> <span class='ocrx_word' id='word_1_589' title='bbox 1558 2018 1647 2053; x_wconf 80' lang='grc' dir='ltr'>φυγῆς</span> <span class='ocrx_word' id='word_1_590' title='bbox 1658 2018 1822 2055; x_wconf 73' lang='grc' dir='ltr'>ἀπολογητι-</span> 
     </span>
    </p>
   </div>
   <div class='ocr_carea' id='block_1_81' title="bbox 1029 2059 1823 2102">
    <p class='ocr_par' dir='ltr' id='par_1_81' title="bbox 1029 2059 1823 2102">
     <span class='ocr_line' id='line_1_81' title="bbox 1029 2059 1823 2102; baseline 0.009 -16"><span class='ocrx_word' id='word_1_591' title='bbox 1029 2059 1077 2086; x_wconf 64' lang='lat' dir='ltr'><strong>nev</strong></span> <span class='ocrx_word' id='word_1_592' title='bbox 1088 2059 1166 2094; x_wconf 83' lang='grc' dir='ltr'>λόγον</span> <span class='ocrx_word' id='word_1_593' title='bbox 1180 2060 1264 2087; x_wconf 87' lang='grc' dir='ltr'>πάλαι</span> <span class='ocrx_word' id='word_1_594' title='bbox 1279 2061 1467 2096; x_wconf 85' lang='grc' dir='ltr'>πεπονημένον</span> <span class='ocrx_word' id='word_1_595' title='bbox 1481 2062 1564 2097; x_wconf 82' lang='grc' dir='ltr'>αὐτῷ,</span> <span class='ocrx_word' id='word_1_596' title='bbox 1581 2064 1626 2091; x_wconf 77' lang='grc' dir='ltr'><strong>ἐπὶ</strong></span> <span class='ocrx_word' id='word_1_597' title='bbox 1642 2064 1696 2091; x_wconf 88' lang='grc' dir='ltr'><strong>τῶν</strong></span> <span class='ocrx_word' id='word_1_598' title='bbox 1719 2065 1823 2102; x_wconf 83' lang='grc' dir='ltr'>παρόν-</span> 
     </span>
    </p>
   </div>
   <div class='ocr_carea' id='block_1_82' title="bbox 1029 2104 1821 2145">
    <p class='ocr_par' dir='ltr' id='par_1_82' title="bbox 1029 2104 1821 2145">
     <span class='ocr_line' id='line_1_82' title="bbox 1029 2104 1821 2145; baseline 0.008 -13"><span class='ocrx_word' id='word_1_599' title='bbox 1029 2114 1083 2132; x_wconf 82' lang='grc' dir='ltr'><strong>των</strong></span> <span class='ocrx_word' id='word_1_600' title='bbox 1099 2106 1159 2133; x_wconf 79' lang='grc' dir='ltr'>τότε</span> <span class='ocrx_word' id='word_1_601' title='bbox 1173 2106 1320 2142; x_wconf 79' lang='grc' dir='ltr'>διεξῆλθεν.</span> <span class='ocrx_word' id='word_1_602' title='bbox 1333 2104 1370 2135; x_wconf 65' lang='lat' dir='ltr'><strong>OB</strong></span> <span class='ocrx_word' id='word_1_603' title='bbox 1386 2108 1455 2144; x_wconf 83' lang='grc' dir='ltr'>μέρη</span> <span class='ocrx_word' id='word_1_604' title='bbox 1467 2109 1500 2135; x_wconf 81' lang='grc' dir='ltr'><strong>τὰ</strong></span> <span class='ocrx_word' id='word_1_605' title='bbox 1516 2110 1639 2145; x_wconf 86' lang='grc' dir='ltr'>χρήσιμα</span> <span class='ocrx_word' id='word_1_606' title='bbox 1653 2110 1701 2137; x_wconf 77' lang='grc' dir='ltr'>καὶ</span> <span class='ocrx_word' id='word_1_607' title='bbox 1716 2111 1821 2145; x_wconf 76' lang='grc' dir='ltr'>ἐπωφε-</span> 
     </span>
    </p>
   </div>
   <div class='ocr_carea' id='block_1_83' title="bbox 1030 2152 1821 2193">
    <p class='ocr_par' dir='ltr' id='par_1_83' title="bbox 1030 2152 1821 2193">
     <span class='ocr_line' id='line_1_83' title="bbox 1030 2152 1821 2193; baseline 0.005 -14"><span class='ocrx_word' id='word_1_608' title='bbox 1030 2152 1073 2188; x_wconf 83' lang='grc' dir='ltr'><strong>λῆ,</strong></span> <span class='ocrx_word' id='word_1_609' title='bbox 1093 2152 1210 2180; x_wconf 76' lang='grc' dir='ltr'>ἐνταῦθα</span> <span class='ocrx_word' id='word_1_610' title='bbox 1223 2154 1419 2189; x_wconf 82' lang='grc' dir='ltr'>προσγράφων,</span> <span class='ocrx_word' id='word_1_611' title='bbox 1431 2155 1477 2181; x_wconf 78' lang='grc' dir='ltr'><strong>τὸν</strong></span> <span class='ocrx_word' id='word_1_612' title='bbox 1493 2155 1552 2182; x_wconf 79' lang='grc' dir='ltr'>ὅλον</span> <span class='ocrx_word' id='word_1_613' title='bbox 1568 2155 1647 2190; x_wconf 87' lang='grc' dir='ltr'>λόγον</span> <span class='ocrx_word' id='word_1_614' title='bbox 1657 2156 1821 2193; x_wconf 78' lang='grc' dir='ltr'>πολύστιχον</span> 
     </span>
    </p>
   </div>
   <div class='ocr_carea' id='block_1_84' title="bbox 770 2239 1210 2268">
    <p class='ocr_par' dir='ltr' id='par_1_84' title="bbox 770 2239 1210 2268">
     <span class='ocr_line' id='line_1_84' title="bbox 770 2239 1210 2268; baseline 0.002 -1"><span class='ocrx_word' id='word_1_615' title='bbox 770 2239 907 2268; x_wconf 72' lang='lat' dir='ltr'><strong>VALESII</strong></span> <span class='ocrx_word' id='word_1_616' title='bbox 928 2240 1210 2268; x_wconf 80' lang='lat' dir='ltr'><strong>ANNOTATIONES.</strong></span> 
     </span>
    </p>
   </div>
   <div class='ocr_carea' id='block_1_85' title="bbox 218 2300 1011 2336">
    <p class='ocr_par' dir='ltr' id='par_1_85' title="bbox 218 2300 1011 2336">
     <span class='ocr_line' id='line_1_85' title="bbox 218 2300 1011 2336; baseline 0.001 -9"><span class='ocrx_word' id='word_1_617' title='bbox 218 2300 276 2336; x_wconf 66' lang='grc'><strong>(42)</strong></span> <span class='ocrx_word' id='word_1_618' title='bbox 292 2302 324 2327; x_wconf 79' lang='lat' dir='ltr'><strong>Ol</strong></span> <span class='ocrx_word' id='word_1_619' title='bbox 345 2301 401 2334; x_wconf 83' lang='grc' dir='ltr'><strong>τὴν</strong></span> <span class='ocrx_word' id='word_1_620' title='bbox 419 2301 604 2335; x_wconf 77' lang='grc' dir='ltr'>Ἑλληνικὴν</span> <span class='ocrx_word' id='word_1_621' title='bbox 618 2300 685 2334; x_wconf 78' lang='grc' dir='ltr'>παρ’</span> <span class='ocrx_word' id='word_1_622' title='bbox 703 2300 833 2336; x_wconf 52' lang='grc' dir='ltr'>Ἕζληρςι</span> <span class='ocrx_word' id='word_1_623' title='bbox 848 2301 970 2335; x_wconf 68' lang='grc' dir='ltr'>σοφίαν.</span> <span class='ocrx_word' id='word_1_624' title='bbox 987 2303 1011 2332; x_wconf 90' lang='lat' dir='ltr'><strong>D</strong></span> 
     </span>
    </p>
   </div>
   <div class='ocr_carea' id='block_1_86' title="bbox 182 2334 970 2371">
    <p class='ocr_par' dir='ltr' id='par_1_86' title="bbox 182 2334 970 2371">
     <span class='ocr_line' id='line_1_86' title="bbox 182 2334 970 2371; baseline 0 -8"><span class='ocrx_word' id='word_1_625' title='bbox 182 2334 353 2364; x_wconf 65' lang='lat' dir='ltr'><strong>Alterhtrum</strong></span> <span class='ocrx_word' id='word_1_626' title='bbox 378 2337 420 2363; x_wconf 83' lang='lat' dir='ltr'><strong>hic</strong></span> <span class='ocrx_word' id='word_1_627' title='bbox 451 2334 650 2371; x_wconf 69' lang='lat' dir='ltr'><strong>supervaénum</strong></span> <span class='ocrx_word' id='word_1_628' title='bbox 671 2339 724 2371; x_wconf 81' lang='lat' dir='ltr'><strong>est.</strong></span> <span class='ocrx_word' id='word_1_629' title='bbox 749 2334 780 2360; x_wconf 83' lang='lat' dir='ltr'><strong>Et</strong></span> <span class='ocrx_word' id='word_1_630' title='bbox 799 2334 970 2370; x_wconf 85' lang='lat' dir='ltr'><strong>Nicephorus</strong></span> 
     </span>
    </p>
   </div>
   <div class='ocr_carea' id='block_1_87' title="bbox 184 2370 970 2406">
    <p class='ocr_par' dir='ltr' id='par_1_87' title="bbox 184 2370 970 2406">
     <span class='ocr_line' id='line_1_87' title="bbox 184 2370 970 2406; baseline 0 -9"><span class='ocrx_word' id='word_1_631' title='bbox 184 2371 295 2405; x_wconf 88' lang='lat' dir='ltr'><strong>quidem</strong></span> <span class='ocrx_word' id='word_1_632' title='bbox 313 2379 374 2399; x_wconf 83' lang='lat' dir='ltr'><strong>cum</strong></span> <span class='ocrx_word' id='word_1_633' title='bbox 397 2372 469 2399; x_wconf 92' lang='lat' dir='ltr'><strong>hunc</strong></span> <span class='ocrx_word' id='word_1_634' title='bbox 486 2370 584 2398; x_wconf 32' lang='lat' dir='ltr'><strong>’locnm</strong></span> <span class='ocrx_word' id='word_1_635' title='bbox 608 2370 787 2406; x_wconf 62' lang='lat' dir='ltr'><strong>inscriberet.</strong></span> <span class='ocrx_word' id='word_1_636' title='bbox 810 2371 903 2398; x_wconf 90' lang='lat' dir='ltr'><strong>omisit</strong></span> <span class='ocrx_word' id='word_1_637' title='bbox 921 2372 970 2406; x_wconf 78' lang='grc' dir='ltr'>τὴν</span> 
     </span>
    </p>
   </div>
   <div class='ocr_carea' id='block_1_88' title="bbox 190 2404 970 2442">
    <p class='ocr_par' dir='ltr' id='par_1_88' title="bbox 190 2404 970 2442">
     <span class='ocr_line' id='line_1_88' title="bbox 190 2404 970 2442; baseline 0 -10"><span class='ocrx_word' id='word_1_638' title='bbox 190 2404 360 2442; x_wconf 80' lang='grc' dir='ltr'>Ἑλληνικήν.</span> <span class='ocrx_word' id='word_1_639' title='bbox 388 2407 556 2442; x_wconf 83' lang='lat' dir='ltr'><strong>Epiphanius</strong></span> <span class='ocrx_word' id='word_1_640' title='bbox 573 2408 674 2442; x_wconf 82' lang='lat' dir='ltr'><strong>_autem</strong></span> <span class='ocrx_word' id='word_1_641' title='bbox 700 2404 886 2442; x_wconf 67' lang='lat' dir='ltr'><strong>scholasticus</strong></span> <span class='ocrx_word' id='word_1_642' title='bbox 909 2404 970 2433; x_wconf 80' lang='lat' dir='ltr'><strong>eam</strong></span> 
     </span>
    </p>
   </div>
   <div class='ocr_carea' id='block_1_89' title="bbox 181 2439 972 2476">
    <p class='ocr_par' dir='ltr' id='par_1_89' title="bbox 181 2439 972 2476">
     <span class='ocr_line' id='line_1_89' title="bbox 181 2439 972 2476; baseline 0 -8"><span class='ocrx_word' id='word_1_643' title='bbox 181 2439 269 2468; x_wconf 83' lang='lat' dir='ltr'><strong>solani</strong></span> <span class='ocrx_word' id='word_1_644' title='bbox 289 2439 418 2475; x_wconf 54' lang='lat' dir='ltr'><strong>retinuit;</strong></span> <span class='ocrx_word' id='word_1_645' title='bbox 434 2439 544 2476; x_wconf 77' lang='lat' dir='ltr'><strong>rejectis</strong></span> <span class='ocrx_word' id='word_1_646' title='bbox 564 2439 671 2467; x_wconf 87' lang='lat' dir='ltr'><strong>duabus</strong></span> <span class='ocrx_word' id='word_1_647' title='bbox 694 2439 755 2467; x_wconf 88' lang='lat' dir='ltr'><strong>aliis</strong></span> <span class='ocrx_word' id='word_1_648' title='bbox 770 2447 830 2474; x_wconf 65' lang='lat' dir='ltr'><strong>quae</strong></span> <span class='ocrx_word' id='word_1_649' title='bbox 849 2448 972 2475; x_wconf 84' lang='lat' dir='ltr'><strong>sequun-</strong></span> 
     </span>
    </p>
   </div>
   <div class='ocr_carea' id='block_1_90' title="bbox 181 2481 238 2504">
    <p class='ocr_par' dir='ltr' id='par_1_90' title="bbox 181 2481 238 2504">
     <span class='ocr_line' id='line_1_90' title="bbox 181 2481 238 2504; baseline 0.035 -2"><span class='ocrx_word' id='word_1_650' title='bbox 181 2481 212 2503; x_wconf 80' lang='lat' dir='ltr'><strong>tu</strong></span> <span class='ocrx_word' id='word_1_651' title='bbox 218 2485 238 2504; x_wconf 86' lang='grc' dir='ltr'><strong>Γ.</strong></span> 
     </span>
    </p>
   </div>
   <div class='ocr_carea' id='block_1_91' title="bbox 217 2509 969 2547">
    <p class='ocr_par' dir='ltr' id='par_1_91' title="bbox 217 2509 969 2547">
     <span class='ocr_line' id='line_1_91' title="bbox 217 2509 969 2547; baseline -0.001 -8"><span class='ocrx_word' id='word_1_652' title='bbox 217 2510 451 2547; x_wconf 67' lang='grc' dir='ltr'><strong>(45)]ἰ1ρηναῖος</strong></span> <span class='ocrx_word' id='word_1_653' title='bbox 481 2510 516 2547; x_wconf 70' lang='grc' dir='ltr'><strong>δὲ</strong></span> <span class='ocrx_word' id='word_1_654' title='bbox 550 2511 567 2537; x_wconf 82' lang='grc' dir='ltr'><em>ό</em></span> <span class='ocrx_word' id='word_1_655' title='bbox 587 2509 809 2547; x_wconf 53' lang='grc' dir='ltr'><strong>χραμμᾳζιχός.</strong></span> <span class='ocrx_word' id='word_1_656' title='bbox 842 2510 969 2547; x_wconf 12' lang='lat' dir='ltr'><strong>ili-enatus</strong></span> 
     </span>
    </p>
   </div>
   <div class='ocr_carea' id='block_1_92' title="bbox 181 2545 968 2579">
    <p class='ocr_par' dir='ltr' id='par_1_92' title="bbox 181 2545 968 2579">
     <span class='ocr_line' id='line_1_92' title="bbox 181 2545 968 2579; baseline -0.001 -5"><span class='ocrx_word' id='word_1_657' title='bbox 181 2545 384 2574; x_wconf 77' lang='lat' dir='ltr'><strong>Grannnaticus</strong></span> <span class='ocrx_word' id='word_1_658' title='bbox 401 2545 451 2572; x_wconf 86' lang='lat' dir='ltr'><strong>fuit</strong></span> <span class='ocrx_word' id='word_1_659' title='bbox 473 2545 684 2579; x_wconf 75' lang='lat' dir='ltr'><strong>Alexandrinus,</strong></span> <span class='ocrx_word' id='word_1_660' title='bbox 710 2546 848 2574; x_wconf 88' lang='lat' dir='ltr'><strong>IIeliodori</strong></span> <span class='ocrx_word' id='word_1_661' title='bbox 865 2545 968 2573; x_wconf 78' lang='lat' dir='ltr'><strong>Metrici</strong></span> 
     </span>
    </p>
   </div>
   <div class='ocr_carea' id='block_1_93' title="bbox 182 2581 968 2615">
    <p class='ocr_par' dir='ltr' id='par_1_93' title="bbox 182 2581 968 2615">
     <span class='ocr_line' id='line_1_93' title="bbox 182 2581 968 2615; baseline 0 -6"><span class='ocrx_word' id='word_1_662' title='bbox 182 2582 342 2615; x_wconf 88' lang='lat' dir='ltr'><strong>discipulus.</strong></span> <span class='ocrx_word' id='word_1_663' title='bbox 360 2582 404 2615; x_wconf 90' lang='lat' dir='ltr'><strong>qui</strong></span> <span class='ocrx_word' id='word_1_664' title='bbox 422 2581 518 2607; x_wconf 84' lang='lat' dir='ltr'><strong>Latino</strong></span> <span class='ocrx_word' id='word_1_665' title='bbox 537 2581 668 2609; x_wconf 84' lang='lat' dir='ltr'><strong>vocabulo</strong></span> <span class='ocrx_word' id='word_1_666' title='bbox 692 2581 828 2609; x_wconf 79' lang='lat' dir='ltr'><strong>Minucius</strong></span> <span class='ocrx_word' id='word_1_667' title='bbox 851 2581 968 2609; x_wconf 82' lang='lat' dir='ltr'><strong>Pacatus</strong></span> 
     </span>
    </p>
   </div>
   <div class='ocr_carea' id='block_1_94' title="bbox 182 2589 967 2651">
    <p class='ocr_par' dir='ltr' id='par_1_94' title="bbox 182 2589 967 2651">
     <span class='ocr_line' id='line_1_94' title="bbox 182 2589 967 2615; baseline 0.001 -7"><span class='ocrx_word' id='word_1_668' title='bbox 182 2589 342 2615; x_wconf 82' lang='lat' dir='ltr'><strong>(IlSClplllus.</strong></span> <span class='ocrx_word' id='word_1_669' title='bbox 379 2589 404 2606; x_wconf 84' lang='lat' dir='ltr'><strong>ut</strong></span> <span class='ocrx_word' id='word_1_670' title='bbox 422 2589 518 2607; x_wconf 67' lang='lat' dir='ltr'><strong>Latmo</strong></span> <span class='ocrx_word' id='word_1_671' title='bbox 537 2589 668 2609; x_wconf 87' lang='lat' dir='ltr'><strong>voeaouto</strong></span> <span class='ocrx_word' id='word_1_672' title='bbox 693 2589 828 2609; x_wconf 80' lang='lat' dir='ltr'><strong>MIlltICIlIS</strong></span> <span class='ocrx_word' id='word_1_673' title='bbox 851 2589 967 2609; x_wconf 75' lang='lat' dir='ltr'><strong>racatus</strong></span> 
     </span>
     <span class='ocr_line' id='line_1_95' title="bbox 182 2589 967 2651; baseline -0.001 -7"><span class='ocrx_word' id='word_1_674' title='bbox 182 2617 333 2644; x_wconf 84' lang='lat' dir='ltr'><strong>dicebatur.</strong></span> <span class='ocrx_word' id='word_1_675' title='bbox 350 2589 399 2642; x_wconf 50' lang='lat' dir='ltr'><strong>Igic</strong></span> <span class='ocrx_word' id='word_1_676' title='bbox 415 2616 515 2643; x_wconf 88' lang='lat' dir='ltr'><strong>multos</strong></span> <span class='ocrx_word' id='word_1_677' title='bbox 531 2615 614 2644; x_wconf 90' lang='lat' dir='ltr'><strong>libros</strong></span> <span class='ocrx_word' id='word_1_678' title='bbox 628 2617 661 2644; x_wconf 91' lang='lat' dir='ltr'><strong>de</strong></span> <span class='ocrx_word' id='word_1_679' title='bbox 676 2616 772 2644; x_wconf 76' lang='lat' dir='ltr'><strong>Attica:</strong></span> <span class='ocrx_word' id='word_1_680' title='bbox 790 2616 888 2651; x_wconf 70' lang='lat' dir='ltr'><strong>linguae</strong></span> <span class='ocrx_word' id='word_1_681' title='bbox 903 2624 967 2651; x_wconf 82' lang='lat' dir='ltr'><strong>pro-</strong></span> 
     </span>
    </p>
   </div>
   <div class='ocr_carea' id='block_1_95' title="bbox 180 2650 956 2686">
    <p class='ocr_par' dir='ltr' id='par_1_95' title="bbox 180 2650 956 2686">
     <span class='ocr_line' id='line_1_96' title="bbox 180 2650 956 2686; baseline 0 -8"><span class='ocrx_word' id='word_1_682' title='bbox 180 2652 297 2686; x_wconf 82' lang='lat' dir='ltr'><strong>prietate</strong></span> <span class='ocrx_word' id='word_1_683' title='bbox 322 2651 538 2686; x_wconf 76' lang='lat' dir='ltr'><strong>conscripserat.</strong></span> <span class='ocrx_word' id='word_1_684' title='bbox 557 2650 625 2678; x_wconf 84' lang='lat' dir='ltr'><strong>Nam</strong></span> <span class='ocrx_word' id='word_1_685' title='bbox 645 2651 782 2679; x_wconf 83' lang='grc' dir='ltr'>Ἀττικῶν</span> <span class='ocrx_word' id='word_1_686' title='bbox 801 2650 956 2686; x_wconf 51' lang='grc' dir='ltr'>ὀνομάτων·</span> 
     </span>
    </p>
   </div>
   <div class='ocr_carea' id='block_1_96' title="bbox 181 2686 971 2720">
    <p class='ocr_par' dir='ltr' id='par_1_96' title="bbox 181 2686 971 2720">
     <span class='ocr_line' id='line_1_97' title="bbox 181 2686 971 2720; baseline 0.003 -8"><span class='ocrx_word' id='word_1_687' title='bbox 181 2692 238 2714; x_wconf 86' lang='lat' dir='ltr'><strong>trcs</strong></span> <span class='ocrx_word' id='word_1_688' title='bbox 249 2686 358 2720; x_wconf 78' lang='lat' dir='ltr'><strong>scripsit</strong></span> <span class='ocrx_word' id='word_1_689' title='bbox 372 2686 613 2718; x_wconf 85' lang='lat' dir='ltr'><strong>libros,ettotidem</strong></span> <span class='ocrx_word' id='word_1_690' title='bbox 624 2687 694 2715; x_wconf 85' lang='lat' dir='ltr'><strong>alios</strong></span> <span class='ocrx_word' id='word_1_691' title='bbox 704 2688 738 2715; x_wconf 94' lang='lat' dir='ltr'><strong>de</strong></span> <span class='ocrx_word' id='word_1_692' title='bbox 750 2687 840 2714; x_wconf 90' lang='lat' dir='ltr'><strong>Attica</strong></span> <span class='ocrx_word' id='word_1_693' title='bbox 851 2694 971 2714; x_wconf 85' lang='lat' dir='ltr'><strong>consue-</strong></span> 
     </span>
    </p>
   </div>
   <div class='ocr_carea' id='block_1_97' title="bbox 179 2721 972 2757">
    <p class='ocr_par' dir='ltr' id='par_1_97' title="bbox 179 2721 972 2757">
     <span class='ocr_line' id='line_1_98' title="bbox 179 2721 972 2757; baseline 0.001 -10"><span class='ocrx_word' id='word_1_694' title='bbox 179 2721 276 2748; x_wconf 83' lang='lat' dir='ltr'><strong>tudine</strong></span> <span class='ocrx_word' id='word_1_695' title='bbox 295 2721 320 2747; x_wconf 93' lang='lat' dir='ltr'><strong>in</strong></span> <span class='ocrx_word' id='word_1_696' title='bbox 338 2721 458 2749; x_wconf 86' lang='lat' dir='ltr'><strong>dictione</strong></span> <span class='ocrx_word' id='word_1_697' title='bbox 473 2725 500 2749; x_wconf 90' lang='lat' dir='ltr'><strong>et</strong></span> <span class='ocrx_word' id='word_1_698' title='bbox 515 2722 542 2749; x_wconf 91' lang='lat' dir='ltr'><strong>in</strong></span> <span class='ocrx_word' id='word_1_699' title='bbox 561 2722 699 2756; x_wconf 84' lang='lat' dir='ltr'><strong>prosodia.</strong></span> <span class='ocrx_word' id='word_1_700' title='bbox 719 2724 765 2757; x_wconf 90' lang='lat' dir='ltr'><strong>qui</strong></span> <span class='ocrx_word' id='word_1_701' title='bbox 783 2730 830 2757; x_wconf 92' lang='lat' dir='ltr'><strong>per</strong></span> <span class='ocrx_word' id='word_1_702' title='bbox 846 2722 972 2750; x_wconf 88' lang='lat' dir='ltr'><strong>ordinem</strong></span> 
     </span>
    </p>
   </div>
   <div class='ocr_carea' id='block_1_98' title="bbox 178 2757 970 2789">
    <p class='ocr_par' dir='ltr' id='par_1_98' title="bbox 178 2757 970 2789">
     <span class='ocr_line' id='line_1_99' title="bbox 178 2757 970 2789; baseline 0 -7"><span class='ocrx_word' id='word_1_703' title='bbox 178 2757 333 2783; x_wconf 73' lang='lat' dir='ltr'><strong>iitterarntn</strong></span> <span class='ocrx_word' id='word_1_704' title='bbox 343 2761 423 2783; x_wconf 83' lang='lat' dir='ltr'><strong>erant</strong></span> <span class='ocrx_word' id='word_1_705' title='bbox 433 2757 553 2784; x_wconf 88' lang='lat' dir='ltr'><strong>contexti</strong></span> <span class='ocrx_word' id='word_1_706' title='bbox 565 2764 572 2783; x_wconf 88' lang='lat'><strong>:</strong></span> <span class='ocrx_word' id='word_1_707' title='bbox 587 2757 620 2785; x_wconf 87' lang='lat' dir='ltr'><strong>de</strong></span> <span class='ocrx_word' id='word_1_708' title='bbox 633 2757 777 2785; x_wconf 83' lang='lat' dir='ltr'><strong>Atticismo</strong></span> <span class='ocrx_word' id='word_1_709' title='bbox 791 2757 855 2785; x_wconf 87' lang='lat' dir='ltr'><strong>item</strong></span> <span class='ocrx_word' id='word_1_710' title='bbox 874 2764 970 2789; x_wconf 83' lang='lat' dir='ltr'><strong>unum,</strong></span> 
     </span>
    </p>
   </div>
   <div class='ocr_carea' id='block_1_99' title="bbox 181 2791 602 2819">
    <p class='ocr_par' dir='ltr' id='par_1_99' title="bbox 181 2791 602 2819">
     <span class='ocr_line' id='line_1_100' title="bbox 181 2791 602 2819; baseline 0.002 -1"><span class='ocrx_word' id='word_1_711' title='bbox 181 2796 210 2818; x_wconf 81' lang='lat' dir='ltr'><strong>u&#39;</strong></span> <span class='ocrx_word' id='word_1_712' title='bbox 227 2792 310 2818; x_wconf 73' lang='lat' dir='ltr'><strong>refert</strong></span> <span class='ocrx_word' id='word_1_713' title='bbox 328 2791 429 2819; x_wconf 87' lang='lat' dir='ltr'><strong>Suidas</strong></span> <span class='ocrx_word' id='word_1_714' title='bbox 445 2793 472 2818; x_wconf 91' lang='lat' dir='ltr'><strong>in</strong></span> <span class='ocrx_word' id='word_1_715' title='bbox 492 2791 602 2819; x_wconf 84' lang='lat' dir='ltr'><strong>chico.</strong></span> 
     </span>
    </p>
   </div>
   <div class='ocr_carea' id='block_1_100' title="bbox 220 2827 973 2862">
    <p class='ocr_par' dir='ltr' id='par_1_100' title="bbox 220 2827 973 2862">
     <span class='ocr_line' id='line_1_101' title="bbox 220 2827 973 2862; baseline 0 -9"><span class='ocrx_word' id='word_1_716' title='bbox 220 2827 275 2861; x_wconf 74' lang='lat' dir='ltr'><strong>(M)</strong></span> <span class='ocrx_word' id='word_1_717' title='bbox 298 2827 344 2860; x_wconf 84' lang='grc' dir='ltr'>Ὡς</span> <span class='ocrx_word' id='word_1_718' title='bbox 363 2827 446 2860; x_wconf 83' lang='grc' dir='ltr'>εἴτις</span> <span class='ocrx_word' id='word_1_719' title='bbox 464 2827 555 2862; x_wconf 76' lang='grc' dir='ltr'>λέγοι.</span> <span class='ocrx_word' id='word_1_720' title='bbox 585 2827 662 2855; x_wconf 86' lang='lat' dir='ltr'><strong>Ilunc</strong></span> <span class='ocrx_word' id='word_1_721' title='bbox 684 2827 773 2855; x_wconf 89' lang='lat' dir='ltr'><strong>locum</strong></span> <span class='ocrx_word' id='word_1_722' title='bbox 803 2827 883 2854; x_wconf 80' lang='lat' dir='ltr'><strong>aliter</strong></span> <span class='ocrx_word' id='word_1_723' title='bbox 909 2827 973 2861; x_wconf 70' lang='lat' dir='ltr'><strong>legit</strong></span> 
     </span>
    </p>
   </div>
   <div class='ocr_carea' id='block_1_101' title="bbox 181 2861 974 2898">
    <p class='ocr_par' dir='ltr' id='par_1_101' title="bbox 181 2861 974 2898">
     <span class='ocr_line' id='line_1_102' title="bbox 181 2861 974 2898; baseline 0 -9"><span class='ocrx_word' id='word_1_724' title='bbox 181 2861 362 2897; x_wconf 49' lang='grc' dir='ltr'><strong>διαθήκη-αδ.</strong></span> <span class='ocrx_word' id='word_1_725' title='bbox 393 2861 446 2891; x_wconf 75' lang='lat' dir='ltr'><strong>Pro</strong></span> <span class='ocrx_word' id='word_1_726' title='bbox 479 2863 520 2890; x_wconf 79' lang='lat' dir='ltr'><strong>his</strong></span> <span class='ocrx_word' id='word_1_727' title='bbox 555 2863 627 2890; x_wconf 89' lang='lat' dir='ltr'><strong>enim</strong></span> <span class='ocrx_word' id='word_1_728' title='bbox 657 2871 717 2898; x_wconf 74' lang='lat' dir='ltr'><strong>qua:</strong></span> <span class='ocrx_word' id='word_1_729' title='bbox 747 2863 905 2897; x_wconf 81' lang='lat' dir='ltr'><strong>citavitnus,</strong></span> <span class='ocrx_word' id='word_1_730' title='bbox 935 2863 974 2890; x_wconf 88' lang='lat' dir='ltr'><strong>sic</strong></span> 
     </span>
    </p>
   </div>
   <div class='ocr_carea' id='block_1_102' title="bbox 1026 2301 1820 2339">
    <p class='ocr_par' dir='ltr' id='par_1_102' title="bbox 1026 2301 1820 2339">
     <span class='ocr_line' id='line_1_103' title="bbox 1026 2301 1820 2339; baseline 0.004 -12"><span class='ocrx_word' id='word_1_731' title='bbox 1026 2301 1107 2339; x_wconf 69' lang='lat' dir='ltr'><strong>habet</strong></span> <span class='ocrx_word' id='word_1_732' title='bbox 1122 2310 1128 2328; x_wconf 89' lang='lat'>:</span> <span class='ocrx_word' id='word_1_733' title='bbox 1146 2302 1201 2328; x_wconf 78' lang='grc' dir='ltr'><strong>Καὶ</strong></span> <span class='ocrx_word' id='word_1_734' title='bbox 1220 2301 1300 2339; x_wconf 67' lang='grc' dir='ltr'>ἄλλος</span> <span class='ocrx_word' id='word_1_735' title='bbox 1320 2303 1369 2339; x_wconf 73' lang='grc' dir='ltr'>τὴν</span> <span class='ocrx_word' id='word_1_736' title='bbox 1386 2302 1504 2339; x_wconf 20' lang='grc' dir='ltr'>ὲννπίθῳγ</span> <span class='ocrx_word' id='word_1_737' title='bbox 1522 2304 1610 2338; x_wconf 85' lang='grc' dir='ltr'>τρύγα</span> <span class='ocrx_word' id='word_1_738' title='bbox 1630 2303 1725 2338; x_wconf 79' lang='grc' dir='ltr'>φησίν.</span> <span class='ocrx_word' id='word_1_739' title='bbox 1755 2302 1820 2339; x_wconf 87' lang='lat' dir='ltr'><strong>Epi-</strong></span> 
     </span>
    </p>
   </div>
   <div class='ocr_carea' id='block_1_103' title="bbox 1024 2336 1822 2371">
    <p class='ocr_par' dir='ltr' id='par_1_103' title="bbox 1024 2336 1822 2371">
     <span class='ocr_line' id='line_1_104' title="bbox 1024 2336 1822 2371; baseline 0.003 -8"><span class='ocrx_word' id='word_1_740' title='bbox 1024 2336 1143 2371; x_wconf 79' lang='lat' dir='ltr'><strong>phanius</strong></span> <span class='ocrx_word' id='word_1_741' title='bbox 1166 2340 1256 2363; x_wconf 81' lang='lat' dir='ltr'><strong>autem</strong></span> <span class='ocrx_word' id='word_1_742' title='bbox 1284 2336 1584 2366; x_wconf 26' lang='lat' dir='ltr'><strong>SehOlnsticus‘hunc‘</strong></span> <span class='ocrx_word' id='word_1_743' title='bbox 1598 2336 1687 2365; x_wconf 54' lang='lat' dir='ltr'><strong>loc&#39;uin</strong></span> <span class='ocrx_word' id='word_1_744' title='bbox 1706 2339 1745 2365; x_wconf 83' lang='lat' dir='ltr'><strong>ita</strong></span> <span class='ocrx_word' id='word_1_745' title='bbox 1760 2336 1822 2366; x_wconf 71' lang='lat' dir='ltr'><strong>ver-</strong></span> 
     </span>
    </p>
   </div>
   <div class='ocr_carea' id='block_1_104' title="bbox 1025 2371 1820 2408">
    <p class='ocr_par' dir='ltr' id='par_1_104' title="bbox 1025 2371 1820 2408">
     <span class='ocr_line' id='line_1_105' title="bbox 1025 2371 1820 2408; baseline 0.004 -11"><span class='ocrx_word' id='word_1_746' title='bbox 1025 2372 1077 2408; x_wconf 84' lang='lat' dir='ltr'><strong>tit:</strong></span> <span class='ocrx_word' id='word_1_747' title='bbox 1104 2371 1181 2408; x_wconf 68' lang='lat' dir='ltr'><strong>Apud</strong></span> <span class='ocrx_word' id='word_1_748' title='bbox 1211 2371 1387 2408; x_wconf 69' lang='lat' dir='ltr'><strong>Menandrum</strong></span> <span class='ocrx_word' id='word_1_749' title='bbox 1411 2381 1468 2400; x_wconf 83' lang='lat' dir='ltr'><strong>vero</strong></span> <span class='ocrx_word' id='word_1_750' title='bbox 1492 2374 1571 2400; x_wconf 75' lang='lat' dir='ltr'><strong>veluti</strong></span> <span class='ocrx_word' id='word_1_751' title='bbox 1595 2374 1672 2408; x_wconf 73' lang='lat' dir='ltr'><strong>fwres</strong></span> <span class='ocrx_word' id='word_1_752' title='bbox 1696 2382 1756 2408; x_wconf 71' lang='lat' dir='ltr'><strong>qum</strong></span> <span class='ocrx_word' id='word_1_753' title='bbox 1787 2382 1820 2401; x_wconf 71' lang='lat' dir='ltr'><strong>ea;</strong></span> 
     </span>
    </p>
   </div>
   <div class='ocr_carea' id='block_1_105' title="bbox 1024 2406 1820 2441">
    <p class='ocr_par' dir='ltr' id='par_1_105' title="bbox 1024 2406 1820 2441">
     <span class='ocr_line' id='line_1_106' title="bbox 1024 2406 1820 2441; baseline 0.003 -9"><span class='ocrx_word' id='word_1_754' title='bbox 1024 2406 1084 2433; x_wconf 74' lang='lat' dir='ltr'><strong>riuo</strong></span> <span class='ocrx_word' id='word_1_755' title='bbox 1097 2406 1260 2441; x_wconf 77' lang='lat' dir='ltr'><strong>colliguntur</strong></span> <span class='ocrx_word' id='word_1_756' title='bbox 1271 2407 1299 2433; x_wconf 77' lang='lat' dir='ltr'><strong>in</strong></span> <span class='ocrx_word' id='word_1_757' title='bbox 1313 2408 1394 2441; x_wconf 80' lang='lat' dir='ltr'><strong>dolio,</strong></span> <span class='ocrx_word' id='word_1_758' title='bbox 1411 2408 1570 2441; x_wconf 80' lang='grc' dir='ltr'>ὑπόστασιν,</span> <span class='ocrx_word' id='word_1_759' title='bbox 1583 2406 1609 2435; x_wconf 76' lang='lat' dir='ltr'><strong>id</strong></span> <span class='ocrx_word' id='word_1_760' title='bbox 1619 2413 1658 2435; x_wconf 72' lang='lat' dir='ltr'><strong>est</strong></span> <span class='ocrx_word' id='word_1_761' title='bbox 1671 2406 1820 2435; x_wconf 69' lang='lat' dir='ltr'><strong>subsisten—</strong></span> 
     </span>
    </p>
   </div>
   <div class='ocr_carea' id='block_1_106' title="bbox 1026 2441 1818 2478">
    <p class='ocr_par' dir='ltr' id='par_1_106' title="bbox 1026 2441 1818 2478">
     <span class='ocr_line' id='line_1_107' title="bbox 1026 2441 1818 2478; baseline 0.003 -10"><span class='ocrx_word' id='word_1_762' title='bbox 1026 2442 1103 2478; x_wconf 17' lang='lat' dir='ltr'><strong>tiamr</strong></span> <span class='ocrx_word' id='word_1_763' title='bbox 1119 2442 1257 2477; x_wconf 74' lang='lat' dir='ltr'><strong>designare</strong></span> <span class='ocrx_word' id='word_1_764' title='bbox 1275 2441 1350 2470; x_wconf 82' lang='lat' dir='ltr'><strong>dicit.</strong></span> <span class='ocrx_word' id='word_1_765' title='bbox 1368 2443 1424 2478; x_wconf 78' lang='lat' dir='ltr'><strong>Ego</strong></span> <span class='ocrx_word' id='word_1_766' title='bbox 1447 2451 1511 2470; x_wconf 86' lang='lat' dir='ltr'><strong>vero</strong></span> <span class='ocrx_word' id='word_1_767' title='bbox 1523 2444 1606 2470; x_wconf 88' lang='lat' dir='ltr'><strong>alium</strong></span> <span class='ocrx_word' id='word_1_768' title='bbox 1622 2451 1684 2470; x_wconf 79' lang='lat' dir='ltr'><strong>esse</strong></span> <span class='ocrx_word' id='word_1_769' title='bbox 1702 2451 1818 2470; x_wconf 86' lang='lat' dir='ltr'><strong>sensum</strong></span> 
     </span>
    </p>
   </div>
   <div class='ocr_carea' id='block_1_107' title="bbox 1025 2477 1819 2510">
    <p class='ocr_par' dir='ltr' id='par_1_107' title="bbox 1025 2477 1819 2510">
     <span class='ocr_line' id='line_1_108' title="bbox 1025 2477 1819 2510; baseline 0.001 -7"><span class='ocrx_word' id='word_1_770' title='bbox 1025 2477 1153 2504; x_wconf 83' lang='lat' dir='ltr'><strong>existimo</strong></span> <span class='ocrx_word' id='word_1_771' title='bbox 1181 2479 1277 2504; x_wconf 91' lang='lat' dir='ltr'><strong>horum</strong></span> <span class='ocrx_word' id='word_1_772' title='bbox 1301 2477 1457 2510; x_wconf 73' lang='lat' dir='ltr'><strong>verborum,</strong></span> <span class='ocrx_word' id='word_1_773' title='bbox 1480 2482 1511 2506; x_wconf 86' lang='lat' dir='ltr'><strong>ut</strong></span> <span class='ocrx_word' id='word_1_774' title='bbox 1534 2479 1638 2506; x_wconf 88' lang='lat' dir='ltr'><strong>scilicet</strong></span> <span class='ocrx_word' id='word_1_775' title='bbox 1669 2478 1819 2505; x_wconf 79' lang='lat' dir='ltr'><strong>Menander</strong></span> 
     </span>
    </p>
   </div>
   <div class='ocr_carea' id='block_1_108' title="bbox 1025 2511 1819 2549">
    <p class='ocr_par' dir='ltr' id='par_1_108' title="bbox 1025 2511 1819 2549">
     <span class='ocr_line' id='line_1_109' title="bbox 1025 2511 1819 2549; baseline 0 -10"><span class='ocrx_word' id='word_1_776' title='bbox 1025 2511 1232 2549; x_wconf 79' lang='lat' dir='ltr'><strong>condimentum</strong></span> <span class='ocrx_word' id='word_1_777' title='bbox 1250 2513 1355 2540; x_wconf 84' lang='lat' dir='ltr'><strong>vocarit</strong></span> <span class='ocrx_word' id='word_1_778' title='bbox 1374 2513 1531 2549; x_wconf 62' lang='grc' dir='ltr'>ὑπόστασιν.</span> <span class='ocrx_word' id='word_1_779' title='bbox 1546 2522 1578 2542; x_wconf 87' lang='lat' dir='ltr'><strong>eo</strong></span> <span class='ocrx_word' id='word_1_780' title='bbox 1594 2515 1666 2549; x_wconf 83' lang='lat' dir='ltr'><strong>qned</strong></span> <span class='ocrx_word' id='word_1_781' title='bbox 1689 2513 1819 2541; x_wconf 80' lang='lat' dir='ltr'><strong>subsidat</strong></span> 
     </span>
    </p>
   </div>
   <div class='ocr_carea' id='block_1_109' title="bbox 1023 2547 1670 2582">
    <p class='ocr_par' dir='ltr' id='par_1_109' title="bbox 1023 2547 1670 2582">
     <span class='ocr_line' id='line_1_110' title="bbox 1023 2547 1670 2582; baseline 0.003 -9"><span class='ocrx_word' id='word_1_782' title='bbox 1023 2547 1050 2574; x_wconf 92' lang='lat' dir='ltr'><strong>in</strong></span> <span class='ocrx_word' id='word_1_783' title='bbox 1068 2547 1152 2574; x_wconf 88' lang='lat' dir='ltr'><strong>fundo</strong></span> <span class='ocrx_word' id='word_1_784' title='bbox 1168 2547 1278 2582; x_wconf 73' lang='lat' dir='ltr'><strong>patinae,</strong></span> <span class='ocrx_word' id='word_1_785' title='bbox 1295 2548 1410 2582; x_wconf 83' lang='lat' dir='ltr'><strong>perinde</strong></span> <span class='ocrx_word' id='word_1_786' title='bbox 1426 2555 1457 2575; x_wconf 87' lang='lat' dir='ltr'><strong>ac</strong></span> <span class='ocrx_word' id='word_1_787' title='bbox 1474 2548 1524 2575; x_wconf 74' lang='lat' dir='ltr'><strong>faex</strong></span> <span class='ocrx_word' id='word_1_788' title='bbox 1542 2549 1569 2576; x_wconf 93' lang='lat' dir='ltr'><strong>in</strong></span> <span class='ocrx_word' id='word_1_789' title='bbox 1586 2547 1670 2576; x_wconf 80' lang='lat' dir='ltr'><strong>dolio.</strong></span> 
     </span>
    </p>
   </div>
   <div class='ocr_carea' id='block_1_110' title="bbox 1058 2581 1817 2618">
    <p class='ocr_par' dir='ltr' id='par_1_110' title="bbox 1058 2581 1817 2618">
     <span class='ocr_line' id='line_1_111' title="bbox 1058 2581 1817 2618; baseline 0.003 -10"><span class='ocrx_word' id='word_1_790' title='bbox 1058 2581 1223 2618; x_wconf 60' lang='grc' dir='ltr'><strong>(45λοῠὸὲν</strong></span> <span class='ocrx_word' id='word_1_791' title='bbox 1233 2582 1268 2609; x_wconf 82' lang='grc' dir='ltr'><strong>δὲ</strong></span> <span class='ocrx_word' id='word_1_792' title='bbox 1278 2581 1327 2609; x_wconf 59' lang='lat' dir='ltr'><strong>tiu</strong></span> <span class='ocrx_word' id='word_1_793' title='bbox 1337 2582 1390 2617; x_wconf 80' lang='grc' dir='ltr'>τῆς</span> <span class='ocrx_word' id='word_1_794' title='bbox 1403 2583 1490 2618; x_wconf 77' lang='grc' dir='ltr'>ἁγίας</span> <span class='ocrx_word' id='word_1_795' title='bbox 1505 2583 1635 2617; x_wconf 78' lang='grc' dir='ltr'><strong>Τριάδος.</strong></span> <span class='ocrx_word' id='word_1_796' title='bbox 1645 2582 1817 2618; x_wconf 81' lang='lat' dir='ltr'><strong>Nicephorus</strong></span> 
     </span>
    </p>
   </div>
   <div class='ocr_carea' id='block_1_111' title="bbox 1022 2617 1813 2651">
    <p class='ocr_par' dir='ltr' id='par_1_111' title="bbox 1022 2617 1813 2651">
     <span class='ocr_line' id='line_1_112' title="bbox 1022 2617 1813 2651; baseline 0 -7"><span class='ocrx_word' id='word_1_797' title='bbox 1022 2617 1095 2644; x_wconf 87' lang='lat' dir='ltr'><strong>hunc</strong></span> <span class='ocrx_word' id='word_1_798' title='bbox 1107 2617 1212 2651; x_wconf 74' lang='lat' dir='ltr'><strong>Evagrii</strong></span> <span class='ocrx_word' id='word_1_799' title='bbox 1227 2618 1317 2645; x_wconf 91' lang='lat' dir='ltr'><strong>locum</strong></span> <span class='ocrx_word' id='word_1_800' title='bbox 1328 2617 1431 2650; x_wconf 40' lang='lat' dir='ltr'><strong>citans.’</strong></span> <span class='ocrx_word' id='word_1_801' title='bbox 1443 2626 1536 2646; x_wconf 88' lang='lat' dir='ltr'><strong>vocetu</strong></span> <span class='ocrx_word' id='word_1_802' title='bbox 1551 2618 1626 2645; x_wconf 88' lang='lat' dir='ltr'><strong>addit</strong></span> <span class='ocrx_word' id='word_1_803' title='bbox 1642 2619 1694 2646; x_wconf 90' lang='lat' dir='ltr'><strong>hoc</strong></span> <span class='ocrx_word' id='word_1_804' title='bbox 1711 2617 1813 2645; x_wconf 88' lang='lat' dir='ltr'><strong>modo:</strong></span> 
     </span>
    </p>
   </div>
   <div class='ocr_carea' id='block_1_112' title="bbox 1021 2652 1817 2689">
    <p class='ocr_par' dir='ltr' id='par_1_112' title="bbox 1021 2652 1817 2689">
     <span class='ocr_line' id='line_1_113' title="bbox 1021 2652 1817 2689; baseline 0.004 -12"><span class='ocrx_word' id='word_1_805' title='bbox 1021 2653 1045 2689; x_wconf 67' lang='grc' dir='ltr'><strong>ει</strong></span> <span class='ocrx_word' id='word_1_806' title='bbox 1059 2652 1257 2689; x_wconf 22' lang='grc' dir='ltr'>οὺδὲννδέιειο.</span> <span class='ocrx_word' id='word_1_807' title='bbox 1276 2653 1361 2689; x_wconf 34' lang='lat' dir='ltr'><strong>ItaAut</strong></span> <span class='ocrx_word' id='word_1_808' title='bbox 1377 2658 1438 2688; x_wconf 90' lang='lat' dir='ltr'><strong>post</strong></span> <span class='ocrx_word' id='word_1_809' title='bbox 1454 2660 1550 2689; x_wconf 82' lang='lat' dir='ltr'><strong>vocem</strong></span> <span class='ocrx_word' id='word_1_810' title='bbox 1562 2653 1681 2689; x_wconf 68' lang='grc' dir='ltr'>ἄρρητον</span> <span class='ocrx_word' id='word_1_811' title='bbox 1695 2657 1817 2689; x_wconf 73' lang='lat' dir='ltr'><strong>ponatur</strong></span> 
     </span>
    </p>
   </div>
   <div class='ocr_carea' id='block_1_113' title="bbox 1024 2687 1816 2716">
    <p class='ocr_par' dir='ltr' id='par_1_113' title="bbox 1024 2687 1816 2716">
     <span class='ocr_line' id='line_1_114' title="bbox 1024 2687 1816 2716; baseline 0.003 -3"><span class='ocrx_word' id='word_1_812' title='bbox 1024 2687 1112 2714; x_wconf 85' lang='lat' dir='ltr'><strong>linalis</strong></span> <span class='ocrx_word' id='word_1_813' title='bbox 1132 2688 1283 2715; x_wconf 87' lang='lat' dir='ltr'><strong>distinctio.</strong></span> <span class='ocrx_word' id='word_1_814' title='bbox 1311 2687 1392 2716; x_wconf 81' lang='lat' dir='ltr'><strong>Certe</strong></span> <span class='ocrx_word' id='word_1_815' title='bbox 1418 2689 1444 2715; x_wconf 92' lang='lat' dir='ltr'><strong>in</strong></span> <span class='ocrx_word' id='word_1_816' title='bbox 1475 2687 1605 2716; x_wconf 67' lang='lat' dir='ltr'><strong>editione</strong></span> <span class='ocrx_word' id='word_1_817' title='bbox 1624 2687 1737 2716; x_wconf 66' lang='grc' dir='ltr'>[ἰοδέτιί</span> <span class='ocrx_word' id='word_1_818' title='bbox 1756 2688 1816 2715; x_wconf 87' lang='lat' dir='ltr'><strong>Ste-</strong></span> 
     </span>
    </p>
   </div>
   <div class='ocr_carea' id='block_1_114' title="bbox 1023 2723 1818 2757">
    <p class='ocr_par' dir='ltr' id='par_1_114' title="bbox 1023 2723 1818 2757">
     <span class='ocr_line' id='line_1_115' title="bbox 1023 2723 1818 2757; baseline 0 -8"><span class='ocrx_word' id='word_1_819' title='bbox 1023 2723 1119 2757; x_wconf 77' lang='lat' dir='ltr'><strong>phani,</strong></span> <span class='ocrx_word' id='word_1_820' title='bbox 1143 2726 1205 2757; x_wconf 87' lang='lat' dir='ltr'><strong>post</strong></span> <span class='ocrx_word' id='word_1_821' title='bbox 1231 2730 1326 2750; x_wconf 88' lang='lat' dir='ltr'><strong>vocem</strong></span> <span class='ocrx_word' id='word_1_822' title='bbox 1352 2723 1444 2750; x_wconf 76' lang='grc' dir='ltr'>λαϐεῖν</span> <span class='ocrx_word' id='word_1_823' title='bbox 1469 2724 1665 2751; x_wconf 88' lang='lat' dir='ltr'><strong>subdistinctio</strong></span> <span class='ocrx_word' id='word_1_824' title='bbox 1682 2724 1818 2751; x_wconf 76' lang='lat' dir='ltr'><strong>duntaxat</strong></span> 
     </span>
    </p>
   </div>
   <div class='ocr_carea' id='block_1_115' title="bbox 1025 2757 1818 2793">
    <p class='ocr_par' dir='ltr' id='par_1_115' title="bbox 1025 2757 1818 2793">
     <span class='ocr_line' id='line_1_116' title="bbox 1025 2757 1818 2793; baseline -0.001 -9"><span class='ocrx_word' id='word_1_825' title='bbox 1025 2759 1149 2792; x_wconf 86' lang='lat' dir='ltr'><strong>apposita</strong></span> <span class='ocrx_word' id='word_1_826' title='bbox 1167 2761 1219 2785; x_wconf 85' lang='lat' dir='ltr'><strong>est.</strong></span> <span class='ocrx_word' id='word_1_827' title='bbox 1237 2757 1406 2793; x_wconf 86' lang='lat' dir='ltr'><strong>Epiphanius</strong></span> <span class='ocrx_word' id='word_1_828' title='bbox 1426 2763 1518 2786; x_wconf 85' lang='lat' dir='ltr'><strong>tamen</strong></span> <span class='ocrx_word' id='word_1_829' title='bbox 1542 2759 1733 2786; x_wconf 87' lang='lat' dir='ltr'><strong>Scholastieus</strong></span> <span class='ocrx_word' id='word_1_830' title='bbox 1760 2759 1818 2784; x_wconf 89' lang='lat' dir='ltr'><strong>vul-</strong></span> 
     </span>
    </p>
   </div>
   <div class='ocr_carea' id='block_1_116' title="bbox 1024 2793 1817 2828">
    <p class='ocr_par' dir='ltr' id='par_1_116' title="bbox 1024 2793 1817 2828">
     <span class='ocr_line' id='line_1_117' title="bbox 1024 2793 1817 2828; baseline 0.001 -9"><span class='ocrx_word' id='word_1_831' title='bbox 1024 2798 1113 2826; x_wconf 73' lang='lat' dir='ltr'><strong>gatam</strong></span> <span class='ocrx_word' id='word_1_832' title='bbox 1131 2793 1277 2828; x_wconf 77' lang='lat' dir='ltr'><strong>lectionem</strong></span> <span class='ocrx_word' id='word_1_833' title='bbox 1292 2799 1395 2824; x_wconf 76' lang='lat' dir='ltr'><strong>tuetur,</strong></span> <span class='ocrx_word' id='word_1_834' title='bbox 1413 2799 1439 2821; x_wconf 88' lang='lat' dir='ltr'><strong>et</strong></span> <span class='ocrx_word' id='word_1_835' title='bbox 1452 2797 1515 2828; x_wconf 84' lang='lat' dir='ltr'><strong>post</strong></span> <span class='ocrx_word' id='word_1_836' title='bbox 1530 2802 1623 2821; x_wconf 79' lang='lat' dir='ltr'><strong>vocem</strong></span> <span class='ocrx_word' id='word_1_837' title='bbox 1640 2794 1734 2821; x_wconf 74' lang='grc' dir='ltr'>λαϐεῖν</span> <span class='ocrx_word' id='word_1_838' title='bbox 1751 2794 1817 2820; x_wconf 87' lang='lat' dir='ltr'><strong>lina-</strong></span> 
     </span>
    </p>
   </div>
   <div class='ocr_carea' id='block_1_117' title="bbox 1025 2827 1817 2864">
    <p class='ocr_par' dir='ltr' id='par_1_117' title="bbox 1025 2827 1817 2864">
     <span class='ocr_line' id='line_1_118' title="bbox 1025 2827 1817 2864; baseline 0.003 -10"><span class='ocrx_word' id='word_1_839' title='bbox 1025 2830 1076 2855; x_wconf 84' lang='lat' dir='ltr'><strong>leni</strong></span> <span class='ocrx_word' id='word_1_840' title='bbox 1100 2828 1210 2862; x_wconf 78' lang='lat' dir='ltr'><strong>apponit</strong></span> <span class='ocrx_word' id='word_1_841' title='bbox 1240 2827 1460 2863; x_wconf 61' lang='lat' dir='ltr'><strong>distinctionem;</strong></span> <span class='ocrx_word' id='word_1_842' title='bbox 1490 2837 1570 2864; x_wconf 82' lang='lat' dir='ltr'><strong>quem</strong></span> <span class='ocrx_word' id='word_1_843' title='bbox 1592 2837 1643 2857; x_wconf 88' lang='lat' dir='ltr'><strong>nos</strong></span> <span class='ocrx_word' id='word_1_844' title='bbox 1668 2829 1714 2857; x_wconf 88' lang='lat' dir='ltr'><strong>hic</strong></span> <span class='ocrx_word' id='word_1_845' title='bbox 1732 2828 1817 2857; x_wconf 81' lang='lat' dir='ltr'><strong>secuti</strong></span> 
     </span>
    </p>
   </div>
   <div class='ocr_carea' id='block_1_118' title="bbox 1026 2871 1132 2891">
    <p class='ocr_par' dir='ltr' id='par_1_118' title="bbox 1026 2871 1132 2891">
     <span class='ocr_line' id='line_1_119' title="bbox 1026 2871 1132 2891; baseline 0 0"><span class='ocrx_word' id='word_1_846' title='bbox 1026 2871 1132 2891; x_wconf 63' lang='lat' dir='ltr'><strong>Stultus.</strong></span> 
     </span>
    </p>
   </div>
  </div>
