1891 3068
22 169 70 198 391

500 165 665 194 HISTORIA
684 164 963 195 ECCLESIAS’PICA.
980 181 1016 188 —
1032 166 1098 196 LIB.
1114 167 1160 196 III.

1603 168 1655 196 598

21 226 93 256 ὄντα,
107 224 201 260 ζητεῖν
217 224 264 251 καὶ
276 221 471 257 ἀναγινώσκειν
485 224 540 254 τοῖς
555 222 708 256 φιλο-πόνοις
721 221 818 256 ἀνῆκα.

917 231 1024 251 )οιιιιιιιι
1043 224 1181 260 integrum
1199 227 1290 252 autem
1308 224 1425 256 librum,
1443 224 1507 259 quia
1522 224 1656 259 prolixior

28 271 94 298 Ἰδοὺ
116 270 206 297 ταῦτα
226 270 241 289 ¹ι
259 269 321 307 τῶν,
340 268 446 296 ἀσεϐῶν
471 268 506 295 τὰ
528 268 700 304 τολμήματα,
727 267 821 294 Ταῦτα

22 317 150 353 δρῶντες,
168 317 217 345 καὶ
241 317 278 352 μὴ
292 316 470 352 ἐντραπέντες
493 316 534 350 ἐφ’
547 311 595 347 οἷς·
611 315 744 351 πρότερον
759 308 820 342 καθ’

23 363 100 398 ἡμῶν
127 363 329 397 ἑτυράννευσαν
349 361 407 397 (46)
425 362 519 393 κακοῖς
533 380 541 393 ,
555 360 596 387 ἔτι
614 360 662 387 καὶ
686 360 733 387 νῦν
753 368 820 387 κατ-

23 408 168 444 ηγοροῦσιν
188 410 317 444 ἐκφυγεῖν
331 407 491 444 δυνηθέντας
510 406 601 434 αὐτῶν
622 406 673 437 τὰς
695 406 821 442 ἀνδροφό-

23 463 82 486 νους
96 456 208 490 χεῖρας·
230 453 329 489 μᾶλλον
342 453 370 480 δὲ
381 452 521 488 ὀδύρονται
534 451 651 486 πικρῶς,
661 452 703 479 ὅτι
720 451 757 486 μὴ
773 451 819 478 καὶ

24 500 146 527 ἐκποδὼν
164 499 257 526 τέλεον
268 499 445 533 πεποιήκασι.
460 499 516 525 Καὶ
530 498 622 526 λοιπὸν
636 497 818 534 προφασίζον-

25 555 67 573 ται
76 545 181 572 δειλίαν
194 544 377 577 ὀνειδίζοντες,
387 543 545 578 ἀγνοοῦντες
558 544 599 570 ὅτι
611 543 744 571 καὶτοῦτο
755 551 819 578 γογ-

24 593 163 626 γύζοντες,
184 591 224 623 εις
239 590 352 622 ἑαυτοὺς
364 590 558 625 ἐπιστρέφουσι
570 590 671 625 μᾶλλον
682 590 732 626 τὴν
749 590 819 625 μέμ-

24 639 78 673 ψιν.
95 637 128 663 Εἰ
151 636 207 671 γὰρ
233 635 334 670 φαῦλον
353 635 384 661 τὸ
411 634 540 670 φεύγειν,
562 635 651 671 πολλῷ
675 636 767 671 χεῖρον
788 634 819 661 τὸ

24 682 140 710 διώκειν.
163 682 193 708 '0
208 683 256 717 μὲν
267 681 332 717 γὰρ,
349 681 392 707 ἴνα
408 680 445 716 μὴ
461 681 594 716 ἀποθάνῃ,
608 681 759 717 κρύπτεται
777 689 784 696 ⁸
804 682 818 708 δ

25 729 60 760 δὲ,
76 728 174 756 διώκει
205 728 294 764 ζητῶν
323 729 494 755 ἀποκτεῖναι.
512 727 568 754 Καὶ
582 727 612 754 τὺ
638 727 688 763 μὲν
707 727 818 762 φεύγειν

26 775 180 810 γέγραπται
197 782 204 789 ·
222 774 237 800 ὁ
249 774 277 800 δὲ
301 773 390 808 ζητῶν
411 773 565 809 ἀναιρῆσαι,
589 773 754 808 παραϐαίνει
772 773 818 799 τὸν

26 820 114 855 νόμον,
139 820 188 846 καὶ
214 819 313 854 μᾶλλον
330 818 410 850 αὐτὸς
420 817 470 854 τὴν
490 817 626 853 πρόφασιν
642 817 689 845 τοῦ
707 817 818 852 φεύγειν

27 866 148 902 παρέχει.
159 865 248 900 Εἴπερ
261 863 308 891 οὖν
321 864 370 900 τὴν
385 863 474 899 φυγὴν
488 863 673 896 ὀνειδίζουσιν,
688 863 817 899 ὲντρξπέ-

870 272 924 302 est,
939 269 1072 297 studiosis
1092 270 1290 305 inquirendum
1312 277 1344 298 ac
1363 270 1555 305 perlegendum
1572 269 1655 298 relin-

870 323 936 350 quo.
955 315 1018 343 Htec
1036 320 1111 349 sunt,
1129 317 1239 351 inquit,
1265 317 1411 352 impiorum
1429 316 1570 343 hominum
1589 315 1656 342 faei-

871 368 951 388 nora.
969 361 1023 388 Ista
1043 368 1107 388 cum
1128 365 1220 395 agant,
1236 369 1287 389 nec
1309 362 1474 390 erubescant
1488 362 1523 389 ob
1535 369 1565 389 ea
1583 360 1655 388 mala

869 413 930 441 qua
939 410 1036 434 contra
1057 414 1108 435 nos
1128 412 1206 435 antea
1225 408 1374 435 machinati
1391 411 1474 440 sunt,
1496 414 1568 434 nunc
1585 412 1657 442 pra:-

871 456 946 480 tcrea
962 458 1106 486 accusant,
1119 453 1193 489 quod
1205 458 1334 482 cruentas
1345 455 1466 489 ipsorum
1480 461 1577 481 manus
1588 452 1657 481 eIfu-

869 506 933 532 gere
947 499 1097 527 valuimus:
1114 499 1169 527 imo
1178 500 1268 535 potius
1280 500 1393 528 moleste
1407 499 1498 528 ferunt
1520 499 1592 535 quod
1605 506 1656 527 nos

869 551 884 570 e
909 544 998 572 medio
1024 551 1078 572 non
1101 545 1273 572 sustulerint.
1298 545 1420 580 Denique
1438 553 1508 572 vana
1530 545 1656 580 quaedam

869 594 1061 625 prwtexentes.
1076 591 1210 627 ignaviam
1228 592 1307 620 nobis
1321 592 1496 626 exprobrant,
1511 591 1600 626 ignari
1614 597 1654 622 se.

869 637 933 663 dum
953 636 1007 664 ista
1024 637 1161 672 garriunt.
1182 637 1286 664 crimen
1305 637 1331 664 in
1354 637 1461 672 seipsos
1483 640 1654 672 retorquere.

868 681 936 708 Nam
954 682 977 710 si
991 683 1093 709 malum
1109 687 1152 710 est
1168 682 1273 717 fugere,
1299 683 1386 710 multo
1406 682 1483 716 pejus
1499 686 1542 710 est
1563 689 1657 717 perse«

868 729 926 763 qui.
945 727 993 756 Ille
1009 729 1082 756 enim
1099 729 1176 756 abdit
1188 737 1218 757 se
1231 729 1308 764 181
1326 736 1360 755 ne
1372 728 1528 756 occidatur:
1544 728 1588 755 hic
1599 736 1657 763 per-

868 775 994 809 sequitur
1018 779 1048 802 ut
1076 775 1195 802 occidat.
1223 774 1256 801 Et
1278 774 1437 810 fugiendum
1464 773 1575 809 quidem
1596 781 1657 802 esse

869 819 1012 854 Scriptura
1028 820 1118 847 docet.
1133 820 1185 853 Qui
1200 824 1290 847 autem
1304 819 1479 854 persequitur
1492 822 1523 846 ut
1536 819 1656 851 occidat,

869 866 955 902 legem
970 866 1065 898 violat,
1082 871 1109 894 et
1127 865 1247 901 fugiendi
1268 873 1380 894 causam
1392 867 1449 901 ipse
1466 866 1529 893 aliis
1543 865 1655 901 praebet.

27 919 112 938 τωιιαν
130 911 214 937 πλέον
229 910 341 942 ἑαυτοὺς
355 910 379 936 οί
395 910 537 942 διιὶικοντες
547 918 554 925 ·
566 909 745 937 παυέσοωσαν
757 910 816 936 επι-

917 919 982 947 ergo
996 912 1089 947 fugam
1110 912 1290 947 exprobrant,
1310 912 1475 940 erubescant
1494 912 1585 946 potius
1605 911 1658 947 ipsi

27 956 209 988 ϐουλεύοντες,
228 956 274 983 καὶ
301 955 434 983 παύονται
449 956 496 982 καὶ
511 956 534 982 oi
557 955 703 990 φεύγοντες
727 954 818 986 εὐθύς.

32 1003 108 1029 Ἀλλὰ
124 1002 178 1038 τῆς
194 1002 243 1037 μὲν
261 1001 329 1033 ιδίας
351 1001 482 1036 πονηρίας
505 1001 535 1028 οὐ
553 1000 702 1028 παύονται·
717 1000 765 1027 τοῦ
791 1000 820 1027 δὲ

27 1047 193 1075 καταϐαλεῖν
210 1049 218 1068 i
241 1047 333 1079 ἕνεκα,
356 1048 445 1074 πάντα
463 1047 627 1082 πράττουσιν
639 1055 646 1062 ·
664 1047 764 1079 εἰδότες
778 1047 820 1074 δτι

26 1093 76 1121 τῶν
101 1093 279 1129 διωκομένων
296 1094 313 1128 ὴ
333 1092 417 1128 φυγὴ,
434 1093 521 1128 μέγας
549 1092 659 1128 ἔλεγχός
675 1093 733 1118 ἐστι
750 1091 821 1119 κατὰ

26 1140 76 1167 τῶν
87 1140 253 1167 διωκόντων.
272 1139 364 1170 Οὐδεὶς
377 1139 432 1174 γὰρ
447 1139 493 1166 τὸν
507 1139 594 1173 πρᾶον
605 1138 652 1165 καὶ
668 1138 821 1174 φιλάνθρωο

27 1194 74 1212 πον
89 1185 200 1220 φεύγει,
210 1185 277 1212 ἀλλὰ
289 1184 388 1220 μᾶλλον
399 1184 445 1211 τὸν
454 1183 550 1219 ἄγριον
564 1185 610 1210 καὶ
627 1184 744 1220 πονηρὸν
756 1184 821 1211 ὄντα

28 1231 69 1259 τὸν
84 1231 201 1267 τρόπον.
219 1231 276 1263 Πᾶς
304 1229 358 1266 γὰρ
375 1229 526 1278 κψδυνος
540 1230 588 1257 καὶ
601 1230 751 1266 ὑπόχρεως,
767 1229 821 1257 ἀπὸ

30 1278 75 1313 μὲν
89 1277 137 1304 τοῦ
155 1276 245 1304 Σαοὺλ
260 1275 454 1312 ἔφευγείὲιρὸς
465 1276 493 1302 δὲ
509 1276 554 1303 τὸν
565 1276 647 1303 Δαϐὶδ
659 1276 819 1311 κατέφευγε.

29 1324 154 1352 Διατοῦτο
171 1325 220 1351 καὶ
235 1321 305 1351 οὗτοι
320 1324 383 1356 τοὺς
397 1323 601 1359 κρυπτομένους
614 1324 724 1356 αὐτοῖς]
741 1325 820 1351 ἀναι-

30 1373 82 1407 ρεῖν
90 1370 299 1402 σπουδάζουσιν,
307 1370 377 1405 ὑπὲρ
386 1369 432 1396 τοῦ
443 1368 480 1405 μὴ
489 1369 575 1396 δοκεῖν
584 1369 655 1404 ἔχειν
663 1369 710 1404 τῆς
719 1369 822 1396 ἑαυτῶν

29 1417 158 1453 πονηρίας
177 1415 224 1443 τὸν
243 1415 362 1451 ἔλεγχον.
390 1415 470 1442 Ἀλλά
487 1415 534 1441 κα)⁸
550 1416 579 1441 ὲν
593 1415 680 1450 τούτῳ
699 1414 822 1442 δοκοῦσιν

29 1463 192 1498 τυφλώττειν
203 1463 228 1489 el
247 1461 429 1498 πλανώμενοι.
444 1461 519 1496 Ὀσῳ
529 1461 582 1496 γὰρ
596 1461 612 1496 ἡ
630 1460 702 1496 φυγὴ
719 1460 820 1496 πρόδη-

29 1509 81 1541 λος,
90 1508 214 1543 τοσούτῳ
238 1507 318 1535 πλέον
330 1508 347 1543 ή
371 1507 401 1540 ἐξ
420 1506 564 1542 ἐπιϐουλῆς
583 1506 729 1541 γιγνομένη
757 1505 821 1541 παρ’

30 1555 116 1581 αὐτῶν
141 1553 286 1589 ἀναίρεσις
303 1553 349 1580 καὶ
368 1552 471 1588 ἐξορία,
486 1552 692 1588 προφανεστέρα
709 1552 822 1586 γενήσε-

30 1609 81 1627 ται.
99 1601 150 1627 'Av
162 1608 195 1626 τε
209 1585 263 1634 γὰρ
278 1585 635 1630 ἀποκτείνωσινΛ-θάνατος
650 1585 741 1633 μεῖζον
756 1585 822 1632 ἧχή-
835 1585 856 1614 C

32 1655 71 1673 σει
87 1647 147 1673 κατ’
159 1645 262 1672 αὐτῶν.
279 1645 329 1671 'Av
351 1652 382 1670 τε
405 1643 486 1671 πάλιν
512 1643 666 1678 ὲξορίσωσι,
683 1641 822 1676 πανταχοῦ

33 1692 88 1718 καθ’
103 1691 212 1718 ἑαυτῶν
238 1690 314 1718 αὐτοὶ
333 1690 453 1726 μνημεῖα
466 1690 515 1725 τῆς
542 1689 714 1724 παρανομίας
726 1688 823 1721 ἐξαπο-

33 1737 197 1764 στέλλουσιν.
219 1737 249 1762 Εί
266 1736 315 1771 μὲν
331 1733 377 1762 οὖν
398 1734 498 1767 ἔσωζον
511 1734 561 1766 τὰς
587 1734 698 1770 φρένας,
710 1734 823 1761 ἔϐλεπον

33 1785 142 1815 ἑαυτοὺς
157 1783 190 1809 ἐν
211 1782 316 1814 τούτοις
342 1781 548 1816 συνεχομένους,
566 1781 613 1807 καὶ
641 1782 696 1812 τοῖς
719 1779 823 1807 ἑαυτῶν

34 1830 256 1865 προσκόπτοντας
274 1828 423 1863 λογισμοῖς.
444 1827 552 1862 Ἐπειδὴ
563 1827 591 1853 δὲ
609 1826 656 1853 καὶ
670 1826 701 1852 τὸ
719 1834 824 1862 σωφρο-

34 1877 86 1901 νεῖν
99 1872 388 1906 ἀπώλεσαν,διατοῦτο
402 1873 449 1900 καὶ
461 1872 602 1904 διώκοντες
614 1871 766 1907 ἐξάγονται,
776 1872 824 1899 καὶ

35 1922 177 1957 ζητοῦντες
195 1921 310 1952 ἀνελεῖν,
322 1920 371 1956 οὐχ
385 1920 483 1955 ὁρῶσιν
505 1919 609 1946 ἑαυτῶν
623 1918 671 1954 τὴν
685 1918 823 1946 ἀσέϐειαν.

35 1969 63 1994 Εἰ
79 1968 133 2002 γὰρ
152 1966 306 2002 λοιδοροῦσι
326 1967 390 1997 τοὺς
409 1964 612 2001 κρυπτομένους
627 1964 681 1991 ἀπὸ
706 1964 760 1991 τῶν
777 1963 825 1999 ζη-

34 2013 149 2040 τούντων
171 2012 295 2044 ἀνελεῖν,
315 2011 362 2038 καὶ
389 2009 560 2037 διαϐάλλουσι
585 2010 648 2041 τοὺς
676 2009 826 2043 φεύγοντας

36 2057 86 2083 ἀπὸ
101 2057 156 2084 τῶν
179 2057 344 2089 διωκόντων,
359 2055 385 2082 τί
411 2055 567 2091 ποιήσουσιν
582 2054 698 2090 ὁρῶντες
711 2055 757 2081 τὸν
776 2054 826 2089 μὲν

42 2102 137 2130 Ἰακὼϐ
149 2103 287 2139 φεύγοντα
299 2102 345 2129 τὸν
360 2101 474 2135 ἀδελφὸν
494 2099 567 2127 Ἰσαῦ
577 2108 584 2116 ·
605 2100 650 2127 τὸν
663 2100 692 2126 δὲ
707 2101 827 2135 Μωῡσῆν

38 2151 74 2181 είς
84 2150 192 2177 Μαδιὰν
209 2147 403 2184 ἀναχωροῦντα
426 2147 469 2174 διὰ
489 2147 534 2174 τὸν
547 2147 629 2182 φόϐον
644 2146 692 2173 τοῦ
707 2146 822 2182 (Papam;

39 2196 69 2222 Τί
83 2196 110 2223 δὲ
125 2195 241 2222 τοιαῦτα
261 2194 443 2230 φλυαροῦντες
462 2194 676 2229 ἀπολογήσονται
691 2193 730 2229 τῷ
745 2193 827 2220 Δαϐὶδ

870 958 917 993 qui
935 961 1149 992 persequuntur.
1163 957 1278 985 Cessent
1289 957 1324 985 ab
1337 957 1453 991 insidiis,
1470 961 1498 984 et
1511 957 1604 984 statim
1620 955 1658 983 fn-

870 1011 933 1038 gere
949 1003 1086 1031 desistent
1106 1003 1135 1030 hi
1154 1003 1202 1038 qui
1222 1003 1342 1039 fugiunt.
1358 1002 1459 1030 Verum
1486 1003 1526 1030 illi
1546 1002 1659 1030 malitiae

869 1050 979 1085 quidem
995 1058 1052 1078 suae
1066 1050 1173 1077 nullum
1189 1049 1269 1077 ﬁnem
1284 1049 1399 1077 faciunt.
1419 1049 1453 1077 Ut
1469 1053 1560 1077 autem
1584 1056 1659 1076 com-

870 1095 1056 1131 prehendant,
1076 1095 1169 1123 omnia
1189 1095 1358 1122 moliuntur:
1376 1095 1476 1130 quippe
1499 1096 1547 1131 qui
1573 1095 1660 1130 probe

871 1142 973 1174 sciant,
991 1141 1081 1176 fugam
1099 1148 1196 1169 eorum
1209 1148 1279 1176 quos
1299 1145 1511 1176 persequuntur,
1527 1141 1659 1176 gravissi<

870 1197 944 1216 mum
967 1189 1098 1224 probrum
1114 1187 1211 1216 afferre
1226 1187 1463 1223 persequentibus.
1485 1187 1570 1215 Nemo
1585 1187 1659 1214 enim

871 1240 1043 1262 mansuetum
1067 1234 1206 1262 hominem
1231 1241 1264 1261 ac
1284 1233 1430 1269 benignum
1455 1233 1533 1268 fugit,
1551 1233 1598 1261 sed
1620 1232 1660 1260 fe-

871 1289 963 1309 rocem
976 1285 1003 1309 et
1014 1281 1174 1316 malignum.
1188 1280 1278 1316 Atque
1291 1280 1408 1312 idcirco,
1419 1283 1554 1315 quotquot
1567 1279 1660 1307 mmsti

871 1332 949 1356 erant
967 1333 994 1355 et
1011 1335 1066 1355 aere
1082 1327 1174 1354 alieno
1198 1327 1334 1362 oppressi,
1352 1333 1367 1352 a
1391 1325 1473 1353 Saule
1490 1325 1600 1360 quidem
1616 1324 1660 1352 fu-

871 1374 1001 1409 giebant,’
1009 1373 1043 1400 ad
1058 1372 1187 1400 Davidem
1208 1377 1297 1400 autem
1313 1379 1343 1400 se
1357 1371 1544 1399 conferebant.
1558 1370 1660 1404 Quam-

871 1421 965 1448 obrem
988 1419 1034 1447 isti
1060 1427 1108 1447 eos
1131 1419 1178 1454 qui
1209 1426 1238 1446 se
1266 1418 1408 1446 occultant
1435 1417 1588 1445 interﬁcere
1619 1417 1660 1444 ni-

873 1467 979 1495 tuntur.
993 1471 1028 1492 ne
1045 1464 1101 1491 sint
1123 1464 1169 1498 qui
1196 1463 1399 1498 improbitatem
1417 1463 1539 1498 ipsorum
1552 1462 1662 1498 possint

873 1510 1050 1538 convincere.
1062 1509 1162 1536 Verum
1175 1516 1237 1536 cum
1251 1509 1353 1544 ubique
1369 1508 1524 1541 excutiant,
1536 1508 1582 1536 hic
1596 1515 1662 1543 quo-

874 1563 928 1591 que
943 1555 1071 1584 obcaecati
1088 1554 1154 1582 mihi
1171 1554 1310 1582 videntur.
1331 1554 1440 1587 Quanto
1457 1554 1530 1581 enim
1546 1554 1662 1582 manife-

873 1603 941 1630 stior
953 1605 996 1630 est
1012 1601 1088 1637 fuga,
1107 1605 1184 1628 tanto
1201 1600 1288 1636 magis
1305 1601 1393 1628 caedes
1413 1607 1462 1635 per
1479 1599 1596 1628 insidias
1618 1607 1663 1627 eo-

873 1655 933 1676 rum
947 1651 1074 1682 patratae,
1092 1651 1120 1675 et
1142 1646 1240 1674 exsilia
1265 1645 1411 1674 manifesta
1434 1645 1563 1673 omnibus
1585 1645 1660 1673 IIem.

874 1694 941 1722 Nam
953 1695 1011 1722 sive
1023 1693 1185 1725 occiderint,
1199 1700 1275 1720 mors
1289 1697 1387 1720 contra
1403 1692 1478 1728 ipsos
1490 1692 1592 1720 clarius
1604 1699 1664 1727 per<

874 1739 1002 1771 sonabit;
1022 1739 1079 1767 sive
1094 1739 1121 1766 in
1141 1738 1268 1766 exsiliunt
1282 1738 1417 1770 miserint,
1438 1737 1584 1773 iniustitiae
1605 1745 1662 1765 sua:

875 1789 1052 1814 monumenta
1076 1789 1172 1812 contra
1194 1784 1301 1819 seipsos
1314 1783 1414 1819 ubique
1431 1787 1566 1811 statuunt.
1583 1782 1663 1817 Quod

875 1832 898 1860 si
913 1837 980 1859 sana
995 1836 1085 1858 mente
1102 1829 1206 1865 praediti
1219 1832 1322 1862 essent,
1332 1837 1393 1857 sese
1412 1829 1438 1856 in
1455 1829 1498 1857 his
1512 1829 1662 1865 constringi

875 1877 1012 1908 viderent,
1026 1880 1053 1904 et
1073 1877 1100 1904 in
1115 1875 1174 1903 suis
1195 1875 1320 1902 consiliis
1339 1874 1502 1909 impingere.
1523 1875 1576 1902 Sed
1592 1883 1664 1910 quo-

877 1923 949 1950 niam
966 1926 1058 1951 mente
1072 1922 1144 1957 capti
1160 1922 1279 1953 sunt,ob
1291 1928 1350 1948 eam
1367 1928 1477 1948 causam
1490 1921 1560 1948 alios
1574 1928 1665 1955 perse-

876 1968 986 2004 quendo
1008 1968 1059 2003 ipsi
1083 1971 1246 2002 raptantur;
1267 1970 1294 1993 ct
1314 1965 1380 1993 dum
1397 1965 1466 1993 alios
1487 1969 1614 2000 quaarunt
1631 1965 1665 1992 ad

877 2021 983 2046 necem,
1004 2021 1082 2041 suam
1103 2013 1154 2048 ipsi
1177 2012 1341 2047 impietatem
1359 2019 1413 2038 non
1429 2011 1530 2038 vident.
1554 2010 1623 2038 Nam
1639 2011 1663 2038 si

876 2060 1033 2095 vituperant
1046 2067 1094 2087 eos
1109 2058 1155 2094 qui
1171 2058 1315 2090 sese,dum
1332 2057 1365 2084 ad
1381 2065 1476 2085 necem
1492 2061 1663 2092 qumruntur,

877 2107 1028 2138 occultant,
1046 2109 1073 2133 et
1089 2105 1295 2132 calumniantur
1311 2111 1358 2131 eos
1374 2103 1420 2138 qui
1436 2104 1524 2130 vitant
1537 2110 1665 2138 persecu-

878 2157 970 2179 tores:
985 2149 1050 2186 quid
1061 2171 1068 2182 ,
1082 2157 1193 2185 quaeso,
1213 2148 1311 2176 facturi
1327 2151 1392 2176 sunt
1407 2156 1469 2175 cum
1487 2148 1607 2175 viderint
1624 2147 1666 2175 Ja-

877 2196 976 2224 cobum
990 2195 1100 2230 quidem
1113 2194 1260 2230 fugientem
1273 2193 1384 2220 fratrem
1398 2200 1477 2220 suum
1490 2192 1579 2220 Esau:
1592 2192 1667 2227 Moy-

41 2243 164 2275 φεύγοντι
192 2242 239 2267 τὸν
258 2241 354 2271 Σαοὺλ,
370 2240 424 2266 ἀπὸ
450 2239 500 2275 τῆς
526 2239 616 2271 οἰκίας
630 2239 828 2266 ἀποστείλαντα

917 2251 938 2269 ιιι
958 2249 1024 2270 vero
1041 2245 1113 2269 metu
1127 2239 1280 2267 Pharaonis
1300 2239 1333 2266 ad
1349 2238 1558 2266 Madianitarum
1579 2239 1668 2274 regio-

42 2287 116 2314 αὑτὺν
131 2287 311 2323 ἀναιρεθῆναι
326 2286 394 2322 (47),
409 2286 456 2313 καὶ
483 2286 663 2321 κρυπτομένῳ
687 2286 737 2321 μὲν
753 2285 828 2321 αὐτῷ

882 2295 943 2316 nem
968 2295 997 2315 se
1018 2286 1217 2322 recipientem?
1237 2286 1308 2319 Quid
1329 2290 1419 2312 autem
1434 2285 1537 2320 garruli
1559 2284 1605 2312 isli
1625 2293 1668 2312 re-

626 2353 759 2381 VALESII
780 2353 1060 2382 ANNOTATIONES.

80 2405 134 2439 (46)
148 2406 218 2432 Ka0‘
230 2404 315 2439 ’ἡμῶν
327 2404 560 2438 ἐτυράννευσαν.
569 2402 621 2439 rSic
635 2403 717 2439 etiam
731 2402 830 2438 legitur

45 2441 70 2466 iu
95 2438 265 2468 editionibu's
288 2439 441 2470 Athanasii,
464 2447 524 2474 pag.
547 2438 725 2474 ἸθὸηΜιιιὶῃι
738 2442 829 2465 tamen

45 2475 340 2509 διίεἰὺειελὲτύρευσαν.
363 2472 595 2509 quemadmodum
615 2473 678 2507 legit
696 2472 830 2508 Nic-epho-

45 2519 98 2537 rus.
126 2510 182 2538 Nec
203 2507 281 2537 aliter
299 2507 559 2544 legit‘lﬁpiphanius
583 2507 783 2540 Scholasticus,
802 2513 832 2534 ut

45 2553 74 2571 ex
99 2546 227 2572 versione
249 2545 310 2578 ejus
328 2543 454 2579 apparet.
482 2545 528 2570 Sic
550 2544 623 2571 enim
650 2543 751 2569 vertit:
778 2543 831 2570 Nec

45 2579 220 2606 erubescentes
233 2580 259 2606 in
273 2578 493 2614 quibus'primum
507 2584 599 2606 contra
615 2586 661 2604 nos
681 2578 753 2605 mala
769 2583 830 2605 sunt

47 2615 201 2642 machinati.

914 2404 970 2438 (I7)
984 2404 1203 2431 Ἀποστείλαντι
1211 2404 1304 2431 αὐτὸν
1311 2403 1510 2439 ἀναιρεθῆναι.
1521 2402 1669 2439 Emendavi

879 2439 1088 2470 ἀποστείλαντα,
1127 2443 1156 2465 ιιι
1186 2440 1284 2474 legitur
1315 2437 1388 2474 apud
1419 2439 1616 2474 Nicephorum.
1640 2437 1669 2474 In

879 2474 1031 2501 Athanasio
1058 2478 1147 2500 tamen
1181 2472 1299 2508 legitur:
1318 2472 1383 2501 Ὅτε
1403 2472 1561 2500 ἀπέστειλεν
1575 2472 1670 2508 ,αὑτὸν

880 2509 1056 2544 ἀναιρεθῆναι
1066 2516 1072 2523 “
1088 2510 1134 2534 καὶ
1145 2507 1326 2544 κρυπτομένῳ
1341 2510 1389 2544 μὲν
1400 2510 1496 2536 ἑαυτὴν
1507 2510 1536 2534 ὲν
1546 2507 1585 2542 τῷ
1602 2515 1673 2541 σπη-

881 2537 968 2579 λαίιρ·
986 2537 1137 2580 ἀλλοιοῦντι
1165 2537 1203 2575 δέ,
1225 2537 1277 2571 etc.
1301 2537 1353 2572 geli
1371 2546 1507 2580 vulgatam
1527 2537 1670 2580 Ieclioneni

883 2577 975 2641 :Ilclllr
997 2579 1176 2620 Epiphanius,
1198 2579 1251 2606 nisi
1270 2581 1340 2614 quod
1364 2580 1410 2606 ἐπὶ
1420 2577 1476 2615 ’τὴν
1492 2579 1580 2605 οἰκίαν
1598 2577 1673 2604 \‘idc-

897 2622 928 2640 ur
963 2622 1062 2641 egisse.

884 2618 928 2640 tur
953 2615 1062 2650 legisse.

755 2668 946 2697 VAIIIORUM.

83 2717 98 2738 λ
120 2719 200 2745 Ἰδοὺ
215 2718 318 2745 ταῦτα.
347 2717 408 2746 Περ
437 2718 573 2745 habentur
600 2716 671 2752 apud
700 2717 830 2752 Albanas.

49 2753 99 2780 vol.
117 2753 137 2786 I,
160 2762 188 2789 p.
217 2753 270 2780 524
297 2753 365 2781 edit.
390 2753 542 2785 Benedict.;
570 2756 597 2780 et
616 2751 688 2788 apud
717 2751 831 2787 Niceph.

51 2788 94 2815 lib.
109 2797 135 2816 Χ.
151 2797 213 2816 can.
228 2789 273 2815 16.

86 2797 318 2851 ίχὴίῖῗὲὲιῧέῖν.
343 2823 418 2857 Apud
437 2824 567 2850 Albanas.
590 2822 689 2857 legitur
713 2822 833 2849 καταϐα-

51 2858 114 2894 {si},
134 2859 208 2894 quod
228 2859 332 2886 rectius
346 2860 466 2891 videtur;
491 2864 518 2885 ct
541 2865 614 2890 mox,
627 2892 632 2894 _
645 2857 695 2883 οὐκ
720 2857 830 2894 εἰδότες.

55 2892 251 2922 Τιιιιιιιιίιυιειιι
271 2893 416 2929 pel'icopen
433 2895 472 2923 sie
493 2897 602 2921 vertunt
617 2892 730 2921 doctiss.
745 2892 833 2920 edito-

886 2725 930 2744 res
951 2727 957 2744 :
979 2716 1056 2754 Nihil
1071 2722 1139 2745 certe
1162 2727 1213 2746 non
1228 2723 1309 2754 agunt
1327 2723 1355 2746 ut
1372 2727 1418 2746 nos
1443 2715 1672 2754 comprehendant.

887 2761 937 2778 non
954 2752 1116 2780 aduertenles
1129 2755 1219 2789 fugam
1233 2752 1323 2781 eorum
1337 2755 1382 2788 qui
1396 2752 1599 2788 persecutionem
1625 2757 1673 2781 pu-

887 2793 1000 2820 liunmr,
1019 2796 1192 2823 permagnum
1216 2798 1274 2816 esse
1292 2790 1320 2816 in
1342 2793 1519 2824 persecutores
1534 2791 1674 2819 argumen-

887 2827 951 2849 flllll.

921 2866 930 2883 ι
949 2858 1021 2890 Τοὺς
1031 2858 1256 2893 κρυπτομένους
1273 2859 1383 2891 αὐτοῖς.
1399 2858 1532 2884 Albanas.
1550 2851 1673 2889 Iegitab-

886 2892 958 2924 τούς·
973 2900 1033 2921 mox
1064 2894 1107 2920 ἀεὶ
1124 2892 1305 2929 πλανώμενοι,
1321 2894 1480 2930 elegantius.
