1891 3068
68 162 114 190 415

534 160 701 189 HISTORIA
721 160 999 190 ECCLESIASTlCA.
1014 177 1044 182 —-
1066 161 1132 190 LIB.
1153 162 1196 190 Ill.

1632 165 1682 192 5H

66 219 159 247 Λύτίκα
174 217 238 252 γοῦν
249 218 287 250 ὡς
304 218 333 246 ἐν
345 219 532 256 χωνευτηρίῳ,
542 221 569 247 οῖ
581 229 611 247 τε
624 220 700 253 ὄντες
714 221 844 257 Χριστια-

915 222 1017 257 mpulit.
1043 221 1194 250 Confestim
1216 221 1300 258 igitur
1324 225 1381 249 tum
1406 222 1454 257 qui
1473 222 1540 254 veri,
1558 226 1614 250 tum
1637 224 1682 258 qui

65 263 100 290 νοὶ
120 263 164 289 καὶ
186 263 211 288 οἱ
228 262 408 298 νομιζόμενοι,
430 264 543 299 φανεροὶ
565 265 646 292 πᾶσιν
667 265 797 300 ἐγίνοντο.
810 266 842 292 Ol

66 308 109 344 μὲν
124 307 175 343 γὰρ
192 308 258 343 ὀρθῇ
281 307 377 344 γνώμῃ
392 309 645 345 Χριστιανίζοντες,
667 311 843 346 εὐθυμότεροι

64 355 107 389 τὴν
128 353 213 388 ζώνην
235 353 403 386 ἀπετίθεντο,
424 354 512 381 πάντα
536 355 635 390 μᾶλλον
656 355 801 391 ὑπομένειν
826 356 842 392 ἢ

63 398 192 433 ἀρνεῖσθαι
209 397 253 424 τὸν
271 398 387 433 Χριστὸν
402 399 569 434 αἱρούμενοι.
591 400 635 427 ‘Ev
653 400 758 431 τούτοις
773 399 843 436 ἦσαν

72 443 198 473 Ίοὸιανὸς,
210 443 432 475 Οὐαλεντινιανός
443 453 471 469 τε
486 445 534 471 καὶ
549 444 696 481 Οὐάλης,οἱ
706 446 752 472 καὶ
766 446 844 473 ὓστε-

65 497 104 525 ρον
116 489 331 524 βασιλεύσαντες.
345 490 455 526 Ἔτεροι
480 491 509 518 δὲ
532 491 588 518 ὅσοι
609 491 646 527 μὴ
665 492 731 528 ὀρθῇ
748 492 843 528 γνώμῃ

63 534 260 570 ἐχριστιάνιζον,
273 535 330 561 ὅσοι
344 535 377 562 τὰ
392 537 519 571 χρήματα
531 537 587 572 (60)
603 537 650 564 καὶ
666 539 715 574 τὴν
729 539 844 565 ἐνταῦθα

62 580 145 616 τιμὴν,
169 581 218 615 τῆς
240 580 356 616 ἀληθοῦς
382 582 551 617 εὐδαιμονίας
575 583 779 619 προκρίναντες,
807 584 843 619 μὴ

64 626 235 661 μελλήσαντες
258 626 326 661 πρὸς
349 626 379 653 τὸ
401 626 475 653 θύειν
499 627 653 654 ἀπέκλινον.
672 625 721 655 Ὧν
749 627 789 660 εἷς
809 627 843 664 ἦν

63 672 103 697 καὶ
129 671 142 697 ό
169 671 482 703 Κωνσταντινουπόλεως
514 674 643 708 σοφιστὴς
677 674 842 710 Ἐκηόόλιος.

63 717 149 748 Ὅστις
161 717 216 747 τοῖς
236 717 314 752 ήθεσι
337 717 390 744 τῶν
405 717 536 753 βασιλέων
556 719 698 754 ἑπόμενος,
722 720 769 746 ἐπὶ
796 720 844 755 μὲν

62 762 243 789 Κωνοταντίου
263 762 402 799 διαπύρως
431 764 632 799 Χριστιανίζειν
659 765 842 801 ὑπεκρίνατο*

62 808 103 834 ἐπὶ
114 807 141 834 δὲ
158 808 313 840 Ὶουλιανοῦ,
329 809 428 844 γοργὸς
441 810 540 845 Ἕλλην
554 811 680 844 ἐφαίνετο
689 819 695 826 ·
709 812 756 838 καὶ
768 809 845 844 αὖθις

64 853 125 888 μετὰ
149 853 310 886 ἰουλιανὸν,
335 855 537 890 Χριστιανίζειν
561 856 650 891 ἤθελε.
670 857 765 892 Ῥίψας
789 857 844 892 γὰρ

63 898 148 925 ἑαυτὸν
169 899 261 934 πρηνῆ
287 899 339 934 πρὸ
354 899 405 934 τῆς
427 899 514 935 πύλης
529 899 576 926 τοῦ
595 901 739 936 εὐκτηρίου
759 902 844 934 οῐκου,

64 944 193 979 Πατήσατέ
209 952 255 979 με,
271 944 344 976 ἐϐόα,
359 944 390 971 τὸ
402 945 469 977 ἃλας
483 945 514 972 τὸ
529 945 701 981 ἀναίσθητον.
720 947 845 979 Τοιοῦτος

64 989 107 1023 μὲν
122 987 166 1016 οὖν
180 989 282 1022 κοῦφος
301 989 348 1016 καὶ
358 989 473 1026 εὐχερὴς
498 991 654 1026 Ἐκηὸόλιος
668 992 800 1028 πρότερόν
814 1002 845 1020 τε

63 1034 104 1060 καὶ
116 1033 225 1070 ὕστερον
242 1032 285 1071 ἦν.
301 1035 368 1062 Τότε
383 1036 412 1062 δὲ
433 1037 447 1063 ὁ
469 1035 604 1071 βασιλεὺς,
619 1037 726 1073 Πέρσας
743 1039 844 1073 ἀμύνε-

63 1081 116 1108 σθαι
140 1083 149 1100 ί
167 1081 339 1117 βουλόμενος,
368 1083 426 1110 ἀνθ’
443 1080 480 1111 ὧν
505 1084 551 1111 ἐπὶ
577 1085 766 1112 Κωνσταντίου
795 1085 844 1121 τὴν

67 1127 200 1162 Ῥωμαίων
226 1128 321 1164 χώραν
352 1129 531 1166 κατέδραμον,
553 1131 706 1163 σπουδαίως
730 1131 773 1158 διὰ
795 1133 845 1166 τῆς

68 1172 150 1205 Ἀσίας
167 1173 213 1200 ἐπὶ
237 1174 272 1201 τὰ
293 1173 349 1209 ἑῷα
376 1175 447 1211 μέρη
469 1175 610 1203 διέϐαινεν.
635 1175 720 1208 Εἰδὼς
746 1176 774 1203 δὲ
794 1177 844 1204 ὅσα

63 1217 168 1253 πόλεμος
188 1218 245 1253 ἔχει
268 1219 351 1250 κακὰ,
371 1220 418 1247 καὶ
444 1220 482 1252 ὡς
505 1220 610 1255 πολλῶν
624 1221 709 1248 δεῖται
736 1222 845 1257 χρημά-

62 1270 119 1296 των,
132 1262 178 1289 καὶ
200 1263 266 1290 ἀνευ
293 1264 395 1291 τούτων
415 1265 447 1291 οὐ
472 1265 662 1300 κατορθοῦται,
680 1266 844 1302 πανούργως

64 1308 184 1343 ἐπενόησε
200 1308 342 1343 συλλέγειν
357 1309 390 1336 τὰ
407 1311 536 1345 χρήματα
551 1311 626 1346 παρὰ
644 1311 698 1338 τῶν
714 1311 844 1347 Χριστια-

64 1352 119 1379 νῶν.
134 1353 192 1385 Τοῖς
208 1353 265 1389 γὰρ
290 1354 327 1389 μὴ
351 1353 522 1389 βουλομένοις
544 1354 629 1387 θύειν,
646 1354 763 1390 ἐπέθηκε
776 1364 844 1390 χρη-

66 1399 173 1434 ματικήν
206 1401 357 1435 καταδίκην
382 1406 408 1428 ιι.
439 1401 494 1427 Καὶ
520 1401 666 1436 ἀπαίτησις
692 1401 762 1427 κατά
789 1401 843 1428 τῶν

65 1444 163 1478 ἀληθῶς
178 1446 423 1480 Χριστιανιζόντων
438 1446 542 1480 ἐγίνετο
557 1446 691 1477 σύντονος.
710 1446 844 1477 Ἕκαστος

64 1490 112 1524 γὰρ
137 1491 205 1517 κατὰ
223 1491 274 1526 τὴν
299 1491 415 1527 ὓπαρξιν
435 1491 574 1525 ἀναλόγως
597 1491 732 1527 εἰσέφερε.
754 1491 808 1518 Καὶ
829 1492 843 1518 ὁ

65 1535 180 1570 βασιλεὺς
193 1537 226 1563 ἐκ
242 1537 293 1571 τῆς
307 1537 399 1563 ἀδίκου
417 1537 550 1573 συλλογῆς
562 1537 616 1564 τῶν
630 1537 729 1564 ἀδίκων
740 1537 843 1573 χρημά-

64 1585 120 1609 των,
135 1578 201 1613 ταχὺ
217 1578 345 1610 πλούσιος
359 1576 403 1614 ἦν.
424 1579 538 1614 Ἐχρῆτο
554 1579 607 1614 γὰρ
621 1578 660 1614 τῷ
674 1578 758 1614 νόμῳ,
776 1579 843 1605 ὅπου

64 1632 90 1649 τε
106 1624 140 1659 μὴ
157 1624 259 1660 παρῆν,
275 1624 321 1651 καὶ
334 1625 401 1651 ὅπου
425 1624 552 1652 διέὸαινε.
570 1624 726 1660 Τηνικαῦτα
749 1624 795 1650 καὶ
820 1624 844 1650 οἱ

66 1669 186 1705 Ἕλληνες
204 1670 259 1697 τῶν
273 1670 516 1705 Χριστιανιζόντων
533 1670 713 1706 κατέτρεχον·
733 1669 846 1705 σύρῤοιά

65 1723 90 1742 τε
107 1715 158 1742 τῶν
184 1715 339 1750 φιλοσοφεῖν
363 1716 496 1750 λεγόντων
515 1716 628 1750 ἐγίνετο.
654 1716 710 1742 Καὶ
732 1715 845 1747 τελετάς

65 1769 133 1792 τινας
147 1762 318 1793 συνίστασαν,
334 1762 371 1794 ὠς
386 1762 432 1789 καὶ
448 1762 769 1797 σπλαγχνοσκοπούμενοι
784 1763 847 1788 παῖ-

65 1806 109 1838 δας
123 1807 266 1834 καταθύειν
282 1807 428 1843 ἀφθόρους,
452 1808 569 1844 ἄρρενας
592 1809 639 1835 καὶ
663 1808 784 1843 θηλείας,
801 1809 847 1834 καὶ

66 1851 114 1877 τῶν
128 1851 232 1887 σαρκῶν
247 1852 440 1886 ἀπογεύεσθαι.
464 1853 519 1879 Καὶ
541 1853 627 1879 ταῦτα
648 1853 756 1879 ἐποίουν
775 1853 847 1880 κατὰ

66 1904 92 1923 τε
116 1898 162 1929 τὰς
191 1898 275 1930 ἄλλας
300 1899 401 1932 πόλεις,
421 1900 468 1925 καὶ
495 1899 565 1925 κατὰ
592 1898 642 1930 τὰς
661 1898 785 1934 Ἀθήνας,
800 1898 846 1925 καὶ

67 1942 130 1969 κατὰ
144 1943 191 1978 τὴν
211 1943 424 1979 Ἀλεξάνδρειαν.
439 1943 524 1970 Ἔνθα
538 1944 583 1970 καὶ
599 1943 669 1971 κατὰ
688 1943 846 1970 Ἀθανασίου

66 1988 107 2014 τοῦ
122 1989 270 2016 ἐπισκόπου
296 1989 449 2025 σκευωρίαν
472 1989 661 2024 ποιησάμενοι,
684 1989 847 2024 γνωρίζουσι

68 2033 172 2067 βασιλεῖ,
197 2034 235 2067 ὠς
256 2034 410 2070 λυμαίνατο
431 2036 480 2071 τὴν
506 2037 582 2063 πόλιν
609 2037 656 2063 καὶ
685 2038 776 2064 πᾶσαν
798 2036 848 2072 τὴν

67 2079 204 2114 Αἴγυπτον,
219 2081 267 2108 καὶ
282 2081 337 2109 δεῖν
356 2082 437 2109 αὐτὸν
459 2082 641 2110 ἀπαλλάττειν
664 2084 713 2119 τῆς
732 2082 848 2114 πόλεως.

858 1561 879 1591 C

894 267 956 295 falsi
971 268 1120 296 Christiani
1131 271 1233 299 essent,
1250 271 1380 302 tanquam
1397 269 1424 295 in
1438 267 1549 295 fornace
1565 269 1683 303 probati,

894 313 1022 340 omnibus
1045 313 1232 340 innotuerunt.
1254 312 1321 340 Nam
1346 313 1391 348 qui
1411 313 1520 341 sincere
1547 317 1630 347 atque
1651 321 1684 340 ex

894 359 986 386 animo
997 358 1146 386 Christiani
1163 361 1252 390 erant,
1263 358 1357 385 libenti
1377 358 1469 385 animo
1481 358 1620 393 cingulum
1638 359 1686 385 de-

895 407 1057 439 posuerunt,
1073 403 1182 438 quidvis
1203 405 1275 431 terre
1292 403 1378 439 parati
1397 404 1488 438 potius
1508 412 1588 439 quam
1606 404 1686 431 Clu-i~

895 453 968 477 stum
994 456 1106 483 negare.
1134 449 1207 476 Inter
1228 449 1278 475 hos
1302 449 1380 476 fuere
1397 448 1540 481 Jovianus,
1561 448 1684 475 Valenti-

894 493 994 520 nianus
1013 496 1040 520 et
1057 491 1167 526 Valens,
1190 493 1235 527 qui
1255 498 1349 527 postea
1369 494 1512 528 imperium
1527 499 1683 521 tenuerunt.

895 539 991 567 Caete‘ri
1015 539 1156 574 vero,qui
1174 547 1228 566 non
1251 547 1282 566 ex
1306 539 1398 566 animo
1424 540 1575 567 Christiani
1594 544 1683 570 erant.

896 587 943 614 sed
957 586 1066 613 divitias
1083 589 1110 613 et
1128 585 1246 613 honores
1264 585 1346 619 hujus
1365 586 1456 612 saeculi
1472 594 1543 613 vera:
1561 586 1683 613 felicitati

896 631 1087 667 praeferebant,
1115 630 1174 658 sine
1190 631 1243 658 ulla
1270 631 1447 657 cunctatione
1473 631 1506 658 ad
1527 631 1683 659 sacrifican-

898 677 963 704 dum
984 684 1014 704 se
1030 677 1215 704 contulerunt.
1235 675 1273 702 Ex
1294 683 1410 710 quorum
1424 684 1538 704 numero
1556 677 1607 704 fuit
1621 677 1685 704 Ece-

897 722 988 749 bolius
1016 723 1138 758 sophista
1164 722 1243 750 urbis
1280 722 1600 757 Constantinopolitanae.
1631 722 1682 755 Qui

899 767 1009 802 quidem
1026 768 1059 795 ad
1082 768 1277 802 imperatorum
1299 774 1389 794 m0res
1403 775 1463 794 sese
1479 767 1584 802 lingens
1602 771 1684 801 atque

895 813 1119 844 accommodans,
1131 811 1294 840 Constantio
1310 812 1420 848 quidem
1445 816 1587 847 regnante.
1605 812 1685 839 Chri-

898 858 1015 885 stianam
1030 866 1061 886 se
1076 858 1234 892 religionem
1250 858 1442 886 ardentissime
1463 858 1553 885 colere
1571 858 1684 884 simula—

898 903 954 937 vit;
977 902 1081 930 Juliani
1103 911 1169 931 vero
1192 903 1369 938 temporibus,
1386 904 1527 938 gentilium
1548 904 1684 938 supersti-

898 948 966 976 tioni
982 956 1064 983 supra
1078 949 1187 976 modum
1203 949 1329 977 addictus
1345 949 1488 984 apparuit;
1504 954 1565 983 post
1579 949 1683 976 obitmn

895 998 986 1022 autem
995 993 1107 1026 Juliani,
1120 1003 1219 1023 rursus
1232 995 1418 1023 Christianam
1440 996 1599 1031 religionem
1621 1003 1684 1030 pro-

894 1038 965 1067 ﬁteri
982 1039 1077 1067 voluit.
1103 1039 1210 1068 Etenim
1232 1048 1282 1075 pro
1299 1040 1403 1068 foribus
1422 1041 1546 1069 ecclesitn
1564 1049 1594 1068 se
1616 1048 1683 1075 pro-

894 1092 960 1112 num
984 1085 1133 1120 abjiciens,
1160 1085 1204 1114 his
1235 1086 1347 1113 vocibus
1373 1094 1440 1114 usus
1467 1094 1529 1114 esse
1555 1086 1681 1113 dicitur:

894 1130 1003 1158 Calcate
1015 1138 1058 1158 me
1076 1135 1104 1157 ut
1125 1131 1165 1158 sal
1180 1131 1339 1165 insipidum.
1358 1130 1519 1165 Hujusmodi
1537 1130 1588 1158 fuit
1615 1130 1683 1158 Ecc-

894 1175 1005 1208 bolius;
1033 1176 1105 1202 sicut
1129 1178 1208 1203 antea
1236 1176 1303 1203 levis
1333 1179 1416 1210 atque
1439 1176 1613 1208 inconstans,
1646 1175 1683 1202 ita

893 1219 976 1246 etiam
1002 1225 1107 1254 postea.
1128 1219 1180 1247 Per
1206 1219 1276 1247 idem
1305 1224 1413 1255 tempus
1434 1221 1593 1255 imperator,
1619 1228 1681 1248 cum

895 1264 994 1294 Persas
1014 1266 1110 1293 ulcisci
1124 1266 1206 1293 vellet
1231 1266 1267 1293 ob
1285 1266 1396 1293 crebras
1427 1266 1601 1294 incursiones
1614 1273 1683 1301 quas

893 1311 1048 1338 Constantii
1060 1312 1229 1346 temporibus
1239 1311 1265 1338 in
1276 1310 1533 1346 agruml’tomanum
1548 1311 1682 1343 fecerant,

893 1363 941 1390 per
963 1356 1057 1382 Asiam
1082 1356 1109 1382 in
1136 1355 1255 1383 Orientis
1278 1359 1370 1390 partes
1387 1363 1503 1390 propere
1526 1355 1679 1383 contendit.

893 1400 1020 1435 Cumque
1042 1400 1207 1435 intelligeret
1230 1405 1294 1434 quot
1322 1400 1392 1426 mala
1412 1400 1511 1427 bellum
1538 1403 1684 1435 apportare

893 1445 990 1478 soleat,
1006 1450 1033 1472 et
1044 1448 1146 1480 quanta
1163 1445 1278 1480 pecunia
1293 1453 1361 1479 opus
1378 1445 1423 1478 sit,
1441 1445 1565 1483 sine'gua
1582 1445 1684 1473 bellum

893 1490 1035 1517 commode
1065 1489 1121 1523 geri
1151 1496 1205 1516 non
1240 1493 1346 1523 potest,
1379 1496 1503 1523 magnam
1536 1488 1597 1515 auri
1627 1489 1683 1515 vim

895 1534 993 1562 callide
1013 1542 1028 1561 a
1046 1534 1210 1561 Christianis
1223 1538 1386 1569 extorquere
1401 1533 1555 1561 constituit.
1575 1531 1683 1559 Etenim

899 1579 1084 1615 pecuniariam
1110 1579 1224 1606 multam
1245 1579 1376 1613 imposuit
1399 1578 1433 1605 iis
1456 1578 1502 1613 qui
1530 1576 1686 1604 sacriﬁcare

895 1626 1047 1653 abnuerent
1064 1633 1069 1652 :
1085 1625 1199 1659 ipsaque
1221 1625 1329 1652 exactio
1347 1624 1373 1651 in
1390 1631 1438 1651 eos
1454 1622 1502 1658 qui
1519 1630 1583 1649 vere
1603 1622 1683 1649 Chri—

897 1671 980 1699 stiani
1001 1675 1104 1701 essent,
1122 1671 1200 1705 plena
1222 1674 1281 1697 erat
1307 1669 1471 1698 severitatis.
1488 1668 1685 1703 Unusquisque

895 1717 967 1745 enitn
983 1724 1032 1752 pro
1047 1715 1129 1743 modo
1146 1715 1306 1743 facultatum
1323 1723 1435 1743 suarum
1459 1714 1602 1749 pecuniam
1618 1721 1685 1740 con-

899 1762 970 1790 ferre
986 1762 1146 1797 cogebatur.
1167 1761 1205 1788 ita
1222 1762 1371 1796 imperator
1389 1769 1436 1796 per
1453 1761 1582 1795 injustam
1606 1757 1686 1793 189

898 1807 978 1834 malae
1005 1806 1127 1842 pecunia
1150 1805 1322 1833 exactionem
1348 1806 1424 1833 brevi
1452 1805 1573 1840 locuples
1596 1804 1686 1830 factus

897 1857 950 1880 est.
973 1851 1041 1879 Nam
1058 1852 1102 1879 lex
1119 1852 1287 1879 exsecutioni
1311 1852 1503 1882 mandabatur,
1527 1858 1580 1877 non
1596 1850 1684 1877 solum

898 1898 944 1925 ubi
961 1897 1113 1932 imperator
1128 1896 1234 1926 aderat,
1249 1895 1296 1923 sed
1308 1896 1335 1922 in
1354 1896 1389 1922 iis
1401 1896 1482 1923 etiam
1498 1895 1564 1922 locis
1581 1894 1613 1920 ad
1625 1901 1686 1928 qua:

900 1943 1012 1971 minime
1037 1945 1203 1969 accesserat.
1227 1941 1306 1968 Tunc
1324 1942 1407 1968 etiam
1433 1941 1531 1976 pagani
1555 1939 1582 1966 in
1603 1938 1686 1966 Chri-

899 1989 1004 2017 stianos
1023 1988 1172 2020 irruerunt,
1198 1990 1225 2014 et
1244 1994 1396 2014 concursus
1422 1986 1511 2013 factus
1534 1989 1576 2012 est
1591 1991 1685 2011 eorum

900 2036 948 2071 qui
973 2042 1003 2062 se
1024 2033 1202 2069 philosophos
1237 2032 1431 2067 praedicabant.
1462 2031 1617 2065 Quinetiam
1638 2037 1686 2064 ue-

902 2080 985 2108 fanda
1006 2079 1130 2115 quaedam
1153 2079 1282 2114 mysteria
1301 2079 1334 2106 ab
1355 2079 1410 2106 illis
1426 2078 1581 2113 excogitata
1597 2078 1685 2103 sunt:

657 2190 794 2219 VALESH
812 2189 1091 2218 ANNOTATIONES.

100 2295 151 2330 ((30)
171 2295 257 2322 ’Ὅσοι
270 2295 307 2322 τὰ
318 2295 463 2329 χρήματα.
485 2294 666 2322 Scribendum
680 2297 747 2330 puto
759 2294 796 2330 ὡς
812 2293 847 2322 τὰ

68 2332 186 2366 χρήματα
201 2331 248 2357 καὶ
263 2330 313 2366 τὴν
327 2330 442 2366 ἐνταῆθα
455 2330 546 2365 τιμὴν,
558 2329 607 2366 τῆς
622 2329 738 2366 ἀληθοῦς
755 2329 845 2366 εὐδαι-

69 2364 489 2401 μονίαςᾼπροκρίνοντες.γριιωιι
509 2365 726 2401 υιιιοιιιίιιιὶοιιοιῃ
748 2364 845 2401 conlir-
861 2368 882 2394 ι)

68 2403 118 2435 ruat
147 2399 316 2435 Epiphanius
345 2399 548 2435 Scholasticus.
577 2399 622 2426 Sic
641 2399 732 2435 qenim
761 2399 844 2425 vertit

68 2433 134 2461 hunc
153 2433 242 2462 locum
257 2445 264 2462 :
278 2435 377 2469 Quippe
393 2435 442 2470 qui,
458 2434 581 2469 pecunias
598 2438 622 2460 et
635 2433 844 2470 Itonorent_prre-

68 2475 157 2496 sentem
172 2469 298 2505 felicitati
317 2479 383 2497 vera:
398 2469 460 2505 ﬁdei
476 2474 667 2504 prwponerent.
694 2473 748 2497 etc.
763 2469 845 2496 Nice-

919 2292 1004 2319 horus
1028 2299 1094 2319 vero
1118 2292 1145 2319 in
1173 2291 1222 2318 lib.
1249 2299 1277 2322 κ,
1307 2297 1367 2323 cap.
1398 2289 1442 2320 23,
1471 2289 1545 2315 hunc
1567 2287 1687 2323 Socratis

909 2335 989 2355 ocum
1014 2327 1050 2353 ita
1075 2327 1214 2361 expressit
1228 2335 1234 2353 :
1247 2326 1325 2353 Ὅσοι
1341 2321 1368 2351 δὲ
1391 2325 1427 2385 Et]
1453 2324 1523 2384 ὀρθέ
1536 2323 1632 2384 γνώὲιέι
1652 2321 1688 2348 τὰ

909 2361 1068 2385 (ηιστιανῶν
1099 2361 1267 2385 ἠσπάζοντο.
1300 2361 1346 2385 καὶ
1374 2367 1390 2385 τ
1441 2359 1507 2385 tian
1525 2368 1538 2385 :
1561 2357 1591 2383 εὖ
1627 2364 1687 2385 ιιι-ον

897 2361 1070 2403 Χριστιανῴν
1099 2357 1278 2403 ἧσπὰἔοντοκ
1300 2361 1346 2401 καὶ,
1374 2357 1427 2403 τὸς
1441 2357 1538 2403 ἀληθὲς

895 2391 945 2432 τῆς
975 2396 1091 2423 ἐνταῦθα
1112 2391 1206 2432 ’τιμῆς
1237 2391 1283 2432 καὶ
1302 2395 1365 2432 ,τῶν
1388 2391 1537 2428 χρημάτων
1576 2391 1688 2426 προύτί-

897 2431 983 2462 θέντο,
1002 2436 1055 2459 etc.
1073 2431 1158 2464 Quod
1170 2431 1391 2459 emendationem
1416 2433 1540 2456 nostram
1559 2436 1614 2455 non
1632 2434 1688 2454 me-

896 2467 1029 2494 diocriter
1042 2467 1198 2494 conﬁrmat.

779 2563 972 2591 VARIORUM.

102 2667 111 2685 ‘
133 2668 199 2694 Τότε
212 2668 247 2694 δὲ
261 2669 278 2694 d
294 2668 442 2700 ,βασιλεὺς
466 2668 584 2702 Πέρσης
602 2668 776 2702 ἀμύνεσθαι.
795 2667 845 2694 Ju-

71 2701 155 2730 lianus
179 2708 324 2737 antequam
349 2703 376 2729 iu
408 2701 509 2730 Persas
530 2701 666 2735 moveret,
686 2703 845 2730 deccnnalia

70 2737 280 2772 votarcmisisse
303 2737 428 2769 videtur,
457 2743 487 2765 ut
512 2739 577 2765 deos
595 2746 661 2765 suos
685 2737 736 2765 sibi
759 2738 844 2772 magis

72 2771 196 2806 propitios
210 2773 345 2799 redderet.
360 2772 447 2806 llujus
459 2773 614 2801 festivitatis
626 2773 773 2800 occasione
783 2780 843 2806 per-

73 2807 169 2845 secutio
192 2807 516 2845 adversusChristianos
536 2813 616 2845 acta;
634 2815 761 2845 quorum,
775 2810 843 2845 post

74 2842 220 2875 victoriam,
242 2843 403 2878 sanguinem
426 2844 479 2871 diis
500 2844 559 2871 suis
577 2844 688 2875 volavitI
707 2846 736 2869 ut
757 2842 840 2873 aliqui

898 2666 1089 2702 prodiderunt.
1105 2664 1167 2691 Haec
1180 2664 1263 2691 refert
1277 2664 1341 2702 ᾼηι.
1353 2662 1473 2702 Ρειᾳξᾳιι]
1484 2660 1649 2702 σηιξῷςὶὸμι,

933 2707 945 2720 υ
973 2701 1117 2733 Ἐπέθηκε
1129 2699 1315 2733 χρηματικὴν
1329 2695 1495 2735 καταδίκην
1525 2695 1561 2735 Et.
1573 2695 1623 2735 hac
1639 2701 1686 2720 oc-

896 2737 1009 2763 casione
1026 2729 1232 2768 ittlpt'oliissiine
1251 2729 1333 2760 etiam
1345 2729 1499 2768 cavillatus,
1517 2738 1545 2756 se
1555 2729 1581 2755 id
1593 2736 1684 2763 agere,

896 2771 939 2797 ἵνα
950 2772 990 2802 είς
1001 2770 1050 2804 τὴν
1065 2765 1202 2803 βασιλείαν
1217 2768 1271 2794 τῶν
1281 2765 1573 2804 οὺρανῶνλεὺοδώτερον
1586 2770 1685 2804 «opsu-

895 2795 1040 2839 θιῖἶσῖῗηίιὸ
1058 2795 1166 2838 Ϊίιιιίιὶαδ
1186 2804 1214 2830 in
1235 2795 1343 2839 regnu'm
1360 2802 1485 2830 cwlorum
1507 2795 1684 2826 υᾰηὶαηιίιιι-

895 2841 959 2868 liani
980 2841 1062 2876 epist.
1081 2840 1126 2867 45.
