1891 3068
62 171 107 200 ιΠ
526 167 690 196 HISTORIA
712 164 993 194 ECCLESIASTICA.
1011 182 1047 187 —
1062 167 1126 196 LIB.
1144 168 1187 196 Ill.

1628 176 1682 203 “8

62 229 110 259 τοῖς
129 226 298 263 Χριστιανοῖς
328 224 392 259 περὶ
414 223 510 250 τούτου
539 224 733 260 προσελθοῦσιν
759 223 842 258 αὐτῷ,

932 225 984 257 bat,
1000 225 1034 252 ab
1052 226 1104 253 illis
1119 227 1258 261 exigentes
1275 235 1282 254 :
1297 227 1433 255 interdum
1451 228 1532 256 etiam
1548 233 1682 260 tormenta

66 272 201 309 ’Υμέτερόν
222 272 306 302 ἐστιν,
328 269 432 303 ἔλεγεν,
455 269 553 299 αὐτοὺς
575 270 728 304 πάσχοντας
749 269 841 301 κακῶς

62 319 211 354 ὑπομένειν*
237 316 316 344 τοῦτο
337 316 391 351 γὰρ
415 315 462 342 τοῦ
484 315 617 351 ὑμετέρου
643 315 709 343 Θεοῦ
735 315 842 351 παράγ-

61 366 149 401 γελμα.

345 493 472 521 ΚΕΦΑΛ.
494 493 546 522 1Ε¹.

60 542 121 577 Περὶ
141 541 199 569 τῶν
269 539 359 582 li];an
376 539 424 580 fﬁ
448 540 535 567 πόλει
561 540 616 582 σῆς
636 541 774 576 Φρυγίας,
791 541 840 568 ἐπὶ

225 577 390 604 Ἰουλιανοῦ
402 577 669 610 μαρτιψησάιτων.

95 625 134 650 Ἐν
148 623 211 658 γοῦν
224 624 259 658 τῇ
275 621 363 657 Μηρῷ
377 626 391 645 Υ
406 621 482 648 πόλει
496 622 544 656 τῆς
558 622 692 657 ἐπαρχίας
708 622 757 657 τῆς
771 622 842 658 Φρυι

59 671 113 704 γίας
132 670 221 705 ἄρχων
237 667 272 704 ἦν
291 668 420 703 Ἀμάχιος
442 667 509 703 (65),
537 667 568 694 τὸ
593 667 656 704 τῇδε
676 668 748 704 ἱερὸν
769 669 842 695 ἀνοι-

59 718 130 752 γῆναι
156 708 332 751 προστάξας,
360 713 574 749 ἐκκαθαίρεσθαί
602 723 633 741 τε
659 714 704 742 τὸν
734 715 767 741 ὲκ
793 715 841 742 τοῦ

59 764 143 799 χρόνον
158 761 326 796 συναχθέντα.
355 758 441 795 ῥύπον
459 759 579 792 ἐκέλευε,
598 760 645 788 καὶ
665 760 700 787 τὰ
719 761 748 788 ἐν
767 761 842 796 αὐτῷ

59 809 191 843 ἀγάλματα
204 807 364 842 ἐπιμελείας
383 807 468 842 ἠξίου.
494 807 579 833 Τοῦτο
602 807 754 842 γινόμενον,
775 807 841 841 σφόο

59 856 101 890 δρα
119 855 178 886 τοὺς
203 853 385 890 Χριστιανοὺς
409 853 513 880 ἐλύπει.
541 853 708 884 Μακεδόνιος
728 858 739 871 ι
755 853 784 880 δέ
798 862 841 885 τις

895 270 1058 304 corporibus
1072 279 1168 299 eorum
1188 272 1350 308 indigentes.
1373 273 1435 302 Haec
1453 275 1602 310 imperator
1621 285 1683 304 cum

896 316 982 350 probe
1006 317 1100 350 sciret,
1117 319 1273 354 negligebat
1288 324 1380 348 tamen
1396 329 1403 347 :
1420 325 1447 348 et
1464 321 1628 350 Christianis
1648 324 1685 351 ob

894 368 954 389 eam
973 369 1084 389 causam
1101 364 1189 398 ipsum
1211 365 1378 394 adeuntibus
1395 367 1429 394 ita
1450 369 1612 402 respondit:
1630 368 1684 397 Ve-

899 412 986 435 strum
1009 412 1052 435 est
1076 409 1208 444 patienter
1234 411 1305 438 ferre
1332 413 1446 440 aliorum
1471 414 1612 449 injurias:
1631 415 1684 443 hoc

894 453 969 480 enim
983 458 1026 481 est
1041 460 1205 491 praeceptum
1223 457 1268 484 Dei
1285 459 1378 486 vestri.

1218 504 1294 530 CAP.
1314 504 1373 533 XV.

895 546 935 573 De
956 548 989 575 iis
1013 549 1057 584 qui
1073 553 1199 590 regnante
1219 549 1329 590 Iuliano
1350 552 1540 590 apuddlcrum
1559 553 1684 590 Phrygiw

1055 584 1145 611 urbem
1162 586 1290 619 martyrio
1302 587 1433 620 perfuncti
1450 594 1521 615 sunt.

931 629 1031 657 Eodem
1058 634 1179 665 tempore
1204 631 1275 665 apud
1303 631 1406 659 Merum
1432 634 1527 660 urbem
1557 634 1684 670 Phrygiae

895 682 997 710 praeses
1010 676 1159 710 provincia:
1169 676 1318 703 Amacltius
1331 677 1462 711 templum
1477 679 1576 713 aperiri
1587 679 1682 713 jussit,

895 721 1026 748 etsordes
1050 728 1112 755 quae
1147 720 1347 755 longinquitate
1371 723 1501 756 temporis
1527 723 1554 749 in
1580 731 1614 750 eo
1639 731 1684 751 co—

895 771 1029 795 acervata:
1050 771 1147 798 erant,
1172 766 1312 801 exportari
1339 775 1345 793 ε
1363 771 1469 794 statuas
1485 768 1602 803 denique
1628 769 1684 796 illic

895 814 1001 848 positas
1023 813 1136 848 expoliri
1157 813 1296 847 praecepit.
1318 812 1373 839 Hoc
1391 813 1465 840 illius
1485 813 1585 840 factum
1605 813 1682 841 (λιιτὶ-

895 858 1048 886 stianorum
1065 858 1166 885 animis
1184 866 1293 893 gravem
1313 859 1430 885 incussit
1447 859 1578 886 dolorem.
1592 859 1686 894 Itaque

59 901 99 926 καὶ
121 899 263 930 Θεόδουλος
286 899 333 925 καὶ
357 898 497 930 Τατιανὸς,
522 897 595 933 ζήλῳ
614 897 662 924 τοῦ
683 899 841 933 Χριστιανι-

932 904 1069 931 tcedonius
1096 904 1206 938 quidam
1234 908 1260 931 et
1285 903 1444 932 Theodulus
1471 912 1503 931 ac
1534 904 1684 937 Tatianus,

34 948 38 955 '
60 944 130 980 σμοῦ,
147 945 196 980 τὴν
222 944 313 980 λύπην
340 944 389 971 οὐκ
405 945 534 980 ήνεγκαν.
574 943 636 970 Αλλ¹
656 943 786 979 ἔνθερμον
811 943 841 970 τὸ

59 991 171 1026 φρόνημα
196 990 267 1025 πρὸς
289 990 390 1025 ἀρετὴν
417 991 591 1026 κεκτημένοι,
617 989 714 1022 νυκτὸς
734 991 773 1022 εις
796 990 842 1016 τὸν

59 1035 112 1062 ναὸν
126 1035 347 1070 εἰσπηδήσαντες,
371 1034 542 1070 συντρίϐουσι
558 1035 592 1062 τὰ
615 1035 770 1070 ἀγάλματα.
787 1035 841 1062 Τοῦ

57 1082 81 1107 δὲ
96 1081 223 1117 ἡγεμόνος
244 1082 291 1108 ἐπὶ
305 1080 344 1117 τῷ
358 1082 478 1116 γεγονότι
505 1081 607 1117 σφόδρα
628 1081 840 1116 χαλεπήναντος,

58 1129 98 1155 καὶ
112 1128 221 1160 πολλοὺς
246 1128 300 1155 τῶν
324 1128 394 1156 κατὰ
415 1128 492 1154 πόλιν
515 1128 644 1155 ἀναιτίων
672 1128 842 1164 ἀναιρεῖσθαι

59 1174 253 1206 σπουδάζοντος,
270 1174 470 1210 προσφέρουσιν
487 1174 599 1205 ἑαυτοὺς
613 1174 637 1200 οἱ
652 1173 779 1200 αὐθένται
795 1173 841 1200 τοῦ

59 1220 226 1256 sptium-to;-
255 1220 304 1247 καὶ
331 1221 430 1256 μᾶλλον
454 1220 531 1248 αὐτοὶ
555 1220 623 1255 ὑπὲρ
648 1220 698 1255 τῆς
715 1220 843 1254 ἀληθείας

59 1267 229 1301 ἀποθνήσκειν
246 1266 373 1302 ᾑροῦντο,
386 1259 463 1302 ’ἤπερ
488 1267 551 1294 ἰδεῖν
567 1266 676 1302 ἐτέρους
699 1265 757 1292 ἀνθ’
777 1266 841 1292 ἐαυ-

59 1313 106 1339 τῶν
119 1313 350 1349 ἀποθνήσκοντας.
368 1313 485 1345 Τούτους
507 1313 597 1339 λαϐὼν
617 1314 631 1339 ὁ
652 1311 781 1348 ἡγεμὼν,
806 1312 843 1344 ὡς

60 1359 121 1394 ὑπὲρ
138 1359 182 1386 τοῦ
198 1359 366 1394 ἀδικήματος
381 1359 428 1386 τοῦ
451 1358 516 1395 παρ’
528 1359 619 1385 αὐτῶν
639 1358 785 1394 γενομένου
799 1357 843 1384 διὰ

60 1405 145 1438 θυσίας
155 1405 345 1440 ἀπολογεῖσθαι
360 1405 468 1432 ἐκέλευε
478 1413 484 1421 ·
499 1405 535 1441 μὴ
553 1405 698 1437 ποιοῦντας
712 1404 741 1430 δὲ
753 1404 841 1435 τοῦτο,

59 1451 226 1486 τιμωρεῖσθαι
241 1451 358 1486 ἠπείλει.
376 1451 408 1478 Οἱ
423 1452 463 1482 δὲ,
480 1453 598 1486 γενναῖοι
614 1451 644 1478 τὸ
658 1451 784 1486 φρόνημα
800 1450 844 1477 6v—

59 1506 108 1529 τες,
124 1499 206 1534 μικρά
226 1498 283 1525 τῶν
303 1498 420 1525 ἀπειλῶν
448 1498 656 1533 φροντίσαντες,
678 1497 756 1524 πάνθ’
775 1498 842 1523 ὐπο-

61 1543 142 1577 μένειν
158 1544 275 1578 ἑτοίμως
291 1541 375 1578 εἶχον·
392 1543 439 1570 καὶ
459 1543 558 1578 μᾶλλον
573 1544 699 1577 θνήσκειν
718 1543 842 1578 ᾑροῦντο,

60 1589 75 1623 ἢ
92 1590 147 1620 ταῖς
162 1589 268 1621 θυσίαις
284 1589 455 1624 μολύνεσθαι.
469 1589 535 1615 Τότε
550 1589 582 1623 δὴ
598 1589 699 1620 πάσαις
717 1589 844 1622 βασάνοις

60 1634 193 1661 ὑποὸαλὼν
208 1635 274 1666 τοὺς
293 1634 402 1670 ἄνδρας,
420 1634 496 1666 τέλος
516 1635 645 1669 ἐσχάραις
663 1634 777 1666 ἐπιθεὶς,
797 1634 845 1660 καὶ

62 1680 111 1714 πῦρ
132 1680 242 1712 ταύταις
258 1680 415 1714 ἐπιτεθῆναι
435 1679 576 1711 κελεύσας,
587 1679 673 1710 οὕτως
688 1679 843 1706 ἀπόλλυσιν.

60 1727 88 1751 Ui
102 1725 138 1755 δὲ,
151 1725 198 1761 τὴν
209 1725 342 1760 κορωνίδα
355 1726 404 1760 τῆς
417 1725 525 1761 ἀνδρίας
536 1725 685 1761 τηνικαῦτα
695 1725 844 1758 ἐπέδειξαν,

60 1771 122 1806 πρὸς
136 1772 180 1798 τὴν
194 1772 318 1806 ἡγεμόνα
333 1771 443 1798 τοιαῦτα
461 1771 597 1803 εἰπόντες·
619 1770 652 1797 Εί
670 1771 846 1806 ἐπεθύμησας

59 1816 160 1849 ὀπτῶν,
181 1813 204 1843 ὦ
223 1817 346 1852 Ἀμάχιε,
372 1816 460 1851 κρεῶν
489 1815 702 1849 ἀπογεύσασθαι,
730 1816 844 1852 στρέψον

61 1863 127 1896 ἡμᾶς
149 1863 196 1889 καὶ
218 1863 259 1894 εἰς
271 1863 319 1894 τὰς
343 1862 439 1897 ἑτέρας
459 1862 589 1895 πλευρὰς,
612 1862 656 1888 ἴνα
676 1862 713 1897 μὴ
734 1863 774 1893 εἰς
794 1861 844 1897 τὴν

63 1907 145 1940 γεῦσιν
166 1908 295 1943 ὴμίοπτοι
317 1907 444 1942 φανῶμέν
466 1915 516 1934 σοι.
539 1906 639 1934 Τοῦτον
659 1907 708 1942 μὲν
730 1904 775 1934 οὖν
797 1907 843 1934 τὸν

60 1953 151 1988 τρόπον
162 1951 235 1980 οὗτοι
246 1953 293 1980 τὸν
309 1953 365 1988 βίον
382 1953 517 1980 ἐτέλεσαν.

343 2009 470 2037 ΚΕΦΔΛ.
493 2010 551 2043 ις’.

67 2066 110 2098 Ὠς
122 2066 173 2093 τοῦ
190 2065 346 2099 ,ϐασιλέως
358 2066 552 2098 κωλύσαντος
567 2066 638 2098 τοὺς
649 2067 844 2102 Χριστιανοὺς

97 2101 280 2136 Ἑλληνικὴν
307 2101 467 2128 παίδευσιν
491 2102 675 2135 μανθάνειν,
705 2103 732 2128 οἱ
761 2101 843 2130 Ἀποέ

90 2137 215 2172 λινάριοι
229 2138 275 2170 εἰς
292 2137 325 2164 τὸ
344 2136 520 2172 ἐπιγράφειν
528 2137 639 2170 λόγους
648 2136 843 2172 ὡρμήθησαν.

97 2185 124 2210 ’0
133 2184 224 2219 μέντοι
237 2183 287 2210 τοῦ
302 2182 435 2218 βασιλέως
448 2183 540 2218 νόμος,
551 2182 580 2214 ὃς
594 2183 657 2215 τοὺς
665 2184 846 2218 Χριστιανοὺς

67 2230 216 2266 Ἑλληνικῆς
231 2229 357 2261 παιδείας
377 2229 500 2264 μετέχειν
519 2228 621 2256 ἐκώλυε
631 2249 638 2261 ,
653 2230 716 2261 τοὺς
739 2230 845 2257 Ἀπολι-

63 2276 181 2311 ναρίους,
198 2274 236 2304 ὧν
263 2276 311 2302 καὶ
331 2276 463 2312 πρότερον
482 2275 726 2312 ἐμνημονεύσαμεν
737 2297 744 2309 ,
761 2286 843 2311 φανε-
859 2296 882 2325 D

63 2321 188 2356 punépou;
203 2321 355 2354 ἀπέδειξεν.
373 2321 417 2352 Ὡς
430 2321 483 2356 γὰρ
503 2321 586 2356 ἄμφω
597 2321 682 2357 ἤστην
695 2322 844 2358 ἐπιστήμο-

62 2373 101 2397 νες
113 2366 197 2400 λόγων
209 2387 216 2399 ,
232 2368 246 2393 ὁ
268 2366 318 2401 μὲν
340 2365 430 2401 πατὴρ
444 2366 645 2402 γραμματικῶν
657 2385 664 2398 ,
680 2366 843 2400 σοφιστικῶν

60 2411 85 2437 δὲ
98 2412 112 2438 ὁ
127 2413 183 2444 υίὸς
194 2432 202 2445 ,
221 2412 362 2448 χρειώδεις
377 2412 489 2443 ἑαυτοὺς
504 2411 571 2446 πρὸς
585 2412 631 2438 τὸν
648 2412 770 2447 παρόντα
787 2421 845 2439 και-

61 2457 103 2492 ρὸν
114 2460 169 2490 τοῖς
182 2459 356 2495 Χριστιανοῐς
376 2458 561 2485 ἀπεδείκνυον.
584 2458 614 2485 ’0
630 2458 680 2493 μὲν
694 2459 748 2494 γὰρ
763 2459 843 2490 εὐθὺς

60 2505 245 2539 γραμματικὸς
273 2504 319 2531 ἆτε
334 2525 341 2538 ,
367 2504 419 2540 τὴν
442 2503 540 2539 τέχνην
566 2503 762 2539 γραμματικὴν
786 2503 842 2540 (64)

892 950 951 978 zelo
973 949 1140 977 Christiana!
1164 950 1304 985 religionis
1321 950 1436 981 incensi.
1462 958 1521 977 eam
1539 951 1686 987 indignita-

893 1000 946 1024 tem
965 994 1038 1033 ferre
1055 995 1170 1022 minime
1190 1000 1348 1030 potuerunt.
1373 995 1426 1023 Sed
1450 996 1603 1024 incredibili
1617 1005 1687 1032 quo-

892 1041 956 1068 dam
972 1041 1083 1069 virtutis
1104 1048 1198 1068 amore
1215 1040 1373 1076 ﬂagrantes,
1391 1045 1473 1069 noctu
1497 1043 1524 1069 in
1552 1043 1684 1077 templum

894 1088 1015 1120 irruunt,
1041 1090 1068 1113 et
1089 1092 1195 1114 statuas
1211 1095 1305 1115 omnes
1326 1087 1512 1122 confringunt.
1532 1088 1592 1121 Quo
1614 1088 1685 1115 facto

893 1139 996 1167 praeses
1007 1132 1125 1167 graviter
1140 1136 1307 1165 commotus,
1318 1140 1380 1160 cum
1396 1134 1497 1160 multos
1514 1134 1540 1160 in
1554 1141 1586 1160 ea
1605 1134 1683 1166 urbe,

894 1178 941 1212 qui
957 1186 1072 1212 prorsus
1092 1178 1215 1206 insontes
1236 1184 1323 1210 erant,
1346 1179 1482 1213 sttpplicio
1498 1179 1609 1206 afﬁcere
1628 1179 1686 1206 vel-

894 1224 944 1253 let.
966 1228 1093 1251 auctores
1117 1224 1248 1252 facinoris
1264 1224 1336 1251 ultro
1360 1232 1421 1252 sese
1436 1225 1570 1256 obtulere,
1595 1229 1622 1252 ot
1635 1232 1686 1259 pro

894 1269 1019 1296 veritatis
1044 1268 1206 1296 defensione
1239 1269 1291 1304 ipsi
1320 1269 1482 1296 oocumbere
1511 1269 1684 1302 maluerunt,

895 1322 977 1349 quam
1008 1315 1099 1342 sinere
1125 1319 1154 1342 ut
1182 1315 1227 1342 alii
1256 1316 1378 1350 ipsorum
1402 1315 1462 1342 vice
1481 1314 1684 1341 occiderentur.

895 1359 950 1388 Eos
968 1359 1053 1395 igitur
1071 1360 1310 1394 comprehendens
1324 1360 1421 1394 judcx,
1439 1360 1517 1394 jubet
1533 1363 1562 1386 ut
1576 1359 1685 1387 facinus

895 1406 931 1434 ab
955 1406 1023 1440 ipsis
1049 1410 1238 1440 perpetratum
1263 1407 1356 1433 eluant
1376 1406 1579 1434 sacrificando:
1599 1406 1626 1432 ni
1647 1406 1685 1432 ita

896 1451 1029 1484 fecerint,
1055 1452 1220 1486 supplicium
1247 1451 1451 1479 interminatur.
1476 1452 1511 1478 At
1534 1451 1572 1478 illi
1590 1455 1686 1486 utpote

895 1505 1029 1533 generoso
1040 1498 1132 1524 animo
1146 1498 1262 1532 prmditi,
1279 1499 1378 1533 spretis
1391 1499 1451 1532 ejus
1465 1498 1557 1529 minis.
1575 1502 1686 1532 paratos

897 1551 927 1571 se
951 1544 1134 1571 ostenderunt
1148 1544 1181 1571 ad
1202 1547 1338 1571 tormenta
1363 1545 1490 1579 qumlibtrt
1511 1544 1684 1575 sustinenda,

894 1592 922 1616 et
942 1589 1013 1616 mori
1037 1589 1123 1616 multo
1139 1597 1221 1624 quam
1246 1590 1390 1617 sacrificiis
1409 1590 1493 1625 pollui
1515 1591 1684 1617 maluerunt.

894 1634 981 1662 Judex
1007 1635 1091 1670 igitur
1106 1643 1168 1662 cum
1196 1635 1272 1662 omni
1294 1639 1492 1663 tormentorum
1518 1640 1618 1671 genere
1636 1643 1686 1663 eos

895 1681 1092 1713 rxcruciasset,
1113 1681 1225 1708 tandem
1245 1682 1384 1708 craticulte
1409 1681 1553 1716 impositos
1575 1682 1685 1709 subdito

897 1728 958 1763 igne
972 1727 1090 1755 cremari
1106 1727 1202 1762 jussit.
1225 1727 1303 1754 Tunc
1319 1735 1385 1754 vero
1402 1727 1439 1754 illi
1451 1733 1603 1755 extremum
1623 1735 1686 1763 spe—

895 1774 986 1801 cimen
1003 1773 1174 1801 fortitudinis
1199 1773 1355 1804 ediderunt,
1374 1773 1416 1800 liis
1433 1773 1524 1800 verbis
1542 1774 1684 1807 praesidem

897 1819 1008 1847 allocuti
1024 1829 1031 1846 :
1046 1818 1074 1846 Si
1099 1819 1188 1854 cupis,
1215 1819 1346 1851 Amachi,
1377 1826 1475 1846 carnes
1500 1826 1578 1846 assas
1601 1820 1684 1854 degu-

897 1869 982 1896 stare,
1005 1870 1081 1892 verte
1107 1872 1157 1892 nos
1174 1864 1200 1890 in
1225 1864 1338 1890 alterum
1355 1864 1437 1896 latus,
1449 1871 1490 1901 _ne
1507 1863 1576 1890 forte
1592 1864 1684 1898 gustui

898 1914 945 1937 tuo
974 1909 1130 1937 semiassati
1157 1908 1311 1936 videamur.
1341 1907 1399 1935 Hoc
1426 1908 1465 1935 illi
1497 1909 1577 1935 motio
1600 1908 1683 1935 vitam

897 1955 1036 1984 finierunt.

1153 2011 1230 2046 191
1250 2010 1325 2038 CAP.
1346 2009 1407 2037 xvr
1420 2029 1429 2038 .

897 2067 1035 2101 Quomodo
1052 2066 1221 2101 Apollinares
1241 2067 1275 2093 ad
1291 2065 1442 2094 scribendos
1458 2065 1540 2101 libros
1554 2073 1609 2092 sese
1623 2074 1684 2092 con-

932 2103 1059 2134 tulerint,
1075 2099 1135 2129 cum
1151 2103 1296 2135 imperator
1310 2101 1476 2129 Christianos
1490 2099 1589 2128 ercis
1603 2101 1684 2128 disci-

930 2138 1013 2170 plinis
1031 2138 1138 2165 institui
1154 2138 1290 2164 vetuisset.

932 2184 1069 2212 Ca‘terum
1087 2183 1131 2211 lex
1148 2183 1195 2210 illa
1211 2182 1387 2218 imperatoris
1402 2181 1503 2209 Juliani
1516 2203 1523 2214 ,
1541 2189 1594 2217 qua
1607 2181 1683 2209 Chri-

895 2230 1001 2257 stianos
1015 2229 1173 2256 Grmcorum
1188 2228 1343 2263 disciplinis
1356 2228 1461 2255 institui
1475 2228 1601 2260 vetabat,
1614 2227 1683 2255 duos

896 2276 959 2303 illos
971 2275 1147 2310 Apollinares
1160 2282 1276 2309 quorum
1291 2275 1419 2309 superius
1432 2274 1598 2301 mentionem
1619 2273 1685 2300 feci-

895 2329 957 2348 mus
969 2340 977 2354 ,
994 2321 1080 2348 multo
1095 2328 1176 2355 quam
1191 2324 1271 2347 antea
1287 2320 1452 2348 illustriores
1469 2320 1596 2347 reddidit.
1616 2318 1683 2346 Nam

895 2374 957 2394 cum
973 2371 1090 2401 uterque
1106 2366 1299 2393 humaniorum
1314 2365 1520 2401 disciplinarum
1534 2365 1630 2400 peritia
1643 2372 1686 2391 es-

895 2416 937 2440 set
951 2411 1134 2445 ,instructtts,
1159 2415 1239 2446 pater
1259 2411 1370 2445 quidem
1389 2411 1592 2446 grammaticae,
1613 2411 1683 2438 filius

895 2461 986 2485 autem
1015 2457 1180 2488 rhetoricae.
1206 2457 1287 2484 ambo
1315 2457 1463 2492 plurimum
1491 2457 1622 2484 utilitatis
1651 2464 1685 2484 eo

893 2508 1017 2539 tempore
1031 2503 1198 2531 Christianis
1214 2502 1380 2531 attulerunt.
1402 2502 1484 2531 Pater
1498 2504 1572 2531 enim
1590 2506 1687 2538 utpote

667 2591 804 2619 VALESII
821 2590 1100 2620 ANNOTATIONES.

93 2649 145 2684 (65)
166 2651 281 2685 Ἄρχων
292 2647 331 2685 ἦν
348 2648 491 2684 Ἆμάχιος.
512 2648 664 2685 Delendum
682 2654 722 2676 est
735 2646 780 2684 ἦν,
797 2648 840 2676 vel

61 2689 130 2713 certe
143 2683 203 2720 ejus
218 2683 283 2712 loco
296 2683 475 2712 scribendum
493 2688 537 2712 est
553 2683 601 2710 ὢν.

93 2720 118 2754 (6
124 2721 145 2756 ί)
158 2718 231 2748 “Are
243 2721 300 2755 τὴν
311 2720 422 2755 τέχνην
431 2718 646 2755 γραμματικήν.
659 2718 755 2747 Melius
769 2718 841 2746 scri-

894 2649 1017 2685 beretur,
1032 2649 1081 2685 τήν
1095 2657 1124 2675 τε
1137 2648 1236 2685 τέχνην
1252 2648 1450 2685 γραμματικήν
1460 2669 1467 2681 ,
1479 2647 1522 2685 vel
1537 2651 1611 2685 certe
1622 2654 1685 2685 mu-

894 2684 977 2711 tanda
994 2687 1038 2711 est
1056 2681 1201 2711 distinctio
1214 2681 1369 2712 hoc'm'o'do
1383 2693 1390 2712 :
1413 2681 1443 2709 '0
1469 2683 1519 2718 μὲν
1534 2682 1587 2717 γὰρ
1603 2681 1685 2713 εὐθὺς

894 2718 1087 2754 γραμματικὸς
1101 2719 1160 2746 ass.

759 2805 958 2834 VARIORUM.

91 2865 173 2901 γςεν
186 2866 226 2900 τῇ
239 2866 340 2901 Μηρῷ.
363 2867 400 2895 De
412 2869 463 2896 hac
478 2868 544 2896 urbe
553 2867 615 2896 vide
629 2866 728 2895 Valesii
747 2871 841 2894 annot.

61 2900 90 2926 ad
107 2899 215 2928 Sozom.
232 2899 325 2936 libav,
343 2911 400 2937 cap.
421 2904 459 2931 11.

934 2870 945 2884 ι
965 2864 1159 2897 Μακεδόνιος.
1182 2863 1334 2891 Macedonii
1352 2869 1378 2890 et
1396 2862 1533 2889 sociorum
1550 2866 1682 2888 memoria

899 2900 1056 2927 celebratur
1075 2900 1241 2927 duodecimo
1257 2900 1301 2927 die
1324 2897 1503 2933 Septembris.
