1891 3068
56 173 98 202 tat
519 170 682 200 HISTORIA
699 170 890 199 ECCLESIAS
898 172 981 200 l'ICA.
1002 187 1035 192 -
1051 171 1116 201 LIB.
1133 172 1175 200 Ill.

1614 177 1667 204 422

57 231 180 266 (quamn
199 228 258 255 τῶν
273 228 331 263 τὴν
348 228 493 262 ἀλήθειαν
511 229 546 256 ἐν
567 230 668 263 ἀδικίᾳ
690 230 826 264 κατεχόν-

890 231 1072 259 ierationibus
1087 235 1114 258 et
1129 230 1238 259 saeculis
1253 231 1445 259 absconditum
1462 233 1618 268 ignorarent
1630 235 1666 263 ⁸⁵.

56 285 121 309 των,
140 275 212 302 διότι
236 275 270 301 τὸ
287 275 424 309 γνωστὸν
436 275 489 302 ’τοῦ
505 275 579 302 Θεοῦ
595 277 726 310 φανερόν
743 276 830 303 ἐστιν

59 323 85 347 ἑν
106 319 212 352 αὐτοῖς.
233 319 260 345 Ὀ
291 319 363 353 Θεὸς
390 319 447 354 τὰρ
472 320 574 352 αὐτοῖς
590 320 771 354 ἐφανέρωσε.
792 321 830 348 Τὰ

56 367 102 401 γὰρ
120 367 227 399 ἀόρατα
257 365 369 398 αὐτοῦ,
386 366 445 393 ἀπὸ
473 366 600 398 κτίσεως
629 367 745 401 κόσμου
767 366 829 400 τοῖς

56 411 186 446 ποιήμασι
197 411 344 446 νοούμενα
367 411 535 445 καθορᾶται,
550 411 569 445 ἢ
584 420 615 438 τε
628 412 723 445 ἀΐδιος
736 412 828 439 αὐτοῦ

57 457 226 492 ὃύνιμιςῦιαὶ
240 458 356 492 θειότης
366 478 374 489 ,
397 459 441 491 εὶς
457 458 490 485 τὸ
505 456 581 485 εἶναι
593 458 704 492 αὐτοὺς
718 459 829 487 ἀναπο-

55 503 188 538 λογήτους
203 511 210 518 ·
227 503 302 530 διότι
317 504 442 538 γνόντες
457 504 512 531 τὸν
526 505 602 532 Θεὸν
612 526 620 537 ,
635 506 690 540 οὐχ
703 506 743 538 ὡς
755 505 829 533 Θεὸν

55 548 200 580 ἐδόξασαν.
218 548 271 574 Διὰ
287 548 390 575 τούτων
413 549 551 583 φαίνονται
573 549 673 584 γνῶσιν
695 550 744 585 μὲν
762 550 829 586 ἀλη·

56 595 120 626 θείας
132 594 237 629 ἔχοντες
246 615 253 623 .
270 595 303 630 ῆν
317 596 330 621 ό
341 594 408 626 Θεὸς
424 594 516 627 αὐτοῖς
527 595 708 630 ἐφανέρωσεν.
721 597 828 631 Ἔνοχοι

55 641 78 668 δὲ
93 641 222 675 γίνονται,
241 641 307 668 διότι
323 640 434 675 γνόντες
456 641 502 668 τὸν
524 642 590 669 Θεὸν
602 662 609 674 ,
635 642 684 677 οὐχ
701 643 738 673 ὡς
761 642 827 670 Θεὸν

55 687 178 718 ἐδόξασαν.
194 686 300 713 Οὐκοῦν
314 686 344 713 τὸ
365 686 403 722 μὴ
419 687 540 716 κωλῦσαι
560 687 594 715 τὰ
612 687 747 723 Ἐλλήνων
761 696 828 723 μαν-

55 733 149 764 θάνειν,
165 733 197 768 τῇ
221 732 320 768 γνώμῃ
341 732 396 758 τῶν
415 732 585 768 βουλομένων
607 733 762 761 κατέλιπον.
780 731 828 766 Εἷς

57 779 98 813 μὲν
117 775 160 804 οὖν
173 775 251 809 οὗτος
264 777 343 812 λόγος
358 777 479 813 εἰρήσθω
492 779 557 814 ἡμῖν
573 780 641 814 πρὸς
661 779 692 806 τὸ
715 779 828 814 προκεί-

56 831 133 857 μενον.
146 823 259 858 Ἕτερος
275 823 303 849 δὲ
313 823 434 855 τοιοῦτος
445 831 452 840 ·
463 825 496 851 Αἱ
519 824 692 852 θεόπνευστοι
708 825 824 860 Γραφαὶ,

53 869 162 903 δόγματα
177 869 224 904 μὲν
241 868 385 904 θαυμαστὰ
412 870 459 897 καὶ
483 870 567 902 ὅντως
582 870 640 897 θεῖα
660 871 826 898 διδάσκουσι.

880 277 970 311 Atque
986 277 1039 304 hoc
1056 278 1092 304 ita
1112 285 1142 305 se
1157 278 1259 306 habere
1269 299 1276 311 ,
1291 277 1440 313 Apostolus
1456 279 1482 306 in
1497 279 1619 315 Epistola
1633 281 1667 308 ad

881 323 1022 350 Romanos
1036 323 1160 350 declarat
1175 324 1217 351 his
1232 324 1345 351 verbis:
1367 323 1507 351 Revelalur
1537 325 1606 352 enim
1625 325 1668 352 ira

883 366 930 394 Dei
943 366 975 393 de
990 367 1053 394 caelo
1068 375 1146 401 super
1159 376 1261 396 onmem
1276 369 1437 403 impietatem
1454 373 1478 396 et
1498 370 1667 404 iniquitatem

879 411 1013 438 hominum
1024 433 1031 445 ,
1044 413 1089 447 qui
1104 414 1239 441 veritatem
1253 415 1281 442 in
1297 415 1430 449 injustitia
1446 416 1562 442 detinent
1576 424 1585 448 ,'
1603 417 1667 451 quia

879 457 948 489 quod
963 462 1054 484 notum
1073 463 1113 485 est
1131 459 1196 492 Dei,
1215 461 1384 494 manifestum
1401 467 1439 488 est
1461 462 1487 488 in
1508 461 1574 490 illis.
1596 462 1667 488 Deus

879 503 949 530 enim
965 503 1020 530 illis
1036 505 1157 531 reuelauit
1187 505 1337 533 Inrisibilia
1352 507 1421 534 enim
1435 508 1491 541 ejus
1507 517 1522 534 a
1536 509 1668 536 creatione

879 547 972 574 mundi
987 555 1032 582 per
1047 556 1078 574 ea
1092 556 1150 583 qua:
1167 549 1239 583 facta
1253 555 1314 577 sunt
1327 571 1334 582 ,
1351 551 1484 578 intellecta
1500 553 1667 586 conspiciun-

879 596 934 624 tur,
950 593 1109 626 sempiterna
1123 602 1224 628 quoque
1242 594 1299 628 ejus
1316 596 1398 622 virtus
1422 602 1499 631 atque
1519 597 1644 624 divinitas
1656 606 1666 624 :

879 637 944 664 adeo
960 642 989 664 ut
1008 638 1061 665 sint
1077 639 1291 671 inexcusabiles;
1314 641 1375 674 quia
1399 649 1458 668 cum
1484 645 1666 677 cognovissent

880 682 973 716 Deum,
985 692 1035 710 non
1047 689 1075 710 ut
1089 684 1172 711 Deum
1184 685 1398 719 gloriﬁcaverunt
1410 686 1443 712 "°.
1457 687 1494 714 Ex
1509 689 1608 722 quibus
1623 697 1667 723 ap-

880 732 957 762 paret
973 729 1104 757 habuisse
1118 729 1228 764 quidem
1248 730 1309 758 illos
1323 731 1448 760 veritatis
1462 734 1645 767 cognitionem
1656 754 1664 768 ,

878 781 960 808 quam
987 773 1059 802 Deus
1084 775 1152 810 ipsis
1178 775 1369 810 patefecerat;
1388 784 1450 805 reos
1475 782 1567 806 tamen
1585 787 1665 813 esse,

878 824 1022 855 propterea
1040 822 1111 855 quod
1127 829 1187 848 cum
1208 821 1290 850 Deum
1304 823 1512 857 cognovissent,
1528 832 1583 852 non
1595 825 1667 852 sicut

878 866 963 894 Deum
981 866 1178 902 glorificarunt.
1196 867 1265 895 Cum
1283 868 1367 903 igitur
1383 870 1500 903 apostoli
1522 870 1665 905 gentilium

55 914 101 940 Καὶ
125 914 222 949 πολλὴν
250 915 300 950 μὲν
330 915 473 943 εὐλάϐειαν
503 916 550 943 καὶ
583 915 639 951 βίον
665 916 745 952 ὀρθὸν
772 918 826 949 τοῖς

890 912 1036 947 lisciplinis
1056 921 1166 948 operam
1184 914 1251 942 dare
1268 922 1444 950 nequaquam
1464 917 1617 948 vetuerint,
1637 916 1665 944 id

54 961 186 995 ἀκροαταῖς
201 960 339 988 ἐντιθέασι
351 982 359 994 ,
378 962 470 988 πίστιν
486 970 515 988 τε
537 961 649 998 Θεοφιλῆ
664 963 722 993 τοῖς
744 970 826 989 σπου-

54 1005 126 1036 δαίοις
136 1006 311 1041 παρέχουσιν.
334 1007 371 1033 οὐ
389 1007 443 1043 μὴν
461 1007 559 1043 τέχνην
581 1007 734 1035 διδάσκουσι
751 1007 826 1042 λογι-

53 1050 96 1085 κὴν
105 1071 111 1083 ,
128 1051 192 1088 πρὸς
206 1051 237 1078 τὸ
252 1051 381 1080 δύνασθαι
398 1053 522 1089 ἀπαντᾷν
537 1054 592 1085 τοῖς
606 1053 778 1089 βουλομένοις
792 1055 825 1090 τῇ

52 1097 152 1134 ἀληθείᾳ
167 1099 378 1135 προσπολεμεῖν.
396 1101 504 1136 Σφόδρα
528 1100 556 1128 δὲ
574 1100 827 1137 καταπολεμοῦνται

51 1142 72 1168 οἱ
84 1142 201 1178 πολέμιοι
235 1145 301 1171 ὅταν
323 1146 380 1177 τοῖς
402 1145 494 1172 αὐτῶν
510 1146 602 1178 ὅπλοις
618 1145 749 1181 χρώμεθα
765 1146 827 1173 κατ’

52 1187 139 1215 αὐτῶν.
155 1188 239 1216 Τοῦτο
258 1190 287 1217 δὲ
300 1190 350 1217 οὐκ
364 1191 427 1227 ἐνῆν
445 1191 577 1226 ὑπάρξειν
590 1193 647 1224 τοῖς
663 1191 827 1228 Χριστιανί-

52 1233 135 1268 ζουσι,
155 1235 188 1262 δι’
205 1232 243 1263 ὧν
267 1237 292 1263 oi
314 1237 495 1273 Ἀπολινὰριοι
521 1238 654 1273 ἔγραψαν.
673 1238 759 1265 Τοῦτο
779 1238 827 1265 καὶ

51 1279 189 1314 ἑβασιλεὺς
205 1280 347 1313 Ἰουλιανὸς
362 1282 503 1318 σκοπήσας
514 1301 521 1314 ,
536 1282 610 1318 νόμῳ
624 1283 688 1314 τοὺς
699 1283 828 1317 Χριστια-

51 1325 104 1357 νοὺς
127 1325 264 1362 ἀπέτρεπε
288 1326 322 1354 τὰ
343 1327 477 1363 Ἐλλήνων
502 1327 687 1356 παιδεύεσθαι.
714 1326 750 1355 Εὖ
771 1328 826 1364 γὰρ

49 1371 169 1405 ἠπίστατο
182 1390 189 1403 ,
201 1372 240 1403 ὡς
265 1373 291 1399 οι
314 1372 394 1408 μῦθοι
419 1373 574 1400 εὐδιάϐολον
588 1373 670 1400 αὑτοῦ
685 1373 734 1410 τὴν
748 1374 826 1407 δόξαν

50 1418 208 1452 ποιήσουσιν.
228 1416 281 1445 ’Ὧν
306 1419 353 1445 καὶ
379 1420 532 1453 καταγνοὺς
554 1419 703 1456 Σωκράτης
725 1421 739 1447 δ
760 1421 825 1457 παρ’

50 1461 131 1493 αὐτοῖς
145 1463 360 1498 κορυφαιότατος
375 1463 518 1498 φιλόσοφος
529 1483 537 1495 ,
552 1463 589 1495 ὡς
603 1464 826 1499 παραχαράσσων

50 1507 79 1534 τὰ
108 1509 170 1544 παρ’
199 1510 292 1541 αὐτοῖς
323 1509 450 1545 δαιμόνια
483 1510 642 1546 κατεκρίθη.
667 1510 772 1542 Ἄλλως
797 1519 827 1537 τε

50 1553 229 1589 παρεγγυῶσιν
249 1555 316 1590 ἡμῖν
327 1555 341 1582 ὅ
352 1563 382 1581 τε
394 1555 511 1591 Χριστὸς
527 1555 574 1582 καὶ
596 1556 610 1581 ὁ
633 1554 731 1582 τούτου
745 1555 826 1582 Ἀπό-

51 1599 216 1636 στολος(65),
231 1600 353 1635 γίνεσθαι
376 1600 537 1636 τραπεζῖται
551 1601 678 1637 δόκιμοι,
703 1600 772 1629 ὥστε
793 1601 827 1628 τὰ

51 1645 130 1673 πάντα
143 1646 300 1682 δοκιμάζειν
314 1667 322 1680 ,
335 1647 366 1674 τὸ
388 1647 471 1675 καλὸν
488 1647 662 1682 κατέχοντας.
679 1647 827 1683 Προσέχειν

50 1691 74 1716 δὲ
88 1692 121 1727 μή
140 1701 182 1724 τις
194 1693 267 1728 ὑμᾶς
283 1692 358 1720 ἔσται
372 1693 537 1728 συλαγωγῶν
550 1693 594 1721 διὰ
608 1693 657 1729 τῆς
669 1693 827 1728 φιλοσοφίας

50 1737 92 1762 καὶ
105 1737 184 1772 κενῆς
196 1739 314 1774 ἀπάτης.
329 1738 414 1765 Τοῦτο
438 1739 467 1766 δὲ
490 1740 540 1766 οὐκ
554 1739 587 1766 ἂν
610 1739 777 1775 πεισόμεθα,
802 1739 827 1766 εἰ

50 1782 83 1817 μὴ
110 1783 176 1810 ὅπλα
208 1784 264 1811 τῶν
284 1784 421 1819 πολεμίων
447 1785 619 1821 κτησαίμεθα
636 1805 644 1818 ,
663 1785 709 1812 καὶ
732 1786 762 1812 ὲν
787 1784 826 1820 τῷ

48 1829 174 1862 κτᾶσθαι,
198 1830 235 1866 μὴ
260 1831 295 1858 τὰ
321 1831 374 1857 τῶν
401 1830 537 1866 πολεμίων
563 1831 707 1867 φρονῶμεν
725 1839 732 1846 ·
758 1831 825 1858 ἀλλὰ

48 1874 75 1900 τὸ
93 1875 139 1910 μὲν
154 1876 238 1903 κακὸν
263 1876 454 1912 ἐκτρεπόμεθα
471 1885 478 1893 ·
498 1877 528 1903 ab
554 1877 583 1903 δὲ
606 1877 687 1904 καλὸν
708 1876 755 1904 καὶ¹
775 1877 824 1913 τὴν

48 1919 165 1955 ἀλήθειαν
177 1920 295 1956 ἔχοντες,
307 1921 396 1949 πάντα
407 1922 653 1958 προσλαμϐάνομεν
670 1922 830 1957 δοκιμάζον-

48 1973 96 1996 τες.
120 1966 154 1992 Τὸ
166 1968 221 2002 γὰρ
244 1967 326 1995 καλὸν
349 1967 412 1994 ἔνθα
433 1967 466 1994 ἂν
490 1965 524 2004 ᾖ,
544 1968 609 1994 τδιον
631 1967 680 2002 τῆς
701 1967 828 2004 ἀληθείας

48 2012 121 2038 ἐστίν.
139 2014 169 2040 Et
186 2013 214 2040 δέ
232 2022 275 2045 τις
294 2015 368 2049 ἡμᾶς
389 2014 481 2049 βιαίως
500 2015 588 2041 ταῦτα
605 2014 694 2049 λέγειν
711 2014 827 2050 νομίζει,

49 2060 202 2094 σκοπησάτω
219 2060 262 2088 δτι
287 2061 301 2087 ὁ
329 2061 488 2092 Ἀπόστολος
521 2061 551 2087 οὺ
571 2061 652 2096 μόνον
672 2061 702 2087 οὺ
729 2060 828 2087 κωλύει

50 2104 185 2138 μανθάνειν
201 2106 359 2142 Ἑλληνικὴν
374 2106 514 2134 παίδευσιν
524 2114 530 2120 ·
547 2106 614 2134 ἀλλὰ
631 2107 685 2142 γὰρ
698 2106 823 2141 φαίνεται

49 2149 90 2175 καὶ
112 2150 191 2182 αὐτὸς
207 2150 246 2186 μὴ
271 2151 412 2186 ἀμελήσας
433 2151 529 2186 αὐτῆς,
544 2150 637 2176 ἕνεκεν
651 2149 698 2176 τοῦ
723 2149 824 2183 γνῶναι

50 2193 124 2221 πολλὰ
146 2195 200 2221 τῶν
231 2195 383 2230 εἰρημένων
407 2196 461 2226 τοῖς
484 2194 621 2230 Ἕλλησιν.
652 2193 728 2220 Ἐπεὶ
744 2194 825 2221 πόθεν

877 958 904 986 in
920 959 1057 994 cujusque
1076 959 1192 987 arbitrio
1209 960 1294 987 situm
1313 967 1375 988 esse
1395 961 1553 988 voluerunt.
1576 962 1666 996 Atque

877 1004 936 1032 haec
955 1005 1042 1039 prima
1063 1005 1098 1032 sit
1116 1005 1187 1033 ratio
1207 1013 1262 1040 qua
1281 1007 1315 1033 ad
1341 1008 1511 1042 propositam
1536 1009 1667 1042 quaestio—

876 1058 940 1078 nem
968 1051 1178 1086 respondemus.
1198 1052 1291 1079 Altera
1322 1060 1389 1080 vero
1415 1059 1457 1081 est
1482 1053 1665 1089 hujusmodi:

878 1095 1032 1132 Scriptura:
1062 1097 1196 1126 divinitus
1232 1099 1374 1133 inspirata:
1404 1099 1532 1135 dogmata
1556 1101 1665 1135 quidem

877 1143 1037 1170 admiranda
1051 1144 1165 1172 tradunt
1179 1152 1349 1180 prorsusque
1363 1145 1456 1173 divina
1469 1155 1475 1173 :
1493 1152 1519 1174 et
1535 1152 1590 1174 tum
1606 1148 1666 1174 exi-

859 1191 863 1192 '
877 1188 959 1214 miam
976 1189 1105 1224 pietatem
1120 1193 1281 1225 rectamque
1295 1191 1405 1218 vivendi
1423 1191 1559 1219 rationem
1583 1192 1664 1220 audi-

877 1237 967 1261 torum
983 1235 1083 1262 animis
1101 1235 1260 1267 insinuant,
1278 1240 1335 1263 tum
1354 1236 1434 1263 fidem
1451 1236 1507 1264 Deo
1521 1244 1664 1273 acceptam

877 1279 1010 1308 studiosis
1029 1281 1188 1309 hominibus
1209 1282 1340 1316 praebent.
1362 1282 1455 1309 Artem
1473 1290 1540 1310 vero
1556 1283 1665 1311 dicendi

877 1326 990 1354 minime
1007 1327 1122 1360 docent,
1139 1335 1193 1362 qua
1211 1328 1266 1355 illis
1281 1328 1328 1363 qui
1344 1329 1490 1356 veritatem
1503 1336 1663 1364 oppugnare

877 1370 1015 1404 nituntur,
1048 1373 1179 1400 resistere
1209 1373 1361 1407 possimus.
1395 1373 1482 1401 Porro
1513 1375 1665 1402 adversarii

877 1420 944 1444 tunc
971 1416 1101 1445 facillime
1122 1422 1326 1453 expugnantur,
1353 1426 1414 1446 cum
1444 1419 1554 1447 illorum
1580 1420 1666 1448 armis

877 1465 975 1489 contra
991 1462 1065 1497 ipsos
1081 1463 1196 1489 utimur.
1217 1462 1292 1490 lstud
1308 1467 1398 1491 autem
1416 1463 1582 1492 Christianis
1599 1472 1666 1500 sup-

878 1511 971 1542 petere
988 1515 1043 1535 non
1060 1512 1167 1543 poterat
1185 1516 1219 1535 ex
1237 1508 1271 1535 iis
1298 1508 1376 1536 libris
1401 1517 1470 1544 quos
1491 1509 1666 1544 Apollinares

878 1553 1081 1588 conscripsere.
1099 1553 1178 1586 Quod
1193 1562 1255 1581 cum
1270 1553 1398 1582 Julianus
1412 1555 1492 1582 etiam
1511 1557 1666 1591 perspexis-

879 1601 940 1628 set.
956 1598 1016 1633 lege
1031 1598 1085 1625 lata
1109 1598 1251 1633 prohibuit
1274 1606 1310 1626 ne
1331 1598 1481 1627 Christiani
1506 1600 1665 1628 Graecorum

877 1644 1034 1680 disciplinis
1061 1645 1262 1673 imbuerentur.
1286 1645 1375 1673 Probe
1392 1647 1464 1673 enim
1485 1647 1590 1674 sciebat
1620 1647 1665 1675 fu-

877 1695 970 1718 turum
982 1690 1123 1718 utfabulaa
1136 1691 1305 1726 opinionem,
1324 1699 1407 1727 quam
1425 1692 1484 1727 ipse
1501 1693 1664 1727 imbiberat,

878 1736 1023 1764 ridiculam
1047 1740 1074 1764 et
1097 1737 1309 1771 reprehensioni
1334 1738 1482 1765 obnoxiam
1509 1739 1664 1767 redderent.

877 1781 953 1814 Quas
975 1782 1086 1816 quidem
1112 1782 1242 1810 Socrates
1262 1783 1489 1819 philosophorum
1511 1786 1581 1819 apud
1603 1785 1666 1813 illos

879 1827 960 1855 facile
978 1828 1108 1863 princeps
1122 1835 1184 1856 cum
1200 1829 1387 1864 improbaret,
1401 1831 1515 1865 perinde
1529 1838 1561 1858 ac
1575 1831 1597 1859 si
1611 1831 1666 1859 dae-

879 1875 973 1901 monia
1001 1874 1124 1909 ipsorum
1152 1875 1257 1902 violare
1287 1880 1438 1907 tentasset,
1466 1877 1665 1905 condemnatus

877 1923 930 1947 cst.
948 1919 1084 1947 Praeterea
1100 1923 1158 1946 tum
1178 1919 1324 1952 Christus,
1351 1924 1408 1947 tmn
1433 1921 1494 1956 ejus
1517 1922 1665 1956 Apostolus

878 1965 958 1992 nobis
986 1965 1154 2000 prteeipiunt
1172 1969 1201 1991 ut
1215 1965 1302 1993 simus
1320 1966 1384 1993 boni
1400 1967 1576 1994 nummularii
1587 1987 1594 1999 ,
1607 1975 1666 1994 om-

877 2011 923 2038 nia
940 2011 1050 2046 quidem
1067 2011 1245 2046 explorantes
1257 2031 1264 2045 ,
1283 2012 1356 2046 quod
1372 2016 1463 2039 autem
1485 2012 1601 2046 probum
1623 2018 1665 2040 est

878 2055 1030 2083 retinentes
1043 2055 1077 2082 ⁷¹.
1093 2055 1331 2091 Attendamusquc
1356 2065 1390 2084 ne
1413 2058 1475 2092 quis
1502 2066 1550 2093 per
1573 2059 1663 2093 philo-

878 2102 1002 2136 sophiam
1021 2105 1048 2129 et
1062 2101 1171 2130 inanem
1186 2102 1321 2130 fallaciam
1339 2111 1391 2131 nos
1406 2104 1523 2139 decipiat
1539 2105 1571 2131 "'.
1590 2104 1664 2132 istud

878 2151 969 2174 autem
991 2155 1132 2182 nunquam
1153 2155 1344 2182 assequemur,
1367 2150 1420 2178 nisi
1442 2150 1664 2177 adversariorum

879 2193 963 2220 armis
979 2193 1128 2228 potiamur,
1149 2193 1238 2228 iisque
1255 2195 1351 2229 potiti,
1366 2202 1421 2222 non
1435 2195 1505 2222 idem
1522 2204 1583 2223 cum
1597 2197 1665 2231 ipsis

49 2237 196 2273 ὁρμώμενος
212 2224 312 2273 ελεῆέϊ
324 2239 436 2273 Κρῆτες
449 2224 493 2266 ἀεὶ
510 2224 650 2274 vei-ictui,
673 2240 751 2267 κακὰ
772 2240 826 2273 θη-

890 2239 1031 2267 ιεηιὶῖιηιυε
1046 2259 1054 2272 ,
1078 2239 1126 2267 sed
1149 2240 1251 2267 malum
1276 2240 1387 2275 quidem
1410 2249 1588 2274 aversantur,
1614 2242 1664 2269 bo-

46 2283 100 2316 ρία,
113 2283 256 2319 γαστέρες
280 2284 376 2319 ἀργαὶ,
391 2286 415 2311 εἰ
433 2285 470 2320 μὴ
492 2285 556 2317 τοὺς
583 2285 752 2320 Ἐπιμενίδου
777 2284 825 2312 τοῦ

50 2329 156 2365 Κρητὸς,
174 2329 272 2365 ἀνδρὸς
285 2329 420 2364 τελεστοῦ,
441 2330 588 2365 ἀνεγνώκει
600 2330 741 2366 χρησμούς
758 2330 825 2365 (66);

879 2293 945 2313 num
970 2289 1060 2312 autem
1081 2292 1114 2312 ac
1139 2285 1217 2320 193
1234 2285 1377 2313 veritatem
1398 2293 1544 2319 tenentes,
1564 2292 1665 2315 cuneta

880 2338 941 2367 qua:
964 2329 1133 2358 assumimus
1156 2331 1341 2366 exploremus.
1367 2331 1471 2360 Bonum
1492 2333 1583 2367 enim,
1604 2333 1665 2360 ubi-

79 2410 98 2425 “
113 2411 221 2441 Coloss.
239 2420 259 2446 ι,
271 2412 316 2440 26.
354 2412 376 2428 "°
388 2411 469 2439 Rom.
481 2420 501 2445 ι,
520 2412 610 2439 18-21.
647 2411 670 2427 "
690 2410 814 2440 l'l‘hess.
829 2420 857 2446 ν,
872 2412 918 2440 ‘Zl.
955 2412 979 2428 ⁷²
997 2411 1105 2440 Coloss.
1126 2419 1158 2445 ιι,
1174 2411 1202 2438 8.

646 2489 781 2517 VALESli
799 2489 1078 2518 ANNOTATIONES.

80 2537 131 2571 (65)
151 2538 183 2562 Ὅ
203 2545 236 2564 τε
257 2537 382 2571 Χριστὸς
401 2537 449 2564 καὶ
471 2538 487 2564 ό
505 2537 612 2564 τούτου
634 2537 822 2569 Ἀπόστολος,

48 2570 102 2603 Quo
117 2573 143 2599 in
164 2573 226 2599 loco
247 2570 457 2607 id’praaceptum
474 2571 578 2599 Christi
600 2572 718 2607 legatur,
734 2576 772 2607 fut
787 2573 825 2598 ri-

48 2615 99 2633 mus
113 2608 172 2634 boni
187 2606 362 2634 nummularii
372 2606 532 2639 {incertum
547 2610 598 2634 est.
611 2606 679 2634 Nam
692 2607 718 2634 in
734 2606 824 2634 Evan-

49 2642 120 2674 geliis
133 2643 186 2678 hoc
202 2647 369 2678 praeceptum
385 2650 439 2669 non
453 2641 564 2678 legitur.
580 2642 632 2670 Sed
649 2649 711 2678 cum
729 2641 825 2676 Orige-

49 2684 92 2704 nes
105 2682 130 2704 et
148 2676 331 2712 Hieronymus
348 2677 420 2704 istud
434 2684 449 2704 a
462 2676 574 2704 Christo
588 2676 748 2704 mandatum
762 2684 825 2704 esse

48 2713 232 2752 consentiant,
246 2711 272 2752 et
284 2712 462 2752 ab'Apostolo
477 2717 570 2752 postea
586 2712 753 2752 inculcatum
770 2711 822 2752 sit,

48 2748 177 2774 assentior
191 2747 296 2774 Jacobo
307 2745 435 2779 Usserio,
451 2745 499 2779 qui
517 2746 620 2774 dictum
637 2745 703 2773 illud
720 2746 824 2774 Christi

49 2781 70 2807 in
98 2781 247 2817 Evangelio
272 2782 421 2809 secundum
445 2781 575 2810 Hebraeos
600 2782 714 2808 relatum
740 2781 824 2808 fuisse

48 2817 189 2844 rxistimat.
217 2817 306 2844 Porro
331 2817 413 2850 hujus
432 2817 500 2844 dicti
519 2818 647 2851 frequens
664 2817 767 2844 mentio
782 2820 824 2843 est

49 2852 112 2879 :mnd
130 2856 250 2882 veteres.
276 2852 396 2879 Meminit
418 2853 489 2879 inter
505 2856 621 2879 ceteros
641 2851 780 2878 Palladius
797 2851 822 2877 in

51 2885 103 2913 \na
125 2886 243 2915 Joannis
265 2887 472 2923 Clirysoslomi,
491 2888 528 2914 ita
540 2887 676 2922 loquens:
697 2887 823 2914 Γίνεσθε

878 2538 943 2573 γᾴρ,
964 2537 1073 2573 φησὶνή
1095 2537 1201 2573 Γραφὴ,
1221 2537 1338 2572 δόκιμοι
1369 2537 1534 2573 τραπεζῖται
1548 2557 1554 2569 ,
1568 2538 1600 2564 τὸ
1620 2538 1664 2565 κί’-

878 2571 1072 2608 6ὃὴλογ⁷ἀπό⁷
1095 2571 1301 2607 naevum;
1318 2572 1487 2608 ῥίπτοντες.
1511 2572 1579 2600 Vide
1605 2581 1666 2608 qua:

878 2608 971 2634 notavi
987 2607 1019 2634 ad
1037 2607 1135 2634 librum
1151 2615 1177 2634 v1
1200 2607 1310 2636 Eusebii
1325 2615 1387 2641 cap.
1405 2607 1432 2634 'l.

913 2641 970 2677 (66)
983 2641 1157 2676 Ἀνεγννώκει
1171 2643 1336 2677 χρησμούς.
1361 2642 1444 2670 Multa
1462 2642 1573 2677 quidem
1594 2650 1664 2677 pra:—

878 2676 1036 2705 dicta'sunt
1064 2678 1098 2704 ab
1120 2676 1291 2712 Epinienide,
1309 2677 1409 2712 partim
1434 2676 1663 2709 Atheniensibus,

879 2713 979 2748 partim
990 2712 1220 2748 Lacediemoniis,
1247 2714 1347 2748 partim
1370 2713 1454 2748 etiam
1476 2712 1662 2748 Crete_nsibus,

879 2746 909 2774 ut
924 2747 1015 2775 videre
1040 2751 1083 2775 est
1097 2747 1169 2783 apud
1189 2746 1337 2783 Diogenem
1365 2747 1529 2783 Laeuium:
1545 2746 1662 2783 oracula

878 2785 969 2809 tamen
983 2783 1018 2809 ab
1033 2790 1065 2809 eo
1077 2782 1180 2815 scripta
1191 2781 1253 2810 esse
1270 2790 1405 2816 nusquam
1431 2782 1494 2816 legi.
1513 2781 1611 2809 Suidas
1625 2782 1663 2808 ait

877 2825 939 2844 eum
962 2817 1109 2851 scripsisse
1123 2823 1247 2851 poemata
1257 2818 1380 2852 quaedam
1398 2817 1514 2852 mystica
1529 2821 1555 2843 et
1571 2817 1663 2850 expia-

878 2853 959 2883 toria,
973 2855 1000 2879 et
1016 2852 1068 2878 alia
1092 2851 1216 2885 qiuedam
1237 2854 1373 2880 obscura:
1387 2847 1509 2885 Ἔγραψε
1533 2852 1561 2877 δὲ
1578 2851 1662 2876 πολλὰ

878 2861 959 2883 toria,
973 2861 1000 2879 et
1016 2861 1068 2878 ana
1092 2861 1216 2886 quamam
1237 2861 1373 2880 onscura:
1400 2861 1509 2885 ιγραψε
1533 2861 1561 2877 οε
1578 2861 1662 2876 πολλα

877 2887 990 2919 ὲπικῶς,
1009 2889 1144 2923 μυστήρια
1167 2887 1215 2913 καὶ
1231 2888 1406 2923 καθάρματα,
1433 2886 1479 2912 καὶ
1504 2885 1571 2913 ἄλλα
1593 2886 1663 2912 αἰνι-
