1891 3068
66 165 113 193 429

536 164 695 192 1118ἸὈΚ1Λ
717 163 995 192 ECCLESIASTICA.
1016 181 1047 185 —
1070 164 1132 192 ΜΒ.
1156 164 1198 192 lll.

1627 162 1679 189 450

67 223 190 258 ὲξήλεγχε.
215 222 361 256 Φιλοθύτης
386 221 439 258 γὰρ
473 222 521 253 ὢν,
546 222 577 247 οὗ
600 221 678 257 μόνον
701 221 782 254 αὐτὸς
805 222 843 258 τῷ

917 230 957 249 um
976 221 1086 250 deditus
1113 226 1186 250 esset.
1213 220 1367 252 sacriﬁciis,
1381 228 1434 246 non
1451 219 1538 246 solum
1554 218 1612 253 ipse
1630 219 1678 246 1ιο-

66 269 148 303 αῖματι
164 267 283 302 ἔχαιρεν,
301 267 358 294 ἀλλ’
371 268 395 293 εί
423 267 461 303 μὴ
485 268 531 294 καὶ
544 267 617 294 ἄλλοι
636 267 715 299 τοῦτο
733 268 841 302 ποιῶσι,

66 313 157 348 ζημίαν
171 312 305 347 ἐνόμιζεν.
325 312 434 347 Ἐπειδὴ
455 312 484 338 δὲ
503 312 610 346 ὀλίγους
623 313 685 344 τοὺς
706 312 843 344 τοιούτους

65 359 228 395 ἐφεύρισκεν,
256 358 400 390 Ἰουδαίους
426 358 632 393 μεταπέμπεται
651 359 659 378 ί
683 368 689 373 -
710 359 756 385 καὶ
778 359 844 393 παρ’

66 404 145 431 αὐτῶν
164 403 328 431 ἐπυνθάνετο
340 424 346 436 ,
363 403 409 430 τοῦ
431 404 512 439 χάριν
533 404 580 430 τοῦ
600 403 746 431 Μωσαῖκοῦ
761 404 843 439 νόμου

65 449 229 481 κελεύσαντος
246 448 331 482 θύειν,
358 449 517 484 ἀπέχονται.
542 449 602 475 Τῶν
622 449 650 475 δὲ
672 450 709 484 μὴ
726 448 843 484 ἀλλαχοῦ

65 495 198 531 φησάντων
211 494 342 523 δύνασθαι
351 494 431 521 τοῦτο
447 496 541 527 ποιεῖν,
556 496 580 521 εί
599 494 636 530 μὴ
652 495 731 529 μόνον
747 495 776 521 ὲν
788 495 843 526 τοῖς

69 541 263 577 Ἰεροσολύμοις,
279 541 384 568 κελεύει
401 541 483 576 τάχος
504 541 642 573 κτίζεσθαι
656 541 702 568 τὸν
720 540 843 576 Σολομῶ-

64 596 102 619 vo;
121 587 191 614 ναόν.
206 587 261 613 Καὶ
286 586 365 617 αὐτὸς
388 586 434 612 ἐπὶ
461 586 569 621 Πέρσας
593 586 702 621 ἤλαυνε.
725 586 844 612 Ἰουδαῖοι

64 633 88 658 δὲ
111 632 203 667 καιροῦ
219 631 368 667 δράξασθαι
395 632 480 658 πάλαι
498 632 711 667 ἐπιθυμοῦντες,
727 633 756 659 ὲν
780 628 801 666 ᾧ
814 632 845 659 τὸ

64 678 128 712 ἱερὸν
142 678 232 709 αὐτοῖς
247 677 314 712 πρὸς
338 677 369 704 τὺ
385 677 459 703 θύειν
483 677 769 713 ἀνοικοδομηθησεται,
787 677 843 704 τότε

65 724 192 750 σπουδαῖοι
215 723 264 758 μὲν
289 723 357 759 πρὸς
377 723 407 750 τὺ
422 724 502 759 ἔργον
521 723 656 758 ἐγίνοντο·
672 724 803 760 φοϐεροὺς
816 724 844 751 δὲ

63 770 111 800 τοῖς
127 769 146 795 Χ
151 771 298 804 ριστιανοῖς
317 769 510 796 ἐπεδείκνυσαν
521 770 644 800 ἑαυτοὺς,
653 769 845 804 ἡλαζονεύοντό

64 822 89 840 τε
111 814 168 840 κατ’
178 813 279 845 αὐτῶν,
297 813 508 846 ἐπαπειλοῦντες
518 814 637 841 τοσαῦτα
652 814 785 849 ποιήσειν,
795 814 845 841 ὅσα

64 859 132 885 αὐτοὶ
151 858 225 894 παρὰ
249 859 392 894 Ῥωμαίων
412 859 495 886 πάλαι
513 859 671 886 πεπόνθασι.
686 859 738 887 Τοῦ
755 860 781 886 δὲ
797 859 845 894 βα-

64 905 149 936 σιλέως
164 905 195 931 ἐκ
209 905 347 941 δημοσίων
373 905 422 940 τὴν
440 905 563 940 δαπάνην
581 905 784 941 παρασχεθῆναι
799 914 845 932 κε·
862 895 881 921 Β

63 949 205 982 λεύσαντος,
227 950 389 985 εὐτρέπιστο
414 951 520 983 πάντα,
536 950 601 983 ξύλα
625 951 672 978 καὶ
696 951 779 982 λίθοι,
800 952 846 978 καὶ

65 996 163 1027 πλίνθος
174 996 254 1032 ὀπτὴ,
269 997 316 1023 καὶ
342 996 426 1032 πηλὸς
443 997 489 1023 καὶ
501 997 642 1030 ἄσϐεστος,
658 998 702 1024 καλ
721 997 755 1024 τὰ
778 997 845 1027 ἄλλα

64 1042 105 1068 ὅσα
127 1042 193 1077 πρὸς
208 1043 354 1078 οἰκοδομὴν
374 1043 515 1078 ἐπιτήδεια
529 1044 642 1077 γίνεται.
659 1044 726 1070 Τότε
746 1043 778 1078 δὴ
792 1043 845 1070 Κύ-

63 1087 145 1122 ριλλος
160 1089 173 1114 ὁ
187 1088 241 1115 τῶν
258 1088 451 1124 Ἱεροσολύμων
467 1088 624 1121 ἐπίσκοπος,
637 1089 667 1115 τὸ
679 1089 725 1115 τοῦ
741 1090 845 1124 προφή-

63 1143 103 1161 του
112 1134 208 1170 Δανιὴλ
225 1134 295 1162 κατὰ
307 1135 369 1161 νοῦν
383 1135 546 1170 ἐλάμϐανεν,
559 1135 627 1170 ὅπερ
643 1135 688 1162 καὶ
701 1136 716 1161 ό
729 1135 846 1170 Χριστὸς

62 1181 88 1206 ἐν
104 1182 156 1212 τοῖς
176 1179 265 1214 ἁγίοις
288 1180 463 1215 Εὑαγγελίοις
487 1180 719 1215 ὲπεσφραγίσατο,
738 1179 846 1211 πολλοῖς

62 1234 88 1252 ’τε
103 1225 246 1261 προέλεγεν
257 1225 322 1261 (7i),
338 1225 375 1257 ὡς
387 1226 441 1261 ἄρα.
454 1225 501 1253 νῦν
509 1225 571 1261 ἥκει
582 1227 596 1251 ὀ
606 1225 761 1261 καιρὸς,ὂτε
776 1224 847 1256 λίθος

63 1272 105 1298 ἐπὶ
118 1271 188 1298 λίθον
201 1272 253 1299 οὐκ
267 1272 299 1298 ἂν
312 1272 386 1306 μένοι
402 1273 441 1303 είς
461 1271 505 1298 τὸν
516 1272 589 1302 ναὸν,
607 1270 674 1298 ἀλλὰ
687 1270 717 1297 τὸ
732 1270 778 1297 τοῦ
795 1271 848 1297 Σω-

64 1316 138 1351 τῆρος
150 1315 241 1350 λόγιον
256 1316 478 1351 πληρωθήσεται.
492 1315 584 1342 Ταῦτα
605 1316 697 1350 ἔλεγεν
710 1315 723 1341 ὀ
738 1315 848 1342 ἐπίσκο-

62 1369 116 1392 πος,
127 1361 180 1387 Καὶ
195 1361 240 1388 διὰ
251 1363 300 1397 τῆς
312 1362 409 1393 νυκτὸς
419 1361 529 1397 σεισμὸς
543 1361 630 1397 μέγας
645 1361 846 1396 ἐπιγενόμενος,

61 1406 190 1443 ἀνέϐρασε
203 1409 268 1439 τοὺς
281 1407 372 1440 λίθους
385 1407 438 1434 τῶν
454 1408 537 1434 πάλαι
550 1407 683 1443 θεμελίων
702 1407 749 1434 τοῦ
771 1407 846 1440 ναοῦ,

63 1454 106 1480 καὶ
117 1454 221 1486 πάντας
248 1454 384 1489 διέσπειρε
396 1474 404 1485 ,
417 1455 465 1481 σὺν
478 1455 534 1485 τοῖς
551 1454 764 1489 παρακειμένοις
776 1454 849 1489 οἰκή-

64 1508 136 1534 μασι.
150 1500 213 1532 Δέος
232 1499 260 1526 δὲ
275 1501 305 1526 ἐκ
318 1499 363 1526 τοῦ
382 1499 525 1534 γενομένου
544 1499 686 1531 Ἰουδαίους
697 1498 828 1526 κατέλαϐε
841 1509 847 1514 ι

61 1536 105 1574 καὶ
114 1547 190 1581 φήμη
213 1545 262 1571 ἐπὶ
272 1545 317 1572 τὸν
330 1545 411 1572 τόπον
427 1543 478 1580 ἦγε
495 1544 542 1571 καὶ
554 1545 617 1576 τοὺς
635 1544 729 1580 πόρρω
743 1545 848 1578 διάγον-

62 1600 114 1622 τας.
131 1592 276 1626 Παρόντων
287 1589 332 1618 οὖν
351 1591 452 1627 σφόδρα
472 1590 586 1623 πολλῶν,
601 1591 692 1626 ἕτερον
705 1591 847 1626 τεράστιον

62 1636 219 1670 ἐπιγίνεται.
232 1636 290 1672 Πῦρ
303 1636 357 1672 γὰρ
372 1635 401 1668 ἐξ
410 1636 524 1672 οὐρανοῦ
540 1635 748 1671 κατασκῆψανὶ,
759 1635 847 1663 πάντα

62 1681 95 1708 τὰ
121 1682 174 1708 τῶν
193 1682 343 1717 οἰκοδόμων
369 1681 498 1716 ἐργαλεῖα
526 1681 689 1716 διέφθειρεν.
705 1678 759 1709 Ἶιν
781 1681 847 1716 γοῦν

64 1727 132 1759 ἰδεῖν,
144 1727 197 1754 ὑπὸ
218 1728 269 1763 τῆς
284 1727 380 1762 φλογὸς
395 1727 582 1763 ἀπολλυμένας
592 1727 642 1758 τὰς
665 1728 782 1762 σφύρας,
799 1728 847 1759 τὰς

63 1774 195 1809 γλαρίδας.
209 1774 273 1802 τοὺς
288 1773 410 1809 πρίονας,
421 1774 483 1805 τοὺς
497 1774 631 1808 πελέκεις,
646 1775 680 1802 τὰ
698 1774 849 1810 σκέπαρνα,

62 1820 146 1846 πάντα
170 1819 267 1851 ἁπλῶς
281 1819 331 1847 ὅσα
345 1819 411 1854 πρὸς
430 1819 460 1845 τὸ
481 1819 561 1855 ἔργον
583 1821 722 1856 ἐπιτήδεια
740 1819 811 1855 εἶχον
826 1822 850 1847 οἱ

63 1864 248 1899 ἐργαζόμενοι.
270 1864 432 1904 Ἑπενέμετο
454 1865 503 1900 μὲν
528 1863 574 1892 οὖν
595 1865 682 1892 ταῦτα
695 1865 725 1892 τὸ
739 1865 850 1900 πῦρ,δι’

59 1914 121 1944 ὅλης
130 1911 180 1945 τῆς
198 1910 313 1946 ἡμέρας.
332 1911 453 1938 Ἰουδαῖοι
468 1911 496 1938 δὲ
513 1912 542 1938 ἐν
552 1912 673 1946 μεγίστῳ
686 1911 760 1947 φόϐῳ
776 1910 851 1945 γενό-

62 1965 146 1992 μενοι,
161 1957 210 1983 καὶ
235 1957 348 1988 ἄκοντες
369 1956 524 1992 ὡμολόγουν
541 1958 586 1984 τὸν
600 1958 718 1993 Χριστὸν
731 1957 797 1984 Θεὸν
809 1957 851 1983 λέ-

63 2011 160 2036 γοντες.
178 2003 238 2030 οὐκ
253 2002 361 2030 ἐποίουν
375 2003 404 2030 δὲ
417 2003 498 2030 αὑτοῦ
510 2003 539 2030 τὸ
552 2003 668 2039 θέλημα,
686 2003 744 2030 ἀλλ’
756 2002 852 2038 ἔμενον

62 2050 93 2084 τῇ
103 2049 149 2076 τοῦ
168 2048 335 2084 Ἰουδαϊσμοῦ
353 2049 485 2084 προλήψει
499 2049 689 2085 κρατούμενοι.
704 2049 770 2075 Οὐδὲ
799 2049 852 2085 γὰρ

64 2094 90 2125 τὸ
102 2095 191 2130 τρίτον
204 2095 299 2130 θαῦμα
313 2095 343 2121 τὸ
353 2094 465 2131 ὕστερον
480 2095 682 2130 ἐπιγενόμενον,
697 2096 737 2127 εἰς
758 2095 848 2122 πίστιν

95 2151 117 2167 ⁷⁷
139 2151 236 2178 Mattb.
251 2159 325 2182 xxw,
341 2151 368 2177 2.

894 268 1010 296 stiarum
1026 275 1124 295 cruore
1138 267 1338 298 delectabatur,
1352 265 1400 293 sed
1417 264 1470 292 nisi
1483 264 1553 291 idem
1571 271 1680 298 quoque

895 314 938 341 alii
952 313 1084 348 facerent,
1099 314 1200 341 damno
1213 321 1243 340 se
1260 311 1328 341 allici
1341 310 1526 339 existimabat.
1545 309 1679 342 Quoniam

895 369 959 388 vero
979 367 1079 394 paucos
1098 360 1244 386 admodum
1267 357 1401 392 ejusmodi
1420 356 1546 384 homines
1562 355 1681 390 reperie-

896 406 951 438 bat,
963 405 1072 433 Iudaeos
1084 405 1116 432 ad
1131 412 1160 432 se
1174 404 1301 437 accersit,
1318 407 1344 431 et
1361 411 1393 431 ex
1409 403 1443 430 iis
1454 401 1612 430 sciscitatur
1627 407 1681 435 qua
1709 428 1714 432 ,

895 451 928 478 de
949 459 1031 478 causa
1055 458 1117 478 cum
1140 451 1181 478 lex
1203 450 1288 478 Mosis
1304 449 1460 477 sacrificare
1473 456 1521 476 eos
1542 447 1649 482 iubeat,
1666 454 1682 473 a
1704 449 1712 478 ξ

897 498 984 524 sacris
1007 497 1146 526 faciendis
1167 497 1348 524 abstinerent.
1364 495 1486 530 Cumque
1505 495 1543 521 illi
1568 501 1682 528 respon-

896 544 1011 574 dissent,
1028 542 1092 569 alibi
1110 550 1192 577 quam
1208 541 1387 576 Jerosolymis
1405 540 1430 567 id
1447 540 1537 567 facere
1553 539 1605 566 sibi
1627 545 1681 565 non

896 590 989 621 licere,
1004 589 1161 617 Salomonis
1181 589 1312 623 templum
1330 588 1457 622 protinus
1473 585 1623 614 instaurari
1634 585 1682 620 ju-

896 638 951 664 bet.
969 637 1028 671 lpse
1045 636 1154 663 interim
1175 635 1208 663 ad
1218 635 1320 663 bellum
1341 637 1436 662 contra
1454 632 1552 660 Persas
1570 631 1681 667 proﬁci-

896 684 993 712 scitur.
1007 683 1041 709 At
1057 681 1153 713 Iudzei,
1168 681 1215 716 qui
1230 681 1394 716 jampridem
1404 680 1533 715 optabant
1545 683 1682 713 utoppor-

896 734 992 757 tunum
1016 729 1068 756 sibi
1086 733 1193 763 templis
1216 727 1380 762 obtingeret,
1401 734 1456 760 quo
1471 725 1600 760 templum
1615 724 1682 759 ipsis

898 775 931 801 ad
947 773 1156 802 sacrificandum
1168 773 1369 802 restitueretur,
1381 775 1438 798 tum
1455 771 1557 797 alacres
1571 770 1597 796 in
1613 776 1682 803 opus

896 820 962 848 illud
979 820 1173 850 incubuerunt,
1189 822 1245 845 tum
1263 816 1397 844 adversus
1414 815 1588 844 Christianos
1609 814 1683 840 inso-

897 865 979 892 lentia
996 864 1071 897 elati,
1094 862 1280 890 formidabiles
1297 869 1326 889 se
1341 861 1533 891 ostenderunt,
1549 859 1683 886 minantes

896 919 926 939 se
942 915 1018 938 tanta
1034 910 1104 938 mala
1123 909 1157 937 iis
1174 909 1298 936 illaturos
1313 915 1385 938 esse,
1403 909 1506 942 quanta
1521 905 1572 940 ipsi
1587 905 1651 931 olim
1668 911 1683 931 a

895 956 1028 986 Romanis
1053 955 1174 990 perpessi
1196 955 1324 982 fuissent.
1348 952 1433 988 Igitur
1450 959 1511 979 eum
1534 951 1685 981 imperator

896 1004 1025 1035 sumptus
1040 1000 1114 1034 operi
1134 998 1249 1034 praeberi
1265 1005 1297 1025 ex
1320 997 1431 1032 publico
1451 995 1592 1030 iussisset,
1608 993 1684 1021 brevi

897 1050 993 1081 parata
1008 1049 1072 1073 sunt
1086 1045 1190 1076 omnia,
1205 1044 1318 1071 materia
1334 1043 1450 1075 scilicet,
1460 1041 1684 1076 lapides,latercs

897 1092 980 1125 cocti,
999 1092 1105 1128 argilla,
1133 1091 1205 1123 calx,
1227 1095 1252 1116 ct
1278 1097 1449 1125 quaecunque
1475 1089 1527 1115 alia
1549 1088 1582 1114 ad
1600 1087 1684 1114 aedili—

897 1137 1014 1164 candum
1029 1136 1196 1164 necessaria.
1214 1135 1275 1168 Quo
1293 1135 1403 1170 quidem
1426 1139 1548 1169 tempore
1564 1133 1684 1169 (Iyrillus

897 1181 1130 1217 Jerosolymorum
1141 1181 1299 1216 episcopus,
1311 1187 1415 1207 memor
1428 1179 1551 1206 vaticinii
1565 1179 1684 1206 llanielis

898 1227 1047 1261 propltettc,
1058 1226 1130 1261 quod
1144 1225 1274 1253 Christus
1289 1225 1372 1253 etiam
1388 1225 1415 1251 in
1431 1225 1518 1252 sacris
1531 1224 1684 1260 Evangeliis

897 1271 1081 1303 continuavit,
1098 1272 1187 1306 palam
1206 1272 1299 1299 multis
1319 1271 1472 1299 astantibus
1487 1271 1622 1306 praedixit,
1643 1271 1686 1298 fu-

899 1321 990 1345 turum
1011 1317 1086 1345 brevi
1106 1321 1135 1344 ut
1158 1317 1185 1344 in
1206 1325 1239 1344 eo
1262 1317 1364 1352 templo
1385 1317 1453 1352 lapis
1469 1324 1552 1352 super
1566 1317 1683 1351 lapidem

899 1371 953 1391 non
968 1367 1102 1395 maneret,
1128 1363 1176 1391 sed
1203 1363 1359 1390 Servatoris
1371 1364 1512 1391 oraculqu
1532 1364 1686 1398 complere-

899 1409 1125 1441 tur"".Cumque
1148 1410 1204 1437 tunc
1225 1409 1343 1437 dixisset.
1364 1409 1521 1444 episcopus,
1542 1413 1624 1436 noctu
1643 1409 1686 1436 in-

899 1464 966 1492 gens
987 1459 1067 1483 terrae
1088 1460 1182 1483 motus
1207 1461 1337 1489 exortus,
1364 1455 1468 1490 lapides
1491 1463 1523 1482 ex
1548 1456 1686 1482 veteribus

900 1501 991 1537 templi
1015 1501 1205 1533 fundamentis
1228 1502 1339 1530 avulsos
1364 1510 1473 1529 sursum
1499 1503 1640 1533 excussit.
1659 1507 1687 1530 et.

899 1553 1015 1577 cunctos
1030 1556 1082 1575 una
1094 1556 1156 1576 cum
1169 1548 1307 1583 contiguis
1323 1547 1448 1576 mdiftciis
1460 1548 1601 1583 dispersit.
1620 1549 1687 1576 Ter.

901 1602 947 1621 ror
960 1602 993 1621 ex
1008 1602 1041 1621 eo
1057 1602 1110 1621 non
1131 1593 1277 1622 mediocris
1295 1594 1392 1621 invasit
1406 1593 1515 1625 Judaeos
1531 1604 1538 1627 ;
1561 1595 1687 1630 famaque

900 1638 960 1673 ejus
975 1639 1099 1665 miraculi
1122 1638 1214 1673 plures
1237 1639 1332 1670 exciti,
1348 1647 1380 1665 ex
1401 1639 1561 1674 regionibus
1576 1641 1608 1666 ad
1623 1648 1686 1668 ettm

901 1684 989 1711 locum
1007 1691 1170 1711 convenere.
1189 1684 1257 1711 Cum
1280 1684 1364 1718 ἰεὶιιιι·
1388 1685 1583 1719 quamplurimi
1608 1685 1688 1713 ades-

901 1733 973 1761 sent,
999 1729 1074 1760 aliud
1096 1729 1186 1757 dcnlto
1208 1730 1359 1764 prodigium
1384 1730 1494 1757 accidit.
1518 1729 1590 1765 Ignis
1613 1730 1687 1757 enim

901 1773 1010 1800 ('(elitus
1027 1773 1139 1804 missus,
1157 1778 1256 1800 cuncta
1273 1773 1403 1808 opificum
1421 1773 1603 1802 instrumenta
1620 1782 1688 1802 cou-

902 1819 1031 1854 sumpsit.
1048 1818 1139 1853 Itaque
1156 1826 1269 1846 cernere
1283 1823 1342 1845 erat
1357 1819 1481 1850 malleos,
1497 1820 1618 1854 scalpra,
1630 1828 1686 1848 ser-

902 1873 958 1898 ras,
975 1873 1099 1895 secures,
1117 1865 1224 1897 ascias;
1244 1869 1342 1892 cuneta
1357 1865 1475 1900 denique
1498 1866 1531 1892 ad
1552 1873 1622 1900 opus
1649 1867 1688 1893 fa~

902 1910 1029 1938 ciendum
1047 1912 1212 1941 necessaria,
1231 1911 1349 1941 flammis
1363 1910 1482 1938 absumi.
1500 1911 1532 1938 Et
1547 1911 1618 1946 ignis
1631 1913 1689 1947 qui»

902 1957 964 1983 dem
986 1960 1044 1983 toto
1059 1956 1103 1984 die
1115 1956 1172 1983 haec
1186 1956 1277 1983 omnia
1291 1955 1501 1990 depascebatur.
1519 1956 1606 1984 Judaei
1624 1965 1688 1984 vero

905 2002 983 2043 197
997 2002 1098 2037 ingenti
1113 2003 1211 2030 timore
1220 2002 1350 2037 perculsi,
1360 2002 1441 2029 etiam
1458 2002 1534 2030 inviti
1545 2004 1687 2031 (lin-istum

907 2048 991 2075 Deum
998 2056 1059 2076 esse
1067 2048 1185 2076 confessi
1195 2047 1328 2077 sunt.Nee
1337 2052 1426 2074 tamen
1438 2049 1565 2076 mandato
1574 2050 1634 2084 ejus
1644 2058 1690 2084 pa-

901 2095 1093 2122 rueruntzsed
1110 2095 1176 2130 legis
1197 2102 1254 2121 sua:
1279 2094 1408 2128 opinione
1430 2096 1612 2129 pramecupati
1628 2115 1634 2125 ,
1661 2096 1688 2122 in

653 2184 695 2211 VA
701 2183 786 2211 LESII
814 2183 1035 2211 ΑΝΝΟΤΑΤΙΟΝ
1040 2182 1089 2211 ES.

99 2232 150 2266 (7|)
168 2231 302 2264 Πολλοῖς
315 2240 345 2259 τε
357 2231 529 2266 προέλεγεν.
540 2230 572 2257 Et
583 2231 627 2258 hic
639 2235 754 2266 uterque
770 2232 845 2258 inter

917 2239 971 2258 tum
989 2230 1180 2261 traducamus,
1195 2231 1242 2259 sed
1257 2235 1287 2258 ut
1310 2231 1487 2258 ostendamus
1503 2232 1635 2260 studiosis
1651 2233 1689 2259 le-

62 2273 166 2303 prelum
184 2268 280 2302 lapsus
296 2272 348 2298 est,
369 2265 416 2301 qui
434 2266 547 2303 verbum
559 2265 853 2303 erpqéleysvrefmunt

63 2300 94 2338 ad
122 2300 259 2338 Χριστὸς,
285 2310 347 2329 cum
362 2307 452 2328 tamen
468 2300 676 2338 refert-idebeat
693 2301 725 2338 ad
750 2301 852 2338 Κύριλ-

63 2336 115 2368 λος.
127 2335 157 2364 ut
173 2339 200 2365 in
217 2337 347 2364 versione
368 2339 462 2364 nostra
473 2336 568 2363 videre
581 2340 634 2364 est.
648 2335 726 2369 Quod
738 2335 848 2371 quidem

65 2379 174 2402 monere
193 2373 345 2404 voluimus,
360 2379 414 2400 non
432 2376 461 2398 ut
482 2378 592 2399 errores
603 2371 747 2399 doctorum
761 2371 849 2398 homi-

906 2266 1038 2298 ctoribus,
1052 2273 1134 2301 quam
1152 2266 1270 2299 proclive
1284 2266 1326 2301 sit
1350 2267 1402 2293 labi
1422 2267 1448 2293 in
1467 2267 1692 2301 interpretatione

907 2306 1028 2328 veterum
1059 2300 1238 2336 scriptorum.
1268 2300 1396 2336 Nostram
1417 2309 1500 2336 porro
1526 2300 1692 2336 interpreta-

905 2337 1013 2399 ιὶοιιοὲιὲ
1035 2336 1115 2370 plane
1146 2335 1295 2363 contirmat
1319 2335 1491 2370 Nicephorus
1520 2338 1547 2365 in
1579 2335 1650 2365 libro
1664 2346 1692 2368 x.

903 2378 964 2399 can.
1017 2391 1023 2397 .

937 2379 964 2406 p.
978 2379 1023 2399 oo.

787 2448 984 2476 VARIORUM.

100 2497 107 2516 ί
129 2498 296 2532 Ἰουδαίους,
318 2497 547 2532 μεταπέμπεται.
564 2497 660 2524 Exstat
676 2497 779 2524 Iuliani
793 2497 852 2532 epi-

63 2533 143 2565 stola,
162 2533 261 2560 ordine
285 2531 331 2565 25,
347 2541 408 2559 cum
428 2533 477 2559 bac
501 2532 680 2567 inscriptione
694 2531 851 2563 εΊουλιανὸς

70 2568 205 2595 Ἰουδαίων
229 2567 269 2603 τῷ
287 2567 379 2602 κοινῷ,
410 2567 436 2594 in
461 2575 513 2602 qua
546 2568 630 2594 multa
652 2567 789 2603 pollicitus
817 2568 852 2594 de

65 2603 226 2631 minuendis
253 2602 434 2637 vectigalibus
458 2607 485 2629 et
516 2602 628 2629 tributis
654 2610 669 2629 a
693 2602 850 2629 Judteorum

65 2643 144 2672 gente
159 2638 234 2673 exigi
259 2638 359 2673 solitis,
389 2638 445 2664 luec
462 2638 489 2664 in
515 2637 569 2673 fine
583 2637 657 2664 addit
678 2647 684 2663 :
717 2638 785 2673 ὅπερ
800 2637 852 2672 χρὴ

63 2674 149 2699 ποιεῖν
175 2672 250 2708 ὑμᾶς
268 2694 273 2699 ,
289 2693 295 2698 .
313 2691 320 2698 .
336 2672 368 2699 Id
384 2681 427 2699 vos
445 2672 576 2708 imprimis
592 2680 686 2698 curare
699 2672 777 2708 atque
791 2680 853 2698 συη-

66 2708 168 2734 tendere
179 2708 280 2734 debelis
296 2707 354 2742 (sc.
367 2712 396 2733 ut
411 2708 553 2742 imperium
572 2707 598 2733 in
614 2712 673 2733 tuto
694 2707 746 2742 sit)
764 2715 813 2741 quo
829 2712 853 2732 et

63 2743 116 2776 ipse
130 2743 241 2769 Persico
261 2743 327 2769 bello
341 2750 373 2769 ea:
393 2743 475 2769 animi
500 2742 627 2769 sententia
642 2747 722 2776 gesto,
735 2747 852 2768 sanctam

64 2777 152 2804 urbem
166 2777 349 2809 Hierusalem,
365 2786 444 2812 quam
474 2778 569 2804 multos
580 2777 639 2810 jam
654 2785 736 2803 annos
750 2776 854 2802 habita—

66 2819 118 2838 mm
136 2813 227 2840 ridere
240 2812 406 2842 desideratis.
427 2813 490 2839 meis
515 2813 648 2839 laboribus
672 2812 796 2846 refectam
814 2813 854 2837 in-

66 2847 162 2878 colant.
194 2853 220 2875 et
240 2856 294 2874 una
315 2847 442 2874 vobiscum
469 2849 493 2874 in
509 2856 539 2874 ea
555 2848 651 2881 optimo
677 2847 729 2874 Deo
753 2847 854 2882 gratias

65 2890 150 2915 agam.

941 2496 948 2521 Ξ
973 2497 1036 2530 Πῦρ
1067 2496 1121 2530 γὰρ
1137 2495 1182 2532 ,ἐξ
1208 2496 1337 2530 οὐρανοῦ
1360 2497 1572 2532 κατασκῆψαν.
1602 2499 1691 2525 Amm.

905 2532 1091 2568 Marcellinus,
1106 2531 1184 2558 initio
1198 2531 1259 2559 libri
1283 2531 1527 2568 xrxnltp’ostquant
1555 2533 1692 2568 ingentem

904 2566 1006 2594 Juliaui
1018 2570 1159 2598 conatum,
1175 2571 1205 2594 ut
1218 2567 1350 2601 templum
1367 2566 1502 2595 Hierosol.
1517 2566 1674 2595 reﬁceretur
1684 2588 1692 2598 .

906 2603 1037 2632 narravit,
1056 2602 1112 2637 hinc
1125 2602 1205 2629 habet
1220 2610 1226 2628 :
1246 2601 1312 2629 Cum
1337 2602 1425 2636 itaque
1440 2603 1476 2629 rei
1492 2603 1596 2637 fortiter
1610 2603 1694 2629 insta-

906 2642 943 2663 ret
960 2637 1079 2670 Alypius,
1096 2636 1250 2671 jar-aretque
1276 2638 1416 2670 provincia:
1444 2643 1539 2670 rector,
1563 2638 1693 2664 metuendi

905 2671 975 2706 globi
985 2672 1154 2706 ﬂammarum
1163 2679 1243 2705 prope
1256 2671 1429 2706 fundamenta
1441 2672 1537 2700 crebris
1548 2672 1692 2699 assultibus

905 2712 1079 2743 erumpentes,
1099 2706 1180 2740 fecere
1194 2707 1292 2743 locum
1316 2708 1416 2734 exustis
1433 2708 1570 2743 aliquoties
1584 2715 1693 2743 operan-

905 2741 975 2768 tibus
988 2743 1150 2768 inaccessum
1164 2750 1172 2768 :
1189 2742 1285 2776 hocque
1307 2743 1384 2768 modo
1395 2741 1520 2770 elemento
1532 2742 1690 2768 destinatius

906 2777 1053 2810 repellente.
1071 2778 1181 2809 cessauit
1205 2775 1345 2809 inceptum.
1368 2779 1430 2806 llmc
1452 2776 1624 2804 rcmdilicatio
1640 2775 1691 2801 De-

906 2812 1060 2880 :gnnaliuén
1074 2811 1173 2838 Jnliani
1188 2813 1307 2847 signum,
1323 2813 1411 2846 inquit
1427 2812 1489 2839 Ant.
1502 2811 1564 2846 Pagi
1578 2810 1610 2836 ad
1626 2817 1690 2836 ann.

906 2855 921 2877 (ι
941 2855 966 2879 ρ,
987 2855 1013 2873 n.
1048 2867 1054 2873 .

905 2847 966 2879 3-65,
987 2855 1013 2873 n.
1028 2847 1054 2879 2.
