1891 3068
215 155 268 183 459

954 155 1126 185 SOCRATIS

1797 162 1852 189 450

218 211 344 247 cognitos
356 211 482 238 habebat.
503 211 580 238 Tunc
600 219 664 240 vero
681 213 816 241 adversus
839 213 902 241 illos
917 214 1002 249 impe-

1068 222 1123 250 ετης
1149 215 1267 252 διέσυρε.
1284 217 1340 249 Πᾶς
1356 216 1410 252 γὰρ
1424 217 1439 243 ὁ
1463 217 1615 252 μαχόμενός
1638 226 1703 250 τινι,
1719 217 1768 244 νῦν
1801 219 1852 253 μὲν

219 263 276 285 tum
292 257 356 284 fecit
373 266 380 284 :
397 257 534 292 longaque
561 258 684 286 instituta
711 260 927 292 concertatione,
946 267 1002 288 non

217 302 293 329 sicut
307 303 345 329 ait
365 302 508 334 Libanius,
533 307 759 336 argumentorum
781 305 875 332 valido
903 305 1003 333 robore

218 355 266 375 eos
286 348 463 383 oppugnavit,
482 348 529 375 sed
551 356 600 383 pro
618 351 743 379 veritatis
759 352 853 387 inopia
874 352 908 378 ad
931 353 1002 380 sales

217 398 245 421 et
260 393 339 428 jocos
351 401 511 425 conversus,
535 395 635 429 quibus
660 396 785 431 impense
803 398 1001 430 delectabatur,

217 446 249 466 ea
265 447 326 473 qua:
342 439 369 465 in
398 439 452 466 illis
470 440 547 467 libris
564 446 638 469 recte
663 443 785 470 stabilita
801 447 877 475 sunt,
902 444 1001 472 irrisit.

217 484 380 518 Quicunque
401 485 475 511 enim
503 491 641 514 certamen
661 488 792 516 adversus
807 490 923 518 alterum
941 497 1003 518 sus-

216 529 308 563 cepit,
327 537 401 556 nunc
417 532 600 564 pervertendo
626 534 780 568 veritatem,
810 543 884 563 nunc
909 537 1003 564 occul-

217 575 310 605 tando,
329 576 440 603 mentiri
465 577 537 604 solet
551 577 685 606 adversus
711 588 773 608 eum
801 587 898 609 contra
923 590 1002 617 quem

216 620 343 648 instituta
381 625 424 649 est
469 623 633 657 disputatio.
682 624 714 652 Et
757 627 916 663 quicunque
962 629 986 654 al

217 669 306 692 terum
337 666 402 693 odio
426 669 616 703 prosequitur,
640 671 734 698 omnia
765 676 894 707 tanquam
917 673 1004 701 hostis

217 710 296 744 201
315 719 369 738 non
382 712 472 739 solum
493 720 573 748 agere
586 720 682 743 contra
699 716 787 750 illum.
803 725 898 745 verum
921 719 1002 746 etiam

217 755 294 790 loqui
310 757 402 784 studet
418 767 424 784 :
451 762 478 785 et
494 766 555 794 qua:
575 760 602 786 in
619 761 680 796 ipso
695 762 790 789 insunt
809 764 892 796 mala,
925 772 958 791 ea
976 766 1003 791 in

219 801 296 828 illum
310 809 429 836 quocum
443 803 603 832 inimicitias
615 811 736 839 exercet,
759 813 868 836 vertere
887 817 1004 838 consue-

217 846 269 873 vit.
285 846 436 883 Utrumque
455 857 550 883 porro.
568 849 708 879 Iulianum
724 854 828 881 scilicet
840 859 923 890 atque
936 855 1004 883 Por-

219 892 358 927 phyrium,
381 901 462 928 quem
479 894 591 930 Tyrium
606 904 697 925 senem
716 899 836 934 appellat
853 899 983 929 Libanius
994 923 1001 934 ,

220 940 378 966 scomlnatis
406 939 558 969 delectatos
588 942 684 976 fuisse,
716 952 749 972 ex
777 945 900 980 ipsorum
926 947 1003 975 libris

220 984 403 1012 convincitur.
429 985 495 1013 Nam
519 987 689 1024 Porphyrius
719 991 831 1025 quidem
862 992 889 1019 in
925 993 1004 1021 libris

220 1037 294 1064 quos
314 1031 427 1065 scrip‘sit
446 1032 480 1059 de
505 1033 621 1060 historia
643 1035 831 1071 philosophica
844 1057 852 1070 ,
882 1038 1004 1066 Socratis

224 1074 451 1109 philosophorum
479 1077 602 1104 omnium
620 1080 842 1108 excellentissimi
863 1082 947 1109 vitam
967 1084 1005 1110 ri-

220 1119 313 1147 dicule
335 1120 476 1148 traduxit:
499 1129 587 1158 eaque
602 1124 636 1152 de
660 1125 707 1152 illo
730 1127 842 1162 scriptis
866 1128 1003 1162 prodidit,

219 1171 281 1198 quae
293 1171 344 1192 nec
358 1164 467 1192 Melitus
478 1174 596 1202 unquam
616 1176 666 1196 nec
682 1169 804 1205 Anytus,
821 1170 943 1199 Socratis
957 1179 1005 1200 ac-

219 1214 378 1243 cusatores.
403 1217 498 1239 contra
518 1213 593 1240 illum
609 1214 700 1242 dicere
722 1217 783 1243 ausi
801 1216 923 1250 fuerunt,
953 1218 1004 1245 So—

220 1257 316 1289 cratis,
334 1257 458 1291 inquam.
477 1267 558 1294 quem
582 1267 678 1289 omnes
695 1261 781 1290 Grzeci
809 1263 944 1291 mirantur
970 1266 1006 1292 ob
1031 1262 1033 1265 ’

219 1301 381 1330 modestiam
405 1307 432 1330 et
452 1305 588 1338 justitiam
614 1307 739 1342 aliasque
764 1308 901 1343 virtutes;
924 1318 1005 1346 quem

220 1347 299 1375 Plato
320 1349 519 1379 celeberrimus
542 1353 614 1387 apud
641 1354 702 1382 illos
715 1355 906 1391 philosophus,
924 1365 1005 1392 quem

221 1393 393 1429 Xenophon.
423 1399 451 1424 et
487 1397 608 1432 reliquus
638 1399 868 1435 philosophorum
892 1403 1005 1435 chorus,

224 1447 278 1467 non
295 1441 383 1468 solum
407 1445 537 1477 tanquam
557 1443 612 1471 Deo
629 1446 741 1473 charum
764 1448 929 1483 suspiciunt,
960 1457 1007 1477 ve-

221 1492 282 1511 rum
300 1485 382 1512 etiam
392 1494 475 1521 supra
493 1487 605 1516 humani
622 1489 723 1524 ingenii
751 1497 862 1528 captum
881 1495 1008 1528 sapuisse

1053 261 1247 297 παρατρέπων,
1261 261 1307 288 νῦν
1318 261 1347 288 δὲ
1363 262 1538 297 ἐπικρύπτων
1553 263 1602 298 τὴν
1614 263 1756 299 ἀλήθειαν,
1765 272 1854 289 κατα-

1052 306 1180 340 ψεύδεται
1195 306 1242 332 τοῦ
1257 307 1326 342 πρὸς
1341 307 1370 334 δν
1382 308 1399 342 ἡ
1413 308 1486 343 μάχη
1510 309 1678 336 συνίσταται.
1696 310 1780 336 Καιὸ
1797 311 1852 336 ἀπ-

1053 351 1139 386 εχθῶς
1156 352 1225 387 ἔχων
1243 353 1311 388 πρός
1325 361 1399 386 τινα,
1413 353 1503 380 πάντα
1520 354 1558 386 ὡς
1576 354 1704 390 πολέμιος
1718 356 1750 382 οὺ
1768 356 1854 390 μόνον

1054 398 1184 433 πράττειν
1196 417 1203 429 ,
1220 398 1288 424 ἀλλὰ
1304 398 1350 426 καὶ
1370 398 1460 433 λέγειν
1473 399 1624 427 ἐσπούδακε
1635 409 1642 416 ·
1656 401 1705 427 καὶ
1721 401 1757 428 τὰ
1775 401 1854 436 αὐτῷ

1054 445 1188 480 προσόντα
1207 444 1312 479 φαῦλα,
1325 444 1364 480 τῷ
1385 445 1453 481 πρὸς
1471 445 1501 472 ὃν
1521 447 1538 481 ἡ
1559 446 1655 482 ἔχθρα,
1670 447 1854 482 περιτρέπειν

1055 489 1134 523 φιλεῖ.
1152 489 1214 516 Ὅτι
1232 489 1282 524 μὲν
1302 487 1348 517 οὖν
1364 490 1412 517 καὶ
1433 490 1585 524 Ἰουλιανὸς,
1609 491 1656 517 καὶ
1681 491 1852 527 Πορφύριος,

1054 536 1084 561 ὃν
1100 534 1198 570 Τύριον
1223 535 1302 562 καλεῖ
1316 536 1442 571 γέροντα,
1460 535 1544 571 ἄμφω
1559 536 1749 570 φιλοσκῶπται
1763 535 1852 572 ἦσαν.

1056 580 1108 607 ὑπὸ
1129 581 1184 607 τῶν
1206 581 1312 608 οίκείων
1328 581 1414 615 λόγων
1433 581 1600 617 ἐλέγχονται.
1626 582 1785 618 Πορφὺριος
1802 583 1854 618 μὲν

1054 626 1108 661 γὰρ
1133 627 1181 653 τοῦ
1206 627 1420 661 κορυφαιοτάτου
1442 626 1496 653 τῶν
1520 627 1672 662 φιλοσόφων
1686 628 1855 663 Σωκράτους

1054 672 1099 699 τὸν
1125 672 1182 707 βίον
1206 673 1328 708 διέσυρεν
1356 674 1385 700 ἐν
1407 674 1440 708 τῇ
1466 673 1646 709 γεγραμμένῃ
1674 673 1750 708 αὐτῷ
1776 674 1854 708 φιλο-

1056 719 1130 754 σόφῳ
1145 718 1250 753 ἱστορία
1261 726 1269 733 ’
1287 720 1335 745 καὶ
1352 718 1464 745 τοιαῦτα
1480 719 1544 754 περὶ
1560 719 1642 746 αὑτοῦ
1651 718 1764 753 γράψας
1783 727 1854 745 κατ-

1056 764 1176 795 έλειπεν,
1192 761 1236 789 οἶα
1254 763 1287 790 ἂν
1305 763 1374 798 μήτε
1387 763 1512 795 Μέλιτος,
1530 764 1598 798 μήτε
1614 764 1729 794 Ἄνυτος
1741 763 1767 789 οἱ
1782 771 1853 798 γρα-

1053 808 1170 843 ψάμενοι
1190 809 1350 844 Σωκράτην,
1366 809 1453 835 εἰπεῖν
1466 809 1648 844 ἐπεχείρησαν
1661 817 1668 823 ·
1686 808 1853 844 Σωκράτους

1055 856 1138 890 φημὶ,
1157 854 1204 881 τοῦ
1219 854 1284 890 παρ’
1297 854 1409 889 Ἕλλησι
1421 854 1626 889 θαυμαζομένου
1638 853 1684 880 ἐπί
1697 862 1729 880 τε
1744 862 1853 889 σωφρο-

1056 899 1122 936 σύνῃ
1138 900 1184 926 καὶ
1211 899 1376 935 δικαιοσύνῃ,
1393 899 1440 926 καὶ
1461 900 1520 930 ταῖς
1544 899 1639 931 ἄλλαις
1660 899 1785 934 ἀρεταῖς.
1803 901 1853 925 Ὃν

1053 944 1166 972 Πλάτων
1179 945 1192 971 ὁ
1204 943 1357 979 θαυμαστὸς
1373 943 1438 978 παρ’
1457 943 1550 974 αὐτοῖς
1567 942 1722 977 φιλόσοφος,
1741 942 1791 968 καὶ
1803 941 1853 967 Ξε-

1053 989 1152 1024 νοφῶν,
1170 989 1218 1015 καὶ⁷
1236 989 1250 1015 ὁ
1266 988 1345 1020 ἄλλος
1359 987 1413 1014 τῶν
1431 987 1583 1022 φιλοσόφων
1599 987 1707 1019 θίασος,
1721 987 1753 1013 οὐ
1770 986 1852 1021 μόνον

1053 1036 1090 1067 ὡς
1113 1035 1224 1070 θεοφιλῆ
1245 1034 1362 1070 τιμῶσιν
1375 1055 1382 1067 ,
1397 1033 1464 1061 ἀλλὰ
1488 1034 1519 1070 δὴ
1544 1034 1592 1060 καὶ
1620 1033 1691 1068 ὑπὲρ
1705 1032 1852 1067 ἄνθρωπον

1055 1082 1163 1117 φρονεῖν
1177 1081 1359 1116 νενομίκασιν.
1375 1080 1516 1111 Ἰουλιανὸς
1529 1079 1557 1106 δὲ
1567 1079 1613 1106 τδν
1630 1078 1737 1114 πατέρα
1748 1077 1850 1111 ζηλῶν,

1054 1127 1084 1153 τὸ
1102 1126 1166 1153 ἴδιον
1184 1125 1270 1156 πάθος
1291 1125 1331 1156 είς
1358 1125 1421 1156 τοὺς
1447 1125 1591 1160 Καίσαρας
1616 1123 1724 1159 ἠλεγξε,
1741 1123 1850 1152 πάντας

1055 1171 1258 1207 μωμησάμενος
1269 1171 1332 1202 τοὺς
1346 1170 1398 1206 πρὸ
1414 1169 1496 1196 αὐτοῦ
1518 1169 1636 1205 βασιλεῖς
1648 1189 1654 1200 ,
1667 1169 1715 1196 καὶ
1729 1167 1790 1194 οὐδὲ
1804 1167 1852 1193 τοῦ

1055 1217 1199 1252 φιλοσόφου
1219 1217 1333 1253 Μάρκου
1351 1216 1524 1251 φεισάμενος.
1541 1215 1641 1242 Καὶὸτι
1653 1215 1702 1250 μὲν
1716 1213 1851 1248 φιλοσκῶ-

1056 1272 1121 1290 πται
1139 1264 1232 1298 ἄμφω.
1242 1263 1271 1296 ἐξ
1284 1263 1387 1289 ἑαυτῶν
1397 1262 1441 1289 τὸν
1456 1262 1565 1296 ἔλεγχον
1576 1261 1666 1296 ἔχουσι
1675 1269 1682 1276 ·
1699 1260 1747 1286 καί
1761 1259 1792 1285 οὺ
1812 1258 1853 1284 δεῖ

1058 1320 1102 1346 μοι
1117 1310 1222 1338 πολλῶν
1238 1310 1254 1346 ἣ
1276 1309 1370 1336 δεινῶν
1384 1309 1481 1343 λόγων⁹
1499 1308 1567 1336 ἀλλὰ
1587 1307 1699 1358 uarix—pr)-
1706 1306 1796 1358 ταῦτα
1812 1306 1852 1358 εὶς

1057 1357 1226 1393 παράστασιν
1246 1356 1293 1382 τοῦ
1322 1355 1404 1390 ἤθους
1428 1355 1518 1381 αὐτῶν
1541 1353 1608 1390 (79).
1639 1352 1710 1401 ’ξέγὼ
1740 1352 1791 1401 μὲν
1806 1352 1852 1401 0‘?"

1056 1403 1142 1430 ταῦτα
1167 1403 1199 1429 ὲκ
1224 1402 1278 1428 τῶν
1302 1401 1439 1436 ἑκατέρων
1454 1400 1549 1447 λόγων-
1566 1399 1631 1434 περὶ
1651 1399 1733 1447 ήθοιις
1760 1398 1852 1447 αὐτῶν

1057 1448 1282 1483 τεκμαιρόμενος.
1293 1447 1379 1474 ταῦτα
1389 1446 1496 1481 γράφω.
1514 1443 1565 1472 Οἷα
1580 1445 1609 1472 δὲ
1623 1444 1686 1479 περὶ
1706 1442 1851 1470 Ίουλιανοῦ

1058 1496 1073 1521 ὁ
1087 1494 1274 1529 Ναζιανζηνὺς
1295 1494 1445 1529 Γρηγόριος
1466 1494 1570 1528 εἴρηκε,
1584 1491 1639 1517 τῶν
1662 1490 1746 1516 αὑτοῦ
1765 1490 1852 1523 λόγων

222 1531 403 1559 arbitrantur.
419 1531 544 1561 Julianus
556 1542 621 1562 vero
643 1537 729 1571 patris
745 1539 901 1573 exemplum
922 1541 1008 1568 imita-

1068 1540 1189 1567 mdxoue.
1207 1540 1276 1574 Φησὶ
1291 1540 1346 1574 γὰρ
1357 1540 1384 1565 ἐν
1401 1539 1440 1573 τῷ
1450 1539 1568 1573 δευτέρῳ
1580 1537 1652 1571 λόγῳ
1669 1536 1740 1571 πρὸς
1751 1535 1852 1569 ’Ἐλλη-

222 1581 278 1608 tus,
296 1578 379 1604 animi
400 1579 443 1605 sui
475 1581 600 1608 morbum
621 1582 740 1616 prodidit
755 1584 781 1610 in
799 1584 871 1612 libro
885 1587 932 1620 qui
948 1586 1006 1614 Cae-

223 1628 302 1648 sares
316 1622 479 1651 inscribitur
495 1634 501 1651 :
520 1625 546 1652 in
565 1634 620 1660 quo
635 1634 749 1657 cunctos
767 1634 830 1657 ante
841 1638 870 1657 se
887 1631 1007 1666 impera-

223 1672 298 1694 tores
314 1668 486 1703 perstrinxit,
501 1678 533 1698 ac
548 1680 581 1699 ne
597 1673 648 1707 ipsi
677 1674 785 1708 quidem
804 1675 896 1703 Marco
920 1678 1008 1711 philo-

225 1713 314 1747 sopho
330 1715 460 1748 pepercit.
490 1715 642 1752 Utrumque
672 1719 755 1753 igitur
776 1720 883 1748 illorum
896 1741 904 1752 .
921 1722 1008 1750 dicte-

223 1757 276 1785 riis
299 1763 326 1786 et
358 1762 520 1789 scommatis
551 1762 713 1790 delectatum
741 1764 838 1795 fuisse.
865 1767 1007 1794 amborum

226 1804 330 1839 scripta
363 1807 430 1833 satis
446 1812 610 1843 coarguunt.
632 1809 687 1837 Nec
708 1811 774 1838 mihi
793 1819 864 1846 opus
878 1817 921 1840 est
939 1814 1009 1840 mul-

224 1850 260 1877 tis
275 1858 307 1878 ac
323 1851 422 1880 validis
434 1855 621 1888 argumentis;
634 1856 680 1883 sed
697 1856 748 1884 ista
769 1857 908 1886 sulliciunt
919 1859 953 1886 ad
968 1860 1009 1887 in-

224 1897 334 1931 genium
363 1899 511 1934 utriusque
538 1900 658 1928 hominis
685 1901 890 1930 declarandum.
920 1906 1010 1940 Atque

227 1951 277 1976 ego
297 1939 421 1978 quidem,
448 1953 480 1973 ex
510 1947 655 1982 utriusque
682 1948 791 1983 scriptis
822 1951 1008 1985 conjecturam

225 1991 339 2024 capiens
365 1992 503 2026 quodnam
530 1993 611 2020 fuerit
627 1994 737 2021 illorum
766 1995 925 2030 ingenium,
958 1998 1009 2025 ista

225 2037 327 2063 scribo.
343 2037 439 2069 Qualia
456 2046 520 2065 vero
536 2038 685 2073 Gregorius
704 2040 892 2069 Nazianzenus
914 2043 947 2071 de
962 2043 1011 2072 .Iu-

226 2082 301 2109 liano
312 2081 424 2114 dixerit,
453 2083 520 2118 ipsis
537 2084 600 2118 ejus
617 2087 710 2113 verbis
726 2088 842 2121 prolalis
855 2089 1009 2118 audiamus.

227 2125 274 2153 Sic
288 2127 360 2153 enim
380 2127 417 2153 ait
433 2127 460 2154 in
478 2129 598 2155 secunda
613 2131 736 2159 oratione
751 2133 884 2161 adversus
913 2133 1010 2162 Genti-

1059 1596 1108 1618 νας
1120 1586 1190 1613 κατὰ
1205 1585 1278 1619 λέξιν
1293 1585 1369 1612 τάδε*
1385 1595 1394 1610 ι
1407 1585 1499 1612 Ταῦτα
1516 1585 1570 1615 τοῖς
1584 1584 1633 1618 μὲν
1643 1583 1734 1613 ἄλλοις
1745 1583 1763 1616 ἡ
1773 1583 1853 1615 πεῖρα

1059 1632 1226 1667 παρέστησε,
1239 1631 1284 1658 καὶ
1297 1632 1314 1666 ἡ
1340 1630 1486 1658 δυναστεία
1507 1628 1699 1665 προσλαϐοῦσα
1711 1627 1763 1662 τὴν
1778 1626 1851 1658 ἐξου-

1060 1678 1130 1704 σίαν.
1153 1677 1229 1712 Ἐμοὶ
1243 1677 1271 1702 δὲ
1285 1676 1331 1703 καὶ
1348 1676 1487 1712 πόρρωθεν
1503 1675 1603 1710 τρόπον
1621 1673 1683 1700 τινὰ
1699 1672 1852 1708 ὲωρᾶτο,ὲξ

1060 1719 1090 1749 οὗ
1111 1723 1150 1757 τῷ
1164 1723 1241 1757 ἀνδρὶ
1257 1722 1439 1757 συνεγενόμην
1456 1721 1609 1757 Ἀθήνῃσιν.
1627 1717 1715 1746 Ἦλθε
1734 1719 1788 1754 γὰρ
1804 1719 1851 1744 κά-

1062 1769 1146 1799 κεῖσε,
1161 1768 1224 1803 ᾶρτι
1237 1767 1291 1794 τῶν
1308 1767 1378 1794 κατὰ
1393 1767 1439 1793 τὸν
1463 1767 1576 1801 ἀδελφὺν
1587 1765 1669 1792 αὑτοῦ
1686 1769 1698 1783 ν
1710 1772 1852 1799 νεωτερισ-

1063 1814 1175 1844 θέντων,
1190 1813 1235 1840 τὸν
1248 1813 1360 1849 βασιλέα
1370 1813 1450 1840 τοῦτο
1461 1813 1526 1840 αὐτὸ
1539 1812 1788 1847 παραιτησάμενος.
1797 1812 1850 1836 Διτ-

1063 1859 1108 1891 τὸς
1126 1860 1154 1886 δὲ
1166 1859 1248 1886 αὑτοῦ
1262 1859 1312 1893 τῆς
1337 1858 1484 1894 ἐπιδημίας
1496 1859 1510 1885 ὁ
1523 1858 1614 1891 λόγος’
1627 1858 1642 1883 ὁ
1657 1858 1707 1892 μὲν
1720 1855 1850 1891 εὐπρεπέ-

1064 1915 1168 1942 στερος,
1191 1906 1252 1932 καθ’
1268 1906 1388 1941 ἱστορίαν
1409 1906 1459 1941 τῆς
1482 1905 1615 1936 Ἑλλάδος,
1629 1905 1677 1931 καὶ
1694 1904 1752 1930 τῶν
1768 1904 1849 1929 ἐκεῖσε

1063 1952 1263 1987 παιδευτηρίων
1274 1960 1281 1968 ·
1296 1952 1311 1978 ὁ
1324 1951 1353 1978 δὲ
1375 1951 1606 1986 ἀπορρητότερος,
1633 1949 1681 1976 καὶ
1699 1949 1731 1975 οὐ
1749 1948 1849 1978 πολλοῖς

1063 1999 1210 2033 γνώριμος.
1224 1998 1294 2025 ὥστε
1309 2000 1363 2030 τοῖς
1378 1999 1436 2024 ἐκεῖ
1449 1998 1543 2029 θύταις
1555 2004 1567 2018 ι
1577 1997 1623 2023 καὶ
1636 1996 1780 2023 ἀπατεῶσι
1795 1994 1850 2030 περὶ

1064 2044 1117 2070 τῶν
1134 2044 1297 2072 καθ’ἐαυτὸν
1312 2044 1503 2078 συγγενέσθαι,
1520 2043 1596 2070 οὔπω
1611 2042 1771 2078 παρρησίαν
1785 2040 1851 2076 ἐχού-

1065 2098 1115 2124 σης
1133 2091 1181 2124 τῆς
1210 2090 1345 2121 ἀσεϐείας.
1363 2090 1431 2116 Τότε
1451 2090 1539 2116 τοίνυν
1559 2089 1590 2115 οὑ
1610 2088 1714 2122 φαῦλος
1739 2086 1794 2120 ἐγὼ
1810 2085 1851 2111 τοῦ

1065 2135 1160 2170 ἀνδρὸς
1173 2135 1302 2170 εἰκαστὴς
1316 2133 1373 2162 οἶδα
1386 2135 1542 2170 γενόμενος,
1551 2134 1641 2161 καίτοι
1659 2141 1693 2167 γε
1707 2133 1740 2160 οὗ
1756 2132 1810 2159 τῶν
1825 2129 1849 2157 εὖ

228 2172 268 2199 les
286 2181 313 2198 ει
331 2171 393 2200 11ωο
410 2173 470 2200 aliis
490 2174 599 2208 quidem
616 2178 783 2211 experientia
797 2179 854 2213 ipsa
871 2185 897 2208 et
909 2181 1008 2215 princi-

1068 2182 1225 2216 πειρυκότων
1241 2182 1304 2217 περὶ
1322 2182 1409 2209 ταῦτα
1426 2179 1465 2214 εἷς
1481 2181 1528 2208 ὢν.
1548 2180 1616 2207 Ἀλλ’
1631 2180 1721 2207 ἐποίει
1739 2188 1774 2214 με
1792 2186 1852 2213 μαν-

807 2267 942 2295 VALESII
959 2268 1235 2298 ANNOTATIONES.

264 2330 318 2371 (l9)
335 2332 383 2363 Εἷς
398 2332 588 2375 {raptimrath
600 2333 651 2359 τοῦ
660 2333 751 2368 ἤθους
760 2336 863 2363 αὐτῶν.
880 2337 944 2365 Post
953 2337 1008 2365 hazc

1068 2340 1112 2367 rba
1128 2341 1155 2368 in
1169 2342 1279 2369 excusis
1297 2342 1439 2370 codicibus
1452 2342 1547 2370 deerat
1561 2341 1643 2374 linea,
1674 2347 1759 2375 quam
1792 2345 1852 2374 sup-

229 2366 299 2401 plcvi
311 2374 342 2393 ex
357 2367 451 2393 codice
468 2366 619 2394 Stortiano.

943 2449 1136 2480 VARIORUM.

265 2509 277 2521 '
296 2502 377 2530 Κατὰ
389 2503 442 2529 τὸν
453 2503 587 2538 ἀδελφὸν
610 2506 713 2534 αὑτοῦ,
739 2506 845 2534 Gallum
877 2508 1015 2537 Car-sarem.

231 2539 367 2578 intelligit.
383 2537 451 2565 Vide
467 2538 514 2565 lib.
545 2547 574 2572 ιι,
590 2547 651 2575 cap.
665 2541 721 2573 δίη
747 2546 774 2569 ct
796 2550 855 2578 cap.
875 2544 901 2574 1,
933 2545 1014 2578 hujus

231 2575 279 2601 lib.

269 2616 281 2629 ι
297 2608 388 2636 ’Ὥστε
404 2608 465 2641 τοῖς
477 2608 541 2635 ἐκεῖ
553 2610 663 2643 θύταις.
682 2610 738 2644 Qua
755 2612 788 2638 de
814 2621 843 2640 rc
863 2615 1015 2642 audiendus

231 2648 274 2670 cst
294 2644 434 2680 idoneus,”
451 2652 500 2680 nec
527 2649 672 2678 suspectus
699 2647 793 2680 utique
821 2654 926 2679 auctor.
943 2650 1012 2676 idem

233 2686 330 2712 nempe
343 2678 462 2714 gentilis,
479 2678 634 2714 Eunapius;
656 2681 701 2713 qui
731 2678 773 2709 ubi
801 2683 938 2711 Iulianum
960 2684 1014 2710 Ma-

232 2714 347 2752 xim_n_et
361 2713 543 2752 Chrysanthin
558 2713 594 2752 'in
614 2715 685 2752 lonia
711 2717 869 2752 aliquandiu
901 2727 1012 2746 vacasse

232 2748 422 2788 tradidisset,’
440 2749 514 2776 addit
528 2751 608 2788 _:_th;
623 2751 659 2788 νδὲ
685 2753 731 2788 καὶ
757 2748 850 2780 ’ταῦτα
879 2751 935 2788 εἶχε
961 2763 1012 2780 κα-

232 2782 284 2814 λῶς
313 2797 351 2820 ἡ(
370 2788 404 2820 ναι
418 2793 476 2811 vero
487 2785 593 2814 pulrltre
619 2787 677 2813 istic
696 2787 746 2820 fuit
770 2782 1014 2815 instructus‘luliu-

233 2825 291 2846 nus.
308 2819 351 2844 alii
367 2819 493 2846 intellexit
511 2821 567 2853 plus
580 2819 744 2853 aliquantum
774 2823 854 2850 latere
871 2825 897 2850 iu
911 2824 1015 2850 (ἐνατία

235 2853 305 2886 apud
320 2853 523 2888 IIicrop/mutum
546 2855 739 2884 lilcusiuiorum
757 2866 893 2885 sacrorum
913 2860 1014 2886 antisti-

1069 2515 1130 2542 tem,
1160 2512 1283 2539 velociter
1300 2513 1363 2540 illuc
1395 2512 1531 2543 accurrit;
1557 2512 1631 2543 dein,
1649 2511 1718 2538 Tum
1735 2511 1849 2543 temporis

1068 2546 1195 2574 Julianus
1213 2548 1373 2575 divinissimi
1398 2548 1527 2574 antistitis
1543 2547 1672 2581 familiari
1692 2555 1759 2573 usus
1775 2545 1849 2573 colla-

1069 2582 1141 2616 quio,
1157 2588 1181 2608 et
1193 2584 1309 2623 efeplctus
1323 2583 1465 2623 sapientia,
1483 2591 1562 2623 quam
1573 2582 1677 2623 αῇξᾳιίιιι
1701 2581 1770 2623 inde
1791 2582 1849 2623 itau-

1069 2622 1149 2652 serat.
1166 2617 1271 2649 Quibus
1289 2619 1369 2652 paulo
1381 2623 1441 2652 post
1458 2618 1544 2649 addit,
1572 2617 1683 2644 Juliano
1699 2617 1729 2644 in
1750 2616 1848 2646 Galliis,

1070 2651 1102 2677 ad
1118 2659 1186 2686 quas
1205 2654 1341 2686 pacandas
1368 2654 1458 2679 fuerat
1487 2661 1548 2679 cum
1569 2653 1689 2679 Caesaris
1721 2655 1848 2685 potestate

1068 2687 1178 2717 missus,
1194 2687 1321 2718 lactente,
1333 2696 1348 2715 c
1359 2687 1463 2714 Graacia
1478 2689 1597 2725 accitum
1614 2687 1649 2713 ab
1663 2688 1712 2714 illo
1730 2686 1846 2725 eumdem

1067 2722 1259 2749 Atheniensem
1273 2731 1415 2749 sacrorum
1435 2723 1598 2753 antistitem,
1609 2731 1669 2748 cum
1687 2731 1741 2756 quo
1752 2722 1848 2748 remotis

1069 2756 1179 2783 arbitris
1199 2758 1326 2797 ῃοηιιιιιίη
1340 2758 1406 2798 ἶςοιίδ
1422 2758 1486 2791 ipsis
1510 2758 1615 2798 cognita
1640 2758 1781 2798 peregerit,
1794 2764 1847 2798 ‘runt

1068 2792 1224 2825 rwlcroquin
1236 2801 1323 2819 omnes
1339 2793 1442 2823 lateret,
1460 2792 1529 2826 quod
1556 2792 1665 2818 deorum
1693 2793 1779 2818 cultui
1791 2792 1847 2825 foret

1068 2827 1122 2859 ipse
1136 2827 1267 2854 addictus.
1284 2827 1421 2863 Eunapius
1438 2829 1463 2855 in
1477 2827 1604 2860 Maximo,
1619 2835 1680 2862 pag.
1697 2827 1746 2860 90,
1760 2832 1810 2855 etc.
