1898 3075
184 143 232 172 051!

905 134 1075 165 SOZOMENI

1765 131 1819 161 93!

186 203 259 230 tibus
271 201 432 230 exscindere
441 200 611 232 laborarent,
622 206 685 226 eum
697 198 789 226 locum
805 198 906 234 ingenti
917 197 973 233 44

1034 197 1135 232 ιύτερον
1148 195 1304 232 ὑπάρχοντα
1318 193 1387 230 (77),
1402 194 1440 226 ὡς
1455 193 1502 221 καὶ
1516 192 1564 220 νῦν
1579 192 1718 228 φαῖνεται.
1735 192 1820 227 Περιο

185 256 284 284 aggere
299 248 451 277 obruerant
463 251 490 274 et
503 247 530 274 in
544 245 660 273 sublime
675 249 830 277 erexerant,
842 252 905 271 cum
921 252 972 271 an-

186 297 230 321 tea
247 297 319 321 esset
336 292 508 328 proluudior,
522 290 603 318 siculi
623 298 696 317 nunc
708 290 841 317 cernitur.
852 290 974 324 Cumque

186 339 347 366 universum
367 338 455 365 locum
471 340 525 362 tam
549 335 761 363 resurrectionis
777 343 858 370 quam
878 335 974 362 Calva-

186 386 244 415 τίω,
260 391 338 411 muro
355 383 608 417 circumsepisscnt.
626 390 688 410 eum
709 386 919 409 exornaverant.
935 381 975 409 Ac

187 430 278 465 primo
295 429 403 464 quidem
421 428 510 455 solum
529 428 618 462 lapide
632 431 859 460 constraverant;
877 427 975 455 deinde

186 475 318 509 templum
334 473 449 502 Veneris
464 478 659 502 exstruxerant
673 479 699 501 et
717 474 894 501 simulacrum
907 482 975 501 con-

186 519 333 546 stituerant
347 528 353 544 :
366 527 398 546 eo
411 519 528 546 consilio
543 524 574 545 ut
587 520 634 554 qui
649 520 789 547 Christum
807 520 862 546 illic
876 520 974 547 adora-

185 568 255 595 rent,
275 563 405 592 Venerem
429 565 521 592 colere
544 565 714 597 viderentur,
734 570 818 599 utque
842 573 974 594 successu

186 609 318 644 temporis
330 618 393 636 vera
406 618 489 637 causa
500 610 590 637 cultus
602 611 676 638 illius
692 611 743 638 loci
761 611 972 642 obliterarctur;

187 662 248 682 cum
265 658 292 682 et
304 654 455 682 Christiani
475 659 535 682 tuto
549 656 614 683 illuc
629 656 770 687 accedere,
787 651 900 690 remque
914 656 975 683 aliis

186 700 311 728 indicare
336 701 448 728 minime
467 701 615 733 auderent,
631 705 658 728 et
679 702 820 736 gentilium
844 701 974 736 templum

186 747 332 781 cultusque
348 747 490 774 simulacri
506 755 540 774 ex
555 749 670 775 adverso
693 747 911 774 continuaretur.
930 747 974 773 Ni-

187 791 337 818 hilominus
357 795 446 818 lamen
473 792 626 826 patefactus
646 797 687 819 est
709 793 798 822 locus.
815 793 975 824 delectaque

187 835 263 862 fraus
285 844 367 871 quam
393 839 470 862 tanto
490 836 582 863 studio
598 837 634 863 ibi
654 837 741 863 moliti
769 836 877 863 fuerant
894 846 899 864 :
917 837 974 864 sive

1027 242 1154 273 λαϐόντες
1168 241 1197 268 δὲ
1214 241 1294 276 πέριξ
1310 240 1399 267 πάντα
1419 240 1465 266 τὸν
1479 239 1527 274 τῆς
1542 238 1718 268 ἀναστάσεως
1729 237 1820 272 χῶρον

1027 286 1074 313 καὶ
1089 285 1136 312 τοῦ
1153 285 1284 321 Κρανίου,
1297 284 1490 318 διεκόσμησαν,
1517 283 1564 310 καλ⁵
1575 282 1642 317 λίθῳ
1655 282 1706 314 τήν
1721 281 1821 314 ἐπυρά-

1026 339 1101 357 νειαν
1116 330 1322 365 κατέστρωσαψ
1339 329 1386 355 καὶ
1405 328 1567 369 Ἀφροδίτης
1575 327 1637 354 ναὸν
1651 327 1822 354 κατεσκεύα-

1028 384 1087 407 σαν,
1096 376 1142 402 καὶ
1152 375 1246 411 ζῴδιον
1260 375 1416 411 ἱδρύσαντο·
1431 374 1502 401 ὣστε
1516 374 1578 405 τοὺς
1590 372 1684 399 αὐτόθι
1695 371 1742 398 τὸν
1754 371 1821 406 Χρι-

1028 424 1089 450 στὸν
1107 422 1338 458 προσκυνοῦντας,
1359 422 1433 454 δόξαι
1453 421 1502 456 τὴν
1522 419 1684 456 Ἀφροδίτην
1706 417 1799 444 σέϐειν
1812 425 1820 432 υ

1027 469 1074 496 καὶ
1089 468 1128 504 τῷ
1143 469 1230 503 χρόνῳ
1246 469 1286 499 εἰς
1300 467 1386 502 λήθην
1400 467 1487 493 ὲλοεῖν
1501 466 1550 502 τὴν
1562 463 1649 500 ἀληθῆ
1668 463 1762 491 αἰτίαν
1774 462 1820 489 τοῦ

1028 515 1092 549 περὶ
1119 515 1164 540 τὸν
1178 514 1260 540 τόπον
1278 513 1465 547 σεῧάσματος,
1488 512 1556 547 μήτε
1579 511 1633 537 τῶν
1646 508 1822 545 Χριστιανῶν

1027 559 1112 590 ἀδεῶς
1123 558 1163 590 εἰς
1181 558 1258 584 τοῦτο
1279 557 1411 593 φοιτᾷν,ἢ
1428 557 1531 592 ἑτέροις
1551 554 1739 589 καταμηνύειν
1760 553 1819 579 τολ-

1029 604 1151 640 μώντων.
1170 605 1217 630 καὶ
1231 603 1385 630 τούναντίον
1399 601 1578 637 πιστουμένου
1594 600 1641 627 τοῦ
1660 598 1820 635 Ἑλληνικοῦ

1027 649 1091 676 ναοῦ
1109 649 1155 676 καὶ
1171 648 1217 676 τοῦ
1236 649 1403 683 ἀγάλματος,
1438 647 1562 682 Ἐγένετό
1580 655 1611 681 γε
1635 645 1689 681 μὴν
1712 645 1792 680 δῆλος
1807 646 1821 671 ὁ

1027 696 1120 726 τόπος,
1144 695 1192 721 καὶ
1214 695 1343 731 ἐφωράθη
1370 695 1387 729 ἡ
1417 693 1614 721 σπουδασθεῖσα
1641 690 1708 727 περὶ
1739 690 1821 718 αὐτὸν

1027 741 1129 776 πλάνη’
1153 741 1191 772 ὠς
1207 741 1257 776 μὲν
1270 741 1340 772 τινὲς
1354 740 1488 774 λέγουσιν,
1505 738 1600 773 ἀνδρὸς
1622 737 1753 773 Ἐὖραξου
1766 736 1820 762 τῶν

1028 787 1078 813 ἀνὰ
1089 787 1197 822 τὴνἚω
1211 787 1368 818 οἰκούντων,
1379 787 1410 813 ὲκ
1425 785 1554 822 πατρῴας
1565 784 1674 820 γραφῆς
1692 791 1821 817 καταμη-

1028 833 1172 865 νύσσντος¹
1191 834 1228 865 ὼς
1243 834 1270 860 δὲ
1284 833 1463 867 ἀληθέστερον
1483 832 1583 857 ὲννοεῖν
1599 831 1667 861 ἐστι,
1684 829 1734 856 τοῦ
1752 827 1821 855 Θεοῦ

187 882 291 909 indicio
310 882 454 916 cujusdam
478 881 582 909 Hebraei
603 883 629 909 in
645 882 766 910 Orientis
787 883 910 918 partibus
928 882 976 910 de-

1034 879 1208 912 ιπιδείξαντος
1232 878 1276 905 διὰ
1297 879 1417 913 σημείων
1434 878 1481 904 καὶ
1506 877 1666 912 ὀνειράτων.
1698 876 1736 902 Οὐ
1764 875 1821 910 γὰρ

188 929 288 963 gentis,
305 932 334 954 ut
349 928 459 963 quidam
473 929 559 960 aiunt,
577 928 622 963 qui
639 933 755 963 paterno
772 928 890 963 quodam
906 930 974 956 scri-

187 978 234 1009 pto
253 973 366 1001 eductus
384 982 440 1001 rem
462 973 611 1006 indicavit;
631 975 699 1006 sive,
713 978 743 1001 ut
757 975 849 1002 verius
867 974 974 1009 opinari

188 1019 262 1051 licet,
277 1019 330 1047 Deo
345 1020 430 1055 signis
446 1019 610 1054 quibusdam
623 1027 655 1047 ac
672 1020 786 1047 somniis
801 1028 862 1047 eum
881 1025 976 1047 osten-

187 1066 279 1094 dente.
295 1067 389 1101 Neque
411 1066 483 1093 enim
509 1067 631 1093 arbitror
657 1075 701 1094 res
739 1066 847 1094 divinas
875 1067 976 1094 indicio

187 1111 329 1139 hominum
361 1119 457 1146 cgere,
485 1113 592 1146 quoties
622 1111 694 1139 Deus
723 1119 772 1139 eas
801 1111 976 1139 manifestare

187 1157 319 1184 decrevit.
341 1157 379 1184 Eo
401 1157 485 1192 igitur
510 1162 644 1192 tempore,
660 1165 721 1184 cum
741 1165 774 1185 ex
803 1157 976 1192 imperatoris

188 1202 318 1230 mandato
336 1202 412 1229 locus
430 1203 484 1229 alte
502 1202 620 1230 ell'ossus
636 1210 668 1230 ac
686 1208 849 1238 repurgatus
869 1203 975 1234 luisset,

188 1247 216 1275 in
242 1247 301 1282 ejus
328 1252 405 1283 parte
434 1249 564 1283 spelunca
599 1249 813 1277 resurrectionis
839 1250 976 1284 apparuit.

187 1293 259 1321 Alibi
277 1301 340 1321 vero
355 1294 434 1328 juxta
451 1294 576 1322 eumdem
598 1295 686 1322 locum
703 1300 758 1322 tres
781 1296 898 1322 iuventa:
914 1300 977 1322 sunt

187 1347 304 1373 cruces;
323 1344 350 1368 et
373 1340 424 1367 alia
450 1341 596 1375 separatim
628 1341 738 1373 tabella,
757 1340 784 1367 in
808 1341 888 1375 cujus
914 1342 977 1367 albo

187 1386 280 1414 verbis
295 1394 327 1413 ac
344 1386 442 1414 litteris
459 1386 613 1418 Hebraicis,
631 1386 734 1413 Grrecis
749 1391 775 1414 et
790 1386 906 1419 Latinis,
921 1387 976 1414 haec

188 1432 290 1466 scripta
311 1438 390 1459 erant
408 1441 415 1459 :
432 1431 511 1460 Jcsus
528 1432 684 1458 Nazareuus
703 1439 749 1458 rex
763 1431 930 1459 Judzeorum.
946 1432 977 1458 Et

188 1476 246 1504 haec
266 1477 374 1511 quidem
385 1477 464 1512 jussu
481 1477 559 1504 Pilati
577 1478 701 1512 prmsidis
718 1477 818 1505 Judtca:
835 1479 937 1513 scripta
950 1483 977 1505 et

189 1530 271 1557 supra
289 1527 371 1557 caput
395 1523 496 1550 Christi
524 1523 601 1550 allixa
621 1523 738 1554 fuerant,
755 1523 827 1550 sicut
850 1523 877 1550 in
899 1530 977 1550 sacro

189 1566 401 1601 Evangeliorum
432 1568 572 1595 volumine
604 1568 731 1595 refertur.
759 1568 855 1595 Adhuc
885 1572 975 1595 tamen

189 1615 249 1638 erat
269 1612 377 1639 dilIicile
393 1612 514 1639 divinam
537 1620 659 1644 crucem,
681 1613 806 1648 quamvis
829 1618 976 1648 repertam,

190 1663 206 1682 a
220 1655 336 1690 reliquis
351 1655 521 1691 distinguere
538 1667 544 1683 :
563 1657 663 1691 quippe
677 1664 738 1684 cum
757 1657 817 1692 ejus
834 1657 977 1692 inscriptio

192 1701 226 1728 ab
240 1701 300 1735 ipsa
330 1701 436 1728 divulsa
464 1701 641 1737 proiectaque
657 1707 747 1736 esset,
764 1711 796 1730 ac
818 1703 899 1730 simul
921 1708 977 1732 tres

191 1752 290 1773 cruces
313 1749 415 1773 temere
430 1747 571 1781 disjectaa;
586 1748 683 1775 ordine
701 1749 821 1780 illarum,
837 1753 866 1775 ut
881 1749 977 1777 verisi-

192 1790 257 1818 mile
271 1794 324 1824 est,
339 1795 403 1818 tunc
419 1791 546 1824 confuso,
566 1800 628 1820 cum
649 1801 765 1829 corpora
785 1793 977 1821 damnatorum

191 1844 225 1863 ex
241 1836 295 1864 illis
309 1837 433 1872 deposita
451 1843 526 1865 sunt.
543 1837 611 1866 Nam
631 1846 693 1866 cum
716 1840 816 1867 milites
832 1839 977 1868 Dominum

191 1882 219 1909 in
232 1889 316 1910 cruce
330 1887 468 1910 mortuum
481 1884 738 1919 deprehendissent,
751 1885 903 1920 depositum
918 1886 978 1920 ejus

191 1934 292 1962 corpus
312 1928 442 1964 primum,
461 1934 490 1956 ut.
512 1930 671 1965 evangelica
696 1931 776 1959 docet
792 1932 916 1964 historia,
933 1940 978 1960 se-

192 1973 348 2008 peliendum
366 1973 548 2002 tradiderunt.
565 1974 663 2003 Postea
682 1983 758 2008 vero,
775 1979 806 2003 ut
822 1976 979 2005 latronibus

191 2019 323 2053 utrinque
350 2019 456 2047 sullixis
481 2025 596 2048 mortem
621 2022 823 2053 accelerareut,
842 2029 924 2049 crura
945 2022 979 2050 iis

180 2064 334 2100 Ifregerunt
352 2070 378 2093 et
395 2074 493 2094 cruces
509 2071 612 2095 temere
636 2068 700 2095 hinc
714 2067 777 2095 inde
793 2068 977 2103 projecerunt.

192 2109 263 2142 Quid
282 2111 354 2138 cnim
372 2119 446 2139 cura:
462 2113 517 2140 illis
544 2113 656 2146 fuisset,
672 2121 768 2141 cruces
779 2122 813 2141 eo
829 2122 884 2149 quo
904 2115 979 2149 prius

193 2155 303 2183 fuerant
317 2157 414 2184 ordine
433 2165 576 2191 reponere,
592 2165 654 2185 cum
672 2159 774 2193 singuli
796 2160 978 2195 vespertinam

1026 922 1103 960 οἶμαι
1116 925 1150 951 τὰ
1161 925 1219 951 θεῖα
1229 924 1333 951 δεῖσθαι
1347 924 1396 958 τῆς
1411 924 1475 958 παρ’
1493 922 1645 960 ἀνθρώπων
1661 920 1822 956 μηνύσεωςι

1026 971 1108 1005 ἡνίκα
1121 971 1154 997 ἂν
1163 971 1229 1005 δῆλα
1239 970 1307 996 αὐτὰ
1317 969 1355 1004 τῷ
1367 969 1426 1004 Θεῴ
1435 970 1500 1004 δοκῇ
1511 967 1647 1003 γενέσθαι.
1660 965 1822 1002 Τηνικαῦτα

1026 1011 1072 1040 οὖν
1086 1013 1156 1040 κατὰ
1183 1013 1330 1049 πρόσταξιν
1347 1013 1394 1040 τοῦ
1418 1013 1558 1048 βασιλέως,
1583 1012 1632 1038 τοῦ
1647 1012 1711 1047 τῇδε
1729 1011 1822 1046 χώρου

1026 1057 1206 1093 καθαρθέντος
1229 1059 1268 1089 εἰς
1287 1057 1381 1092 βάθος,
1399 1058 1427 1083 ὲν
1443 1057 1519 1093 μέρει
1534 1056 1564 1083 τὺ
1579 1057 1629 1091 τῆς
1645 1056 1822 1086 ἀναστάσεως

1027 1104 1114 1138 ἐφάνη
1134 1103 1242 1138 ἄντρον.
1273 1102 1401 1139 Ἐτέρωοι
1424 1103 1452 1128 δὲ
1477 1102 1540 1138 περὶ
1564 1101 1610 1128 τὸν
1634 1101 1715 1128 αὐτὸν
1738 1102 1822 1127 τόνον

1026 1150 1100 1184 τρεῖς
1123 1149 1276 1184 εὑρέθησαν
1299 1148 1409 1184 σταυροι
1420 1157 1426 1163 ·
1457 1147 1504 1174 καὶ⁸
1518 1147 1601 1183 χωρὶς
1619 1146 1684 1174 ἀλλο
1699 1146 1777 1180 ξύλον
1791 1147 1822 1172 ὲν

1026 1195 1102 1228 τάξει
1116 1195 1292 1229 λευκώματος
1304 1195 1407 1229 ῥήμασι
1421 1194 1468 1221 καὶ
1475 1194 1637 1230 γράμμασιν
1651 1192 1820 1228 Ἑϐραϊκοῖς.

1033 1240 1201 1275 Ἑλληνικοῖς
1223 1249 1252 1266 τε
1278 1241 1326 1266 καὶ
1347 1240 1520 1275 Ῥωμαϊκοῖς,
1541 1239 1576 1266 τὰ
1596 1238 1730 1269 δηλοῦντα
1751 1238 1820 1273 (78)·

1034 1285 1138 1321 Ἰησοῦς
1152 1287 1165 1312 ὁ
1177 1285 1347 1321 Ναζωραῖος,
1364 1286 1378 1312 ὁ
1390 1285 1515 1320 βασιλεὺς
1530 1285 1584 1312 τῶν
1603 1283 1748 1310 Ἰουδαίων.
1764 1283 1822 1310 Καὶ

1027 1332 1112 1359 ταῦτα
1128 1332 1187 1366 μὲν,
1200 1331 1237 1363 ὡς
1252 1332 1268 1367 ὴ
1292 1332 1352 1366 ἱερά
1375 1331 1465 1366 βιὸλος
1487 1330 1541 1357 τῶν
1555 1330 1730 1364 Εὗαγγελῖων
1749 1330 1823 1356 ιστοο

1030 1379 1086 1412 psi,
1111 1377 1182 1404 οὕτω
1203 1377 1301 1412 συνέϐη
1327 1376 1519 1412 προγραφῆναι
1542 1376 1611 1412 ὑπὲρ
1626 1376 1748 1412 κεφαλῆς
1771 1375 1820 1402 τοῦ

1028 1423 1157 1459 Χριστοῦ,
1178 1423 1294 1450 Πιλάτου
1310 1422 1389 1449 τοῦτο
1403 1421 1613 1458 προστάξαντος,
1629 1422 1676 1448 τοῦ
1690 1422 1740 1457 τὴν
1753 1422 1822 1448 Ἰου-

1028 1469 1106 1495 δαίαν
1133 1468 1366 1504 ἐπιτροπεύοντος.
1397 1468 1534 1504 Ἑργώδης
1556 1469 1584 1495 δὲ
1609 1469 1648 1495 ἔτι
1670 1468 1821 1503 ἐτύγχανεν

1029 1519 1045 1554 η
1059 1517 1106 1544 τοῦ
1118 1518 1189 1544 θείου
1206 1517 1321 1553 σταυροῦ
1339 1517 1475 1553 διάκρισις
1485 1537 1492 1549 ,
1513 1517 1538 1543 εἰ
1553 1517 1599 1543 καὶ
1613 1516 1726 1552 εὑρέθη,
1745 1516 1820 1552 διερ-

1030 1564 1161 1600 ῥυηκότος
1175 1563 1256 1590 αὑτοῦ
1273 1564 1320 1590 τοῦ
1339 1564 1513 1600 γράμματος,
1540 1564 1588 1590 καὶ
1603 1562 1800 1599 διερριμμένου
1811 1569 1818 1576 ”

1028 1610 1087 1645 ἅμα
1101 1609 1130 1636 δὲ
1142 1610 1188 1636 καὶ
1200 1609 1254 1636 τῶν
1267 1609 1350 1645 τριῶν
1363 1609 1486 1645 σταυρῶν
1501 1608 1583 1644 χύδην
1598 1608 1820 1643 διεσπαρμένων,

1028 1655 1065 1686 ὥς
1084 1664 1116 1690 γε
1139 1655 1223 1688 εἰκὸς,
1248 1656 1276 1682 ἐν
1297 1657 1330 1691 τῇ
1353 1655 1510 1690 καθαιρέσει
1529 1655 1583 1681 τῶν
1607 1654 1821 1690 σταυρωθέντων

1029 1702 1162 1737 σωμάτων
1185 1701 1366 1736 συγχυθείσης
1387 1701 1438 1735 τῆς
1454 1700 1567 1733 τάξεως.
1612 1701 1690 1726 Ἐπεὶ
1713 1699 1768 1735 γὰρ
1795 1701 1821 1726 οι

1029 1747 1192 1782 στρατιῶται
1204 1747 1301 1783 νεκρὸν
1317 1745 1392 1782 ἐντῷ
1407 1747 1478 1782 ξύλῳ
1492 1747 1637 1782 εὐρήκασι,
1661 1745 1821 1777 καθελόντες

1027 1792 1121 1824 αὑτὸν,
1142 1792 1250 1828 πρῶτον
1268 1792 1397 1819 ἀπέδοντο
1418 1793 1459 1824 εἰς
1476 1792 1576 1827 ταφὴν,
1595 1791 1667 1818 κατὰ
1682 1791 1732 1827 τὴν
1752 1792 1822 1818 ιστο-

1030 1838 1100 1874 ρίαν.
1121 1838 1198 1866 Μετὰ
1209 1839 1238 1865 δὲ
1254 1838 1342 1865 ταῦτα
1358 1838 1412 1865 τῶν
1428 1838 1599 1874 ἑκατέρωθεν
1613 1838 1721 1874 λῃστῶν
1735 1838 1822 1873 ταχύ-

1028 1893 1122 1916 ναντες
1136 1885 1181 1911 τὸν
1197 1884 1321 1917 θάνατον,
1334 1885 1367 1912 τὰ
1382 1885 1464 1920 σκέλη
1476 1884 1625 1918 κατέαξαν.
1643 1884 1692 1910 καὶ
1706 1883 1740 1911 τὰ
1754 1883 1822 1916 ξύλα

1028 1931 1081 1966 ὅπη
1097 1930 1201 1965 ἔτυχεν,
1213 1930 1275 1957 ἄλλο
1291 1930 1358 1966 ἄλλῃ
1370 1929 1494 1966 ἔρριψαν.
1515 1930 1548 1956 Τί
1562 1929 1617 1965 γὰρ
1632 1930 1680 1956 καὶ
1692 1929 1822 1964 ἐπιμελὲς

1029 1977 1135 2009 αὐτοῖς,
1161 1978 1189 2004 ὲν
1215 1979 1248 2013 τῇ
1265 1977 1386 2012 προτέρᾳ
1410 1976 1485 2008 τάξει
1508 1976 1596 2003 ταῦτα
1620 1977 1681 2011 ὲᾷν,
1705 1976 1821 2002 ἑκάστου

1029 2023 1130 2058 φθάσαι
1150 2023 1199 2058 τὴν
1214 2023 1335 2058 ἑσπέραν
1362 2021 1568 2054 σπουδάζοντος,
1593 2021 1641 2048 καὶ
1654 2021 1759 2057 ἀνδρῶν
1777 2020 1822 2056 βίᾳ

1029 2069 1272 2104 τετελευτηκότων.
1284 2069 1349 2104 περὶ
1361 2069 1495 2104 σταυροὺς
1505 2067 1686 2102 ἐνδιατρίϐειν
1697 2067 1747 2094 οὐκ
1755 2067 1822 2100 ἀγα-

1030 2115 1075 2142 θὸν
1088 2115 1257 2150 ἡγουμένους
1276 2115 1368 2149 Ταύτῃ
1390 2112 1436 2141 οὖν
1455 2114 1552 2149 ἀδήλου
1572 2114 1755 2149 τυγχάνοντος
1782 2115 1821 2140 ἐτι

1030 2161 1077 2187 τοῦ
1100 2160 1173 2186 Θείου
1191 2159 1287 2191 ξύλου,
1313 2159 1360 2186 καὶ
1375 2158 1526 2193 θειοτέρας,
1551 2159 1567 2193 ἢ
1591 2158 1664 2185 κατά
1678 2159 1822 2193 ἄνθρωπον

193 2200 287 2228 horam
306 2203 457 2236 praevenire
476 2207 658 2236 maturarent,
672 2212 724 2232 nec
745 2212 836 2240 operte
861 2206 977 2240 pretium

1034 2206 1158 2241 δεομένου
1177 2206 1328 2241 μηνύσεως,
1344 2204 1443 2232 τοιόνδε
1460 2213 1484 2231 τι
1509 2205 1618 2240 συνέϐη.
1649 2205 1721 2240 Γυνή
1738 2214 1779 2237 τις
1790 2203 1822 2239 ἦν

191 2247 322 2275 ducerent
344 2249 418 2275 circa
443 2256 542 2276 cruCes
579 2250 718 2277 hominum
746 2251 863 2278 violenta
891 2257 978 2279 morte

192 2293 416 2328 interemptorum
443 2293 546 2321 diutius
572 2294 817 2322 immorari?llanc
841 2296 923 2331 igitur
943 2296 978 2323 ob

193 2346 304 2365 causam
319 2347 380 2366 cum
395 2339 493 2366 divinae
501 2340 593 2367 crucis
606 2340 708 2375 lignum
719 2342 807 2369 adhuc
818 2342 845 2369 iu
859 2342 980 2369 obscuro

193 2390 279 2416 esset,
294 2389 321 2412 et
335 2385 455 2413 divinius
478 2387 615 2421 quoddam
634 2395 714 2422 quam
731 2388 804 2422 quod
820 2389 854 2415 ab
869 2388 980 2416 homine

194 2430 319 2464 praestari
351 2432 454 2466 possit,
483 2432 614 2459 indicium
645 2433 793 2468 ﬂagitaret,
821 2433 980 2468 lmjusmodi

194 2476 260 2510 quid
279 2477 380 2504 evenit.
400 2477 505 2505 Nobilis
524 2480 647 2512 quautam
671 2478 767 2505 mulier
782 2478 980 2515 Hierosolymis

195 2522 359 2556 gravissimo
391 2527 418 2551 et
446 2524 593 2552 insanabili
627 2525 723 2552 morbo
758 2525 911 2552 laborabat.
940 2526 980 2552 Ad

195 2575 277 2603 quam
295 2569 323 2596 in
342 2569 412 2598 lecto
435 2571 641 2598 dccumbentcm
662 2570 797 2598 Macarius
823 2571 981 2607 Hierosoly-

1031 2253 1060 2279 ὲν
1081 2251 1277 2286 Ἱεροσολύμοις
1297 2251 1352 2277 τῶν
1378 2251 1537 2286 ἐπισήμων,
1564 2251 1754 2286 χαλεπωτάτῳ
1778 2252 1823 2277 καὶ

1031 2298 1132 2333 ἀνιάτῳ
1149 2297 1218 2332 νόσῳ
1234 2297 1385 2331 κάμνουσα.
1402 2298 1473 2332 Πρὸς
1487 2297 1588 2332 ταύτην
1602 2297 1735 2332 κειμένην
1759 2295 1823 2333 ἦ).οε

1031 2343 1174 2378 Μακάριος
1184 2345 1198 2369 ὁ
1215 2343 1409 2378 Ἰεροσολύμων
1419 2343 1578 2374 ἐπίσκοπος,
1589 2342 1761 2376 παραλαδὼν
1776 2342 1823 2378 τὴν

1030 2389 1076 2415 τοῦ
1098 2388 1227 2423 βασιλέως
1242 2389 1348 2423 μητέρα
1361 2389 1408 2414 καὶ
1422 2389 1484 2420 τοὺς
1499 2389 1568 2423 ἀμφ’
1588 2388 1680 2415 αὐτόν.
1701 2389 1823 2423 Εὑξάμε-

1030 2437 1074 2467 νός
1091 2444 1120 2461 τε
1141 2435 1283 2471 πρότερον,
1305 2435 1351 2461 καὶ
1371 2434 1505 2469 σύμϐολον
1529 2434 1612 2466 τάξας
1632 2435 1690 2465 τοῖς
1710 2434 1822 2469 ὁρῶσιν.

1031 2482 1133 2507 ἐκεῖνον
1147 2478 1216 2506 εἶναι
1237 2480 1283 2506 τὸν
1302 2480 1372 2506 θεῖον
1397 2480 1523 2516 σταυρὸν,
1545 2479 1575 2511 ὃς
1586 2480 1720 2512 ἐπιτιθεὶς
1735 2480 1822 2507 ἀπαλ-

1031 2527 1106 2559 λάξει
1130 2526 1178 2560 τῆς
1197 2526 1275 2552 νόσου
1289 2526 1338 2560 τὴν
1355 2526 1488 2558 γυναῖκα,
1512 2525 1602 2561 φέρων
1621 2525 1741 2552 ἕκαστον
1755 2526 1820 2559 αἰδτῇ

1031 2573 1085 2598 τῶν
1103 2571 1188 2603 ξύλων
1206 2572 1389 2606 προσήγαγεν.
1406 2571 1486 2598 Ἀλλά
1499 2571 1553 2597 τῶν
1565 2571 1615 2606 μὲν
1628 2571 1677 2597 δύο
1689 2571 1822 2598 ἐπιτεθέν·

793 2638 928 2666 VALESli
947 2636 1222 2666 ANNOTATIONES.

231 2693 289 2730 (7η
314 2694 481 2729 Βαθύτερον
505 2694 792 2730 ἧγειριινηῦπαρχον.
816 2695 904 2730 Hujus
924 2695 976 2722 loci

195 2729 347 2765 emendatio
370 2729 483 2756 debetur
510 2731 599 2757 t‘OdlCi
621 2729 789 2763 Fnketiauo,
814 2731 842 2757 in
860 2729 922 2765 quo
940 2731 978 2757 ita

196 2764 325 2791 seribitur
339 2765 413 2800 ινΤὸν
426 2765 487 2800 τῇδε
501 2765 582 2791 τόπον
594 2765 780 2800 κατέκρυψαν,
795 2766 842 2792 καὶ
857 2764 896 2797 εἰς
912 2765 979 2800 ὕψος

195 2799 325 2835 ἤγειραν,
349 2799 496 2835 βαϐιξτερον
525 2799 688 2834 ὑπάρχοντα
709 2801 747 2832 ὡς
771 2802 818 2827 καὶ
846 2800 894 2827 νῦν
918 2800 980 2834 φαί-

196 2841 279 2862 νεται.
297 2834 324 2862 ld
338 2839 390 2867 est,
403 2834 502 2862 Locum
516 2835 590 2862 illum
604 2837 781 2869 occultarum,
794 2841 818 2864 et
831 2836 858 2863 iu
869 2835 981 2863 sublime

1029 2700 1178 2727 erexerunt,
1198 2695 1242 2729 qui
1262 2697 1340 2720 antea
1358 2691 1516 2727 profundior
1541 2697 1616 2725 erat,
1643 2693 1727 2721 siculi
1755 2701 1820 2721 nunc

1031 2736 1185 2800 “mium
1198 2763 1360 2800 δηλοῦντα.
1379 2765 1408 2792 1η
1424 2763 1519 2791 codice
1531 2762 1633 2800 Leonis
1642 2763 1739 2790 Allatii
1755 2765 1821 2791 scri-

1034 2798 1177 2840 ptum'est,
1189 2799 1251 2825 τάδε
1261 2799 1485 2840 δηλοῦντιημῃιί
1494 2798 1817 2840 ιιοιι-ιιιιιιίυιηρδεςιιιίη

1035 2833 1203 2862 Sozomenus
1221 2834 1390 2869 scripserit:
1408 2834 1475 2864 Τάδε
1492 2833 1599 2869 δηλοῦν,
1617 2834 1716 2869 supple
1735 2833 1819 2868 ξύλον.
