1898 3075
91 121 141 150 955

575 115 736 144 HISTORIA
756 113 1032 143 ECCLESIASTICA.
1053 129 1087 134 —
1106 114 1169 141 LIB.
1189 114 1221 141 il.
1662 119 1714 150 93‘

90 186 154 210 των,
174 174 249 202 οὐδὲν
265 174 307 202 ὅτι
323 174 360 209 μὴ
380 173 462 210 λῆρος
489 173 537 200 καὶ
550 172 636 207 γέλως
650 172 737 204 ἔδοξεν
762 168 832 198 εἶναι
847 170 871 196 τί

928 177 1035 197 morum
1047 171 1206 204 cpiscopus.
1218 176 1357 207 assumpta
1368 180 1460 200 secum
1472 172 1646 209 imperatoris
1659 185 1717 204 ma-

91 222 245 258 γινόμενον,
270 219 386 246 θανάτου
412 220 441 245 ὲν
463 218 559 254 Θύραις
579 218 662 249 ὗντος
684 217 732 244 τοῦ
752 217 875 252 γυναίου.

96 266 170 294 Ἐπεὶ
185 266 214 292 δὲ
226 265 257 291 τδ
272 265 362 300 τρίτον
380 263 458 296 ξύλον
468 264 567 299 ὁμοίως
579 264 774 299 προσήνεγκεν,
788 262 878 295 ἐξαπί-

90 321 136 348 νης
154 311 295 345 ἀνέϐλεψε,
319 311 365 336 καὶ
384 309 434 341 τὰς
454 310 582 344 δυνάμεις
604 309 770 345 ἀθροίσασα,
793 317 878 344 παρα-

89 359 182 395 χρῆμα
202 358 251 392 τῆς
264 356 410 392 στρωμνῆς
430 356 509 391 ὑγιὴς
528 355 698 390 ἀπεπήδησε,
715 355 828 389 Λέγεται
848 354 878 380 δὲ

90 404 137 429 καὶ
149 401 245 436 νεκρὸν
256 400 294 435 τῷ
307 400 356 434 ἴσῳ
368 400 461 436 τρόπῳ
473 400 630 426 ἀναϐιῶναι.
645 399 698 426 Τοῦ
712 399 741 426 δὲ
753 399 877 434 εὑρεθέν-

88 458 132 480 τος
148 447 290 474 θεσπεσίου
306 445 395 478 ξύλου,
407 445 437 472 τὸ
450 445 500 480 μὲν
516 445 640 471 πλεῖστον
651 446 679 471 ὲν
688 445 795 481 ἀργυρᾷ
805 444 877 480 θήκῃ

91 495 169 530 μένον
200 493 239 519 ἔτι
267 493 313 519 καὶ
346 491 394 518 νῦν
420 492 449 517 ἐν
475 490 672 526 Ἰεροσολύμοις
702 489 875 525 φυλάττεται.

91 539 180 574 Μέρος
194 538 222 564 δὲ
244 539 261 573 ἡ
287 537 394 572 βασιλὶς
408 536 478 571 πρὸς
503 537 704 563 Κωνσταντῖνον
727 536 773 562 τὸν
794 536 876 562 παῖδα

90 584 254 619 διεκόμισεν·
269 584 299 610 οὐ
314 583 368 618 μὴν
383 582 451 610 ἀλλὰ
465 582 513 609 καὶ
528 583 592 614 τοὺς
602 582 683 616 ἥλους
693 580 733 614 οἷς
747 582 777 608 τὺ
797 583 876 616 σῶμα

89 622 134 657 τοῗ)
147 628 266 665 Χριστοῦ
278 629 501 664 διαπεπερόνητο.
519 628 565 654 Ἐκ
576 627 676 654 τούτων
685 627 713 654 δὲ
729 627 874 662 ἱστοροῦσι,

91 673 304 709 περικεφαλαίαν
321 672 368 699 τὸν
383 671 497 707 βασιλέα
510 671 723 702 κατασκευάσαι,
741 671 789 698 καὶ
799 671 876 706 χαλι-

90 719 132 746 νὸν
146 719 231 745 ἵππου
245 737 253 750 ,
279 718 349 744 κατὰ
370 717 419 753 τὴν
441 717 576 752 Ζαχαρίου
593 717 780 752 προφητείαν,
800 714 822 750 ᾧ
842 717 874 752 δή

89 766 261 800 προείρηται,
271 763 308 794 ὡς
322 763 387 789 Ἐπὶ
398 762 452 789 τοῦ
464 763 612 797 παρόντος
622 761 737 796 καιροῦ,
747 762 831 788 ἔσται
840 762 875 789 τὸ

89 810 135 836 ἐπὶ
151 809 207 836 τὸν
217 808 344 844 χαλινὸν
355 808 408 836 τοῦ
425 809 519 836 ἵππου
534 809 621 843 ἅγιον
638 808 678 841 τῷ
694 809 791 843 Κυρίῳ
802 815 874 835 star-

930 219 970 242 lre
985 218 1012 242 et
1026 215 1060 242 iis
1074 223 1142 250 quos
1154 216 1226 243 circa
1247 224 1276 244 se
1294 217 1422 251 habebat,
1434 220 1559 247 accessit.
1574 219 1712 257 Factaque

927 260 1006 295 prius
1020 262 1153 294 oratione,
1170 266 1197 289 et
1206 262 1284 297 signo
1295 265 1483 298 spectantibus
1496 265 1570 298 dato,
1584 274 1643 294 eam
1652 275 1715 297 esse

927 304 1047 332 divinam
1056 312 1176 339 crucem,
1186 315 1246 341 quae
1256 309 1363 335 mulieri
1374 309 1501 344 imposita
1514 311 1611 338 morbo
1624 311 1712 347 ipsam

926 350 1066 382 liberaret,
1082 350 1135 386 45
1149 352 1269 386 singulas
1292 354 1316 380 ei
1345 362 1443 383 cruces
1469 356 1566 384 ordine
1579 357 1708 388 admovit.

927 395 1026 423 Verum
1042 396 1149 424 duabus
1178 398 1287 432 quidem
1313 399 1420 428 illarum
1441 402 1550 430 mulieri
1581 403 1707 436 admotis,

926 442 994 468 nihil
1009 442 1082 468 aliud
1102 450 1182 477 quam
1203 451 1280 479 nugae
1294 452 1325 471 ac
1339 447 1430 474 minus
1446 455 1477 474 ea
1495 455 1540 476 res
1556 449 1709 482 videbatur,

925 494 988 514 cum
1006 488 1114 514 mulieri
1133 496 1207 516 mors
1232 489 1346 523 jamjam
1369 491 1534 520 immineret.
1560 493 1709 529 Postquam

926 540 991 560 vero
1010 534 1089 560 tertia
1116 533 1243 561 similiter
1260 535 1369 562 admota
1394 541 1447 568 est,
1472 542 1584 572 repente
1612 540 1709 566 iniilier

924 579 1020 606 oculos
1033 579 1152 614 aperuit.
1172 585 1199 606 et
1217 582 1386 615 recuperatis
1399 583 1505 610 viribus
1525 592 1590 612 sana
1607 586 1710 613 exsiliit

925 632 940 652 e
956 625 1051 652 cubili.
1084 625 1167 652 Aiunt
1191 626 1272 652 etiam
1300 631 1438 655 mortuum
1466 630 1560 656 eodem
1581 632 1661 658 modo
1677 632 1709 658 ad

924 671 1008 697 vitam
1032 677 1093 699 esse
1122 675 1290 698 revocatum.
1318 671 1404 700 Porro
1438 674 1521 709 hujus
1549 677 1711 704 venerandae

924 717 1016 744 crucis
1030 725 1089 752 qum
1109 721 1165 743 tum
1182 721 1289 751 reperta
1301 720 1481 749 est.maxima
1498 720 1607 754 quidem
1623 722 1712 756 portio

925 761 1121 798 Hierosolymis
1129 763 1155 789 in
1163 767 1289 798 argentea
1300 764 1376 790 theca
1386 765 1536 792 etiamnum
1546 767 1710 794 custoditur.

925 806 1034 834 Partem
1050 815 1114 835 vero
1128 807 1189 842 ejus
1214 808 1374 842 impcratrix
1399 810 1432 836 ad
1454 809 1664 838 Constantinum
1682 811 1712 838 ﬁ-

89 856 252 891 τοκρὰτορι.
278 853 342 882 ’Ὧδε
369 854 424 890 γὰρ
448 855 544 886 αὐταῖς
562 854 667 886 λέξεσιν
690 855 704 881 ὁ
731 855 871 890 προφήτης

926 852 993 879 lium
1011 853 1120 886 detulit,
1138 860 1191 880 una
1209 861 1270 881 cum
1283 854 1371 882 clavis
1380 856 1479 890 quibus
1492 864 1594 892 corpus
1609 857 1711 885 Christi

89 901 163 936 φησί.
187 902 279 928 Ταῦτα
297 901 380 928 πάλαι
394 901 444 935 μὲν
460 900 578 934 ἔγνωστο
590 901 637 926 καὶ
651 900 801 936 προείρητο
816 901 873 932 τοῖς

88 947 172 981 ἱεροῖς
183 948 335 982 προφήταις
345 954 351 961 ·
366 947 405 978 είς
416 946 527 981 ὕστερον
538 945 566 972 δὲ
582 945 626 972 διὰ
638 945 796 979 θαυμασίων
812 945 872 971 ἐϐε-

89 991 196 1018 ϐαιοῦτο
207 991 261 1018 τῶν
274 991 371 1026 ἔργων,
381 991 425 1018 ὅτε
440 991 469 1017 ὲν
480 990 568 1025 καιρῷ
579 990 672 1016 δοκοῦν
686 988 753 1017 εἶναι
765 990 804 1025 τῷ
814 989 873 1025 Θεῷ

88 1037 274 1071 κατεφαίνετο.
291 1037 346 1064 Καὶ
356 1036 510 1071 θαυμαστὸν
521 1035 597 1062 οΰπω
611 1035 746 1066 τοσοῦτον,
761 1036 826 1062 ὃπου
840 1044 873 1070 γε

86 1082 131 1108 καὶ
149 1082 217 1117 πρὸς
236 1082 326 1109 αὐτῶν
350 1081 404 1108 τῶν
428 1081 560 1116 Ἑλλήνων
578 1081 808 1116 συνωμολόγηται,
827 1081 873 1107 Σι-

87 1126 186 1161 ϐύλλης
201 1125 271 1153 εἶναι
286 1125 373 1154 τοῦτο.

927 898 1065 926 cenﬁxum
1080 899 1177 926 fuerat.
1195 900 1235 927 Ex
1248 901 1292 928 his
1310 905 1401 929 autem
1417 902 1494 928 aiunt
1519 902 1711 936 imperatorem

927 946 1032 979 galeam
1044 948 1070 972 et
1094 945 1199 972 frenum
1217 947 1279 982 equi
1303 947 1462 980 fabricasse,
1489 948 1567 982 juxta
1592 949 1712 984 prophe-

927 989 991 1016 tiam
1008 989 1164 1022 Zachariae,
1181 992 1228 1026 qui
1257 997 1388 1027 tanquam
1414 993 1447 1020 de
1465 993 1517 1020 isto
1538 997 1660 1028 tempore
1675 996 1712 1021 ita

926 1035 1052 1070 prmdixit
1067 1045 1073 1063 :
1091 1035 1125 1062 Ιιι
1140 1036 1209 1071 quod
1224 1041 1262 1064 est
1282 1046 1359 1072 super
1373 1038 1478 1073 frenum
1501 1039 1571 1072 equi,
1590 1044 1711 1066 sanctum

926 1082 974 1108 erit
986 1081 1100 1108 Domino
1111 1083 1311 1117 omnipotenti‘.
1323 1083 1371 1110 His
1382 1084 1454 1111 enim
1466 1084 1556 1112 verbis
1566 1085 1712 1119 prophetes

927 1127 1024 1154 utitur.
1043 1127 1104 1154 Haec
1119 1128 1183 1156 olim
1199 1129 1307 1163 quidem
1327 1137 1342 1155 a
1356 1130 1443 1157 sacris
1459 1131 1602 1165 prophetis
1623 1133 1712 1158 multo

88 1175 150 1199 ante
166 1173 276 1206 cognita
290 1176 394 1200 suntet
412 1171 561 1207 pradicta:
589 1172 696 1200 tandem
713 1179 779 1200 vero
808 1172 975 1201 admirandis
1007 1174 1135 1208 operibus
1155 1174 1315 1202 conﬁrmata
1339 1179 1412 1207 sunt,
1445 1181 1510 1203 tunc
1543 1185 1605 1204 cum
1640 1176 1712 1204 Deus

86 1222 268 1253 opportunum
285 1219 310 1246 id
327 1225 387 1246 esse
415 1219 533 1246 censuit.
566 1219 659 1255 Neque
692 1219 718 1246 id
751 1219 818 1247 adeo
847 1220 1012 1254 mirandum,
1028 1228 1089 1247 eum
1107 1225 1134 1248 et
1152 1220 1223 1255 apud
1241 1221 1353 1256 gentiles
1367 1222 1393 1248 in
1406 1222 1530 1250 confesso
1543 1223 1589 1256 sit,
1604 1223 1677 1250 istud
1695 1227 1712 1247 τι

91 1265 194 1300 Sibylla
213 1265 370 1301 przedictutn
391 1265 485 1293 fuisse.

117 1310 155 1339 Ὠ
163 1312 260 1344 ξύλον
268 1317 281 1331 υ
287 1311 485 1346 μακαριστὸν,
491 1311 537 1346 ἐφ’
548 1308 583 1339 οὗ
595 1311 666 1344 Θεὸς
675 1311 875 1347 ἐξετανύσθη]

86 1356 170 1384 Τοῦτο
190 1358 245 1392 γὰρ
269 1356 316 1383 καὶ
336 1356 493 1387 σπουδάζων
516 1364 557 1387 τις
579 1356 699 1388 ἐναντίος
719 1355 798 1388 εἶναι,
823 1358 874 1384 οὐκ

86 1403 117 1430 ἂν
132 1403 274 1438 ἀρνηθείη.
291 1403 500 1438 Προὺσήμαινεν
516 1400 561 1429 οὖν
578 1402 608 1428 τὸ
626 1402 672 1428 τοῦ
691 1403 808 1437 σταυροῦ
826 1402 873 1435 ξύ-

86 1448 139 1480 λον,
152 1449 200 1475 καὶ
210 1450 240 1475 τὸ
254 1449 317 1484 περὶ
331 1448 413 1475 αὑτοῦ
428 1447 520 1480 σέϐας.
536 1448 605 1474 Τάδε
621 1449 669 1483 μὲν
684 1449 748 1484 ήμίν
758 1448 795 1480 ὡς
806 1457 873 1484 παρ-

86 1496 236 1532 ειλήφαμεν
254 1496 403 1531 ἱστόρηται,
421 1494 525 1530 ἀνδρῶν
541 1503 571 1520 τε
588 1494 709 1529 ἀκριϐῶς
723 1494 871 1529 ἐπισταμέ-

86 1551 138 1568 νων
153 1542 312 1574 ἁκούσασιν,
330 1543 370 1573 είς
386 1541 432 1573 οὓς
463 1542 495 1567 ὲκ
522 1540 646 1575 διαδοχῆς
679 1540 805 1575 πατέρων
831 1540 872 1572 είς

86 1588 182 1619 παῖδας
199 1588 230 1614 τὸ
245 1587 391 1623 μανθάνειν
411 1585 586 1622 παρεγένετο,
615 1585 661 1612 καὶ
676 1585 733 1612 ὅσοι
749 1594 780 1620 γε
801 1585 870 1612 αὐτὰ

999 1311 1021 1340 0
1036 1312 1135 1348 lignum
1152 1313 1225 1347 felix,
1240 1313 1267 1340 in
1279 1321 1330 1348 quo
1346 1313 1415 1340 Deus
1430 1314 1485 1347 ipse
1499 1314 1641 1348 pependit!

925 1356 984 1384 lloc
1000 1357 1073 1384 enim
1092 1365 1183 1389 nemo,
1201 1358 1379 1392 quantumvis
1397 1358 1476 1384 nobis
1494 1357 1637 1385 adversari
1653 1361 1711 1385 stu-

925 1401 998 1433 deat,
1026 1402 1175 1437 negaverit.
1204 1402 1320 1437 Lignum
1347 1403 1431 1437 igitur
1469 1403 1561 1430 crucis
1594 1402 1712 1437 ejusque

925 1446 1028 1473 cultum
1052 1446 1156 1481 Sibylla
1181 1447 1318 1481 pranlixit.
1342 1446 1375 1473 Et
1396 1447 1452 1473 haec
1468 1447 1576 1481 quidem
1594 1454 1609 1473 a
1630 1447 1711 1474 nobis

924 1492 1009 1519 relata
1028 1496 1093 1519 sunt
1112 1497 1193 1526 prout
1216 1493 1374 1526 accepimus
1391 1501 1398 1519 :
1414 1492 1513 1527 quippe
1527 1494 1575 1527 qui
1592 1500 1624 1519 ea
1641 1492 1712 1519 didi-

924 1538 1043 1564 cerimus
1058 1545 1090 1564 ex
1110 1538 1190 1569 viris,
1210 1537 1257 1572 qui
1284 1538 1336 1564 ista
1351 1542 1480 1565 accurate
1503 1541 1613 1569 norant,
1634 1541 1662 1564 et
1675 1539 1710 1565 ad

923 1590 992 1617 quos
1024 1590 1116 1610 rerum
1144 1583 1260 1610 istarum
1293 1584 1402 1615 notitia,
1431 1584 1564 1610 continua
1601 1585 1710 1618 generis

87 1634 303 1671 συγγράψαντες,
319 1634 355 1666 ὡς
370 1633 509 1669 δυνάμεως
521 1630 667 1667 εῐχον,τοϊς
680 1632 775 1659 ἔπειτα
787 1640 871 1659 κατα-

926 1628 1098 1656 successione
1119 1636 1133 1655 a
1156 1629 1281 1663 patribus
1304 1630 1337 1656 ad
1360 1629 1432 1657 ﬁlios
1457 1629 1619 1656 transmissa
1645 1637 1708 1663 per-

86 1680 250 1708 λελοίπασιν.

383 1778 509 1804 ΚΕΦᾹΛ.
534 1777 572 1804 B’.

86 1825 153 1860 Περὶ
175 1824 298 1858 Ἑλένης
311 1824 366 1858 τῆς
385 1824 438 1851 τοῦ
456 1823 609 1860 ,βασιλέως
619 1822 741 1860 μητρρς.
767 1822 815 1860 καὶ
828 1823 871 1860 ᾡς

116 1857 162 1894 sle
185 1857 375 1894 Ἰεροσόλυμα
396 1857 738 1894 παριηῖενρμένηηναοὺς
763 1858 871 1894 ᾡκοδότ

116 1902 209 1930 μησε,
221 1894 270 1930 καὶ
283 1895 363 1930 ἄλλα
380 1893 504 1930 θεοφιλῆ
521 1893 699 1927 διεπράξατο
711 1894 783 1927 ἔργα
795 1901 801 1908 ·
820 1893 870 1919 καὶ

118 1928 185 1964 kept
205 1929 260 1963 τῆς
272 1929 367 1963 αὐτῆς
384 1928 536 1963 τελευτῆς.

122 1976 208 2012 Ἀμφὶ
221 1976 250 2002 δὲ
264 1974 358 2002 τοῦτον
371 1975 415 2001 τὸν
426 1975 529 2011 χρόνον,
540 1974 706 2009 προθέμενος
719 1973 732 1999 ὁ
745 1973 871 2008 βασιλεὺς

84 2021 145 2048 ναὸν
166 2023 271 2056 ἐγεῖραι
288 2021 326 2056 τῷ
346 2020 415 2056 Θεῷ.
432 2019 581 2056 προσέταξε
595 2021 650 2051 τοῖς
665 2019 727 2054 τῇδε
742 2018 869 2053 ἄρχουσι,

84 2069 206 2103 προνοεῖν
222 2067 260 2099 ὡς
279 2067 312 2094 ἂν
335 2067 452 2102 μάλιστα
476 2065 645 2102 μεγαλοφυὲς
662 2065 708 2092 καὶ
727 2064 871 2096 πολυτελὲς

83 2113 255 2148 ἀποδειχθείη
278 2113 308 2139 τὸ
331 2113 420 2148 ἔργον.
457 2113 502 2139 ‘Ev
526 2113 605 2148 μέρει
627 2111 655 2138 δὲ
678 2112 724 2138 καὶ
747 2111 838 2145 Ἑλένη
853 2111 870 2145 ἡ

83 2159 163 2186 αὐτοῦ
178 2160 282 2195 μήτηρ,
301 2159 346 2186 δύο
360 2160 441 2190 ναοὺς
458 2159 627 2194 ᾠκοδόμησε,
644 2157 690 2183 τὸν
713 2157 761 2192 μὲν
779 2158 806 2183 ὲν
822 2157 871 2192 Βη-

83 2205 173 2240 θλεὲμ,
191 2205 264 2240 ἀμφὶ
286 2205 316 2231 τδ
340 2205 389 2239 τῆς
403 2206 554 2239 γεννήσεως
574 2202 691 2239 Χριστοῦ
718 2203 868 2238 σπήλαιον·

82 2250 125 2276 τὸν
141 2250 182 2282 δὲ,
200 2249 269 2284 πρὸς
277 2250 335 2280 ταῖς
352 2249 516 2284 ἀκρωρείαις
527 2247 572 2275 τοῦ
590 2248 668 2282 ὅρους
681 2247 734 2273 τῶν
746 2246 869 2278 Ἐλαιῶν,

921 1677 1044 1705 venerat,
1059 1677 1087 1700 et
1100 1680 1132 1700 ex
1145 1673 1177 1701 iis
1185 1673 1231 1708 qui
1244 1673 1338 1701 eadem
1351 1674 1403 1701 ista
1419 1682 1469 1709 pro
1485 1674 1556 1701 virili
1567 1677 1644 1708 parte
1659 1674 1706 1700 lit-

922 1719 988 1746 teris
999 1718 1171 1753 mandantes,
1186 1724 1357 1754 posterorum
1375 1720 1513 1748 memoriae
1527 1720 1708 1754 reliquerunt.

1247 1775 1324 1803 CAP.
1344 1775 1377 1803 ll.

922 1819 960 1847 De
975 1821 1243 1860 malre_imperataris
1267 1821 1384 1860 Helena,
1402 1823 1530 1860 quomodo
1553 1823 1709 1860 Hierosoly-

957 1863 1027 1894 mam
1059 1857 1192 1894 ingressa»,
1225 1857 1348 1894 ecclesias
1379 1858 1542 1894 construxit,
1573 1857 1707 1894 multaque

956 1890 1012 1951 alii};
1035 1890 1138 1918 eximia:
1153 1892 1259 1925 pietatis
1280 1900 1360 1926 opera
1383 1891 1465 1918 edidit
1479 1900 1488 1919 :
1504 1898 1528 1919 et
1544 1894 1575 1919 de
1588 1890 1707 1925 eiusdem

956 1933 970 1951 ο
989 1931 1038 1952 uu.

957 1971 1015 1999 Sub
1030 1972 1100 1999 idem
1119 1975 1226 2006 tempus
1248 1972 1404 2007 imperator,
1424 1980 1486 2000 cum
1502 1974 1633 2008 templum
1651 1973 1707 2003 Deo

920 2015 1056 2043 aediﬁcare
1074 2016 1227 2049 statuisset,
1246 2017 1398 2044 rectoribus
1420 2025 1468 2052 per
1481 2025 1513 2044 ea
1531 2018 1589 2045 loca
1604 2020 1707 2047 consti-

920 2063 987 2090 tutis
1004 2063 1195 2097 prazcepit,'ut
1220 2071 1289 2097 opus
1313 2063 1379 2091 illud
1405 2064 1705 2099 magniﬁcentissimum

920 2115 952 2135 ac
982 2109 1250 2142 sumptuosissimum
1275 2109 1405 2137 fabricari
1428 2114 1566 2138 curarent.
1598 2111 1650 2139 Sed
1679 2115 1706 2139 et

921 2158 1008 2181 mater
1023 2155 1109 2189 ipsius
1125 2155 1227 2183 Helena
1249 2156 1374 2190 privatim
1393 2157 1462 2184 duas
1485 2158 1616 2187 ecclesias
1638 2166 1706 2186 con—

921 2200 1021 2226 struxit
1036 2209 1042 2227 :
1061 2201 1173 2227 alteram
1194 2202 1264 2236 apud
1282 2201 1419 2229 Bethleem
1431 2222 1438 2234 ,
1454 2203 1531 2236 juxta
1548 2204 1706 2239 speluncam

922 2246 995 2272 illam
1014 2246 1040 2273 in
1055 2255 1109 2281 qua
1121 2251 1200 2274 natus
1217 2251 1259 2275 est
1279 2248 1404 2276 Christus
1420 2257 1426 2276 :
1445 2249 1558 2276 alteram
1587 2250 1614 2278 in
1642 2259 1706 2278 ver-

81 2295 139 2322 ὅοεν
153 2296 200 2322 ὲπὶ
213 2295 258 2321 τὸν
274 2295 387 2331 οὐρανὸν
399 2294 548 2329 ἀνελήφθη.
564 2293 670 2328 Ταύτης
685 2292 712 2319 δὲ
725 2292 806 2319 πολλὰ
818 2293 868 2327 μὲν

926 2293 974 2320 tice
990 2293 1090 2320 montis
1107 2293 1258 2325 Olivarum,
1270 2301 1301 2320 ex
1315 2302 1369 2329 quo
1389 2294 1414 2321 iu
1430 2295 1529 2322 coelum
1546 2301 1705 2331 assumptus

81 2340 126 2366 καὶ
140 2340 211 2367 ἄλλα
226 2339 346 2366 δείκνυσι
359 2340 406 2375 τὴν
421 2340 560 2366 εὐσέϐειαν
573 2339 619 2365 καὶ
632 2338 773 2365 εὐλάϐειαν
783 2346 789 2352 ’
818 2338 867 2373 οὐχ

80 2385 181 2420 ἥκιστα
200 2384 230 2411 δὲ
243 2385 290 2411 καὶ
302 2385 371 2411 τόδε.
390 2385 506 2419 Λέγεται
520 2385 574 2419 γὰρ
588 2384 671 2419 αὐτὴν
678 2384 739 2410 τότε
752 2384 780 2410 ὲν
789 2384 868 2419 Ἰερο-

81 2430 208 2466 σολύμοις
229 2430 433 2466 διατρίϐουσαν,
460 2430 625 2464 συγκαλέσαι
649 2430 717 2466 πρὸς
746 2429 866 2455 ἑστίασιν

78 2476 126 2508 τὰς
141 2476 219 2512 ἱερὰς
234 2476 394 2512 παρθένους,
411 2476 457 2502 καὶ
476 2476 606 2511 ὑπηρέτιν
622 2475 747 2510 γενέσθαι
764 2474 828 2509 περὶ
838 2474 868 2500 τὸ

78 2523 195 2556 δεῖπνον,
213 2522 408 2558 παρατιθεῖσαν
425 2522 459 2548 τὰ
479 2522 542 2557 διία,
555 2523 601 2548 καὶ
612 2522 682 2556 ὕδωρ
698 2522 758 2552 ταῖς
774 2520 866 2556 χερσὶν

81 2569 256 2605 ὲπιχέουσαν,
272 2569 319 2596 καὶ
331 2569 354 2595 τ’
369 2569 436 2596 ἄλλα
457 2569 597 2601 ποιοῦσαν,
614 2568 632 2596 ἃ
645 2568 722 2607 θέμις
735 2568 867 2594 διακονεῖ-

116 2639 124 2654 ¹
141 2637 230 2666 Zach.
245 2645 301 2669 nv,
319 2637 355 2664 20

920 2342 972 2365 est.
1002 2337 1091 2373 Hujus
1114 2338 1220 2365 femina:
1247 2339 1374 2373 pietatem
1399 2347 1431 2366 ac
1456 2340 1615 2375 religionem
1641 2348 1705 2369 cum

921 2384 974 2411 alia
998 2385 1084 2412 multa
1109 2384 1260 2416 declarant,
1278 2388 1335 2412 tum
1362 2385 1413 2412 hoc
1438 2386 1464 2412 in
1493 2387 1598 2422 primis.
1621 2387 1705 2416 Aiunt

921 2429 1054 2464 siquidem
1079 2437 1138 2457 eam
1167 2434 1223 2458 tum
1252 2431 1445 2467 Hierosolymis
1471 2438 1703 2466 commorantem,

920 2474 975 2510 46
997 2483 1090 2502 sacras
1107 2483 1201 2504 omnes
1219 2476 1339 2511 virgines
1356 2477 1389 2504 ad
1407 2477 1561 2508 convivium
1579 2485 1703 2510 vacasse,

921 2521 1016 2555 eisque
1043 2520 1240 2555 prandentibus
1264 2521 1446 2553 ministrasse,
1469 2522 1546 2549 cibos
1566 2529 1705 2557 apponen-

921 2571 985 2599 tem,
1001 2571 1027 2594 et
1050 2574 1148 2602 aquam
1165 2567 1291 2595 manibus
1309 2567 1492 2595 affundentem
1512 2568 1680 2604 singularum
1695 2577 1703 2596 :

643 2679 823 2707 VARIORUM
840 2679 1115 2708 ANNOTATIONES.

111 2734 127 2748 “
149 2728 190 2757 Ὦ
215 2728 321 2760 ξύλον.
347 2727 374 2755 In
398 2727 539 2763 Sibyllinis
566 2727 687 2763 oraculis
707 2734 721 2753 a
738 2726 864 2763 Servatjo

80 2764 181 2792 Gallaao
198 2759 292 2799 editis,
308 2771 367 2799 pag.
384 2759 505 2796 652,'sic
526 2763 623 2798 legitur
641 2762 684 2799 hic
699 2769 815 2799 versus:
830 2759 865 2787 Ὦ

80 2800 175 2834 ξύλον,
199 2795 224 2825 ὦ
247 2795 430 2834 “sapiam,
461 2802 535 2834 εισι.
553 2795 621 2834 qua;
650 2796 738 2834 lectio_
753 2800 866 2834 apparet

81 2831 271 2871 castigatior:
289 2831 366 2871 ξύλον
384 2833 457 2860 enim
467 2831 591 2871 priorem
610 2833 718 2871 brevem
733 2831 867 2871 liahbet,_et

81 2865 252 2905 anadiplosis
283 2865 360 2896 addit
389 2865 514 2896 nonnihil
545 2866 730 2896 vehementius.
759 2865 796 2893 De
824 2866 866 2893 his

915 2728 1035 2755 oraculis
1046 2747 1053 2759 ,
1075 2727 1146 2753 inter
1164 2725 1232 2753 alios
1243 2745 1251 2757 ,
1269 2725 1392 2753 videatur
1407 2724 1479 2752 Guil.
1495 2724 1658 2759 Beveregius
1673 2722 1702 2750 in

915 2763 1017 2789 Codice
1026 2768 1162 2789 canonum
1181 2761 1308 2787 ECcIesite
1320 2761 1463 2795 primitivas
1477 2759 1625 2791 vindicato,
1638 2765 1699 2792 cap.

917 2797 966 2827 M,
993 2801 1019 2823 et
1050 2796 1223 2823 Constantini
1250 2795 1344 2823 Oratio
1369 2795 1402 2822 ad
1426 2798 1578 2821 sanctorum
1595 2797 1701 2826 catum,

918 2832 989 2866 apud
1006 2831 1114 2865 Euseb,
1131 2838 1191 2865 cap.
1211 2830 1255 2862 18,
1271 2835 1326 2857 etc.
