1898 3075
82 205 124 234 ’9ιὶι
131 205 141 232 ί

606 200 766 229 MSTORIA
784 200 1060 229 ECCL’ESlASTlCA.
1080 215 1114 219 -
1131 199 1194 227 LIB.
1212 197 1248 227 ἱῐ.

1661 201 1714 229 9i!

85 262 203 298 χυθεῑσα
219 261 236 297 ὴ
251 260 328 296 χολὴ.
340 259 409 296 πρὸς
419 259 549 294 ὁμόχροον
568 257 638 284 ίδέαν
654 257 737 292 ἔϐαψε
754 257 803 292 τὴν
823 257 879 284 ὲπι-

936 257 992 284 Γοτο
1013 256 1209 284 causidicinam
1234 259 1353 288 exercet,
1371 255 1472 290 partim
1493 260 1522 282 ut
1538 256 1572 284 ab
1586 257 1648 292 ipso
1662 265 1712 286 au—

87 309 205 344 φάνειαν
217 316 224 323 ·
240 308 272 333 ἐκ
292 305 387 332 τούτου
400 305 428 331 δὲ
450 305 504 332 πᾶν
519 304 584 339 ὄψον
607 305 654 330 καὶ
664 303 747 330 ποτὸν
771 303 877 338 ὲξήμει.

92 354 139 386 Ὧς
152 353 181 380 δὲ
205 353 251 379 ἐπὶ
261 351 352 387 πολλῷ
367 351 405 386 τῷ
418 350 506 387 χρόνῳ
520 350 599 376 τοῦτο
611 349 752 385 ὑπέμεινε,
770 349 806 384 μὴ
820 349 880 384 ἡρε-

88 401 194 436 μούσης
208 408 237 426 τε
251 400 279 426 ὲν
292 398 366 433 αὐτῷ
378 398 428 429 τῆς
440 397 553 432 τροφῆς,
564 396 661 432 ἠπόρει
675 396 743 432 πρὸς
753 395 784 422 τὸ
795 395 880 427 πάθος

86 448 104 482 ἡ
120 447 176 473 τῶν
192 445 292 481 ἰατρῶν
305 445 396 480 τέχνη.
416 444 470 471 Καὶ
484 443 534 479 ἤδη
544 443 680 478 ἡμιθανὴς
700 442 747 474 ὢν,
766 450 881 478 παρεκε-

87 493 205 519 λεύσατο
220 493 276 524 τοῖς
289 491 400 522 οἰκείοις
418 489 512 525 φέρειν
525 489 606 516 αὐτὸν
622 490 662 520 εἰς
679 489 722 516 τὸν
735 489 880 524 εὐκτήριον

86 537 174 570 οἷκον,
192 536 400 572 ἱσχυρισὰμενος
423 535 439 570 ἢ
458 534 551 562 αὐτόθι
573 533 777 565 ἀποθανεῖσθαι,
796 533 812 568 ἢ
831 533 880 568 τῆς

87 582 168 608 νόσου
188 580 439 615 ἀπαλλαγήσεσθαι.
470 579 595 614 Κειμένῳ
610 578 639 605 δὲ
654 577 759 611 ἐνθάδε,
773 577 881 612 νύκτωρ

86 627 254 661 ἐπιφανεῖσα
272 626 332 653 θεία
355 626 481 661 δύναμις,
509 624 659 661 προσέταξε
680 624 715 651 τὰ
736 623 880 658 ἐσθιόμενα

88 672 194 707 πόματι
212 672 326 707 βάπτειν
344 671 466 707 τοιούτῳ,
485 671 500 698 ὃ
518 671 644 698 σύνθετον
664 671 696 697 ὲκ
712 670 819 706 μέλιτος
833 669 880 695 καὶ

87 718 163 744 οἴνου
189 718 234 744 καὶ
249 718 391 752 πεπέρεως
405 718 540 753 ἀναμιγνυ
546 717 632 752 μένων
648 717 716 752 ἅμα,
732 716 781 752 τὴν
797 725 879 743 κατα-

89 763 193 800 σκευὴν
208 763 276 798 ἔχει.
304 765 336 790 Ὃ
357 763 388 799 δὴ
405 763 454 798 τῆς
468 763 546 789 νόσου
562 762 699 798 ἀπήλλαξε
713 761 758 788 τὸν
775 762 880 797 ἅνθρω-

89 817 157 835 πον·
175 809 298 843 καίτοιγε
322 810 377 840 τοῖς
393 809 505 844 ίατροῖς,
520 807 591 834 κατὰ
605 807 684 841 λόγον
703 807 753 842 τῆς
771 807 878 843 τέχνης,

86 854 212 881 ἐναντίον
229 853 315 880 ἐδόκει
343 853 486 889 παθήμασι
513 853 612 886 ξανθῆς
636 853 733 888 χολῆς,
752 853 826 888 πόμα
851 853 880 880 τὺ

81 899 271 935 θερμότατον.
305 899 460 934 Ἐπυθόμην
480 899 512 925 δὲ
544 898 591 926 καὶ
614 898 774 933 Προϐιανὺν,
796 898 879 933 ἄνδρα

932 302 998 336 divi,
1020 302 1122 337 partim
1147 306 1176 329 ut
1201 301 1260 336 ipse
1275 301 1416 337 conspexi,
1439 301 1529 328 dicant
1547 303 1713 332 necessario.

932 349 998 375 Nam
1013 355 1075 375 cum
1096 347 1244 375 vehemens
1258 347 1343 375 febris
1356 355 1388 375 ex
1406 346 1475 374 ﬂava
1493 347 1549 375 bile
1575 352 1635 376 orta
1651 357 1713 377 eum

931 394 1087 426 invasisset,
1104 393 1243 428 potionem
1265 393 1290 420 ei
1310 393 1445 421 dederunt
1467 394 1565 421 medici
1588 395 1622 422 ad
1648 403 1716 431 pur-

932 441 1049 475 gandam
1064 439 1168 467 alvum.
1191 439 1257 466 Eam
1278 439 1322 466 ille
1339 440 1477 467 evomuit:
1501 448 1533 468 ac
1554 441 1635 468 simul
1651 449 1714 469 cum

931 485 1034 512 vomitu
1048 485 1148 512 diti‘usa
1166 485 1239 516 bilis,
1254 489 1344 512 cutem
1357 492 1464 513 omnem
1481 487 1573 514 colore
1587 485 1637 515 su'o
1662 488 1715 515 tin-

931 531 980 559 xit.
999 530 1037 558 Ex
1053 538 1107 566 quo
1128 531 1230 558 factum
1247 534 1290 558 est
1303 535 1333 558 ut
1350 531 1480 567 quidquid
1497 533 1597 561 edisset
1627 541 1659 561 ac
1674 534 1714 561 bi-

931 577 1028 609 bisset,
1043 581 1192 604 evomeret.
1212 575 1336 610 Cumque
1355 576 1382 603 id
1408 577 1493 605 multo
1516 577 1571 612 jam
1591 583 1714 614 tempore

931 627 1031 655 passus
1047 623 1130 652 esset,
1148 627 1199 647 nec
1215 619 1305 646 cibum
1321 620 1456 649 ullatenus
1477 622 1595 649 retinere
1608 628 1713 657 posset,

932 665 1030 694 medici
1055 665 1090 694 de
1110 665 1252 693 curatione
1271 665 1360 692 morbi
1378 665 1569 701 desperabant.
1589 668 1635 696 Ille
1648 677 1715 705 ergo

928 711 986 745 jam
1004 711 1212 742 semimortuus,
1232 710 1390 738 domesticis
1407 711 1467 740 suis
1485 714 1615 749 prmcepit
1641 719 1670 742 ut
1686 723 1716 742 se

931 756 959 784 in
982 757 1128 784 ecclesiam
1149 756 1298 789 deferrent,
1321 755 1458 785 atiifmans
1481 757 1538 786 fore
1559 760 1672 787 omnino
1687 765 1715 787 ut

930 807 977 830 aut
993 803 1047 830 illic
1061 807 1224 837 moreretur,
1244 807 1291 830 aut
1311 803 1407 831 morbo
1421 803 1583 832 liberaretur
1600 805 1664 842 49.
1680 806 1716 834 ll-

931 849 967 876 lic
988 849 1090 883 jacenti
1112 849 1234 876 divinum
1255 857 1355 876 numen
1373 853 1456 877 noctu
1481 857 1627 885 apparens,
1640 853 1716 887 jubet

932 897 961 921 ut
981 894 1091 929 potione
1113 901 1147 921 ex
1169 894 1260 927 melle,
1275 895 1340 922 vino
1364 902 1396 922 ac
1424 895 1518 931 pipere
1533 897 1615 924 simul
1640 905 1716 925 com-

86 945 146 971 τῶν
158 944 187 970 ἐν
209 945 263 976 τοῖς
279 943 423 978 βασιλείοις
437 942 679 978 στρατευσαμένων
695 942 794 978 ἰατρῶν
811 942 878 978 (86),

936 938 1020 966 mistis
1039 938 1173 971 confecta,
1194 938 1285 966 cibum
1306 939 1432 974 intingat.
1453 939 1543 976 Atque
1558 948 1589 968 ea
1607 948 1651 969 res
1667 941 1715 969 ho-

90 989 217 1024 χαλεπῶς
232 989 284 1016 ὑπὸ
298 989 402 1021 πάθους
424 988 512 1015 ποδῶν
524 988 703 1023 ὀδυνώμενον,
720 987 813 1014 ἐνθάδε
826 987 880 1014 τῶν

91 1035 247 1070 ἀλγηδόνων
265 1034 465 1069 ἀπαλλαγῆναι,
477 1034 524 1061 καὶ
539 1034 688 1070 παραδόξου
703 1033 777 1065 θείας
787 1033 880 1069 ’ὅψεως

89 1079 250 1115 ἀξιωθῆναι.
288 1079 467 1115 Ἐλληνίζοντι
488 1079 543 1114 γὰρ
561 1079 634 1115 αὑτῷ
652 1079 793 1115 ταπρῶτα,
820 1079 881 1106 ἐπεὶ

91 1127 294 1162 Χριστιανίζειν
316 1127 432 1162 ἧρξατο,
462 1127 497 1154 τὰ
523 1127 572 1162 μὲν
596 1127 664 1154 ἄλλα
686 1126 733 1153 τοῦ
749 1126 880 1162 δόγματος

90 1172 267 1208 ἀμωσγέπως
283 1173 384 1200 πιθανὰ
397 1173 482 1200 ἐδόκει
491 1182 498 1188 ·
521 1173 552 1199 τὸ
565 1173 593 1200 δὲ
607 1173 660 1200 τῶν
674 1173 780 1200 πάντων
794 1181 881 1208 σωτη-

92 1218 153 1252 ρίας
169 1219 256 1245 αἴτιον
268 1219 394 1254 γενέσθαι
409 1220 454 1246 τὸν
470 1219 540 1246 θεῖον
555 1219 682 1254 σταυρὸν,
695 1219 725 1245 οὺ
743 1219 880 1254 προσίετο.

90 1261 156 1290 Ὧδε
171 1263 199 1290 δὲ
219 1264 306 1299 ἔχοντι
323 1264 434 1299 γνώμης
455 1265 514 1291 θεία
531 1267 698 1301 προφανεῖσα
721 1266 781 1300 Mn;
798 1266 880 1298 ἔδειξέ

88 1318 118 1335 τι
136 1310 255 1344 σταυροῦ
269 1309 403 1346 σύμϐολον
415 1311 466 1337 τῶν
477 1311 666 1346 ἀνακειμένων
681 1311 720 1347 τῷ
737 1312 881 1348 θυσιαστη-

82 1354 145 1389 ,ρὶῳ
161 1354 216 1390 (87)
233 1354 281 1390 τῆς
301 1355 395 1382 ἐνθάδε
415 1357 577 1391 ἐκκλησίας·
600 1358 646 1384 καὶ
667 1358 813 1393 διαρρήδην
828 1358 881 1384 ἁπ-

89 1401 223 1435 ε-ρήνατο,
236 1401 282 1435 ἀφ’
303 1399 333 1428 οὗ
347 1402 507 1437 ἐσταυρώθη
520 1404 534 1430 ό
553 1403 679 1439 Χριστὸς,
699 1404 752 1430 τῶν
770 1404 820 1430 ὅσα
832 1404 881 1438 γέ-

88 1454 171 1480 γονεν
184 1448 228 1473 ἐπ’
251 1447 370 1484 ὠφελείᾳ
390 1450 465 1484 κοινῇ
480 1448 527 1475 τοῦ
549 1449 718 1484 ἀνθρωπείου
741 1450 846 1484 γένους,
864 1451 880 1486 ἥ

82 1493 148 1528 ¹ἰδίᾳ
164 1492 262 1526 τινῶν,
277 1494 340 1521 ἄνευ
359 1495 407 1529 τῆς
421 1494 468 1521 τοῦ
486 1494 634 1530 σεϐασμίου
663 1495 780 1531 σταυροῦ
804 1495 882 1523 δυνά-

92 1547 169 1574 μεως
182 1539 265 1574 μηδὲν
278 1540 459 1575 κατορθῶσαι,
476 1541 543 1576 μήτε
560 1542 623 1572 τοὺς
639 1541 727 1574 θείους
739 1541 880 1576 ἀγγέλους,

93 1586 165 1621 μήτε
182 1586 246 1619 τοὺς
262 1586 382 1619 εὐσεϐεῖς
399 1588 446 1614 καὶ
468 1588 586 1623 ἀγαθοὺς
604 1588 773 1625 ἀνθρώπους.
802 1589 882 1633 Ἀλλὰ
896 1604 918 1633 C

85 1631 182 1658 *ταῦτα
202 1632 260 1667 μὲν,
281 1633 320 1659 ὅτι
336 1633 373 1668 μὴ
388 1633 477 1660 πάντα
498 1634 657 1669 καταλέγειν
675 1635 779 1670 καιρὸς,
799 1635 830 1667 te,
843 1631 880 1662 ὧν

91 1677 166 1711 ἔγνω
194 1678 394 1714 συμϐεϐηκέναι
417 1680 446 1706 ὲν
466 1679 533 1715 τῷδε
556 1680 596 1716 τῷ
619 1680 685 1715 νεῷ,
714 1681 801 1708 εἰπεῖν
814 1689 880 1717 προς

91 1723 193 1758 ἡχθην.

931 983 1032 1010 minem
1049 983 1144 1010 morbo
1161 983 1300 1016 liberavit,
1325 984 1451 1019 quamvis
1467 985 1564 1013 medici
1580 986 1717 1021 potionem

930 1029 1127 1057 calidissimam
1150 1029 1254 1057 morbis
1277 1029 1352 1057 ﬂavae
1376 1030 1440 1058 bilis
1462 1031 1627 1059 contrariam
1645 1039 1717 1064 esse,

930 1082 964 1102 ex
988 1075 1055 1102 artis
1080 1081 1137 1102 sum
1159 1075 1266 1102 ratione
1283 1075 1450 1110 judicarent.
1469 1075 1567 1103 Audivi
1586 1081 1718 1111 praeterea

930 1120 1099 1148 Probianum
1112 1120 1257 1156 quemdam
1275 1128 1308 1148 ex
1325 1120 1436 1148 medicis
1451 1123 1522 1149 sacri
1537 1122 1641 1157 palatii,
1655 1130 1717 1150 cum

932 1167 1030 1202 pedum
1043 1167 1208 1202 gravissimo
1222 1165 1317 1194 dolore
1331 1171 1486 1198 vexaretur,
1504 1167 1604 1195 ibidem
1623 1167 1718 1196 dolore

931 1213 1089 1246 liberatum,
1103 1219 1136 1239 ac
1153 1212 1276 1239 divinam
1293 1212 1439 1247 quamdam
1456 1212 1589 1241 visionem
1604 1221 1717 1249 prorsus

931 1261 1082 1289 mirabilem
1100 1262 1279 1296 promeritum
1302 1269 1374 1290 esse.
1390 1260 1458 1290 Nam
1475 1269 1537 1290 cum
1563 1263 1642 1291 initio
1656 1271 1718 1300 gen-

932 1308 988 1334 tilis
1003 1307 1111 1340 fuisset,
1127 1307 1302 1336 Christianus
1313 1313 1406 1343 postea
1422 1308 1521 1342 factus,
1537 1309 1641 1344 reliqua
1657 1310 1718 1345 qui-

932 1353 992 1380 dem
1010 1353 1150 1388 religionis
1165 1356 1266 1381 nostrze
1279 1354 1346 1381 satis
1359 1354 1510 1388 probabilia
1523 1354 1716 1383 existimabat:

933 1397 1006 1425 istud
1021 1406 1086 1425 vero
1108 1398 1268 1433 neutiquam
1285 1398 1418 1433 probabat
1445 1399 1517 1434 qttod
1535 1407 1602 1427 crux
1621 1400 1718 1428 salutis

933 1443 1056 1470 omnium
1071 1450 1154 1471 causa
1168 1443 1329 1472 exstitisset.
1347 1443 1418 1472 Huic
1433 1445 1470 1471 ita
1484 1445 1611 1472 sentienti
1626 1445 1719 1473 divina

932 1489 1003 1518 visio
1020 1489 1124 1522 oblata,
1138 1489 1230 1517 crucis
1244 1490 1352 1525 signum
1366 1490 1496 1525 ostendit,
1510 1491 1582 1526 quod
1597 1491 1624 1518 in
1639 1491 1720 1519 altari

933 1536 1099 1572 supradictae
1118 1536 1242 1564 ecclesia
1255 1541 1315 1564 erat
1326 1536 1497 1565 dedicatum:
1515 1538 1659 1574 palamque
1676 1537 1718 1565 af-

935 1582 1066 1615 ﬁrmavit,
1087 1590 1119 1610 ex
1141 1588 1195 1617 quo
1219 1582 1368 1610 cruciﬁxus
1395 1583 1494 1611 fuisset
1519 1583 1656 1617 Christus,
1674 1591 1719 1612 eo-

935 1635 994 1654 rum
1008 1635 1069 1662 quae
1078 1628 1112 1655 ad
1125 1635 1296 1656 communem
1312 1628 1424 1656 humani
1438 1630 1546 1665 generis
1562 1630 1717 1661 utilitatem,

935 1677 983 1701 aut
998 1673 1032 1701 ad
1047 1673 1186 1709 privatum
1201 1674 1384 1709 quorumdam
1401 1675 1574 1703 commodum
1593 1675 1664 1704 facta
1679 1683 1720 1704 es-

935 1725 1007 1753 sent,
1026 1720 1094 1748 nihil
1108 1721 1210 1755 absque
1228 1721 1390 1749 venerandae
1409 1722 1501 1750 crucis
1522 1722 1656 1758 potentia,
1672 1730 1719 1750 seu

83 1769 205 1796 divinos
219 1769 340 1804 angelos,
355 1777 402 1797 seu
418 1770 478 1805 pios
496 1777 528 1798 ac
546 1775 660 1799 sanctos
679 1771 805 1798 homines
816 1774 999 1806 perpetrasse.
1015 1768 1049 1795 Et
1062 1769 1114 1796 ista
1129 1769 1240 1804 quidem
1256 1768 1335 1797 exiis
1369 1777 1431 1805 qua:
1460 1771 1487 1798 in
1521 1771 1572 1799 hac
1603 1772 1720 1801 ecclesia

91 1814 235 1842 accidisse
254 1816 382 1850 cognovi,
400 1815 444 1843 hic
470 1816 612 1844 referenda
639 1824 700 1844 csse
723 1817 799 1848 duxi,
817 1824 880 1844 cutn
901 1815 992 1842 omnia
1007 1822 1150 1842 recensere
1166 1815 1377 1851 haudquaquam
1394 1818 1584 1853 tempestivum
1601 1819 1645 1847 sit.

401 1874 526 1901 ΚΕΦΑΛ.
547 1875 584 1901 Δ¹.

88 1916 154 1946 ιοῖα
167 1918 182 1945 d
191 1919 283 1956 μέγας
291 1919 518 1956 ξζωγσταντῖνος
524 1920 590 1954 περὶ
606 1920 663 1956 τὴν
674 1919 798 1956 Μαμϐρῆ
809 1919 884 1954 δρῦν

180 1953 369 1987 διεπράξατο,
387 1955 435 1981 καὶ
450 1955 489 1988 ὡς
507 1953 793 1991 ναὸννῲκοδόμήσὲν.

137 2032 297 2066 Ἀναγκαῖον
313 2032 341 2059 δὲ
357 2033 473 2066 ἐξελθεῖν
489 2034 546 2069 (88)
561 2035 607 2061 καὶ
628 2035 662 2062 τὰ
678 2034 741 2070 περὶ
757 2034 805 2070 τὴν
819 2033 884 2069 δρῦν

89 2078 146 2112 τὴν
161 2077 283 2113 Μαμϐρῆ
298 2079 468 2114 καλουμένην
481 2079 680 2116 βεϐουλευμένα
689 2081 885 2117 Κωνσταντίνῳ

92 2125 134 2159 τῷ
155 2124 266 2158 βασιλεῖ.
281 2124 369 2156 Τόπος
380 2125 408 2152 δὲ
423 2123 509 2157 οὗτος,
525 2126 553 2152 ὃν
569 2126 615 2153 νῦν
627 2127 786 2162 Τερέϐινθον
802 2136 885 2163 προσ-

94 2167 286 2202 αγορεύουσιν,
308 2168 361 2194 ἀπὸ
383 2169 449 2196 δέκα
469 2170 515 2196 καὶ
538 2170 618 2197 πέντε
643 2171 757 2198 σταδίων
779 2172 885 2206 γείτονα

1261 1873 1336 1900 CAP.
1353 1872 1397 1901 IV.

936 1918 974 1946 De
993 1918 1026 1955 iis
1041 1925 1104 1955 quae
1119 1926 1133 1944 ιι
1148 1918 1324 1955 Constantino
1346 1919 1444 1954 Magno
1467 1920 1538 1955 facta
1560 1927 1619 1948 sunt
1643 1924 1714 1950 circa

973 1951 1060 1994 ilicem
1077 1951 1206 1985 Mambre,
1230 1958 1254 1980 et
1275 1954 1307 1980 de
1329 1951 1438 1981 ecclesia
1461 1951 1539 1990 quam
1563 1957 1619 1983 illic
1639 1958 1722 1992 redi/i-

973 1993 1052 2015 cavit.

970 2034 1030 2062 Jam
1058 2042 1122 2063 vero
1148 2041 1180 2062 ea
1201 2042 1263 2070 quae
1289 2035 1322 2062 ab
1347 2035 1514 2070 imperatore
1538 2036 1721 2066 Constantino

936 2081 1061 2108 consulta
1083 2088 1114 2108 ac
1131 2080 1263 2116 disposita
1284 2086 1349 2108 sunt
1361 2081 1436 2109 circa
1455 2089 1586 2116 quercum
1605 2092 1664 2119 qua:
1680 2085 1722 2112 di-

937 2126 1009 2153 citur
1025 2125 1155 2158 Mambre,
1173 2133 1389 2154 commemorare
1408 2128 1594 2155 necessarium
1617 2133 1681 2164 puto
1700 2131 1719 2157 ‘.

939 2171 1028 2199 Locus
1045 2172 1089 2199 hic
1102 2177 1144 2200 est
1160 2180 1241 2207 quem
1257 2172 1339 2200 hodie
1356 2172 1552 2201 Terebinthum
1567 2178 1666 2202 vocant
1682 2184 1688 2202 :
1707 2182 1721 2202 a

90 2214 146 2248 *τὴν
163 2212 276 2248 Χεϐρῶν
292 2213 359 2248 πρὸς
384 2214 558 2250 μεσημϐρίαν
581 2215 668 2251 ἔχων,
695 2216 883 2252 Ἰεροσολύμων

937 2218 1065 2246 Chebron
1086 2218 1210 2253 quidem,
1233 2226 1295 2253 qua:
1320 2218 1371 2246 sita
1394 2222 1437 2247 est
1459 2219 1483 2247 ei
1513 2219 1546 2247 ad
1569 2219 1720 2252 meridiem,

93 2258 124 2285 δὲ
148 2258 261 2290 διεστὼς
277 2258 349 2294 ἀμφὶ
375 2259 499 2286 διακόσια
523 2261 569 2287 καὶ
589 2262 757 2298 πεντήκοντα
779 2263 883 2290 στάδια.

135 2339 142 2354 ¹
161 2337 259 2366 Euseb.
276 2337 329 2365 Vit.
345 2338 442 2366 Const.
459 2339 507 2368 lib.
526 2348 566 2369 ut.
581 2348 606 2367 ς.
625 2341 726 2373 5|,52,
746 2341 791 2369 55.

938 2264 1096 2300 quindecim
1122 2264 1219 2292 stadiis
1237 2264 1343 2293 distans
1363 2274 1368 2291 :
1388 2265 1422 2293 ab
1441 2264 1638 2302 Hierosolymis
1658 2273 1722 2293 vero

696 2416 829 2444 VALESH
847 2417 1121 2445 ANNOTATIONES.

133 2470 191 2507 (86)
206 2470 268 2507 Τρν
280 2470 314 2497 ἐν
327 2470 396 2507 τοῖς
420 2471 592 2505 ,βασιλείοις
612 2472 884 2507 στρατευσαμένων

95 2505 307 2543 ἰατρῶνηηιιησ
327 2506 488 2543 lo_cum__non
506 2505 883 2543 intellexit'Christop'horso-

94 2549 161 2572 nus,
178 2540 280 2578 qui_sic
295 2541 376 2578 vertit
391 2550 397 2567 :
420 2540 506 2569 Unum
521 2542 728 2578 exiisaterllitibus
744 2540 788 2578 qui
803 2544 884 2578 impe-

95 2580 212 2612 ratorem
228 2575 370 2612 irtpalatio
386 2577 531 2609 stipabant.
549 2577 647 2605 Omisit
661 2575 754 2605 vocem
772 2575 881 2612 ἰατρῶν,

94 2618 179 2644 quam
194 2609 314 2638 Savilius
329 2618 438 2645 quoque
455 2612 597 2639 delendam
612 2620 682 2643 esse,
698 2613 730 2639 ad
746 2609 822 2640 oraui
839 2614 882 2641 sui

94 2645 202 2682 codicis
216 2645 371 2682 adnotarat.
383 2646 679 2682 RectiusiEpiphanius
693 2647 882 2676 Scholasticus

95 2680 296 2715 interpretatur
313 2681 364 2708 hoc
381 2681 472 2713 modo,
487 2680 650 2708 Probianum
664 2682 749 2709 virum
764 2683 791 2709 in
805 2683 883 2716 pala-

95 2715 133 2742 tio
148 2715 288 2742 habentem
304 2716 429 2743 militiam
441 2717 611 2744 medicorum.
627 2718 790 2751 Quicunque
805 2722 884 2745 crant.

95 2750 257 2787 iorpalatio,
280 2751 398 2787 militare
427 2752 599 2779 dicebantur.
620 2751 697 2779 Unde
723 2750 795 2787 apud
817 2754 883 2778 Ain-

96 2784 219 2812 mianum
230 2784 418 2821 giarcellinum
431 2787 540 2821 legitur,
550 2787 671 2814 notarius
684 2784 801 2813 militans
815 2787 884 2814 inter

93 2822 207 2857 ριίῑηιοε.
227 2819 275 2847 Sic
290 2820 374 2857 igitur
386 2819 487 2857 medici
506 2821 578 2848 sacri
591 2822 694 2857 palatii,
707 2822 751 2857 qui
768 2823 883 2849 Archia-

96 2855 130 2882 tri
147 2860 283 2882 vocantur
300 2856 328 2882 in
343 2856 447 2888 codice,
462 2857 579 2883 militare
592 2855 734 2884 dicuntur.

130 2890 188 2924 (87)
213 2891 243 2916 Τι
271 2890 403 2924 σταυροῦ
431 2891 584 2925 σύμϐολον
606 2892 664 2918 τῶν
681 2891 883 2926 ἀνακειμένων

95 2924 135 2958 τῷ
150 2925 369 2959 θυσιαστηρΙῳ.
383 2924 484 2953 Cruces
509 2929 651 2962 argenteas
671 2924 800 2962 intelligo,
823 2935 883 2962 quae

936 2473 963 2500 in
981 2473 1059 2500 altari
1074 2472 1199 2508 ecclvsia':
1219 2474 1302 2501 statui
1324 2475 1460 2508 solebant,
1479 2479 1508 2502 ut
1524 2483 1556 2503 ex
1584 2475 1636 2503 hoc
1662 2477 1723 2505 loco

935 2513 1058 2544 apparet.
1073 2507 1287 2544 Hodiequoque
1302 2509 1411 2544 signum
1424 2509 1516 2538 crucis
1542 2511 1569 2538 in
1587 2518 1723 2539 marmore

936 2543 1054 2570 incisum
1072 2543 1099 2570 in
1115 2542 1207 2570 medio
1222 2544 1301 2570 altari
1315 2542 1446 2571 collocari
1466 2545 1546 2573 solet.
1562 2544 1664 2573 Verum
1679 2547 1723 2573 hic

937 2578 1080 2615 Sozomeni
1105 2578 1188 2615 locus
1206 2577 1240 2615 de
1266 2578 1420 2615 istiusmodi
1446 2579 1527 2615 signo
1554 2580 1642 2615 accipi
1669 2589 1722 2608 non

936 2616 1036 2647 potest.
1051 2613 1169 2640 Verbum
1191 2613 1263 2640 enim
1278 2613 1466 2648 ἀνακειμένων
1474 2613 1516 2642 ‘de
1533 2615 1574 2642 his
1605 2613 1723 2643 sumitur

936 2655 997 2685 quae
1016 2648 1097 2675 statui
1117 2651 1210 2685 atque
1235 2648 1303 2685 erigj
1330 2649 1429 2676 solent.
1455 2649 1539 2685 Plura
1562 2649 1622 2685 vide
1650 2650 1720 2685 apud

935 2681 1096 2718 Cretserum
1117 2682 1143 2710 in
1162 2681 1233 2709 libro
1245 2690 1263 2709 ιι
1280 2681 1318 2710 De
1329 2692 1416 2716 cruce,
1429 2691 1490 2718 cap.
1508 2684 1551 2715 i5,
1567 2684 1613 2711 tibi
1631 2681 1722 2712 tamen

936 2717 1050 2750 fallitur,
1075 2717 1140 2745 dum
1174 2718 1271 2745 scribit
1301 2717 1484 2750 Probianuni,
1510 2719 1590 2752 cujus
1622 2719 1666 2746 hic
1693 2719 1722 2746 fit

936 2752 1055 2789 mentio1
1077 2752 1179 2780 vixisse
1207 2754 1382 2789 temporibus
1403 2753 1587 2789 Constantini
1609 2753 1722 2789 Magni;

937 2787 1019 2822 idque
1039 2787 1221 2814 Sozomcnum
1242 2787 1274 2815 ac
1289 2787 1473 2822 Nicephorum
1491 2787 1723 2816 tradidisseCAt-

936 2823 983 2856 qui
999 2826 1095 2850 neuter
1110 2829 1205 2849 eorum
1222 2822 1249 2849 id
1267 2823 1390 2856 scripsit.

972 2856 1027 2889 (88)
1054 2856 1225 2891 Ἀναγκαῖον
1252 2857 1286 2883 δὲ
1299 2857 1445 2889 ἐξελθεῖν.
1471 2857 1654 2886 Scribendum
1679 2860 1724 2886 est

938 2892 1032 2927 procul
1052 2891 1136 2927 dubio
1166 2891 1318 2923 διεξελθεῖν,
1338 2895 1367 2918 ut
1394 2892 1663 2927 Christopltorsontts
1693 2897 1724 2920 α

938 2926 1058 2954 Savilius
1080 2926 1257 2953 adnotarunt.
