1898 3075
209 103 259 131 951
359 113 375 128 κ

934 100 1106 129 SOZOMENI-

1790 101 1840 126 εδει]

212 162 259 188 tio.
273 158 342 187 Cum
360 166 423 186 vero
440 167 508 194 puer
529 166 664 194 nusquam
681 158 814 186 medelam
837 159 990 191 inveniens,

1058 161 1142 196 ἴδησιν
1163 160 1178 195 ἢ
1200 161 1296 195 πεῖραν
1314 159 1385 194 ἔχω’
1407 159 1526 186 πιστεύω
1541 159 1569 186 δὲ
1595 159 1641 186 τὸν
1663 158 1784 194 Χριστὸν
1810 159 1838 186 ὃν

213 205 320 234 tandem
338 204 371 232 ad
387 205 521 239 captivam
542 204 702 238 deportatus
723 203 821 231 fuisset
837 213 843 230 :
861 204 920 236 illa,
937 211 994 231 me-

212 252 446 281 dicamentorum,
473 248 576 284 inquit,
596 249 653 276 sive
666 249 699 276 ad
718 249 872 284 tmgendum
889 250 946 277 sive
961 249 995 276 ad

213 288 469 338 sitperpoueudum,
497 302 547 322 nec
581 302 661 321 usum
683 295 768 322 ullum
795 303 846 322 ncc
869 295 995 322 notitiam

214 343 308 377 habeo.
333 341 431 368 Verum
450 340 532 367 credo
549 339 688 367 Christum
703 348 831 376 magnum
852 348 884 368 ac
901 348 994 369 verum

216 389 298 416 Deum
313 394 392 422 quem
419 386 490 418 colo,
515 385 562 413 lilii
578 386 628 417 tui,
654 393 670 412 ο
687 387 796 419 mulier,
808 386 944 414 medicum
964 393 996 413 ac

214 436 379 461 servatorem
396 431 530 459 futurum.
548 430 704 466 Statimque
715 432 842 460 oratione
859 432 931 460 facta
947 439 997 467 pro

214 485 308 514 puero,
321 484 383 504 eum
412 476 508 504 morbo
523 476 652 509 absolvit,
670 485 733 504 cum
751 477 865 511 jamjam
882 478 996 505 moritu—

214 531 260 550 rus
285 521 454 550 crederetur.
479 520 535 548 Nec
562 522 649 548 multo
668 525 740 556 post,
756 529 869 549 uxorem
886 530 997 557 quoque

213 568 297 604 reguli
315 567 404 603 gentis
416 567 501 599 illius,
514 567 610 594 morbo
627 567 774 594 insanabili
801 567 876 595 brevi
895 569 998 603 peritu-

214 622 282 648 ram,
293 613 389 642 eodem
405 612 487 640 modo
503 612 621 640 servavit
637 621 643 639 :
658 612 738 646 eique
755 611 857 639 Christi
870 613 997 639 notitiam

213 658 341 692 tradidit,
371 657 447 686 illum
476 657 641 685 valetudinis
667 657 904 692 dispensatorem,
922 658 998 684 illum

214 706 274 733 vitae
296 712 327 733 ac
350 705 443 740 regni,
465 703 588 731 omnium
605 703 723 738 denique
741 711 832 730 rerum
853 702 997 730 Dominum

213 758 275 779 esse
287 750 398 778 docens.
413 748 447 776 Et
457 748 511 785 54
527 749 620 784 regina
639 748 749 783 quidem
766 756 800 774 ex
815 755 848 775 eo
873 747 945 782 quod
971 747 998 774 in

214 805 244 825 se
258 799 370 832 experta
386 795 486 827 fuerat,
502 802 567 822 vera
583 802 646 821 esse
665 793 783 821 credens
797 793 914 828 captiva:
938 801 999 820 mu-

215 831 394 874 lierisrverba,
404 841 623 869 Christianorum
637 839 794 875 religionem
808 839 933 874 amplexa
945 843 996 871 est,
1015 831 1034 858 Β

215 895 369 924 magnoque
385 887 413 914 in
429 886 535 914 honore
552 886 648 914 habuit
664 886 816 913 mulierem.
840 885 898 913 Rex
922 893 996 918 vero,

215 933 275 962 lidei
287 937 313 961 et
326 932 477 961 curationis
497 932 667 961 celeritatem
682 931 764 959 simul
787 938 819 958 ac
836 931 998 958 miraculum

215 979 377 1013 admiratus,
391 986 519 1014 quaenam
548 978 629 1013 hujus
656 978 697 1006 rei
726 982 822 1005 auctor
843 978 941 1005 fuisset
966 985 999 1004 ex

215 1025 330 1061 conjuge
343 1024 450 1057 didicit,
465 1028 493 1052 et
507 1025 642 1060 captivam
656 1024 826 1051 remunerari
838 1024 934 1058 jussit.
949 1024 998 1050 Cui

215 1071 332 1106 regina:
360 1071 395 1098 At
419 1070 478 1104 illa,
510 1070 609 1105 inquit,
636 1079 733 1106 parum
764 1076 843 1098 curat
868 1079 999 1102 munera,

215 1116 390 1151 quantumvis
404 1116 525 1151 pretiosa
557 1115 728 1150 iudicentur.
764 1116 856 1143 Solam
884 1116 929 1143 Dei
957 1116 1000 1144 sui

214 1162 417 1189 observantiam
432 1161 460 1188 in
476 1160 565 1196 pretio
582 1160 674 1188 habet.
688 1160 825 1194 Quocirca
854 1161 876 1187 si
893 1160 999 1188 mulieri

214 1207 364 1243 gratiﬁcari
381 1207 520 1239 volumus,
539 1210 653 1242 tutoque
671 1210 698 1234 et
714 1210 787 1234 recte
816 1214 897 1242 agere
921 1206 999 1241 cupi-

214 1262 294 1288 mus;
322 1253 437 1289 agedum
464 1261 516 1281 nos
539 1260 648 1288 quoque
664 1252 747 1280 Deum
768 1253 843 1279 illum
867 1253 999 1285 colamus,

215 1300 260 1335 qui
277 1304 432 1336 praepotens
449 1304 502 1331 est,
528 1307 672 1335 regesque,
690 1299 713 1327 si
738 1300 789 1334 ipsi
806 1300 949 1335 placuerit,
973 1301 1000 1327 in

216 1349 287 1372 statu
313 1352 362 1373 suo
389 1344 454 1372 facit
483 1352 663 1379 permanere,
698 1352 730 1372 ac
755 1353 852 1373 rursus
876 1346 1002 1373 excelsos

215 1391 378 1428 deprimere,
395 1395 422 1420 et
445 1390 567 1427 abjectos
591 1391 855 1426 illostreswcddere,
868 1397 896 1419 et
920 1392 1001 1420 malis

217 1444 364 1472 oppressos
377 1444 491 1464 servare
507 1437 588 1466 facile
604 1442 703 1473 potest.
717 1437 781 1466 llaec
793 1443 820 1466 et
836 1437 1002 1474 alia..bujns-

218 1482 288 1510 modi
305 1490 366 1510 cum
379 1483 475 1518 regina
493 1483 593 1518 saepius
621 1484 774 1515 inculcans,
803 1488 878 1512 recte
909 1485 1001 1513 dicere
1014 1495 1035 1526 α

217 1527 364 1560 videretur,
381 1535 482 1563 anceps
500 1535 532 1556 ac
547 1528 648 1556 dubius
666 1529 786 1556 lia-,rcbat
809 1529 926 1557 Hiberia:
941 1538 1000 1563 rex,

217 1581 268 1602 nec
287 1573 386 1601 adduci
404 1577 512 1608 poterat
531 1572 566 1600 ad
583 1573 762 1606 credendum,
780 1581 841 1601 cum
868 1579 895 1602 et
917 1576 1001 1602 novi-

217 1623 299 1646 tatem
314 1619 352 1646 rei
368 1618 567 1650 consideraret,
587 1623 614 1645 et
638 1619 776 1653 majorum
800 1627 913 1646 suorum
939 1620 1002 1647 reli-

216 1665 325 1700 gionem
349 1664 454 1692 honore
471 1668 696 1699 persequeretur.
724 1665 873 1700 Aliquanto
893 1670 956 1699 post
973 1665 1000 1692 in

217 1711 312 1738 silvam
329 1710 445 1738 venandi
463 1717 547 1738 causa
565 1718 617 1737 una
632 1718 693 1738 cum
707 1711 767 1739 suis
783 1711 914 1747 perrexit.
933 1712 1000 1739 Cum

216 1763 280 1784 ecee
295 1761 407 1791 repente
429 1756 517 1791 caligo
533 1756 709 1790 densissima,
726 1761 754 1784 et
776 1757 926 1785 nebulosus
955 1765 1002 1784 aer

217 1803 270 1830 illis
284 1802 477 1834 circumfusus,
490 1801 590 1829 calum
605 1802 725 1837 undique
737 1806 765 1829 et
777 1802 862 1830 solem
878 1802 980 1830 obtexit
993 1812 1000 1830 :

217 1855 270 1876 nox
287 1852 376 1876 autem
407 1847 541 1884 profunda
570 1852 597 1876 et
631 1849 727 1883 spissa:
756 1848 877 1876 tenebrat
902 1848 1000 1876 silvam

215 1901 323 1920 omnem
336 1898 517 1928 occuparunt.
534 1892 605 1920 Tum
624 1893 725 1928 singuli
746 1893 926 1928 sibimetipsis
944 1901 1002 1922 mc-

217 1943 324 1967 tuentes
342 1939 393 1967 hac
407 1940 471 1968 illac
484 1940 612 1974 dissipati
633 1945 709 1968 sunt.
728 1939 786 1966 Rex
807 1944 898 1967 autem
925 1939 1001 1967 solus

216 1985 358 2018 oberrans,
374 1986 446 2013 sicut
461 1985 495 2013 iis
524 1985 636 2013 evenire
658 1985 740 2018 solet,
758 1986 804 2019 qui
834 1985 861 2012 in
879 1988 1001 2013 extremo

215 2031 374 2059 discrimine
388 2031 481 2066 positi,
497 2031 564 2067 quid
584 2031 637 2059 sibi
653 2030 786 2067 agendum
807 2031 843 2058 sit
861 2031 1000 2063 nesciunt,

215 2077 249 2110 de
277 2076 388 2105 Christo
418 2078 539 2112 cogitare
557 2077 661 2113 coepit,
681 2085 800 2113 eumque
829 2085 880 2112 pro
899 2077 952 2105 Deo
972 2085 1002 2105 se

217 2123 371 2151 habiturum
387 2131 419 2151 ac
439 2123 569 2159 deinceps
587 2123 726 2151 culturum
743 2131 816 2156 esse,
838 2123 861 2150 si
878 2130 1001 2158 prazsens

216 2169 368 2204 periculum
385 2169 526 2204 eﬂ‘ugeret,
540 2169 614 2197 intus
633 2169 704 2204 apud
719 2176 748 2197 se
763 2168 918 2196 constituit.
931 2167 998 2194 Dum

1055 2170 1247 2207 μετεπέμψατο
1273 2169 1321 2205 τὴν
1349 2169 1520 2204 αἰχμάλωτον
1540 2189 1548 2201 ,

217 2215 267 2241 ista
284 2214 374 2241 adhuc
386 2214 477 2241 animo
494 2215 638 2249 cogitaret,
653 2214 779 2242 discussa
794 2217 837 2242 est
858 2213 1000 2249 caligo,'et

218 2267 264 2287 aer
280 2260 313 2286 ad
332 2259 476 2294 pristinam
498 2259 674 2287 serenitatem
698 2267 845 2292 reversus,
873 2259 998 2295 solisque

217 2305 301 2332 radiis
319 2305 453 2331 illustrato
468 2312 590 2337 nemore,
604 2312 649 2332 rex
665 2305 811 2332 incolumis
825 2305 924 2332 evasit.
942 2305 997 2339 Qui

218 2357 281 2378 mox
296 2350 406 2386 coniugi
419 2358 476 2379 sum
485 2350 633 2379 confessus
648 2350 676 2378 id
690 2351 763 2386 quod
777 2351 829 2379 sibi
849 2351 998 2384 acciderat,

1047 207 1128 239 σέϐω,
1144 207 1188 233 τὸν
1204 206 1328 241 ἀληθινὸν
1339 206 1385 232 καὶ
1405 206 1490 241 μέγαν
1505 206 1581 239 Θεὸν,
1596 207 1710 241 σωτῆρα
1724 206 1775 232 τοῦ
1793 207 1837 233 ari-3

1047 253 1140 284 παιδὸς
1159 253 1293 286 γενέσθαι,
1315 249 1337 278 ὦ
1355 252 1444 286 γύναι,
1461 252 1636 287 Παραχρῆμὰ
1651 261 1681 278 τε
1701 251 1775 286 ὑπὲρ
1792 253 1837 279 αὖ-

1046 297 1092 324 τοῦ
1117 297 1250 332 εὐξαμένη
1264 318 1272 330 ,
1296 297 1345 332 τῆς
1372 297 1450 324 νόσου
1474 297 1627 332 ἀπήλλαξεν
1645 296 1729 323 αὑτὸν
1743 316 1751 327 ,
1778 297 1838 323 ὅσον

1046 341 1121 368 οὓπω
1148 341 1322 376 τεθνήξεσθαι
1356 341 1590 376 προσδοκώμενον.
1617 342 1654 368 Οὐ
1693 341 1785 376 πολλῷ
1812 342 1838 368 δὲ

1047 388 1167 424 ὕστερον,
1182 389 1228 415 καὶ
1240 388 1289 422 τὴν
1299 387 1421 423 γαμετὴν
1438 388 1484 414 τοῦ
1501 388 1664 423 κρατοῦντος
1679 388 1728 414 τοῦ
1746 388 1839 419 ἔθνους

1047 433 1148 468 ἀνιὰτῳ
1162 432 1241 460 πάθει
1261 432 1413 458 διόλλυσθαι
1437 432 1596 466 μέλλουσαν,
1619 432 1658 467 τῷ
1677 433 1728 467 ῐσῳ
1745 433 1839 467 τρὸπῳ

1046 478 1172 504 διέσωσε·
1191 478 1237 504 καὶ
1260 477 1308 512 τὴν
1336 477 1382 504 τοῦ
1405 477 1524 513 Χριστοῦ
1544 478 1643 512 γνῶσιν
1655 478 1819 504 ἐπαίδευσεν
1831 487 1837 492 ·

1048 527 1140 561 ὑγείας
1151 527 1262 562 ταμίαν,
1283 527 1329 554 καὶ
1346 527 1418 563 ζωῆς
1429 548 1436 560 ,
1459 527 1506 554 καὶ
1525 526 1662 562 βασιλείας
1673 546 1681 557 ,
1699 525 1748 551 καὶ
1771 525 1839 550 παν-

1047 582 1101 600 των
1118 573 1219 608 Κύριον
1229 573 1308 599 αὐτὸν
1325 573 1517 608 είσηγουμένη.
1531 573 1584 599 Καὶ
1598 573 1613 607 ἡ
1630 572 1690 607 μὲν,
1705 572 1739 605 τῇ
1757 570 1839 604 πείρᾳ

1047 618 1094 645 τοῦ
1106 619 1152 645 ἐπὶ
1166 620 1234 654 αὐτῇ
1250 618 1453 654 συμϐεῆηκὸτος
1468 618 1576 653 ἀληθεῖς
1586 615 1655 643 εἶναι
1667 615 1839 642 πιστεύσασα

1047 664 1109 696 τοὺς
1124 665 1171 699 τῆς
1186 663 1357 699 αἰχμαλώτου
1374 664 1469 697 λόγους
1483 682 1490 694 ,
1512 663 1561 698 τὴν
1575 661 1750 697 Χριστιανῶν
1773 660 1838 695 θρη-

1049 709 1141 736 σκείαν
1160 708 1328 744 ἐπρέσϐευε,
1348 710 1394 735 καὶ
1416 708 1460 735 διὰ
1478 707 1578 742 πολλῆς
1600 706 1685 741 τιμῆς
1709 703 1767 740 εἶχε
1791 706 1838 740 τὴν

1048 753 1200 789 ἄνθρωπον.
1220 754 1248 780 '0
1272 754 1301 780 δὲ
1325 753 1468 789 βασιλεὺς,
1484 753 1625 788 Θαυμάσας
1642 752 1672 778 τδ
1698 751 1767 785 ταχῦ
1793 751 1837 776 καὶ

1050 798 1199 834 παράδοξον
1228 799 1276 833 τῆς
1314 799 1429 829 πίστεως
1456 799 1502 824 καὶ
1537 798 1651 829 ἰάσεως,
1683 795 1770 831 ἔμαθε
1792 794 1837 830 τὴν

1049 846 1137 872 αἰτίαν
1158 843 1233 881 παρά
1249 845 1298 880 τῆς
1323 845 1446 879 γαμετῆς
1463 852 1470 860 ο
1496 843 1543 870 καὶ
1568 843 1666 878 δώροις
1695 841 1838 868 ἐκέλευσεν

1049 890 1208 926 ἀμείὸεσθαι
1224 891 1271 926 τὴν
1291 890 1472 925 αἰχμάλωτον.
1497 889 1576 915 Ἀλλὰ
1592 888 1696 915 τούτων
1709 908 1716 919 ,
1745 887 1797 921 ἔφη
1824 887 1838 918 ἡ

1051 936 1170 972 βασιλὶς,
1194 936 1283 970 ὀλίγος
1307 936 1374 971 αὐτῇ
1389 935 1483 969 λόγος,
1500 935 1551 961 κᾶν
1567 935 1636 962 πάνυ
1664 934 1744 968 τίμια
1761 933 1838 967 νομί-

1050 982 1138 1017 ζηται.
1161 982 1254 1016 Μόνην
1282 981 1310 1008 δὲ
1337 980 1498 1017 περιπολλοῦ
1523 981 1639 1007 ποιεῖται
1656 979 1766 1014 τὴλείς
1795 979 1840 1004 τὸν

1051 1028 1115 1054 [διον
1132 1027 1198 1054 Θεὸν
1210 1026 1366 1062 θεραπείαν.
1384 1027 1435 1052 Ἢν
1454 1024 1501 1052 οὖν
1524 1025 1592 1060 αὐτῇ
1607 1023 1761 1060 χαριεῖσθαι
1777 1023 1839 1058 βου-

1049 1073 1171 1109 λοίμεθα,
1192 1074 1238 1100 καὶ
1254 1072 1381 1107 ἀσςραλῶς
1402 1072 1535 1107 πράττειν
1550 1071 1597 1098 καὶ
1611 1071 1701 1102 καλῶς
1720 1070 1838 1096 σπουδα-

1051 1119 1154 1154 ζοιμεν,
1167 1120 1216 1153 ἄγε
1230 1119 1262 1154 δὴ
1279 1119 1326 1145 καὶ
1336 1119 1414 1153 ἡμεῖς
1430 1117 1523 1144 τοῦτον
1541 1116 1694 1152 σεὸώμεθα,
1707 1115 1839 1151 κραταιὸν

1049 1165 1116 1191 Θεὸν
1129 1165 1193 1191 ὅντα
1215 1165 1260 1191 καὶ
1276 1164 1385 1198 σωτῆρα
1398 1184 1405 1196 ,
1419 1163 1465 1190 καὶ
1481 1163 1622 1198 βασιλέας,
1639 1163 1673 1197 ἢν
1699 1161 1837 1195 βούληται,

1051 1211 1080 1237 ὲν
1106 1208 1146 1242 οἷς
1173 1211 1225 1237 εισι
1248 1209 1385 1244 διαμένειν
1409 1209 1545 1241 ποιοῦντα,
1559 1208 1638 1235 πάλιν
1662 1208 1686 1233 τ’
1701 1205 1734 1234 αὗ
1751 1207 1840 1233 ἱκανὸν

1052 1256 1149 1292 ῥᾳδίως
1162 1256 1224 1287 τοὺς
1237 1255 1370 1291 μεγάλους
1380 1274 1387 1286 ,
1400 1255 1513 1290 μικροὺς
1524 1253 1684 1288 ἀποφαίνειν
1694 1273 1700 1284 ,
1714 1253 1761 1279 καὶ
1778 1253 1842 1283 τοὺς

1051 1300 1160 1333 ἀδόξους
1180 1302 1320 1334 ἐπιφανεῖς
1332 1320 1339 1332 ,
1360 1300 1406 1326 καὶ
1422 1301 1484 1331 τοὺς
1510 1301 1537 1326 ὲν
1562 1299 1658 1330 δεινοῖς
1676 1298 1757 1329 ὄντας
1786 1297 1840 1324 σώ-

1052 1346 1118 1380 ζειν.
1148 1345 1265 1372 Τοιαῦτα
1291 1345 1421 1377 πολλάκις
1457 1342 1487 1372 εὖ
1517 1345 1606 1378 λέγειν
1630 1344 1763 1379 δοκούσης
1791 1344 1841 1378 τῆς

1052 1392 1197 1426 γυναικὸς,
1213 1391 1363 1426 ἀμφίϐολος
1385 1389 1418 1426 ἦν
1442 1392 1456 1417 ὁ
1473 1392 1521 1426 τῆς
1544 1390 1663 1425 Ἱῦηρίας
1677 1390 1843 1424 ἡγούμενος,

1053 1437 1099 1463 καὶ
1117 1437 1147 1462 οὐ
1163 1437 1232 1463 πάνυ
1249 1436 1380 1468 ἐπείθετο,
1399 1435 1445 1462 τοῦ
1469 1435 1630 1470 πράγματος
1652 1434 1684 1460 τὸ
1707 1434 1840 1468 νεώτερον

1052 1482 1215 1515 ὲννοῶν,καὶ
1229 1482 1278 1517 τὴν
1294 1481 1422 1517 πατρῴαν
1434 1481 1580 1517 θρησκείαν
1594 1481 1762 1516 αἰδούμενος.
1774 1481 1841 1507 Μετ’

1053 1529 1083 1557 οὗ
1101 1528 1167 1556 πολὺ
1185 1528 1213 1556 δὲ
1231 1528 1289 1564 ἅμα
1318 1529 1374 1559 τοῖς
1398 1528 1467 1562 ἀμφ’
1481 1527 1561 1554 αὑτὸν
1587 1528 1626 1558 εἰς
1649 1526 1716 1561 ὕλην
1744 1525 1840 1563 ἐλθὼν,

1053 1575 1148 1611 ἐθήρα.
1172 1575 1316 1609 Ἐξαπίνης
1331 1573 1376 1601 οὖν
1401 1573 1484 1609 ἀχλὺς
1498 1573 1652 1608 πυκνοτάτη
1665 1592 1673 1605 ,
1691 1572 1739 1599 καὶ
1752 1569 1842 1606 παχὺς

1054 1622 1106 1657 ἀὴρ
1121 1621 1258 1655 ἐπιχυθεὶς
1271 1620 1362 1651 αὐτοῖς
1376 1619 1517 1652 πάντοθεν,
1537 1618 1584 1646 τὸν
1598 1618 1711 1654 οὐρανὸν
1734 1618 1782 1644 καὶ
1796 1617 1842 1644 τὸν

1052 1667 1127 1702 ἥλιον
1140 1665 1268 1700 ἐκάλυψε.
1283 1664 1342 1697 Νὺξ
1355 1665 1384 1692 δὲ
1409 1665 1502 1700 βαθεῖα
1525 1664 1571 1691 καὶ
1597 1665 1694 1695 σκότος
1710 1663 1778 1689 πολὺ
1792 1663 1841 1697 τὴν

1053 1713 1118 1748 ὓλην
1131 1714 1265 1747 κατεῖχεν.
1283 1711 1415 1739 Ἐνταῦθα
1427 1712 1455 1738 δὲ
1475 1712 1539 1746 περὶ
1552 1710 1648 1738 ἑαυτοῦ
1674 1710 1767 1741 δείσας
1779 1710 1843 1736 ἕκα-

1054 1767 1138 1791 στος,
1161 1757 1387 1793 διεσκεδάσθησαν
1416 1757 1547 1792 ἀλλήλων.
1578 1757 1607 1782 ὐ
1632 1756 1665 1790 ,δὲ
1695 1756 1840 1791 βασιλεὺς,

1054 1804 1133 1840 μόνος
1153 1803 1290 1838 ἀλώμενος
1302 1824 1310 1836 ,
1326 1803 1369 1830 οἵα
1386 1803 1457 1838 φιλεί
1478 1802 1634 1837 συμϐαίνειν
1652 1803 1709 1833 τοῖς
1735 1801 1842 1835 ἀνθρώ-

1053 1859 1114 1882 ποις
1139 1849 1324 1885 ἀμηχανοῦσιν
1350 1850 1378 1876 ἐν
1407 1850 1463 1880 τοῖς
1491 1849 1608 1880 δεινοῖς,
1638 1847 1769 1882 ὲνενοήθη
1799 1847 1842 1872 τὴν

1053 1896 1185 1931 Χριστόν·
1201 1897 1249 1922 καὶ
1272 1895 1338 1922 Θεὸν
1353 1895 1434 1922 αὑτὸν
1458 1894 1583 1928 ἡγεῖσθαι
1595 1914 1602 1926 ,
1621 1893 1667 1920 καὶ
1683 1892 1732 1919 τοῦ
1750 1892 1841 1919 λοιποῦ

1053 1941 1144 1968 σέϐειν
1161 1940 1232 1968 κατὰ
1246 1940 1308 1967 νοῦν
1323 1939 1498 1975 ἐδοκίμασεν,
1517 1941 1541 1966 εἱ
1557 1939 1587 1966 τὸ
1609 1938 1698 1974 παρὸν
1717 1938 1842 1973 διαφύγοι

1052 1987 1145 2014 κακόν.
1164 1986 1224 2013 Ἔτι
1244 1986 1272 2013 δὲ
1296 1985 1376 2013 αὐτοῦ
1402 1985 1489 2012 ταῦτα
1514 1985 1717 2020 ὲνθυμουμένου
1729 2005 1738 2017 ,
1754 1993 1842 2019 παρα-

1051 2033 1145 2068 χρῆμα
1157 2033 1263 2067 διελύθη
1277 2034 1294 2067 ὴ
1318 2032 1417 2068 ἀχλὺς,
1433 2031 1480 2058 καὶ
1496 2033 1510 2058 ὁ
1526 2031 1578 2066 ἀὴρ
1596 2033 1636 2063 εἰς
1650 2031 1762 2066 αἰθρίαν
1781 2039 1842 2065 μετ-

1051 2080 1148 2107 έϐαλεν
1158 2088 1164 2094 ”
1177 2078 1348 2114 ἐμϐαλούσης
1360 2087 1389 2104 τε
1400 2078 1450 2112 τῆς
1470 2078 1577 2109 ἀκτῖνος
1592 2079 1624 2112 τῇ
1648 2077 1710 2112 ὕλῃ,
1728 2077 1841 2111 διεσώθη

1053 2125 1157 2152 ἐνθάδε.
1181 2125 1237 2150 Καὶ
1263 2124 1293 2150 τὸ
1320 2123 1426 2158 συμϐὰν
1442 2124 1475 2158 τῇ
1503 2123 1608 2158 γαμετῇ
1629 2122 1841 2156 κοινωσάμενος,

1577 2169 1625 2195 καὶ
1656 2168 1718 2194 τίνα
1746 2168 1842 2202 τρόπιν

1053 2217 1184 2252 προσήκει
1196 2216 1241 2242 τὸν
1249 2216 1364 2251 Χριστὸν
1375 2215 1546 2250 θρησκεύειν,
1557 2214 1686 2240 ἐκέλευσε
1695 2214 1840 2240 διδάσκειν.

1053 2263 1108 2297 Τῆς
1122 2262 1150 2288 δὲ
1161 2281 1168 2293 ,
1181 2262 1230 2288 ὅσα
1245 2261 1355 2295 γυναικὶ
1370 2260 1448 2294 Θέμις
1462 2260 1550 2293 λέγειν
1569 2268 1597 2285 τε
1615 2259 1662 2285 καὶ
1675 2261 1774 2291 ποιεῖν,
1793 2259 1841 2284 εἱσ-

1052 2306 1247 2341 ηγησαμένης,
1273 2305 1385 2340 ἀγείρας
1410 2305 1471 2335 τοὺς
1489 2303 1625 2338 ὑπηκόους
1647 2304 1772 2335 ἐκεῖνος,
1795 2302 1840 2333 τὰς

1054 2351 1196 2387 συμῆἀσας
1207 2350 1280 2385 αὐτῷ
1298 2350 1344 2377 καὶ
1357 2351 1389 2385 τῇ
1404 2350 1510 2385 γαμετῇ
1526 2348 1601 2380 θείας
1624 2349 1788 2386 εὐεργεσίας
1805 2348 1839 2378 si;

818 2431 952 2460 VALESI!
971 2431 1246 2460 ANNOTATIONES.

217 2487 372 2523 Theocriti,
390 2486 544 2523 Φαρμάκων
572 2487 605 2513 τὰ
623 2488 672 2523 μὲν
702 2488 754 2513 εἰσὶ
781 2487 887 2523 χριστὰ,
916 2489 999 2522 ἤγουν

181 2524 189 2530 “
217 2524 288 2558 ἅπερ
314 2521 498 2558 χριόμεθαείς
526 2522 672 2558 θεραπείαν
691 2523 742 2548 ’τὰ
758 2521 888 2553 δὲ’ποτὰ,
915 2521 998 2558 ἤγουν

217 2557 288 2592 ἅπερ
303 2557 415 2592 πίνομεν
427 2564 433 2571 ·
450 2557 484 2584 τὰ
497 2557 525 2583 δὲ
540 2557 686 2589 ἐπίπαστα,
702 2558 784 2592 ἤγουν
796 2557 867 2592 ειπερ
880 2558 997 2584 ἐπιπάτ-

215 2583 310 2628 τομὲν.
328 2583 377 2619 υὺῖ
392 2592 467 2628 vides
484 2593 620 2628 ὲπίῖξαστα
635 2583 803 2627 νοέωῖῖῳιαέ
816 2600 829 2619 a
843 2583 995 2620 Solonieno

216 2629 346 2655 dicuntur
356 2627 518 2655 ὲπίπλαστσ.
531 2627 598 2654 Utro
616 2631 706 2655 autem
724 2629 804 2655 modo
817 2627 915 2655 melius
928 2628 995 2655 scri-

1053 2489 1134 2516 batur
1153 2489 1211 2515 haec
1233 2488 1327 2520 dictio,
1345 2488 1476 2514 incertum
1492 2492 1543 2514 est.
1573 2485 1647 2513 Sane
1668 2485 1835 2513 Theocritus

1053 2525 1079 2550 in
1106 2523 1335 2551 Pharmaceutriis
1366 2523 1480 2549 πάσσειν
1507 2527 1534 2548 οι
1556 2521 1724 2548 ἑπιπάσσειν
1745 2521 1833 2547 dixit:

1057 2559 1246 2584 Ἐπιπλάττειν
1258 2562 1348 2585 tamen
1376 2558 1474 2592 legitur
1492 2557 1563 2592 apud
1582 2555 1702 2584 Pselluln
1725 2556 1753 2583 in
1770 2556 1834 2582 libro

1050 2593 1088 2620 De
1106 2593 1279 2620 dwmom’bur.

935 2707 1124 2736 VARIORUM:

215 2776 314 2804 rlesias
335 2775 482 2808 habuisse;
498 2775 608 2802 Advers.
626 2778 726 2806 lucrm,
743 2775 793 2804 lib.
805 2783 823 2806 l,
838 2782 898 2809 cap.
924 2775 950 2806 3,
974 2779 1001 2801 et

216 2810 316 2839 llibero
347 2811 416 2839 Asiae
429 2811 543 2847 populos
566 2809 611 2846 (de
627 2810 726 2845 quibus
742 2810 786 2837 hic
815 2810 924 2846 agitur),
951 2811 997 2846 qui

1054 2782 1108 2802 non
1126 2774 1176 2802 nisi
1197 2773 1377 2801 Constantino
1396 2772 1430 2800 Μ.
1443 2773 1594 2806 imperante
1610 2771 1691 2798 fidem
1708 2770 1837 2799 Christia-

1053 2817 1115 2836 nam
1137 2812 1325 2844 susceperunt.
