1898 3075
77 130 130 159 ῦᾶὅ

576 128 737 158 HISTORIA
753 129 1026 158 ECCLESIASTICA.
1041 145 1073 149 —
1091 130 1154 158 LIB.
1176 131 1206 158 II.

1653 131 1704 160 953

77 188 169 215 κοινὸν
199 185 354 223 ὲξήγγειλε²
372 188 455 223 μήπω
473 187 500 213 δὲ
528 187 655 222 μυηθεὶς,
679 187 713 214 τὰ
737 188 800 222 περὶ
819 186 865 213 τοῦ

925 187 1056 220 :aptivam
1072 188 1216 214 mulierem
1229 187 1261 214 ad
1274 193 1303 214 se
1314 186 1447 218 accersit,
1457 190 1483 214 et
1494 194 1612 221 quonam
1625 189 1704 216 modo

75 236 213 270 δόγματος
232 234 367 269 μετέδωκε
391 235 447 265 τοῖς
463 233 636 268 ἀρχομένοις·
665 234 712 260 καὶ
737 233 782 260 τὸν
800 234 866 268 Χρι-

77 281 141 308 στὸν
171 280 308 315 πανδημεὶ
341 279 429 306 σέϐειν
451 279 610 311 πείθουσιν,
636 280 716 311 αὐτὸς
734 280 782 314 μὲν
805 280 867 311 τοὺς

76 326 179 361 ἄνδρας
191 334 197 341 ·
214 327 231 361 ὴ
250 325 277 352 δὲ
305 325 449 361 βασίλισσα
473 325 531 360 ἅμα
556 326 588 360 τῇ
606 325 770 361 αἰχμαλώτῳ
784 344 791 356 ,
817 325 867 356 τὰς

77 373 223 405 γυναῖκας.
236 372 291 398 Καὶ
311 372 340 398 ὲν
354 371 430 405 τάχει
447 372 522 406 κοινῇ
549 371 670 406 συνθήκῃ
697 371 797 403 παντὸς
819 369 866 396 τοῦ

78 417 172 448 ἔθνους
182 438 189 447 ,
207 416 400 451 φιλοτιμότατα
413 417 654 452 παρεσκευάσαντο
665 417 813 452 ἐκκλησίαν
829 418 868 444 οἰ-

77 464 214 498 κοδομεῖν,
242 462 318 489 Ἐπεὶ
339 462 367 488 δὲ
392 462 484 497 κύκλῳ
503 462 549 489 τοῦ
577 462 629 488 νεὼ
656 462 701 489 τὸν
726 463 867 498 περίϐολον

78 510 193 544 ἤγειραν
206 529 214 541 ,
230 509 377 544 στήσαντες
394 507 516 543 μηχανὰς
527 527 534 539 ,
549 507 654 543 ἀνίμων
678 508 741 540 τοὺς
764 508 866 540 κίονας,

79 555 125 581 καὶ
141 554 189 581 ἐπὶ
207 554 261 580 τῶν
278 553 382 589 βάσεων
405 552 557 588 ὲστήριζον.
583 554 700 588 Λέγεται
723 553 751 580 δὲ
771 553 817 580 τοῦ
838 562 867 580 τε

80 600 189 636 πρώτου
213 600 260 627 καὶ
276 600 401 635 δευτέρου
417 600 600 635 ὀρθωθέντος,
616 600 722 636 ἐργώδη
742 600 867 634 γενέσθαι

80 645 126 671 τοῦ
141 645 234 680 τρίτου
246 645 334 677 κίονος
347 645 395 680 τὴν
407 645 550 677 σύστασιν,
565 646 612 672 καὶ
629 646 696 680 μήτε
719 645 800 681 τέχνῃ
813 645 868 671 τῶν

80 691 269 726 ἐπιστημόνων
281 690 506 726 κατορθωθῆναι,
524 691 592 726 μήτε
618 691 688 726 ίσχύῖ
714 690 866 726 βιασθῆναι,

81 738 179 773 καίπερ
199 736 305 764 πολλῶν
328 736 413 763 ὄντων
444 735 499 762 τῶν
521 736 662 764 ἑλκόντων.
684 736 819 772 Ἑσπέρας
840 737 868 762 δὲ

83 783 296 818 ἐπιγενομένης,
319 782 387 818 μόνη
411 782 427 817 ἠ
442 782 611 818 αἰχμάλωτος
628 781 719 808 αὐτόθι
735 782 869 808 διενυκτέ-

85 838 178 866 ρευσεν
191 849 198 861 ,
215 828 374 855 ἱκετεύουσα
389 828 435 854 τὸν
451 828 516 854 Θεὸν
528 848 534 858 ,
551 828 652 863 εὐπετῆ
674 827 799 862 γενέσθαι
813 827 867 854 τῶν

83 861 178 901 κιόνων
201 873 251 909 τὴν
267 873 416 909 διόρθωσιν.
434 873 464 900 Οἱ
484 873 510 900 δὲ
525 873 598 900 ἄλλοι
615 861 715 905 πάντες
731 873 870 908 ἀνεχώρη-
883 861 906 890 Β

83 929 130 947 σαν
145 920 359 956 δυσφοροῦντες,
376 920 424 946 κιύ⁹
441 919 557 954 μάλιστα
581 921 594 946 ὁ
610 919 746 955 βασιλεύς.
769 920 869 955 Ὀρθω-

81 966 134 998 Bst;
146 966 208 1002 γὰρ.
217 966 298 1002 μέχρι
315 966 361 992 τοῦ
379 965 462 1001 μέσου
482 966 495 992 ὁ
518 965 596 998 κίων,
615 965 761 1001 ἐγκάρσιος
778 965 868 1001 ἔμενε,

86 1011 128 1038 καὶ
218 999 314 1046 mea
332 999 485 1046 ἐμπαγεὶς,
505 1012 537 1037 ἐκ
561 1010 610 1045 τῆς
637 999 758 1037 κάτωθεν
783 999 870 1046 ἀρχῆς

82 1058 208 1093 ἀκίνητος
219 1056 264 1094 ἦν.
279 1057 395 1093 Ἔμελλε
413 1058 440 1084 δὲ
455 1057 577 1085 διατοῦτο
592 1058 639 1084 καὶ
654 1057 688 1084 τὰ
705 1057 757 1093 πρὸ
774 1057 869 1084 τούτου

81 1103 217 1139 παράδοξα
244 1103 299 1138 (95)
333 1102 520 1138 βεϐαιοτέρους
561 1103 608 1129 καὶ
639 1103 703 1138 περὶ
727 1103 758 1130 τὸ
794 1103 870 1129 Θεῖον

82 1150 202 1184 ποιήσειν
217 1148 281 1180 τοὺς
298 1148 420 1184 Ἴϐηρας.
445 1149 512 1184 Περὶ
532 1148 586 1183 γὰρ
609 1148 657 1183 τὴν
670 1148 706 1174 ἕω
720 1156 870 1184 παραγενο-

84 1195 167 1230 μένων
194 1194 286 1221 αὐτῶν
310 1195 349 1225 εἰς
375 1194 426 1229 τὴν
455 1193 625 1229 ἐκκλησίαν,
656 1193 806 1229 θαυμάσιόν
840 1202 869 1220 τε

82 1241 172 1276 χρῆμα
201 1240 251 1267 καὶ
275 1240 372 1276 ὀνείρῳ
400 1240 577 1275 προσεοικὸς,
598 1239 677 1275 ὀρθὸς
701 1241 787 1275 ἐφάνη
808 1241 822 1266 ὁ
836 1241 869 1275 τῇ

82 1286 230 1322 προτεραίᾳ
256 1286 383 1321 ἀκίνητος
399 1286 465 1313 κίων
480 1305 487 1318 ,
505 1286 559 1312 ἀπὸ
575 1285 673 1322 μικροῦ
688 1286 870 1321 διαστήματος

83 1333 126 1359 ἐπὶ
136 1333 185 1367 τῆς
210 1332 280 1364 ἰδίας
295 1332 398 1367 βάσεως
413 1331 607 1367 αἰωρούμενος.
630 1331 870 1366 Καταπλαγέντων

84 1375 127 1404 οὗν
140 1378 247 1404 πάντων
260 1398 267 1410 ,
281 1377 327 1404 καὶ
341 1379 420 1412 μόνον
440 1375 509 1403 εἶναι
533 1377 600 1403 Θεὸν
615 1377 740 1412 ἀληθινὸν
756 1386 870 1412 συνομο-

84 1423 230 1457 λογούντων
253 1423 300 1449 τὺν
329 1422 461 1457 Χριστὸν,
489 1422 632 1457 θεωμένων
647 1423 765 1454 πάντων,
783 1423 869 1458 ἡσυχῆ

84 1468 252 1504 διολισθήσας
278 1468 452 1504 αὐτομάτως,
478 1467 516 1499 ὡς
541 1468 595 1495 άπὸ
614 1468 710 1504 τέχνης
734 1469 767 1503 τῇ
795 1468 870 1503 βάσει

87 1514 288 1550 προσηρμόσθη.
306 1513 383 1541 Μετὰ
402 1513 430 1540 δὲ
447 1513 532 1540 ταῦτα
548 1514 668 1546 εὐπετῶς
684 1515 708 1540 oi
726 1514 798 1540 ἄλλοι
816 1514 870 1550 ὼρ-
884 1529 905 1558 G

86 1559 206 1595 Θὼθησαν
221 1579 228 1591 ,
245 1560 294 1586 καὶ
323 1559 522 1595 προθυμότεροι
545 1559 570 1586 οἱ
599 1559 708 1595 Ἴϐηρες
732 1559 767 1586 τὰ
791 1560 871 1587 λοιπὰ

87 1605 235 1632 ἐπετέλουν.
248 1605 355 1641 Σπουδῇ
368 1605 394 1631 δὲ
405 1605 454 1640 τῆς
471 1605 618 1640 ἐκκλησίας
637 1605 870 1642 οἱκοδομηθείσης,

87 1650 251 1686 ὑποθεμένης
262 1652 312 1686 τῆς
322 1650 494 1686 αἰχμαλώτου
509 1651 648 1686 πέμπουσι
664 1652 791 1687 πρέσϐεις
803 1652 871 1688 πρὸς

88 1696 286 1722 Κωνσταντῖνον
302 1695 346 1722 τὸν
368 1695 478 1730 βασιλέα
493 1716 500 1728 ,
520 1697 678 1731 συμμαχίαν
693 1696 740 1722 καὶ
756 1696 871 1729 σπονδὰς

88 1741 231 1776 φέροντας,
249 1741 309 1768 ἀντὶ
327 1741 354 1767 δὲ
370 1740 472 1767 τούτων
494 1741 583 1775 ἱερέας
608 1740 648 1775 τῷ
671 1741 742 1767 ἔθνει
757 1741 871 1768 ἁποστα‹

87 1786 160 1821 λῆναι
170 1786 326 1822 δεομένους.
342 1786 537 1819 Διεξελθόντων
551 1787 579 1813 δὲ
591 1786 646 1813 τῶν
661 1787 802 1822 πρέσϐεων
827 1785 871 1814 οἷα

88 1832 146 1867 παρ’
159 1833 250 1864 αὐτοῖς
266 1832 364 1867 συνέϐη
375 1854 381 1863 ,
399 1833 446 1859 καὶ
459 1833 496 1864 ὡς
518 1832 549 1859 τὸ
562 1833 616 1859 πᾶν
631 1832 705 1864 ἔθνος
722 1834 751 1859 ὲν
777 1834 871 1868 ἐπιμε-

86 1878 142 1914 λείᾳ
156 1879 238 1914 πολλῇ
254 1878 328 1905 σέϐει
344 1878 388 1904 τὸν
405 1879 521 1914 Χριστὸν
534 1900 541 1911 ,
559 1879 629 1914 ἥσθη
649 1880 681 1914 τῇ
699 1879 832 1915 πρεσϐείᾳ
858 1880 872 1905 ὁ

93 1924 229 1959 Ῥωμαίων
254 1924 380 1960 βασιλεύς
392 1933 398 1939 ’
418 1924 465 1952 καὶ
480 1925 569 1951 πάντα
587 1925 658 1951 κατὰ
672 1925 784 1960 γνώμην
802 1926 872 1960 πρά-

89 1969 181 2002 ξαντας
191 1971 253 2002 τοὺς
265 1970 393 2005 πρέσϐεις
406 1970 579 2005 ἀπέπεμψεν.
605 1967 667 1996 Ὧδε
693 1970 742 2005 μὲν
763 1970 871 2006 Ἴϐηρες

88 2014 128 2041 τὸν
143 2015 258 2050 Χριστὸν
283 2015 457 2050 ἐπέγνωσαν,
485 2016 531 2042 καὶ
556 2015 639 2042 εἰσέτι
661 2015 709 2042 νῦν
734 2016 871 2052 ἐπιμελῶς

89 2060 216 2088 σέϐουσιν.

917 233 1050 260 colendus
1070 233 1108 260 sit
1121 233 1260 265 Christus,
1278 233 1378 260 docere
1395 240 1456 260 eam
1477 232 1566 268 jubet.
1583 233 1705 268 Cumque

917 280 974 312 illa,
994 283 1132 314 quatenus
1149 280 1290 307 mulierem
1306 280 1381 314 loqui
1396 283 1479 314 atque
1497 287 1578 317 agere
1598 279 1638 306 fas
1653 285 1705 310 est,

917 333 1007 361 regem
1027 326 1194 358 edocuisset,
1214 334 1262 354 rex
1276 326 1438 354 convocatis
1462 325 1594 356 subditis,
1613 325 1706 352 divina

917 370 1048 397 beneﬁcia
1062 378 1121 405 qum
1129 374 1185 398 tum
1195 371 1258 403 sibi,
1269 374 1326 398 tum
1336 371 1416 398 uxori
1427 372 1606 406 contigerant,
1618 370 1706 404 palam

917 415 1064 450 exposuit,
1096 419 1121 442 et
1155 416 1281 450 quamvis
1307 416 1427 443 nondum
1451 416 1538 443 sacris
1565 415 1705 446 initiatus,

919 465 1010 488 tamen
1018 461 1171 488 doctrinam
1178 461 1282 488 Christi
1298 462 1415 488 subditis
1428 460 1550 489 tradidit.
1566 461 1706 494 Amboque

918 505 1052 532 universa:
1059 505 1143 540 genti,
1154 505 1330 532 utChristum
1343 506 1457 536 coleret.
1466 505 1643 540 persuadent:
1659 513 1706 531 rex

919 552 1029 587 quidem
1046 552 1116 579 viris
1131 573 1138 584 ,
1155 551 1251 586 regina
1265 559 1330 578 vero
1344 556 1370 579 et
1389 552 1497 586 captiva
1513 551 1611 578 mulier
1626 550 1705 577 femi-

918 598 962 626 nis
977 607 983 625 :
999 602 1025 625 et
1040 597 1186 625 confestim
1204 598 1344 624 communi
1359 597 1444 624 totius
1460 597 1548 632 gentis
1558 604 1704 627 consensu,

918 645 1064 673 ecclesiam
1079 644 1216 672 aediﬁcare
1240 644 1316 670 omni
1340 652 1390 678 ope
1415 651 1446 671 ac
1467 644 1559 671 studio
1586 644 1705 678 aggressi

919 696 993 719 sunt.
1021 690 1146 726 Cumque
1176 690 1308 717 ambitum
1340 689 1466 716 ecclesia:
1492 689 1547 723 jam
1586 689 1706 723 undique

919 737 1082 770 ercxissent,
1112 735 1243 763 adhibitis
1265 734 1400 762 machinis
1419 734 1560 761 columnas
1585 734 1707 760 attollere

919 786 945 810 et
962 783 1075 810 basibus
1092 782 1150 809 suis
1169 783 1313 816 imponere
1327 783 1480 814 cmperunt.
1492 778 1594 806 Verum
1609 779 1707 806 erectis

917 829 973 864 jam
991 829 1098 856 duabus
1113 827 1265 859 columnis,
1278 826 1426 854 admodum
1437 825 1556 853 diliicilis
1568 826 1708 853 exstitisse

920 875 1021 903 dicitur
1036 874 1123 902 tertiae
1135 874 1271 901 columna:
1287 873 1392 900 erectio
1412 882 1418 898 :
1436 872 1473 898 ita
1491 875 1520 898 ut
1536 879 1587 898 uec
1607 871 1708 905 perito-

920 927 979 946 rum
997 919 1134 946 artiticum
1164 918 1273 953 ingenio
1286 917 1367 952 erigi,
1389 924 1440 944 nec
1458 916 1624 943 trahentium
1645 915 1709 942 viri-

905 965 971 1003 .bus
988 965 1047 999 cogi
1067 965 1198 999 potuerit,
1209 964 1274 990 licet
1286 963 1364 990 multi
1377 963 1410 990 ad
1426 969 1485 989 eam
1503 961 1707 989 subveheudam

920 1011 1035 1039 adhibiti
1055 1014 1159 1039 essent.
1194 1009 1315 1044 Vespere
1341 1009 1453 1036 interim
1482 1008 1705 1043 superveniente,

920 1058 978 1086 sola
994 1057 1091 1085 mulier
1110 1057 1217 1092 captiva
1235 1057 1292 1083 illic
1308 1055 1493 1090 pernoctavit,
1509 1054 1594 1082 Deum
1624 1061 1707 1081 orans

921 1108 1002 1139 atque
1019 1103 1209 1138 interpellans,
1223 1107 1253 1130 ut
1268 1101 1350 1129 facile
1363 1104 1506 1136 przestaret
1520 1100 1708 1127 columnarum

922 1149 1104 1182 erectionem;
1123 1147 1220 1182 reliqui
1238 1150 1328 1174 autem
1353 1153 1459 1179 omnes,
1475 1150 1558 1179 atque
1574 1144 1708 1179 imprimis

919 1203 966 1223 rex
978 1194 1177 1229 ipse,dolentes
1189 1193 1251 1220 inde
1260 1193 1455 1220 discesserant.
1465 1191 1572 1225 Quippe
1581 1190 1708 1217 columna

920 1240 1081 1268 semierecta
1092 1238 1219 1265 manebat
1227 1237 1336 1272 obliqua
1348 1237 1400 1272 55
1411 1236 1526 1271 soloque
1536 1235 1664 1269 impacta,
1676 1241 1709 1261 ex

920 1286 1041 1314 inferiori
1053 1289 1129 1320 parte
1141 1284 1260 1312 haerebat
1277 1283 1433 1310 immobilis.
1444 1281 1544 1309 Verum
1559 1285 1585 1308 et
1594 1280 1628 1307 ob
1637 1280 1674 1310 id,
1683 1282 1709 1306 et

920 1332 956 1359 ob
976 1330 1154 1366 praecedentia
1171 1329 1312 1361 miracula,
1326 1327 1441 1355 Hiberos
1461 1327 1488 1354 in
1512 1326 1565 1353 ﬁde
1580 1328 1710 1352 constan-

922 1377 1005 1405 tiores
1014 1375 1156 1404 redditura
1171 1379 1231 1402 erat
1239 1375 1358 1409 captiva.
1374 1373 1466 1400 Prima
1480 1373 1552 1400 enirn
1566 1372 1629 1398 luce
1643 1378 1708 1405 pro-

921 1422 1023 1458 gressis
1052 1421 1086 1448 ad
1116 1421 1260 1448 ecclesiam
1279 1419 1410 1450 Hiberis,
1440 1416 1573 1452 stupenda
1605 1423 1650 1442 res
1678 1423 1710 1441 ac

922 1468 1028 1496 somnio
1044 1466 1142 1495 similis
1158 1466 1217 1493 visa
1230 1470 1283 1497 est,
1301 1465 1429 1491 columna
1445 1471 1506 1498 qua:
1520 1461 1606 1497 pridie
1622 1460 1710 1488 fuerat

923 1512 1078 1544 immobilis,
1099 1515 1210 1545 erecta;
1231 1514 1258 1537 et
1283 1509 1391 1536 modico
1408 1508 1550 1535 intervallo
1563 1514 1645 1541 supra
1660 1507 1708 1532 ba-

922 1560 973 1587 sim
1005 1566 1082 1587 suam
1109 1557 1242 1593 pendens.
1265 1556 1387 1590 Cumque
1404 1561 1499 1582 omnes
1527 1552 1708 1580 admiratione

920 1603 1037 1638 perculsi
1068 1606 1181 1634 essent,
1200 1601 1397 1635 Christumque
1421 1599 1510 1626 solum
1537 1597 1621 1625 Deum
1648 1604 1708 1623 esse

920 1657 974 1676 uno
990 1655 1126 1676 consensu
1140 1647 1348 1679 confiterentur,
1369 1645 1498 1672 columna
1520 1643 1628 1670 cunctis
1642 1651 1706 1677 spe-

919 1695 1058 1723 ctantibus
1089 1694 1193 1721 sensim
1215 1693 1345 1727 delapsa,
1364 1698 1414 1718 sua
1439 1696 1535 1726 sponte
1564 1691 1637 1717 velut
1652 1693 1710 1716 arte

920 1743 1037 1778 quadam
1051 1760 1058 1773 ,
1086 1740 1145 1768 basi
1164 1747 1220 1766 suae
1237 1743 1299 1773 apte
1327 1737 1452 1765 adhtesit.
1476 1736 1599 1771 Reliqua
1617 1739 1710 1770 postea

921 1788 1055 1815 columnae
1085 1786 1192 1820 absque
1217 1784 1273 1811 ullo
1303 1783 1413 1818 negotio
1432 1785 1532 1809 erectze
1557 1791 1563 1808 :
1594 1784 1621 1808 et
1642 1788 1710 1814 opus

922 1831 994 1867 quod
1023 1830 1165 1861 restabat,
1181 1829 1318 1856 alacriore
1339 1828 1431 1854 animo
1448 1827 1481 1854 ab
1495 1826 1604 1854 Hiberis
1617 1825 1708 1860 perfe-

921 1882 994 1905 ctmn
1024 1881 1076 1904 est.
1096 1875 1220 1902 Ecclesia
1247 1874 1333 1909 igitur
1358 1873 1484 1900 celeriter
1499 1872 1642 1903 aedificata,
1660 1872 1709 1897 ili-

922 1923 979 1952 beri
993 1930 1008 1950 a
1029 1921 1137 1957 captiva
1161 1920 1276 1947 muliere
1293 1919 1442 1950 admoniti,
1472 1918 1577 1952 legatos
1596 1917 1707 1943 mittunt

923 1969 955 1997 ad
967 1967 1179 1996 Constantinum
1208 1966 1414 2000 imperatorem,
1439 1964 1598 1991 societatem
1612 1969 1644 1988 ac
1661 1961 1710 1988 foe«

923 2016 975 2043 dus
988 2015 1012 2042 ei
1040 2014 1201 2044 oblaturos;
1224 2019 1275 2047 pro
1295 2011 1335 2037 his
1352 2014 1442 2037 autem
1457 2009 1539 2036 rebus
1560 2008 1711 2042 postulatu:-

924 2070 980 2094 ros,
994 2065 1024 2088 ut
1045 2059 1202 2088 sacerdotes
1220 2057 1294 2092 genti
1311 2064 1367 2084 sua:
1383 2056 1566 2083 mitterentur.
1586 2053 1710 2086 Quicum

89 2104 241 2140 imperatori
268 2106 461 2142 exposuissent
475 2113 507 2134 ea
527 2113 588 2141 qua:
603 2106 674 2140 apud
697 2106 771 2141 ipsos
791 2107 998 2140 acciderant,et
1011 2112 1066 2140 quo
1078 2107 1159 2139 pacto
1189 2102 1317 2130 universa
1346 2109 1412 2136 gens
1440 2101 1580 2127 Christum
1605 2106 1711 2127 summo

89 2152 175 2179 studio
188 2153 302 2184 coleret,
317 2153 465 2188 imperator
485 2160 516 2179 ea
531 2152 664 2187 legatione
691 2160 855 2187 magnopere
894 2153 1046 2181 delectatus
1068 2153 1121 2183 est,
1139 2149 1332 2183 coniectisque
1355 2146 1483 2173 omnibus
1521 2153 1582 2180 quae
1614 2147 1710 2178 postu-

90 2197 196 2229 labant,
226 2198 330 2233 legatos
346 2197 460 2225 dimisit.
477 2197 515 2225 Ad
531 2199 603 2224 hunc
631 2197 740 2224 modum
764 2197 857 2226 [liberi
875 2198 978 2226 Christi
996 2197 1124 2225 notitiam
1140 2198 1321 2229 susceperunt
1333 2214 1340 2226 ,
1355 2191 1470 2227 ejusque
1490 2191 1593 2219 cultum
1613 2189 1711 2217 etiarn-

90 2249 150 2268 num
167 2243 290 2271 studiose
306 2243 436 2270 retinent.

384 2288 509 2315 ΚΕΦΑΛ.
531 2288 572 2314 ιιι.
887 2293 909 2320 υ

93 2343 186 2376 Ὅπως(
196 2344 245 2371 καὶ
271 2345 298 2371 οι
317 2343 456 2378 Ἀρμένιοι
469 2344 517 2379 καί
533 2343 644 2377 Πέρσαι
665 2344 718 2371 τὸν
735 2345 870 2379 Χριστια-

305 2379 416 2414 νισμὸν
433 2378 622 2412 ἠσπάσαντο.

1230 2284 1306 2312 CAP.
1333 2283 1399 2311 \‘lll.

926 2344 1062 2378 Quomodo
1077 2343 1193 2370 Armenii
1215 2347 1239 2370 el
1260 2341 1347 2378 Perage
1368 2340 1546 2368 Christianam
1563 2337 1711 2372 religionem

1218 2377 1332 2411 amplexi
1348 2381 1418 2402 sunt.

129 2423 238 2460 Ἐφεξῆς
248 2425 276 2452 5‘s
292 2425 336 2452 διὰ
350 2425 403 2452 τῶν
415 2425 521 2460 ὁμόρων
535 2424 624 2459 φυλῶν
640 2425 670 2450 τὸ
681 2424 768 2460 δόγμα
781 2425 868 2460 διέϐη,

93 2468 135 2494 καὶ
161 2471 199 2501 εἰς
216 2470 318 2504 πλῆθος
337 2470 472 2497 ἐπέδωκεν
489 2470 555 2500 (ου.
580 2470 739 2505 Ἀρμενίους
764 2470 792 2496 δὲ
820 2470 873 2497 πά-

92 2516 128 2540 λιν
153 2515 281 2551 πρότερον
308 2516 447 2552 ἐπυθόμην
471 2517 670 2551 Χριστιανίσαι.
683 2516 797 2551 Λέγεται
817 2516 871 2552 γὰρ

92 2558 237 2596 Τηριδάτην
253 2562 297 2589 τὸν
313 2562 463 2597 ἡγούμενον
477 2561 571 2588 τούτου
585 2562 630 2589 τοῦ
640 2561 743 2594 ἔθνους,
756 2562 787 2589 έκ
799 2571 869 2594 τινος

957 2424 1055 2452 Postea
1075 2431 1140 2451 vero
1163 2422 1383 2450 Christianorum
1407 2419 1503 2455 religio
1524 2419 1557 2446 ad
1583 2418 1711 2445 ﬁnitimas

923 2474 1016 2504 gentes
1046 2476 1190 2504 progressa
1209 2487 1216 2499 ,
1250 2467 1277 2494 in
1307 2467 1473 2493 immensam
1504 2464 1709 2492 multitudinem

923 2514 1051 2542 excrevit.
1073 2513 1139 2540 Nam
1158 2512 1228 2548 quod
1247 2511 1392 2539 Armenios
1411 2510 1527 2542 attinet,
1546 2508 1710 2543 jamdudum

924 2564 1003 2588 antea
1016 2559 1117 2588 Christi
1138 2559 1217 2587 [idem
1234 2566 1281 2586 eos
1301 2557 1458 2592 suscepisse
1472 2555 1604 2590 comperi.
1629 2554 1712 2580 Aiunt

683 2648 815 2675 \lALESII
836 2648 1111 2682 ANNOTATIONES.

126 2705 179 2739 (95)
200 2706 324 2740 Ἔμελλε
343 2707 376 2733 δὲ
397 2706 446 2733 διὰ
466 2705 553 2733 τοῦτο
570 2705 588 2740 ἣ
611 2705 647 2732 τὰ
679 2705 733 2739 πρὸ
761 2706 869 2733 τούτου

95 2739 252 2778 παράδοξά.
272 2741 348 2769 Hune
364 2743 452 2769 locum
471 2741 585 2778 restitui
604 2749 637 2768 ex
664 2741 760 2778 codice
782 2739 870 2778 Fulse-

96 2776 182 2805 tiauo.
198 2776 224 2802 in
241 2784 294 2810 quo
311 2777 455 2807 scribitur.
478 2775 522 2802 διὰ
540 2775 620 2802 τοῦτο
634 2776 680 2802 καὶ
697 2775 745 2806 τά,
769 2776 871 2810 optime

99 2810 185 2843 pmcul
201 2811 284 2838 dubio
299 2821 305 2839 ε
322 2812 485 2839 subauditur
505 2811 576 2838 enim
592 2811 747 2845 praepositio
761 2810 814 2837 διά.

132 2845 185 2878 (9i)
212 2847 338 2881 Ἐμεξῆς
374 2847 407 2874 δὲ
439 2867 445 2873 .
463 2865 495 2874 ..
523 2845 680 2873 ἐπέδωκεν.
712 2845 779 2873 Tota
818 2845 874 2872 haec

927 2710 1054 2742 pet-leone
1082 2709 1196 2736 delenda
1221 2707 1287 2734 mihi
1319 2707 1442 2742 videtur;
1476 2711 1538 2742 nam
1561 2706 1711 2742 Ict_super-

930 2735 1060 2775 lluaicsti,
1080 2735 1260 2770 ncerhabetur
1274 2742 1345 2777 apud
1365 2735 1543 2775 Epiphanium
1561 2735 1710 2777 Scholasti:

933 2770 1010 2806 cum.
1024 2770 1193 2813 Stipcrlluam
1209 2770 1319 2812 quidem
1332 2770 1396 2813 esse
1455 2782 1488 2801 eo
1499 2776 1627 2813 apparet,
1638 2770 1710 2810 quod

936 2815 1017 2849 paulo
1034 2806 1092 2850 post
1116 2806 1351 2841 rursus-occurrit
1367 2810 1462 2838 iisdem
1480 2809 1558 2843 plane
1574 2806 1662 2833 verbis
