1898 3075
57 113 123 141 937

586 119 748 149 HISTORIA
764 122 1040 154 ECCLESIASTICA.
1059 143 1093 147 —
1112 128 1176 155 LIB.
1195 129 1227 156 Π.

1662 134 1714 163 958

55 169 234 205 ἐπλήρουν.
249 169 304 196 Νῦν
326 170 354 196 δέ
381 180 426 205 μοι
447 172 476 198 οὺ
499 173 576 208 θέμις
592 175 671 201 τοῦτο
690 178 782 204 ποιεῖν.
795 178 861 204 "Hm

926 178 1040 208 feceris?
1065 182 1114 209 Cui
1134 182 1303 219 Symeones:
1323 184 1475 219 Quoniam,
1501 186 1609 223 inquit,
1634 195 1712 217 antea

57 215 124 251 γὰρ
145 217 356 252 ἀγωνιούμενος
372 218 440 254 ὑπὲρ
456 219 505 252 τῆς
522 221 662 253 εὐσεϐείας
684 222 732 248 καὶ
744 222 791 249 τοῦ
808 224 876 258 ἡμε-

55 261 158 297 τέρου
178 262 327 297 δόγματος.
345 264 462 291 Τοιαῦτα
481 266 602 300 εἰπόντα,
619 269 841 303 παρεκελεύσατο
861 271 874 296 ὁ

60 306 215 341 βασιλεὺς
228 310 413 345 προσκυνῆσαι
427 311 472 338 τὸν
484 312 558 348 ἥλιον
568 321 575 328 ·
591 314 638 340 καὶ
658 314 810 350 πειθομένῳ
826 316 876 350 μὲν

59 354 161 381 πολλὰ
180 355 260 390 δῶρα
276 356 371 384 δώσειν
394 357 549 393 ὑπισχνεῖτο
571 360 617 386 καὶ
645 361 673 386 ἐν
697 362 762 396 τιμῇ
786 361 873 395 ἕξειν,

60 400 250 429 ἀπειθοῦντα
277 402 304 428 δὲ
333 402 475 430 ἀπολέσειν
494 404 642 440 ἠπείλησεν
668 407 748 433 αὐτόν
773 416 803 433 τε
828 408 875 434 καὶ

62 447 123 472 πᾶν
146 447 185 473 τὸ
203 447 257 474 τῶν
272 449 441 484 Χριστιανῶν
460 450 552 485 φῦλον.
577 451 653 478 Ἐπεὶ
681 452 709 478 δὲ
736 452 798 479 οὔτε
814 454 874 485 ταῖς

62 492 211 525 ἀπειλαῖς
224 495 388 521 κατεκτύπει
401 496 448 522 τὸν
460 496 607 532 Συμεώνην
617 519 624 530 ,
638 497 699 524 οὔτε
716 499 775 530 ταῖς
788 499 874 533 ἐπαγ-

62 537 184 571 γελίαις
197 539 340 574 ἐχάλαζεν,
358 541 415 568 ἀλλ’
433 541 552 578 ἀνδρεῖος
563 543 658 578 ἔμενεν
668 565 675 578 ,
702 545 874 581 ἰσχυριζόμε-

62 592 113 615 νος
128 585 171 621 μή
191 593 260 612 ποτε
275 587 475 622 προσκυνήσειν
487 588 534 616 τὸν
547 589 639 624 ἥλιον,
657 591 724 626 μηδὲ
739 593 873 628 προδότης

64 631 253 666 φανήσεσθαι
266 632 317 667 τῆς
332 633 412 659 αὑτοῦ
430 633 577 670 θρησκείας
588 655 595 668 ,
614 637 779 671 προσέταξεν
792 638 873 664 αὑτὸν

62 676 140 708 τέως
158 678 194 704 ἐν
211 678 321 714 δεσμοῖς
331 676 410 712 εἶναι,
428 681 605 717 λογισάμενος
616 703 623 715 ,
637 683 674 715 ὼς
689 684 873 719 είκδς,,μετα-

66 722 298 758 μεληθήσεσθαι.
317 725 502 761 Ἀπαγόμενον
524 727 553 753 δὲ
571 729 612 760 εἰς
634 728 665 754 τὸ
685 730 871 765 δεσμωτήριον

66 769 135 796 ἰδὼν
174 769 359 806 Οὒσοαζάνης
388 771 544 807 πρεσϐύτης
577 773 723 810 εὐνοῦχος,
754 777 872 812 τροφεὺς

65 815 230 851 Σαϐώρου,
251 817 299 843 καὶ
327 817 427 852 μείζων
446 818 496 853 τῆς
516 819 646 853 βασιλέως
662 821 766 855 οἰκίας,
787 831 870 858 προσ-

927 226 1034 254 vinctus
1047 235 1100 254 non
1114 229 1271 257 adducehar
1285 235 1314 258 ut
1331 238 1423 258 verum
1443 231 1527 260 Deum
1543 241 1668 269 negarent
1683 243 1714 262 ac

927 267 1069 306 proderem
1083 282 1089 298 :
1108 274 1210 302 idcirco
1223 284 1276 302 non
1293 277 1452 304 recusabant
1467 267 1613 308 consuetos
1628 280 1715 307 Itono-

927 326 970 345 res
992 318 1128 353 ntajcstati
1147 322 1228 355 regiae
1244 322 1382 350 exhibere.
1406 322 1483 350 Nunc
1502 332 1566 352 vero
1580 326 1658 354 nefas
1673 332 1715 353 cst

926 363 992 390 mihi
1011 363 1037 390 id
1052 364 1153 393 facere.
1170 366 1273 394 Adsum
1288 369 1361 396 enim
1378 374 1536 398 certaturus
1551 380 1600 406 pro
1616 373 1717 407 pietate

925 412 953 435 et
970 415 1019 443 pro
1036 409 1160 437 doctrina
1180 416 1284 439 nostra.
1310 413 1372 440 llaec
1394 422 1455 441 cum
1471 415 1602 448 dixisset,
1626 417 1714 451 jussit

925 462 972 482 rex
987 459 1016 482 ut
1033 456 1118 483 solem
1135 458 1264 486 adoraret
1278 467 1284 484 :
1305 459 1388 486 multa
1410 469 1439 487 se
1461 469 1575 488 munera
1592 463 1615 489 ei
1632 463 1714 498 largi-

925 505 1016 528 turum
1031 522 1038 532 ,
1056 509 1209 537 magnoque
1231 503 1257 530 in
1275 504 1380 532 honore
1393 513 1456 532 eum
1476 507 1635 534 habiturum
1652 516 1718 536 esse-

925 548 1082 582 pollicitus,
1105 549 1129 575 si
1150 549 1380 584 obtemperasset;
1396 552 1438 578 sin
1458 557 1614 585 recusaret,
1641 561 1670 581 se
1686 558 1714 581 et

924 593 1000 620 illum
1016 597 1042 620 et
1057 593 1215 622 universum
1234 595 1453 624 Christianorum
1472 606 1560 633 genus
1581 607 1596 626 e
1622 601 1713 627 medio

925 639 1095 666 Sublaturum
1116 639 1238 668 minatus
1253 646 1304 668 est.
1322 642 1391 669 Cum
1410 650 1474 670 vero
1488 652 1537 671 nec
1556 645 1637 672 minis
1650 653 1711 673 eum

924 688 1057 716 terreret,
1070 693 1120 712 nec
1133 686 1277 720 promissis
1293 686 1460 720 inﬂecteret;
1480 689 1526 716 sed
1544 689 1606 716 forti
1620 691 1713 717 animo

924 735 1057 766 perstaret
1069 731 1227 767 Symeones,
1240 733 1378 761 afﬁrmans
1390 742 1419 761 se
1435 742 1484 762 nec
1496 736 1580 763 solem
1594 744 1714 771 unquam

923 777 1117 809 adoraturum,
1136 785 1186 804 nec
1205 778 1348 813 religionis
1369 786 1425 806 suae
1445 780 1616 814 proditorem
1639 781 1711 808 futu-

924 828 984 847 rum
999 829 1060 849 esse
1071 841 1077 853 ,
1093 829 1155 849 eum
1174 830 1220 850 rex
1235 823 1262 850 in
1278 824 1397 851 vinculis
1416 824 1576 859 aliquandiu
1595 825 1711 853 detineri

63 859 213 895 εκὺνησεν
233 862 313 888 αὐτὸν
336 862 463 895 ἀναστάς.
478 864 577 900 Ἔτυχε
596 866 649 902 γὰρ
663 868 715 903 πρὸ
731 869 785 896 τῶν
798 855 860 904 βασι

925 865 1022 900 iussit,
1040 872 1116 894 ratus
1127 889 1134 900 ,
1155 871 1186 894 ut
1202 869 1350 896 verisimile
1365 874 1424 902 est,
1444 869 1502 897 fore
1517 875 1546 897 ut
1561 870 1650 905 ipsum
1670 871 1712 897 sui

67 903 153 930 λείων
170 905 266 940 θυρῶν
284 906 445 942 καθήμενος.
468 907 496 934 Ὁ
509 908 537 934 δὲ
549 910 694 947 Συμεώνης
706 903 870 948 ὑϐριστικῶς

67 950 249 986 ἐπετίμησεν
260 952 351 987 αὐτῷ,
364 954 411 980 καὶ
431 955 568 991 θυμωθεὶς
579 957 709 993 ἀνεϐόησε
720 979 727 990 ,
743 960 790 985 καὶ
803 960 870 986 ἀπο-

68 998 209 1032 στραφεὶς
226 999 396 1035 παρήμειψε.
408 1002 570 1038 Χριστιανὸς
582 1004 635 1039 γὰρ
647 1003 694 1036 ὢν,
707 1005 737 1031 οὐ
751 1007 869 1041 προπολ-

66 1042 114 1069 λοῦ
147 1044 268 1081 ἐϐιάσθη
306 1049 492 1084 προσκυνῆσαι
521 1050 565 1076 τὸν
597 1050 681 1085 ἥλιον.
708 1051 812 1078 Αὐτίκα
841 1052 868 1079 δὲ

67 1088 215 1125 δακρύσας
227 1091 287 1125 μετ’
302 1093 424 1129 οἰμωγῆς
438 1097 452 1121 ό
467 1095 606 1131 εὐνοῦχος,
617 1096 650 1132 ἣν
667 1097 717 1132 μὲν
733 1098 868 1132 ἠμφίεστο

67 1134 206 1170 λαμπρὰν
226 1138 328 1173 ἐσθῆτα
347 1140 462 1167 ἀπέθετο
478 1150 484 1156 ·
502 1139 546 1169 οἷα
563 1143 591 1169 δὲ
609 1143 715 1170 πενθῶν
739 1144 867 1179 μέλαιναν

70 1182 310 1219 περιϐαλλόμενος
319 1207 326 1218 ,
341 1187 393 1222 πρὸ
407 1189 457 1223 τῆς
471 1188 601 1223 βασιλέως
612 1190 699 1222 οἰκίας
711 1191 866 1224 ἐκαθέζετο,

68 1226 174 1254 κλαίων
194 1229 246 1256 καὶ
278 1231 397 1264 στένων,
413 1233 492 1268 Οῖμοι
514 1233 586 1268 ἐγὼ,
611 1235 716 1268 λέγων,
737 1233 792 1262 οἷον
813 1235 867 1272 χρὴ

69 1273 231 1310 προσδοκᾷν
258 1274 328 1303 εἶναι
355 1279 419 1313 περὶ
450 1280 500 1314 ἐμὲ
532 1280 561 1306 ὃν
589 1281 751 1317 ἠρνησάμην
780 1282 865 1316 Θεὸν,

68 1319 171 1354 ὅπουγε
184 1321 284 1348 τούτου
297 1323 377 1359 χάριν
391 1324 514 1352 ἐντεῦθεν
527 1326 577 1361 ἤδη
592 1327 676 1353 πάλαι
693 1336 738 1362 μοι
749 1328 866 1364 συνήθης

68 1365 193 1398 γεγονὼς
214 1367 378 1404 Συμεώνης1
406 1370 466 1397 οὐδὲ
486 1371 565 1405 λόγου
592 1373 740 1407 μεταδοὺς,
763 1370 814 1400 ὧδε
831 1383 866 1409 με

70 1410 241 1448 ἀπεστράφη
260 1414 305 1440 καὶ
325 1415 516 1452 παρέδραμενί
541 1417 617 1444 Ἐπεὶ
639 1419 668 1445 δὲ
684 1419 754 1453 ἔγνω
779 1420 865 1447 ταῦτα

70 1456 222 1493 Σαϐώρης,
246 1462 500 1496 μετακαλεσάμενος
515 1463 610 1497 αὐτὸν,
628 1464 791 1492 ἐπυνθάνετο
813 1467 865 1502 τὴν

921 912 1031 939 consilii
1045 913 1197 947 paeniteret.
1210 913 1262 946 Qui
1286 922 1347 941 cum
1363 914 1389 941 in
1407 922 1545 942 carcerem
1560 915 1713 943 abducere-

921 962 966 985 tur
976 978 982 990 ,
1002 958 1177 993 conspicatus
1192 966 1253 986 eum
1268 959 1441 987 Usthazanes
1457 968 1539 988 senex
1553 961 1712 994 eunuchus,

920 1003 1041 1030 nutritor
1057 1002 1187 1038 Saporis,
1204 1007 1231 1030 ct
1251 1005 1415 1039 prazpositus
1431 1005 1484 1042 57
1499 1005 1598 1033 domus
1612 1006 1692 1041 regia:
1703 1026 1715 1040 ι

920 1055 1068 1082 assurgens
1082 1056 1144 1076 eum
1163 1049 1298 1076 adoravit.
1320 1049 1437 1077 Sedebat
1453 1051 1525 1078 enim
1542 1058 1592 1086 pro
1606 1050 1712 1080 foribus

920 1093 1024 1128 palatii.
1038 1094 1070 1121 At
1087 1093 1238 1130 Symeones
1249 1102 1311 1122 eum
1328 1097 1526 1124 contumeliose
1545 1097 1713 1132 objurgavit,

918 1142 946 1166 et
968 1139 1007 1166 ira
1029 1141 1149 1174 percitus
1170 1141 1352 1173 exclamavit,
1377 1149 1529 1176 aversoque
1549 1143 1626 1169 vultu
1648 1150 1710 1169 eum

919 1185 1061 1219 praeteriit.
1079 1185 1146 1212 Nam
1166 1193 1228 1213 cum
1245 1186 1290 1214 ille
1313 1187 1487 1215 Christianus
1508 1191 1601 1220 esset,
1625 1189 1707 1222 paulo

918 1235 998 1257 antea
1020 1230 1046 1257 vi
1070 1234 1181 1259 coactus
1202 1231 1286 1259 solem
1305 1231 1477 1260 adoraverat.
1505 1231 1602 1259 Statim
1627 1233 1711 1268 igitur

917 1276 1062 1303 eunuchus
1087 1275 1155 1304 flens
1181 1281 1263 1312 atque
1289 1278 1396 1312 eiulans
1412 1298 1419 1309 ,
1445 1278 1589 1306 candidam
1606 1283 1708 1305 vestem

917 1327 971 1356 qua
1001 1321 1114 1349 indutus
1134 1326 1211 1355 erat,
1227 1322 1376 1358 deposuit,
1400 1327 1498 1358 atque,
1517 1327 1547 1351 ut
1567 1324 1594 1350 in
1613 1324 1687 1351 luctu
1699 1344 1708 1356 ,

917 1367 985 1395 atris
1003 1368 1126 1395 vestibus
1152 1372 1240 1396 tectus
1264 1373 1328 1396 ante
1352 1369 1454 1404 regiam
1482 1370 1622 1402 consedit,
1648 1377 1709 1397 cum

916 1412 1042 1440 lamentis
1057 1420 1089 1439 ac
1101 1413 1203 1448 gemitu
1224 1414 1276 1441 ista
1291 1413 1388 1442 dicens
1405 1423 1411 1441 :
1431 1414 1475 1442 Vat
1490 1414 1557 1441 mihi
1571 1415 1577 1441 !
1594 1413 1708 1448 Qualem

916 1466 1028 1493 sperare
1047 1459 1126 1487 decet
1146 1467 1210 1495 erga
1233 1467 1275 1488 me
1297 1459 1356 1487 fore
1382 1459 1464 1487 Deum
1489 1468 1569 1496 quem
1593 1461 1711 1496 negavi,

71 1502 160 1529 αἰτίαν
173 1503 223 1530 τοῦ
241 1505 373 1539 πένθους,
392 1507 439 1533 καὶ
469 1509 493 1534 εἰ
514 1510 641 1544 συμφορᾷ
659 1518 710 1536 τινι
737 1510 800 1545 περὶ
819 1511 861 1538 τὸν

925 1505 1026 1540 [uando
1042 1505 1078 1532 ob
1094 1505 1165 1533 hanc
1182 1513 1293 1533 causam
1313 1505 1464 1542 Symeones
1482 1507 1549 1534 olim
1566 1506 1710 1534 familiaris

71 1547 143 1575 οἶκον
163 1550 313 1585 ἐχρήσατο.
340 1552 499 1580 Ὑπολαϐὼν
522 1553 549 1580 δὲ
575 1554 751 1590 υὺσθαςάνης
776 1554 863 1588 εἶπεν,

72 1592 106 1620 Ὦ
121 1594 235 1629 βασιλεῦ
247 1616 255 1628 ,
277 1597 354 1624 οὐδὲν
381 1598 446 1633 ’περὶ⁵
461 1599 505 1626 τὸν
519 1599 612 1626 ἐνθάδε
635 1598 708 1627 οἷκον
727 1601 862 1636 ἠτύχησα.

73 1640 135 1668 Εἴθε
159 1642 215 1678 γὰρ
231 1643 293 1670 ἀντὶ
307 1643 355 1670 τοῦ
379 1645 582 1681 συμϐεϐηκότος
601 1655 655 1682 μοι,
680 1648 864 1680 παντοδαπαῖς

73 1687 192 1720 ἀλλοίαις
227 1689 426 1724 περιπέπτωκα
453 1693 624 1727 συμφοραῖς,
651 1693 699 1719 καὶ
727 1694 791 1729 ῥᾷον
819 1691 862 1730 ἦν.

74 1733 166 1760 Πενθῶ
181 1734 209 1760 δὲ
226 1734 285 1767 νῦν,
301 1735 341 1762 ὃτι
353 1735 474 1768 ζῶ·’καὶ
491 1737 574 1764 πάλαι
597 1737 722 1765 τεθνάναι
737 1739 863 1773 ὀφείλων,

74 1779 127 1814 ὁρῶ
141 1779 188 1807 τὸν
202 1780 291 1816 ἥλιον,
311 1781 341 1808 ὃν
356 1781 398 1809 σοὶ
414 1781 607 1819 χαριζόμενος,
621 1784 670 1811 οὐκ
685 1785 737 1812 ἀπὸ
752 1785 864 1821 γνώμης

75 1826 268 1863 προσεκύνησα
292 1827 331 1869 τῷ
353 1829 451 1856 δοκεῖν.
470 1830 552 1856 Ὥστε
575 1831 635 1857 κατ’
651 1831 805 1866 ἀμφότερον
823 1831 864 1858 δί-

76 1880 149 1899 καιον
165 1871 238 1900 εἶναι
254 1882 287 1909 με
303 1874 459 1908 ἀποθανεῖν,
475 1876 607 1913 προδότην
619 1877 737 1913 Χριστοῦ
752 1886 864 1914 γεγενη-

76 1917 153 1952 μένον
165 1939 172 1951 ,
189 1920 237 1946 καὶ
264 1920 328 1955 περὶ
355 1921 384 1947 σὲ
400 1922 556 1949 ἀπατεῶνα.
581 1923 636 1950 Καὶ
662 1924 675 1950 ό
692 1923 755 1959 μὲν,
774 1924 863 1951 τοιάδε

76 1964 173 1996 εἰπὼν,
198 1966 310 2002 ὤμοσεν
326 1967 441 2002 οὐρανοῦ
467 1969 514 1995 καὶ
538 1969 589 2004 γῆς
615 1969 796 2005 δημιουργὸν,
826 1970 864 2007 μὴ

78 2007 277 2044 μεταθήσεσθαι
291 2009 382 2037 λοιπὸν
396 2012 446 2046 τῆς
462 2011 584 2048 γνώμης.
606 2014 737 2050 Σαϐὡρης
749 2015 777 2042 δὲ
795 2015 864 2050 πρὸς

77 2052 105 2078 τὸ
119 2054 271 2088 παράδοξον
284 2056 334 2091 τῆς
350 2057 502 2093 μεταϐολῆς
518 2058 564 2085 τοῦ
581 2059 708 2095 εὐνούχου
725 2061 862 2096 τεθηπὼς,

77 2097 114 2124 ἑτι
126 2099 225 2133 μᾶλλον
239 2100 402 2136 ἐχαλέπαινε
415 2104 470 2134 τοῖς
478 2103 649 2139 Χριστιανοῖς
659 2126 666 2138 ,
677 2105 715 2136 ὡς
726 2106 864 2141 γοητείαις

77 2145 161 2173 τοιάδε
176 2147 350 2181 κατορθοῦσι.
365 2149 453 2176 Φειδοῑ
466 2149 494 2176 δὲ
510 2151 543 2186 τῇ
557 2150 620 2186 περὶ
635 2151 681 2178 τὸν
695 2152 862 2188 πρεσϐύτην,

79 2189 114 2224 πῆ
139 2190 187 2225 μὲν
204 2193 308 2228 πρᾶος,
329 2193 368 2229 πῆ
394 2193 423 2220 δὲ
449 2195 555 2231 ἀπηνὴς
585 2196 760 2231 φαινόμενος,
783 2199 863 2225 παντὶ

79 2235 162 2263 σθένει
188 2239 365 2272 μεταπείθειν
389 2240 470 2267 αὑτὸν
497 2243 635 2277 ἐπειρᾶτο.
664 2243 708 2275 Ὠς
733 2243 762 2271 δὲ
787 2244 863 2271 οὐδὲν

79 2279 165 2314 ἤνυεν,
184 2283 389 2320 ἰσχυριζομένου
405 2285 578 2318 Οὐσοαζάδου
595 2287 650 2323 (95)
679 2288 784 2324 μήποτε
800 2298 862 2316 τοσ-

78 2325 152 2354 οῦτον
170 2329 254 2365 εὐήθη
271 2330 391 2364 ἔσεσθαι,
404 2331 442 2363 ὡς
462 2332 523 2359 ἀντὶ
539 2333 586 2360 τοῦ
610 2334 720 2361 πάντων
737 2334 863 2371 δημιουρ-

80 2371 125 2404 γοῦ
141 2373 206 2401 8εοῦ
231 2375 266 2403 τὰ
285 2376 353 2412 πρὸς
380 2378 462 2405 αὑτοῦ
488 2379 743 2416 δεδημιουργημένα
760 2381 860 2414 σέϐειν,

80 2417 135 2444 τότε
148 2419 179 2455 δὴ
196 2421 264 2456 πρὸς
281 2422 364 2458 ὀργὴν
383 2423 504 2458 κινηθεὶς
515 2444 522 2456 ,
540 2425 706 2460 προσέταξεν
721 2427 802 2453 αὑτοῦ
821 2427 861 2460 ξίη

82 2469 122 2496 φει
147 2464 195 2498 τὴν
210 2466 332 2501 κεφαλὴν
354 2467 556 2503 ἀποτμηθῆναι.
575 2470 636 2496 Ἐπὶ
650 2469 728 2497 τοῦτο
744 2471 772 2498 δὲ
798 2472 861 2506 ἀγό-

83 2514 154 2539 μενος
172 2510 248 2545 παρὰ
272 2510 327 2537 τῶν
356 2511 481 2546 δημίων,
507 2513 628 2547 ἐπισχεῖν
649 2514 745 2549 μικρὸν
772 2515 863 2545 αὐτῶν,

83 2551 183 2589 ἐδεήθη,
196 2554 233 2587 ὡς
247 2556 309 2592 περί
325 2565 371 2583 του
387 2557 491 2592 βασιλεῖ
511 2558 648 2593 δηλώσων.
666 2559 720 2585 Καὶ
741 2567 862 2595 προσκα-

83 2596 223 2635 λεσάμενός
242 2611 303 2630 τινα
317 2602 371 2629 τῶν
389 2604 557 2631 πιστοτάτων
572 2604 718 2640 εὐνούχων,
733 2605 861 2633 ἐκέλευσε

916 1558 993 1578 meus
1006 1571 1012 1583 ,
1035 1559 1068 1578 ne
1087 1551 1210 1586 alloquio
1227 1552 1338 1586 quidem
1362 1559 1404 1579 me
1422 1552 1552 1587 dignatus
1566 1572 1573 1585 ,
1597 1552 1637 1580 sic
1651 1552 1710 1587 jam

915 1598 1016 1634 refugit
1037 1605 1119 1634 atque
1142 1603 1286 1627 aversatus
1312 1601 1375 1627 est!
1394 1599 1457 1627 Hmc
1491 1608 1553 1627 cum
1576 1600 1709 1628 audiissct

916 1645 1046 1680 Sapores,
1060 1645 1180 1673 accitum
1198 1646 1231 1674 ad
1246 1654 1275 1674 se
1290 1646 1474 1675 Usthazanem
1490 1654 1601 1674 causam
1617 1647 1708 1674 luctus

915 1690 1081 1728 interrogat,
1111 1695 1138 1719 et
1158 1695 1249 1719 utrum
1274 1692 1366 1727 aliqua
1389 1692 1533 1720 calamitas
1558 1692 1586 1719 in
1604 1692 1707 1719 familia

915 1738 1002 1772 ipsius
1031 1737 1204 1773 contigisset.
1224 1738 1278 1766 Cui
1312 1738 1484 1774 respondcns
1512 1738 1706 1766 Usthazanes:

914 1784 1011 1816 Nulla,
1033 1783 1141 1818 inquit,
1168 1791 1185 1811 o
1210 1792 1258 1812 rex
1274 1803 1281 1816 ,
1307 1784 1451 1811 calamitas
1472 1784 1500 1811 in
1524 1783 1575 1811 hac
1599 1788 1707 1811 terrena

915 1829 1019 1857 familia
1043 1830 1111 1857 mihi
1135 1829 1263 1866 contigit.
1280 1829 1392 1858 Utinam
1419 1837 1469 1864 pro
1493 1837 1525 1857 eo
1545 1830 1619 1865 quod
1642 1829 1707 1857 mihi

914 1875 1030 1909 accidit,
1054 1876 1082 1902 in
1106 1876 1218 1911 quasvis
1246 1876 1315 1903 alias
1337 1875 1508 1902 calamitates
1531 1875 1705 1902 incidissem!

915 1921 1013 1950 Melius
1033 1921 1129 1956 utique
1150 1921 1218 1948 mihi
1237 1925 1319 1948 esset.
1338 1921 1417 1948 Nunc
1433 1925 1523 1948 autem
1539 1920 1618 1955 lugeo
1633 1920 1706 1955 quod

914 1967 1004 1995 adhuc
1013 1967 1100 1994 vivam
1116 1977 1122 1995 :
1140 1970 1168 1995 et
1181 1967 1227 2002 qui
1244 1967 1346 1995 dudum
1360 1967 1428 1994 mori
1441 1966 1602 1999 debueram,
1618 1966 1707 1994 adhuc.

914 2014 999 2042 solem
1022 2013 1120 2046 video,
1144 2021 1243 2048 quem,
1263 2013 1313 2040 tibi
1338 2020 1440 2040 morem
1458 2021 1571 2048 gerens,
1593 2021 1648 2040 non
1673 2021 1706 2046 ex

914 2060 997 2087 animi
1014 2059 1067 2087 mei
1083 2059 1220 2087 sententia
1237 2059 1353 2086 adorare
1365 2059 1442 2087 visus
1457 2066 1528 2087 sum.
1546 2058 1641 2094 itaque
1655 2059 1706 2086 du-

915 2106 978 2141 plici
992 2106 1102 2133 nomine
1116 2108 1230 2132 mortem
1247 2105 1401 2140 promerui,
1419 2109 1476 2131 tum
1495 2105 1568 2140 quod
1583 2104 1710 2139 proditor

916 2151 1015 2179 fuerim
1031 2151 1153 2182 Christi,
1173 2154 1229 2178 tum
1244 2150 1318 2186 quod
1336 2155 1363 2178 te
1380 2151 1544 2186 deceperim.
1561 2151 1627 2185 Ome
1643 2159 1706 2178 cum

879 2189 901 2217 D
918 2196 1041 2227 dixisset,
1064 2204 1112 2231 per
1127 2195 1301 2224 Conditorem
1319 2196 1382 2223 cmli
1399 2204 1431 2223 ac
1445 2200 1526 2223 terrm
1551 2197 1655 2231 juravit
1676 2204 1707 2224 se

913 2243 1027 2279 posthac
1044 2242 1208 2270 sententiam
1235 2241 1347 2269 minime
1368 2245 1548 2269 mutaturum.
1569 2241 1610 2270 Oh
1634 2243 1706 2272 hanc

914 2290 1082 2325 insperatam
1106 2289 1229 2317 eunuchi
1247 2290 1433 2317 mutationem
1454 2290 1622 2325 stupefactus
1642 2298 1703 2323 rex,

913 2335 1152 2371 gravioretadhue
1176 2335 1322 2363 iracundia
1342 2336 1448 2364 exarsit
1469 2337 1602 2365 adversus
1625 2337 1705 2364 Chri‘

915 2383 1031 2414 stianos,
1044 2385 1137 2416 utpote
1149 2381 1195 2416 qui
1210 2381 1357 2417 praestigiis
1371 2389 1404 2408 ac
1420 2381 1561 2409 maleficiis
1575 2382 1626 2409 ista
1641 2390 1705 2417 per-_

915 2428 1038 2456 ficerent.
1046 2428 1097 2456 Pro
1106 2428 1293 2456 misericordia
1303 2432 1393 2455 tamen
1404 2436 1456 2463 qua
1467 2436 1531 2462 erga
1543 2436 1635 2456 senem
1645 2431 1707 2460 erat

915 2474 1038 2507 aliectus,
1052 2482 1125 2502 nunc
1141 2482 1170 2501 se
1185 2475 1285 2507 lenem,
1301 2482 1374 2502 nunc
1388 2475 1520 2503 immitem
1537 2476 1703 2509 ostendens,

914 2519 989 2546 omni
1002 2519 1093 2547 studio
1105 2519 1288 2546 contendebat
1303 2523 1332 2546 ut
1346 2527 1410 2546 eum
1426 2527 1440 2546 a
1457 2521 1600 2555 proposito
1615 2520 1702 2548 dimo~.

914 2568 997 2591 veret.
1018 2563 1074 2591 Sed
1091 2572 1154 2592 cum
1168 2565 1236 2591 nihil
1252 2565 1398 2599 proliceret
1410 2585 1416 2596 ,
1433 2565 1584 2593 affirmante
1601 2565 1701 2593 Ustha-

916 2609 999 2643 zade,
1017 2617 1157 2644 nunquam
1176 2617 1205 2637 se
1225 2609 1294 2637 adeo
1314 2610 1427 2640 stultum
1448 2610 1505 2638 fore
1517 2631 1524 2644 ,
1543 2615 1572 2638 ut
1587 2619 1634 2646 pro
1648 2611 1703 2639 Deo.

677 2689 812 2718 VALESII
830 2689 1106 2718 ANNOTATIONES.

115 2725 665 2772 i‘iiéL'rIAvaptg‘opét-ev_Qﬁqaaﬁipov.
696 2737 727 2763 In
761 2737 857 2765 codice

927 2737 1077 2770 unuchum,
1102 2737 1278 2772 praepositum
1296 2738 1395 2765 domus
1406 2737 1487 2772 regite
1501 2736 1572 2772 apud
1589 2734 1699 2772 Persas.
1736 2730 1746 2738 “

85 2756 224 2801 Ὲιιιιοιῖοηο
237 2756 653 2801 gc'r'ibiitfr'adseJﬁEJQ’EﬁEf
659 2756 754 2798 iani-en
761 2756 856 2799 Vah

86 2800 211 2840 {tantum
226 2799 261 2826 sit
274 2801 450 2840 Ο-ύσθαζὰνης
465 2799 491 2830 in
507 2812 540 2831 eo
560 2799 664 2832 codice.
686 2805 856 2840 Epiphanius

88 2826 264 2862 Scholasticus

910 2771 939 2834 in
957 2772 1052 2800 codice
1079 2770 1179 2800 Leonis
1202 2773 1293 2800 Allatii
1321 2771 1477 2807 Ίσταζάδης
1504 2771 1605 2806 ubique
1628 2770 1699 2799 seri.

929 2811 995 2834 Itur.

929 2811 995 2834 itur.
