1898 3075
86 186 106 212 ‘3

94 243 107 254 γ

110 187 125 212 fi

90 290 170 324 ἣλιον
187 289 287 314 σέϐειν.
307 287 419 319 Οὐδενός
433 287 460 313 δὲ
486 287 532 322 τὴν
553 288 598 313 ἐπὶ
621 289 726 319 τούτοις
740 288 882 323 ζωὴνέλο-

93 335 199 367 μένου,
227 333 264 365 ὡς
289 334 330 364 εἰς
357 333 401 359 τὸν
420 332 500 358 τόπον
520 333 641 367 ἤχθησαν
667 331 697 360 οὗ
731 333 883 360 κτείνεσθαι

91 378 219 412 ἔμελλον,
236 378 258 403 οἱ
275 377 324 412 μὲν
338 377 428 412 δήμιοι
442 377 522 411 ἔργον
543 379 646 412 εἴχοντο
659 398 665 409 ,
689 378 735 404 καὶ
755 378 819 413 περὶ
835 377 883 413 τὴν

92 423 203 458 σφαγὴν
216 422 270 448 τῶν
287 422 432 457 μαρτύρων
453 423 577 449 ἐπόνουνθ
596 423 742 458 Συμεώνης
764 424 790 449 δὲ
813 432 884 458 παρ-

92 467 221 503 εστηκὼς
244 469 336 499 αὐτοῖς
350 468 575 502 ἀναιρουμένοις,
599 469 796 504 παρεκελεύετο
819 469 883 504 θαῤ-

93 516 166 550 ῥεῖν,
182 516 228 541 καὶ
243 515 308 550 περὶ
323 514 437 541 θανάτου
450 535 457 547 ,
478 515 525 541 καὶ
547 516 610 551 περὶ
626 517 814 547 ἀναστάσεως,
837 517 884 543 καὶ

93 561 158 595 περὶ
171 559 310 591 εὐσεϐείας
322 560 466 594 διελέγετο.
485 560 540 586 Καὶ
555 561 585 586 ἐκ
604 561 657 587 τῶν
671 561 751 596 ἱερῶν
768 561 883 596 Γραφίῖιν

94 606 277 641 πιστούμενος
290 626 297 636 ,
319 606 422 633 ἐδείκνυ
437 606 508 642 ζωὴν
527 607 575 642 μὲν
593 607 699 642 ἀληθῶς
713 607 819 634 εἶναιτὸ
832 605 883 635 ὦδε

94 652 242 678 ἀποθανεῖν
253 661 259 667 ·
274 652 303 678 τὸ
318 652 346 678 δὲ
361 652 405 678 διὰ
417 652 516 680 δειλίαν
533 653 676 688 προδοῦναι
691 653 755 680 Θεὸν
765 675 772 687 ,
790 654 884 689 ὁμολο-

94 697 237 732 γουμένως
252 697 375 724 θάνατον.
399 698 466 724 Μετ1
487 699 517 724 οὺ
544 699 610 725 πολὺ
633 698 687 734 γὰρ
704 699 751 725 καὶ
772 700 884 734 μηδενὺς

94 744 302 777 ἀποκτείνοντος
315 764 321 776 ,
343 744 505 777 αὐτομάτως
522 744 711 779 τεθνήξονται¹
734 745 813 772 τοῦτο
830 746 884 781 γὰρ

95 789 215 823 ἄφυκτον
229 789 308 815 παντὶ
323 789 472 825 τικτομένῳ
489 790 576 822 τέλος.
596 791 636 817 Τὰ
659 791 727 825 μετᾶ
746 791 833 818 ταῦτα
856 792 884 818 δὲ

94 833 206 868 διηνεκῆ
225 834 290 860 ὅντα
302 853 309 864 ,
324 834 353 860 οὺ
375 835 458 860 πᾶσιν
479 834 634 870 ἀνθρώποις
648 835 748 870 ὁμοίως
765 836 884 871 ἀπαντή-

96 888 136 905 σει
150 888 156 894 ·
179 880 238 906 ἀλλ’
253 880 290 911 ὼς
303 880 357 906 ἀπὸ
372 880 496 916 στάθμης
518 881 590 912 τινὸς
601 902 607 913 ,
630 882 730 916 ἀκριΕῆ
745 882 821 916 λόγον
838 883 884 909 5:7)-

98 935 172 952 σουσι
187 927 236 962 τῆς
254 927 347 953 ἐνθάδε
364 926 464 962 βιοτῆς.
482 927 536 954 Καὶ
550 927 700 959 ἀθανάτους
718 924 754 954 ὦν
769 928 883 960 ἕκαστος

97 970 125 998 εὖ
153 972 265 1008 ἐποίησε
286 972 334 1004 τὰς
360 972 475 1007 ἀμοιϐὰς
494 973 624 1008 λήψεται,
639 973 685 999 καὶ
701 973 750 1005 τὰς
769 974 883 1005 εὐθύνας

97 1018 149 1044 τῶν
166 1018 295 1045 ἐναντίων
313 1018 415 1053 ὑφέξει.
435 1019 535 1050 Μεῖζον
553 1019 581 1045 δὲ
605 1019 713 1046 πάντων
730 1021 758 1046 ἐν
773 1021 883 1054 ἀγαθοῖς

97 1065 141 1091 καὶ
160 1064 368 1100 μακαριώτατον
383 1085 389 1096 ,
406 1065 476 1100 ὑπὲρ
497 1065 564 1091 Θεοῦ
595 1065 703 1092 ἑλέσθαι
727 1065 881 1093 ἀποθανεῖν.

98 1110 215 1137 Τοιαῦτα
230 1110 372 1146 Συμεώνου
386 1111 540 1143 διεξιόντος,
556 1109 599 1137 οἷα
612 1111 783 1147 παιδοτρίϐου
799 1121 884 1147 παρα-

98 1156 276 1191 κελευομένου
304 1157 331 1183 ἐν
349 1158 404 1188 τοῖς
425 1157 529 1190 ἀγῶσιν
546 1157 575 1183 ὃν
595 1157 648 1193 χρὴ
671 1159 769 1193 τρόπον
785 1158 883 1189 ἐλθεῖν,

97 1204 211 1235 ἕκαστος
228 1203 339 1235 ἐπαΐων,
353 1203 501 1239 προθύμως
513 1203 581 1239 πρὸς
593 1204 642 1239 τὴν
655 1203 760 1239 σφαγὴν
774 1204 882 1239 ἐχώρει.

104 1249 178 1275 Ἐπεὶ
198 1249 228 1274 δὲ
252 1249 314 1279 τοὺς
331 1248 426 1275 ἑκατὸν
452 1248 559 1283 διῆλθεν
576 1250 589 1275 ό
605 1249 717 1284 δήμιος,
732 1249 884 1275 τελευταῖον

94 1295 164 1331 ’[καὶ]
177 1294 258 1321 αὐτὴν
268 1294 413 1330 Συμεὼνην
426 1294 528 1321 ἔκτεινε
538 1294 563 1328 ιι,
573 1295 618 1321 καὶ
634 1295 827 1330 Ἀϐεδεχαλάαν
838 1296 884 1323 καὶ

105 1341 243 1368 Ἀναννίαν
258 1341 323 1375 (98).
346 1340 506 1376 Ἀμφότεροι
517 1341 545 1367 δὲ
560 1341 689 1376 γηραλέοι
704 1341 883 1376 πρεσϐύτεροι

98 1387 144 1422 τῆς
159 1388 204 1413 ὑπ’
222 1387 301 1414 αὑτὸν
316 1387 478 1422 Ἐκκλησίας
488 1408 496 1420 ,
511 1387 569 1422 ἅμα
582 1387 655 1422 αὐτῷ
668 1387 882 1423 συνελήφθησαν,

99 1433 143 1459 καὶ
160 1434 187 1459 ἐν
204 1433 313 1468 δεσμοῖς
328 1430 408 1468 ἦσαν.

132 187 141 211 1
588 183 748 211 HISTORIA
767 183 1040 211 ECCLESIASTICA.
1062 200 1096 204 ——-
1113 184 1178 212 LIB.
1199 185 1230 212 ΙΙ,

92 243 144 278 ζῇν
156 263 162 274 ,
178 242 223 269 καὶ
241 241 345 276 βασιλεῖ
361 241 519 276 παραπλησι
537 250 558 272 ις
577 241 756 276 θρησκεύειν,
773 242 819 267 καὶ
836 241 881 267 τὸν

938 244 959 268 et
976 242 1060 269 solem
1073 242 1211 270 venerari.
1229 241 1281 269 bed
1294 249 1355 269 cum
1371 249 1451 269 nemo
1465 242 1575 270 illorum
1592 243 1634 271 his
1650 252 1716 272 con-

1663 188 1716 218 962

933 287 1082 314 (titionibus
1096 288 1186 315 vivere
1199 286 1392 319 sustinuisset,
1411 287 1486 314 ducti
1501 291 1564 314 sunt
1577 287 1604 314 in
1624 287 1714 315 locum

933 333 1070 367 supplicio
1084 332 1263 360 destinatum.
1278 332 1311 358 Et
1325 333 1505 367 spiculatores
1517 332 1624 367 quidem
1637 333 1715 366 jussa

934 377 1071 405 faciebant
1083 398 1089 410 ,
1105 381 1132 404 et
1148 378 1176 404 in
1191 376 1327 405 caedendis
1348 377 1517 413 martyribus
1533 377 1713 405 desudabant.

937 423 1088 458 Symcones
1112 431 1177 450 vero
1203 423 1237 450 iis
1259 423 1306 458 qui
1330 424 1568 451 interficiebantur
1592 424 1716 459 proxime

934 473 1049 500 astans,
1071 468 1236 496 hortabatur
1251 473 1280 496 ut
1303 469 1365 497 forti
1390 471 1482 497 animo
1503 471 1717 505 essentzdeque

934 519 1021 541 morte
1050 518 1077 542 et
1101 515 1319 547 resurrectione.
1346 519 1373 542 et
1389 515 1422 543 de
1437 517 1536 551 pietate
1554 516 1715 544 disserebat.

934 559 966 586 Et
982 567 1124 586 sacrarum
1141 559 1346 595 Scripturarum
1361 561 1520 588 testimonio
1538 562 1715 595 ostendebat,

934 607 986 632 hoc
1004 605 1114 640 quidem
1135 606 1215 632 modo
1237 610 1352 632 mortem
1378 611 1521 641 Oppetcre,
1544 615 1636 634 veram
1654 616 1718 635 esse

934 652 1016 678 vitam
1031 659 1037 678 :
1058 651 1142 678 Deum
1166 659 1232 679 vero
1248 659 1303 686 pra:
1324 652 1433 685 ignavia
1450 652 1565 687 prodere
1577 673 1583 685 ,
1601 658 1716 681 mortem

933 705 996 726 esse
1014 698 1207 725 certissimam.
1225 697 1302 732 ipsos
1323 698 1346 725 si
1366 698 1491 731 quidem,
1508 699 1616 727 etiamsi
1637 708 1717 727 nemo

933 745 988 771 vim
1010 744 1080 779 ipsis
1102 743 1229 775 afferret,
1257 743 1329 771 haud
1352 744 1438 771 multo
1459 749 1521 779 post
1545 753 1596 772 sua
1621 749 1718 780 sponte

933 798 996 818 esse
1013 791 1172 818 morituros.
1186 790 1265 818 Hunc
1277 791 1350 817 enim
1365 791 1468 817 exitum
1481 791 1587 818 cunctis
1603 798 1719 819 nascen-

934 834 1009 861 tibus
1027 834 1213 861 inevitabilem
1238 841 1310 862 esse.
1328 834 1394 866 Qum
1417 842 1483 861 vero
1507 839 1569 868 post
1591 835 1663 862 hanc
1681 836 1719 863 vi-

933 883 990 907 tam
1005 883 1116 906 manent
1133 884 1263 914 perpetua
1275 900 1281 912 ,
1296 887 1328 907 ea
1345 887 1399 906 non
1416 880 1546 907 omnibus
1561 881 1620 916 pari
1639 881 1719 909 modo

934 930 1064 952 eventura
1078 945 1085 957 ,
1102 925 1150 953 sed
1164 929 1278 953 cunctos
1293 925 1420 954 homines
1437 926 1500 953 vitae
1515 927 1560 953 hic
1574 931 1720 955 transacta:

934 971 1068 998 rationem
1093 975 1233 998 accurate
1247 971 1300 1006 59
1322 971 1397 999 velut
1421 979 1453 998 ex
1477 973 1580 999 trutina
1601 973 1719 1008 quadam

935 1017 1104 1044 reddituros.
1129 1016 1162 1044 Et
1186 1024 1279 1044 eorum
1307 1017 1418 1052 quidem
1442 1025 1504 1051 qua:
1530 1019 1720 1054 unusquisque

935 1067 1009 1090 recte
1024 1063 1155 1098 gesserit,
1176 1063 1359 1090 immortalem
1375 1068 1551 1098 accepturum
1569 1073 1630 1093 esse
1648 1073 1720 1093 mer-

935 1107 1049 1134 cedem:
1068 1115 1148 1135 secus
1169 1115 1234 1135 vero
1258 1112 1398 1142 gestorum
1419 1109 1601 1143 sempiternas
1624 1118 1720 1146 pcenas

934 1154 1073 1181 daturum.
1095 1153 1182 1180 Porro
1209 1154 1283 1181 inter
1304 1154 1376 1181 bona
1396 1161 1480 1190 Opera
1505 1163 1644 1184 summum
1668 1157 1720 1185 hoc

933 1209 995 1228 esse
1019 1208 1050 1227 ac
1073 1197 1265 1228 beatissimum
1290 1201 1430 1234 omnium,
1455 1209 1505 1236 pro
1522 1201 1578 1230 Deo
1605 1207 1719 1231 mortem

936 1247 1009 1274 ultro
1035 1251 1176 1281 oppetere.
1202 1246 1270 1273 Dum
1297 1246 1354 1274 haec
1376 1247 1527 1275 dissereret
1550 1247 1719 1284 Symeones,

936 1293 1038 1328 singuli
1058 1297 1188 1328 tanquam
1204 1292 1416 1321 exercitatorem
1436 1293 1465 1321 in
1487 1295 1577 1323 sacris
1593 1295 1721 1323 certami-

938 1340 1019 1367 nibus
1038 1344 1196 1366 monentem
1216 1347 1269 1373 quo
1287 1339 1495 1374 ingrediendum
1514 1341 1551 1368 sit
1565 1341 1662 1372 modo,
1680 1345 1721 1367 at—

938 1386 1021 1413 tentis
1038 1385 1151 1412 auribus
1170 1384 1329 1416 audientes,
1346 1385 1475 1414 alacriter
1491 1386 1524 1414 ad
1544 1387 1644 1414 caedem
1661 1395 1722 1422 per-

935 1433 1048 1468 gebant.
1066 1431 1214 1466 Postquam
1238 1435 1349 1458 centum
1375 1432 1438 1460 illos
1462 1433 1645 1461 interemisset
1665 1441 1723 1461 car.

99 1478 188 1510 uifex,
209 1478 307 1504 ultimo
324 1477 384 1505 loco
403 1481 430 1505 et
447 1477 611 1513 Symeonem
631 1478 720 1513 ipsum
736 1479 857 1512 occidit,
874 1484 898 1507 et
918 1486 979 1506 cum
999 1479 1046 1506 illo
1062 1478 1261 1506 Abdechalaam
1280 1483 1306 1505 et
1330 1478 1476 1505 Ananiam.
1494 1478 1526 1506 Hi
1546 1487 1642 1511 senes,
1662 1486 1723 1515 pre.

99 1524 197 1560 sbyteri
225 1524 354 1551 Ecclesia:
374 1532 455 1558 quam
475 1525 583 1559 regebat
604 1525 763 1560 Symeoncs,
781 1526 862 1553 ambo
883 1534 934 1553 una
953 1534 1014 1553 eum
1039 1526 1086 1552 illo
1099 1525 1169 1559 capti
1186 1529 1212 1551 et
1227 1524 1253 1550 in
1270 1524 1378 1551 vincula
1393 1524 1509 1559 conjecti
1524 1524 1642 1552 fuerant.

394 1569 516 1596 ΚΕΦΑΔ.
540 1570 590 1596 IA’.

102 1615 168 1650 Περὶ
202 1615 337 1648 Πουσίκη
368 1614 421 1642 τοῦ
451 1614 567 1651 πρώτου
595 1615 630 1642 ἐν
655 1615 718 1648 τοῖς
740 1616 888 1651 τεχνίταις

418 1650 565 1684 Σαϐώρου.

135 1696 291 1730 Τηνικαῦτα
310 1697 338 1723 δὲ
360 1696 507 1730 Πουσίκης,
523 1695 551 1727 ὃς
570 1696 678 1723 πάντων
693 1694 761 1732 ἦρχε
774 1696 827 1722 τῶν
842 1696 888 1723 τοῦ

104 1742 231 1775 βασιλέως
256 1742 393 1777 τεχνιτῶν,
417 1741 511 1768 αὐτόθι
538 1741 640 1774 ἑστὼς,
665 1741 725 1768 ἰδὼν
749 1743 888 1769 Ἀναννίαν

102 1787 235 1822 τρέμοντα
262 1787 299 1818 ὡς
325 1787 504 1823 ηὑτρεπίζετο
529 1787 574 1813 ἐπὶ
599 1787 648 1823 τὴν
674 1787 789 1823 σφαγὴν,
818 1788 889 1823 Πρὸς

105 1833 197 1868 βραχὺ,
214 1833 277 1867 ἔψη,
302 1830 323 1859 ὦ
349 1833 438 1868 γέρον,
460 1832 543 1868 μῦσον
567 1833 629 1864 τοὺς
653 1832 807 1867 ὀφθαλμούς
831 1842 887 1864 σου,

105 1879 147 1905 καὶ
165 1879 270 1915 θάρρει.
288 1879 391 1906 Λύτίκα
412 1879 465 1914 γὰρ
491 1879 550 1913 ὕψει
574 1878 619 1905 τοῦ
644 1878 761 1914 Χριστοῦ
775 1878 806 1905 τὸ
822 1879 887 1913 ιεῶς.

105 1926 177 1959 ’Ἅμα
197 1926 224 1952 δὲ
244 1925 322 1952 τοῦτο
347 1925 440 1956 εἰπὼν,
464 1924 627 1960 συνελήφθη,
652 1926 699 1951 καὶ⁸
718 1925 756 1956 ὡς
779 1925 890 1959 βασιλέα

105 1971 180 2006 ἤχθη.
207 1971 262 1998 Καὶ
294 1971 455 2006 Χριστιανὸς
485 1969 552 1998 εἴναι
583 1970 769 2005 ὁμολογήσας,
797 1969 890 1996 καθότι

105 2018 335 2053 ὲλευθεροστομῶν
353 2018 422 2052 ὑπὲρ
438 2016 484 2043 τοῦ
497 2017 629 2051 δόγματος
649 2016 695 2043 καὶ
720 2015 774 2042 τῶν
791 2015 894 2050 μαρτύ-

107 2071 157 2094 ρων
175 2063 368 2099 προσδιελέχθη
380 2062 418 2097 τῷ
433 2062 546 2097 βασιλεῖ,
565 2062 602 2093 ὡς
619 2061 648 2087 οὐ
664 2061 721 2088 δέον
735 2062 890 2096 παρρησια-

107 2109 227 2143 σάμενος,
252 2108 395 2144 παραξένῳ
419 2108 466 2134 καὶ
483 2107 615 2142 ὠμοτάτῳ
638 2106 731 2142 τρόπῳ
748 2106 890 2133 ἀποθανεῖν

106 2154 282 2189 προσετάχθη.
303 2154 372 2189 Περὶ
388 2153 442 2188 γὰρ
463 2153 508 2179 τὸν
527 2153 637 2179 τένοντα
654 2151 824 2187 διορύξαντες
843 2151 890 2177 αὐ-

105 2200 148 2225 τοῦ
168 2201 211 2226 τὸν
238 2201 337 2235 αὐχένα
359 2201 382 2226 οἱ
408 2199 508 2234 δήμιοι,
523 2198 585 2234 τῇδε
603 2198 683 2225 αὑτοῦ
700 2198 748 2234 τὴν
772 2197 890 2231 γλῶτταν

106 2245 272 2276 ἐξείλκυσανι
287 2247 318 2271 ὲκ
333 2245 457 2280 διαϐολῆς
468 2245 496 2271 δέ
506 2253 596 2276 τινων,
609 2244 656 2270 x11
671 2243 792 2290 θυγατηρ
807 2241 889 2290 etp-tot":
907 2263 926 2290 υ

107 2289 232 2325 παρθένος
258 2290 318 2326 ἱερὰ
345 2289 525 2324 συλληφθεῖσα
544 2289 603 2315 τότε
632 2287 762 2323 ἀνῃρέθη.
788 2287 840 2313 Τοῦ
860 2287 889 2313 δὲ

107 2336 291 2371 ἐπιγενομένου
317 2335 404 2367 ἔτους,
430 2334 499 2362 κατὰ
521 2334 569 2369 τὴν
593 2335 709 2369 ἡμέραν,
771 2332 817 2359 τοῦ
840 2333 888 2367 μὲν

107 2380 203 2412 πάθους
215 2381 260 2407 τοῦ
277 2380 394 2415 Χριστοῦ
413 2381 428 2414 ἡ
450 2380 601 2414 ἀνάμνησις
619 2379 782 2409 ὲπετελεῖτο,
797 2377 846 2412 τῆς
861 2377 888 2403 δὲ

107 2423 136 2448 ἐκ
157 2423 258 2459 νεκρῶν
280 2424 452 2455 ἀναστάσεως
478 2425 494 2458 ἠ
516 2424 668 2459 πανήγυρις
696 2423 886 2458 προσεδοκᾶτο,

1260 1569 1335 1595 CAP.
1356 1569 1401 1596 XI.

1037 1615 1075 1642 De
1094 1614 1190 1642 Pusice
1208 1615 1332 1650 praefecto
1351 1615 1485 1649 artiﬁcum
1505 1614 1626 1649 Saporis.

977 1693 1046 1720 Dum
1071 1693 1129 1720 haac
1154 1692 1269 1724 fierent,
1293 1692 1407 1720 Pusices
1430 1693 1575 1730 prtefectus
1602 1695 1723 1722 omnium

942 1738 1013 1773 regis
1034 1738 1174 1765 fabrorum
1191 1758 1197 1770 ,
1219 1738 1318 1765 ibidem
1340 1743 1417 1766 stans
1431 1759 1437 1770 ,
1458 1740 1634 1775 conspicatus
1653 1741 1725 1768 Ana-

942 1784 1016 1810 niam
1032 1787 1192 1810 trementem
1211 1790 1272 1810 cum
1289 1788 1434 1818 pararetur
1458 1785 1490 1812 ad
1513 1793 1628 1813 necem:
1653 1785 1725 1812 Pau—

942 1829 1028 1855 Iulum
1049 1829 1199 1862 temporis,
1219 1828 1322 1863 inquit,
1346 1835 1362 1855 ο
1384 1836 1485 1861 senex,
1511 1829 1608 1857 claude
1630 1830 1724 1857 oculos

943 1876 1004 1900 tuos
1016 1893 1022 1904 ,
1037 1876 1063 1900 et
1079 1873 1150 1900 bono
1166 1873 1258 1899 animo
1271 1876 1340 1900 esto.
1357 1873 1417 1900 Mox
1434 1874 1505 1901 enim
1517 1874 1621 1901 videbis
1636 1875 1724 1901 lucem

943 1918 1056 1945 Christi.
1077 1919 1143 1951 Qum
1162 1926 1224 1945 eum
1245 1919 1376 1952 dixisset,
1399 1919 1471 1946 illico
1491 1921 1723 1955 comprehensus,

943 1965 977 1991 ad
995 1972 1085 1999 regem
1104 1965 1273 1999 perducitur.
1290 1964 1322 1991 Et
1337 1973 1398 1992 cum
1415 1973 1444 1992 se
1462 1965 1651 1993 Christianum
1671 1966 1724 1994 fas‘

944 2017 992 2037 sus
1007 2009 1121 2041 fuisset,
1139 2009 1270 2044 quoniam
1285 2010 1317 2037 de
1330 2010 1451 2037 doctrina
1463 2010 1683 2038 Christianorum
1698 2015 1724 2038 et

944 2057 977 2084 de
995 2056 1162 2091 martyribus
1179 2056 1296 2083 liberius
1314 2056 1421 2084 locutus
1436 2061 1496 2084 erat
1515 2057 1571 2092 regi
1584 2077 1591 2090 ,
1612 2057 1724 2092 perinde

944 2101 1023 2136 quasi
1043 2105 1139 2128 contra
1158 2101 1205 2135 jus
1225 2101 1322 2136 fasque
1342 2102 1441 2129 fiducia
1462 2110 1547 2134 usus,
1568 2110 1638 2130 novo
1657 2111 1722 2138 quo-

944 2148 1005 2174 dam
1024 2152 1051 2175 et
1068 2147 1259 2174 crudelissimo
1277 2147 1374 2174 mortis
1387 2155 1485 2182 genere
1498 2147 1610 2182 jubetur
1626 2148 1728 2176 occidi.

943 2192 1070 2220 Perfossa
1085 2193 1158 2220 enim
1174 2192 1235 2225 ejus
1250 2193 1356 2220 cervice
1372 2193 1445 2219 circa
1460 2193 1599 2220 tendinem
1611 2213 1619 2225 ,
1637 2193 1728 2228 spicu-

944 2239 1047 2266 latores
1063 2238 1185 2273 linguam
1203 2238 1262 2273 ejus
1277 2237 1340 2264 illac
1352 2238 1521 2265 evulserunt.
1540 2237 1642 2266 Eodem
1659 2242 1727 2265 tem-

942 2291 1006 2319 pore
1024 2284 1078 2310 ﬁlia
1097 2291 1208 2318 quoque
1224 2283 1300 2318 ejus,
1318 2283 1395 2318 virgo
1414 2283 1468 2311 Deo
1484 2288 1662 2317 consecrata,
1680 2285 1728 2311 de-

942 2330 1043 2357 latione
1058 2330 1239 2365 quorumdam
1256 2331 1455 2364 comprehensa
1480 2330 1652 2358 interficitur.
1679 2330 1729 2357 Se—

941 2380 1042 2409 quente
1069 2380 1160 2402 autem
1190 2384 1283 2408 anno,
1303 2384 1336 2404 eo
1356 2377 1416 2411 ipso
1442 2377 1486 2404 die
1514 2384 1569 2411 quo
1589 2376 1728 2411 passionis

941 2421 1050 2456 quidem
1079 2421 1180 2448 Christi
1212 2422 1344 2449 memoria
1373 2422 1575 2453 celebrabatur,
1603 2428 1724 2448 resurre—

706 2510 840 2539 VALESII
859 2511 1133 2539 ANNOTATIONES.

139 2569 192 2605 (98)
211 2571 373 2598 ’Amwlav.
387 2570 521 2597 Ananiam
542 2570 614 2597 hunc
630 2573 782 2604 martyrem
807 2575 886 2605 vorat

108 2603 267 2639 Epiphanius
284 2606 483 2633 Scholasticus.
501 2609 589 2639 Atque
606 2605 642 2631 ita
660 2603 716 2631 fere
732 2605 819 2631 codex
832 2603 885 2629 Fu-

107 2637 177 2666 kctii.
199 2641 334 2667 Ἀννανιαν
357 2641 429 2668 enim
458 2637 595 2675 script—um
621 2639 713 2666 habet.
741 2639 770 2665 ln
789 2640 884 2665 codice

939 2571 1028 2596 Μεδιῑὶ
1047 2570 1147 2604 legitur
1163 2570 1273 2596 Αἰνίναν
1288 2569 1331 2596 hic
1349 2573 1378 2595 et
1395 2569 1423 2595 in
1437 2569 1526 2604 capite
1548 2575 1564 2594 ιι
1581 2567 1662 2604 infra,
1678 2565 1724 2593 ubi

937 2606 1021 2632 eodm
1039 2601 1146 2632 Fulgetii
1163 2605 1297 2639 scriptum
1315 2604 1397 2631 etiam
1412 2601 1493 2630 habet
1514 2601 1661 2629 ’Λναννίαν.

820 2725 1008 2753 VARIORUM.

138 2787 150 2806 ἀ
168 2788 337 2815 Τελευταῖον
365 2787 414 2814 καὶ
452 2786 545 2817 αὐτὸν
569 2785 731 2820 Συμεώνηνῖ
755 2783 881 2820 ἔκτεινε.

108 2820 258 2860 ξῐιιτιγτῑιιηι
285 2823 429 2860 Symeonis
445 2822 630 2860 et_so_ciorunm
649 2819 774 2860 contigit
806 2826 883 2860 τρεῖς)

107 2856 162 2894 549,
173 2853 222 2894 ἰίὶρ
236 2853 335 2894 Aprilis
346 2858 392 2894 ει,
411 2857 500 2890 inquit
514 2855 666 2894 Ant.__Pagi,
683 2855 716 2880 ad
734 2861 797 2894 ann.
813 2853 879 2894 5:53,

108 2898 131 2917 ιι.
149 2892 173 2918 5.
192 2888 287 2921 Veruiu
304 2901 364 2921 cum
377 2888 547 2919 Sozoineuus
567 2888 667 2917 diserte
688 2891 806 2919 asserat,
826 2888 879 2922 Sy-

938 2791 1060 2810 meonem
1080 2783 1158 2810 initio
1183 2781 1387 2818 persecutionis
1404 2777 1722 2818 interemptumjfuissc,

936 2820 995 2853 ejus
1012 2818 1173 2853 martyrium
1183 2813 1473 2853 'adiannumncirciter
1491 2813 1543 2853 toi-5
1571 2813 1661 2853 potius
1680 2820 1723 2839 re-

935 2847 1093 2881 vocanduuf
1105 2858 1199 2880 censet
1217 2852 1325 2879 Theod.
1343 2850 1469 2882 ltuinart,
1486 2850 1543 2874 Aci.
1564 2847 1647 2874 Μαι-ι.
