1898 3075
113 146 162 174 977

600 144 762 172 HISTORIA
780 141 1056 172 ECCLESIASTICA.
1068 158 1102 163 ——
1120 143 1184 171 LlB.
1205 143 1237 171 ll.

1680 145 1732 173 9’18

112 204 239 231 ἐκαλεῖτο.
253 202 344 229 Ταῦτα
359 203 407 238 μὲν
427 203 612 239 Ἀπολινάριος
626 203 725 239 γράφει
741 204 804 239 περὶ
817 202 896 229 Ἀθα-

955 201 1019 234 Quin
1038 206 1064 229 et
1088 203 1249 238 prophetico
1277 202 1376 237 spiritu
1402 202 1498 229 beatus
1525 201 1676 228 Alexander
1695 202 1732 229 ita

112 250 211 276 νασίου.
225 249 255 275 Οί
269 248 296 275 δὲ
312 248 366 276 ἀπὸ
380 249 428 284 τῆς
444 249 548 284 Ἀρείου
567 250 698 284 αἱρέσεως
712 249 846 284 λέγουσιν,
860 249 897 280 ὡς

112 293 283 329 Ἀλεξάνδρου
307 294 524 330 τελευτήσαντος,
540 295 700 322 ἐκοινώνουν
727 295 853 330 ἀλλήλοις
872 296 896 322 ol

113 341 144 367 τὰ
162 339 336 374 Ἀλεξάνδρου
352 339 399 366 καὶ
420 339 548 366 Μελιτίου
567 340 727 376 φρονοῦντες
739 349 746 356 ·
759 340 898 367 συνελθόν-

105 393 154 425 Ιτες
170 393 198 411 τε
217 384 248 410 ἐκ
263 383 395 419 Θηϐαΐδος
411 384 458 410 καὶ
477 383 528 419 τῆς
547 384 630 419 ἄλλης
645 385 782 419 Αἰγύπτου
797 385 896 419 πεντή-

113 438 190 457 κοντα
209 429 255 456 καὶ
279 430 411 465 τέσσαρες
425 429 730 465 ὲπίσκοποι,ὲνωμὸτως
746 430 896 462 συνέθεντο,

113 476 184 511 κοινῇ
197 475 280 511 ψήφῳ
290 474 426 511 αἱρεῖσθαι
438 476 484 503 τὸν
496 476 637 510 ὀφείλοντα
645 476 693 511 τὴν
702 476 898 512 Ἀλεξανδρέων

119 521 278 557 Ἐκκλησίαν
298 522 497 557 ἐπιτροπεύειν.
519 523 755 558 Ἐπιορκήσαντας
775 522 803 548 δέ
827 522 898 549 ἑπτά

113 576 183 600 τινας
207 568 262 595 τῶν
280 566 437 595 ἐπιὰκὸπων
460 568 526 604 (i4),
542 569 616 604 παρὰ
637 569 686 604 τὴν
703 569 810 595 πάντων
827 567 898 602 γνὼ-

115 621 166 648 μην
179 612 276 647 κλέψαι
290 612 337 648 τὴν
351 613 511 640 Ἀθανασίου
522 613 691 648 χειροτονίαν
703 614 748 640 καὶ
758 613 802 640 διὰ
820 613 899 640 τοῦτο

113 659 222 690 πολλοὺς
246 658 293 685 τοῦ
309 658 386 690 λαοῦ,
402 660 449 685 καὶ
464 659 518 685 τῶν
540 660 590 686 ἀνὰ
615 660 663 693 τὴν
679 660 816 693 Αἴγυπτον
832 657 899 695 κλη-

115 705 201 740 ρικῶν,
223 705 374 739 ἀποφυγεῖν
397 705 447 741 τὴν
471 706 538 741 προς
562 706 642 732 αὑτὸν
659 706 811 734 κοινωνίαν.
829 706 900 740 Ἐγὼ

113 750 139 776 δέ
155 750 281 785 πείθομαι
304 751 351 777 τὸν
367 751 450 786 ἄνδρα
466 751 559 778 τοῦτον
592 753 641 779 οὐκ
657 752 731 779 ἀθεεὶ
755 753 900 788 παρελθεῖν

114 797 157 822 ἐπὶ
166 797 214 832 τὴν
227 797 443 832 ἀρχιερωσύνην,
452 797 542 832 λέγειν
556 806 596 831 τε,
607 799 653 825 καὶ
662 800 731 825 νοεῖν
742 799 844 830 ἱκανὸν,
854 799 900 825 καὶ

114 842 179 877 πρὸς
194 842 341 874 ἐπιϐουλὰς
352 843 477 878 ἀντέχειν
487 853 494 859 ·
512 844 568 870 οἴου
585 844 702 880 μάλιστα
720 846 733 871 ὁ
749 846 808 872 κατ’
819 845 900 872 αὑτὸν

114 889 194 915 ἐδεῖτο
205 889 309 923 καιρός.
331 889 453 923 Ἐγένετο
478 889 506 916 δὲ
521 878 746 926 ἐκκλνησιαστικὺς
761 891 801 918 ὅτι
821 891 900 926 μάλι-
918 878 938 906 Β

115 941 171 965 στα,
189 933 235 960 καὶ
253 933 316 969 περὶ
329 935 358 960 τὸ
387 934 512 970 ἱερᾶσθαι
536 936 754 971 ἐπιτηδειότατος
765 956 773 968 ,
785 937 817 963 ἐκ
830 937 900 970 νέου,

115 979 149 1010 ὡς
162 981 257 1011 εἰπεῖν,
273 980 461 1012 αὐτοδίδακτος
489 981 610 1013 τοιοῦτος
626 983 719 1016 φανείς
737 983 803 1018 (15).
822 983 902 1018 Ἀμέ-

115 1025 152 1052 λει
167 1033 207 1052 τοι
218 1024 294 1052 οὔπω
312 1026 442 1062 προσήϐῳ
453 1027 668 1062 γενομένῳ,τύδε
685 1028 766 1063 φασὶν
779 1027 903 1064 ἐπάὺτῷ

115 1070 324 1105 συμϐεϐηκέναι.
337 1071 476 1107 Δημοτελῆ
495 1072 543 1098 καὶ
565 1072 668 1108 σφόδρα
689 1072 819 1108 λαμπρὰν
836 1081 904 1099 παν-

115 1117 208 1151 ήγυριν
225 1117 311 1143 εἰσέτι
325 1116 373 1143 νῦν
387 1117 498 1150 ἄγουσιν
516 1116 710 1153 Ἀλεξανδρεῖς,
726 1118 775 1153 τὴν
792 1117 903 1154 ἐτησίαν

115 1161 216 1197 ἡμέραν
239 1162 289 1197 τῆς
316 1162 470 1198 μαρτυρίας
493 1162 597 1198 Πέτρου
612 1163 659 1189 τοῦ
678 1164 822 1198 γενομένου
838 1163 903 1199 παρ’

113 1208 201 1239 αὐτοῖς
214 1207 376 1234 ἐπισκόπου.
398 1208 506 1243 Ταύτην
522 1216 552 1234 τε
566 1208 698 1234 ἐπιτελῶν
719 1208 903 1243 Ἀλέξανδρος,

113 1254 127 1280 ὁ
139 1254 196 1280 τότε
207 1255 258 1288 τῆς
268 1253 428 1289 Ἑκκλησίας
442 1254 603 1289 ἡγούμενος,
614 1254 664 1289 ήδη
675 1254 724 1290 τὴν
736 1255 905 1290 λειτουργίαν

115 1297 270 1332 πληρώσας,
282 1297 427 1332 περιέμενε
440 1298 503 1329 τοὺς
520 1299 577 1333 ἅμα
593 1298 667 1333 αὐτῷ
685 1298 831 1333 μέλλοντας
845 1299 905 1334 ἀρι-

116 1342 188 1376 στᾷν.
201 1341 272 1368 Καθ’
289 1341 385 1368 ἑαυτὸν
400 1341 428 1368 δὲ
450 1341 563 1376 διάγων,
574 1343 638 1374 τοὺς
659 1342 814 1377 ὀφθαλμοὺς
834 1341 905 1377 εἶχεν

115 1388 158 1414 ἐπὶ
170 1387 218 1423 τὴν
237 1387 385 1414 θάλασσαν.
413 1387 485 1414 Ἰδὼν
498 1388 527 1414 δὲ
551 1387 693 1423 πόρρωθεν
709 1388 786 1424 παρὰ
802 1389 847 1415 τὸν
862 1390 905 1415 αἱ-

112 1432 202 1466 γιαλὸν
217 1432 317 1464 παῖδας
332 1432 488 1464 παίζοντας,
499 1432 546 1459 κα)¹
558 1433 707 1460 ἐπίσκοπον
720 1434 905 1468 μιμουμένους

115 1477 159 1503 καὶ
174 1476 207 1504 τὰ
220 1478 272 1512 τῆς
296 1477 457 1513 Ἑκκλησίας
475 1477 536 1513 ἔθη,
548 1477 590 1512 ἐφ’
603 1477 664 1504 ὅσον
680 1477 819 1505 ἀκίνδυνον
834 1478 907 1514 ἐώρα

115 1523 161 1556 τὴν
172 1523 302 1558 μίμησιν,
315 1523 393 1558 ἥδετο
404 1525 437 1558 τῇ
450 1523 511 1558 θέᾳ,
529 1524 575 1550 καὶ
593 1525 649 1555 τοῖς
664 1523 817 1558 γινομένοις
831 1524 907 1559 ἔχαι-

117 1577 170 1604 ρεν,
187 1569 264 1595 Ἐπεὶ
279 1569 306 1595 δὲ
320 1569 367 1596 καὶ
381 1569 434 1596 τῶν
450 1569 614 1604 ἀπορρήτων
625 1569 739 1604 ἥψαντο,
754 1570 905 1606 ἐταράχθη·

116 1615 160 1640 καὶ
173 1614 428 1650 μετακαλεσάμενος
444 1615 506 1646 τοὺς
524 1615 553 1641 ἐν
573 1614 645 1641 τέλει
667 1615 715 1642 τοῦ
731 1615 844 1652 κλήρου,
858 1617 907 1644 ἒπ-

117 1662 196 1694 έδειξε
211 1663 277 1694 τοὺς
290 1662 389 1695 παῖδας
399 1672 405 1678 ·
425 1663 471 1690 καὶ
493 1664 696 1700 συλληφθέντας
711 1666 810 1697 αὑτοὺς
824 1666 908 1701 ἀχθῆ-

117 1716 158 1734 ναι
174 1708 316 1740 κελεύσας,
332 1708 496 1735 ἐπυνθάνετο
506 1708 548 1741 τίς
559 1709 651 1741 αὐτοῖς
661 1708 695 1746 ἦν
710 1711 727 1745 ἠ
745 1710 849 1743 παιδιὰ,
861 1710 909 1737 καὶ

116 1753 227 1781 ποδαποὶ
243 1755 268 1781 οἱ
293 1754 339 1781 ἐπὶ
358 1754 444 1791 ταύτῃ
457 1755 530 1789 λόγοι
546 1756 594 1782 καὶ
610 1756 734 1791 πράξεις.
751 1757 783 1784 Ol
799 1757 838 1790 δὲ,
853 1758 908 1785 δεί-

118 1807 220 1832 σαντες,
234 1799 271 1826 τὰ
296 1800 392 1836 πρῶτα
406 1800 552 1836 ἠρνοῦντο·
569 1801 761 1836 ἐπιμείναντος
782 1803 810 1829 δὲ
825 1803 908 1830 αὑτοῦ

117 1845 147 1878 τῇ
163 1844 282 1879 βασάνῳ,
312 1845 504 1880 κατεμήνυσαν
526 1846 676 1872 ἐπίσκοπον
695 1846 745 1882 μὲν
760 1847 806 1874 καὶ
820 1848 904 1883 ἀρχη-

91 1896 94 1898 ·
118 1889 163 1922 γὸν
176 1888 304 1924 γενέσθαι
320 1890 366 1916 τὸν
388 1890 547 1917 ’Δθανάσιον
568 1898 575 1906 ·
592 1891 773 1928 βαπτισθῆναι
790 1892 818 1919 δὲ
843 1893 908 1929 παρ’

117 1934 198 1961 αὐτοῦ
224 1934 305 1967 τινὰς
328 1935 382 1962 τῶν
398 1936 530 1971 ἀμυήτων
559 1936 672 1964 παίδων.
689 1937 742 1969 Οὓς
772 1938 910 1974 ἐπιμελῶς

117 1981 257 2016 ἀνέκρινεν
278 1981 461 2017 ’Δλέξανδρος,
475 1983 502 2009 τι
519 1983 569 2018 μὲν
580 1983 681 2015 αὐτοὺς
690 1983 772 2019 ἣρετο
786 1984 803 2020 ἢ
818 1984 910 2020 ἐποίη-

119 2034 161 2052 σεν
171 2028 184 2053 ὀ
196 2027 246 2062 τῆς
261 2027 370 2059 παιδιᾶς
398 2027 487 2063 ἱερεύς
500 2037 506 2044 ·
520 2028 547 2055 τί
559 2029 588 2055 δὲ
607 2028 684 2056 αὐτοὶ
695 2029 877 2065 ἀπεκρίναντο
892 2030 909 2066 ἢ

118 2071 304 2108 ἐδιδάχθησαν.
322 2072 455 2108 ’Δνευρὼν
468 2073 496 2099 δὲ
509 2074 599 2100 πᾶσαν
613 2075 663 2110 τὴν
681 2075 911 2113 ἐκκλησιαστικὴν

118 2117 192 2150 τάξιν
206 2118 330 2154 ἀκριϐῶς
354 2120 396 2146 ἐπ’
419 2120 512 2151 αὐτοῖς
537 2120 729 2156 φυλαχθεῖσαν,
750 2121 911 2158 ἐδοκίμασεν

118 2163 173 2198 ἅμα
184 2165 240 2195 τοῖς
257 2164 326 2199 ἀμφ’
340 2164 421 2191 αὑτὸν
441 2164 542 2200 ίερεῦσι
557 2165 779 2202 βουλευσάμενος,
790 2168 828 2204 μὴ
845 2167 912 2204 χρῆ-

949 247 1058 276 locutus
1073 252 1130 276 cst:
1149 247 1282 284 El'l'ugisse
1298 251 1324 275 te
1341 248 1442 279 credis,
1459 248 1602 275 Athanasi.
1618 247 1676 274 Non
1694 249 1733 275 cf-

950 293 1058 329 l'ugies;
1085 294 1241 329 signiticans
1261 293 1368 322 scilicet
1389 301 1451 321 eum
1470 294 1502 320 ad
1519 299 1657 320 certamen
1684 302 1733 319 vo-

948 341 1016 367 cari.
1031 339 1065 366 Et
1077 339 1245 374 Apollinaris
1262 340 1371 375 quidem
1385 340 1418 367 de
1437 339 1589 367 Athanasio
1601 340 1653 366 ista
1669 340 1734 366 scri-

947 385 997 412 bit.
1014 385 1108 412 Ariani
1126 393 1192 413 vero
1212 390 1349 419 asserunt,
1368 390 1478 413 mortuo
1494 385 1662 416 Alexandro,
1679 390 1733 410 tam

948 439 996 459 eos
1011 431 1056 467 qui
1073 431 1228 467 ipsi,quam
1246 440 1293 460 eos
1312 432 1357 467 qui
1372 431 1473 459 Melitio
1487 431 1672 463 adhaerebant,
1692 431 1734 456 in-

948 481 989 505 ter
1004 485 1033 505 se
1047 479 1281 506 communicasse:
1300 484 1534 514 congregatosque
1550 487 1581 506 ex
1595 477 1734 504 Thebaide

948 527 975 551 et
989 532 1023 552 ex
1045 523 1174 552 universa
1191 523 1311 560 Egypto
1327 524 1528 560 quinquaginta
1542 528 1661 559 quatuor
1678 524 1735 558 epi-

949 577 1058 604 5copos,
1076 569 1139 597 dato
1152 569 1203 597 sibi
1218 569 1333 597 invicem
1347 570 1537 604 jurejurando,
1553 569 1682 597 statuisse
1706 573 1735 594 ut

949 615 1087 641 communi
1103 613 1235 648 suﬂ‘ragio
1254 615 1402 649 eligeretur
1420 615 1443 643 is
1460 615 1507 650 qui
1523 614 1735 641 Alexandrinam

950 659 1102 688 Ecclesiam
1120 659 1369 687 administraturus
1382 665 1474 687 esset:
1491 659 1538 687 sed
1553 665 1657 694 septem
1678 659 1736 693 cpi-

950 714 1049 741 scopos
1075 714 1108 734 ex
1135 713 1230 734 eorum
1256 714 1388 737 numero,
1419 706 1520 732 violato
1545 705 1735 740 jurejurando,

951 755 1049 787 praeter
1064 751 1234 787 reliquorum
1250 751 1372 779 omnium
1391 753 1557 778 voluntatem
1574 752 1644 778 clam
1662 750 1738 777 ordi-

951 806 1032 826 nasse
1049 798 1230 826 Athanasium
1245 819 1252 831 ,
1279 806 1367 833 eaque
1384 798 1417 826 de
1440 806 1523 825 causa
1550 798 1663 827 mullos,
1680 801 1738 823 tum

951 853 983 871 ex
1001 845 1090 879 plebe,
1107 850 1162 871 tum
1180 852 1213 872 ex
1240 844 1350 872 clericis
1375 844 1497 879 Egypti,
1516 843 1738 870 communionem

952 892 1012 926 ejus
1035 891 1180 926 refugisse.
1206 891 1262 927 Ego
1280 899 1346 919 vero
1362 892 1434 918 hunc
1451 891 1540 917 virum
1558 897 1611 916 non
1631 890 1738 923 absque

954 936 1000 964 Dei
1019 941 1086 963 nulu
1109 937 1141 963 ad
1157 936 1340 964 sacerdotium
1360 937 1518 971 pervenisse
1538 935 1680 966 existimo,
1698 939 1741 961 ut-

954 987 1017 1019 pote
1031 983 1187 1017 eloquentia
1202 982 1282 1010 simul
1296 986 1323 1010 et
1339 981 1519 1017 intelligentia
1536 981 1699 1016 pollentem,
1714 984 1741 1007 et

955 1029 988 1056 ad
1003 1028 1186 1056 resistendum
1212 1028 1321 1055 insidiis
1346 1028 1569 1055 adversariorum
1592 1026 1740 1053 idoneum:

955 1074 1117 1110 cuiusmodi
1133 1075 1222 1101 virum
1242 1075 1289 1102 illa
1303 1074 1440 1110 przecipue
1464 1078 1587 1108 tempora
1614 1073 1742 1106 require-

954 1121 1029 1148 bant.
1049 1120 1109 1148 Fuit
1124 1125 1198 1148 certe
1215 1121 1247 1147 ad
1268 1120 1418 1148 conciones
1433 1118 1648 1150 ecclesiasticas,
1668 1122 1694 1144 et
1709 1117 1742 1145 ad

956 1165 1103 1194 sacerdotii
1131 1165 1185 1201 67
1211 1173 1311 1193 munus
1332 1165 1487 1192 obeundum
1515 1164 1688 1199 aptissimus,
1716 1166 1742 1190 et

955 1212 990 1239 ab
1015 1212 1126 1239 ineunte
1157 1215 1237 1239 :ctate
1268 1211 1294 1238 in
1324 1209 1481 1245 huiusmodi
1506 1210 1588 1237 rebus
1606 1209 1743 1235 αὐτοδίδα-

955 1265 1029 1289 κτος,
1051 1262 1079 1283 ut
1106 1257 1143 1283 ita
1163 1255 1263 1288 dicam,
1281 1256 1419 1290 apparuit.
1441 1255 1563 1288 Denique
1577 1254 1666 1280 adhuc
1691 1253 1743 1280 im-

957 1303 1054 1338 puberi
1078 1302 1151 1330 istud
1172 1303 1196 1329 ei
1215 1302 1349 1329 accidisse
1370 1301 1465 1328 fertur.
1492 1300 1634 1328 Publicum
1651 1307 1681 1326 ac
1699 1307 1744 1327 so-

956 1348 1046 1375 lemne
1071 1347 1171 1374 festum
1198 1347 1300 1382 ingenti
1325 1354 1423 1381 pompa
1437 1345 1586 1380 quotannis
1602 1344 1745 1371 celebrant

958 1392 1144 1424 Alexandrini,
1160 1399 1193 1419 eo
1211 1391 1253 1418 die
1273 1398 1328 1426 quo
1347 1390 1443 1418 Petrus
1461 1390 1585 1424 ipsorum
1605 1388 1670 1415 olim
1686 1388 1744 1423 epi-

957 1446 1059 1474 scopus
1077 1437 1240 1474 martyrium
1256 1436 1469 1464 cousummavit.
1488 1435 1565 1463 llunc
1578 1433 1662 1469 igitur
1673 1435 1744 1461 diem

958 1483 1057 1511 festum
1075 1482 1223 1517 aliquando
1241 1482 1386 1509 celebrans
1413 1481 1580 1512 Alexander,
1605 1480 1652 1515 qui
1679 1483 1745 1506 tunc

959 1529 1080 1564 ipsorum
1093 1531 1153 1555 erat
1167 1527 1325 1562 episcopus,
1343 1526 1464 1561 peractis
1481 1526 1628 1553 missarum
1645 1524 1747 1552 solem-

959 1573 1050 1606 nibus,
1069 1572 1244 1606 exspectabat
1262 1579 1311 1599 eos
1325 1570 1372 1606 qui
1390 1578 1443 1597 una
1463 1578 1525 1597 cum
1544 1571 1604 1605 ipso
1616 1570 1744 1604 pransuri

958 1622 1047 1647 erant.
1065 1617 1188 1653 Cumque
1215 1617 1290 1645 solus
1315 1620 1409 1648 esset,
1430 1616 1527 1643 oculos
1551 1616 1689 1643 convertit
1712 1615 1746 1642 ad

959 1664 1112 1692 mare.lllic
1134 1664 1201 1691 visis
1222 1663 1331 1691 eminus
1355 1662 1448 1698 pueris
1463 1662 1524 1697 qui,
1540 1662 1569 1688 in
1590 1661 1681 1688 littore
1705 1661 1743 1687 lu-

959 1709 1065 1742 dentes,
1086 1709 1210 1745 episcopi
1227 1708 1346 1736 oﬂlcium
1363 1715 1514 1743 sacrosque
1528 1707 1660 1735 Ecclesiae
1677 1707 1747 1734 ritus

959 1755 1152 1791 exprimebant
1162 1764 1168 1783 :
1178 1755 1300 1790 quandiu
1312 1754 1422 1789 quidem
1433 1761 1543 1781 scenam
1559 1753 1632 1780 illam
1645 1753 1748 1787 absque

959 1801 1083 1836 periculo
1106 1807 1169 1829 esse
1193 1800 1408 1832 animadvertit,
1433 1799 1624 1827 delectabatur
1642 1803 1749 1833 spetam

960 1848 1034 1881 culo,
1048 1854 1099 1874 nec
1112 1847 1280 1874 mediocrem
1297 1854 1328 1874 ex
1341 1854 1372 1873 ea
1389 1853 1418 1873 re
1431 1845 1556 1880 capiebat
1568 1846 1746 1879 voluptatem.

960 1895 1109 1929 Postquam
1126 1900 1190 1921 vero
1205 1900 1305 1920 arcana
1319 1899 1428 1927 quoque
1447 1892 1576 1926 mysteria
1594 1891 1750 1924 exprimere

960 1944 1115 1976 cceperunt,
1135 1938 1311 1974 perturbatus
1331 1940 1374 1965 est
1398 1936 1513 1969 animo;
1537 1935 1697 1970 voeatisque
1715 1934 1749 1961 ad

961 1994 992 2015 se
1011 1985 1179 2021 primoribus
1194 1984 1273 2016 cleri,
1290 1990 1391 2019 pueros
1408 1981 1540 2011 ostendit.
1561 1981 1686 2015 Cumque
1701 1987 1749 2007 eos

961 2030 1177 2066 comprehensos
1195 2028 1294 2056 adduci
1310 2027 1455 2062 iussisset,
1476 2027 1635 2055 sciscitatus
1650 2029 1692 2053 est
1715 2032 1748 2052 ex

961 2076 1006 2109 iis,
1022 2075 1148 2111 quisnam
1166 2074 1244 2102 lusus
1264 2073 1388 2109 ipsorum
1407 2075 1497 2104 esset,
1523 2076 1550 2099 et
1574 2071 1638 2106 quid
1661 2071 1688 2097 in
1716 2078 1752 2097 eo

961 2121 1097 2153 dicerent,
1114 2119 1215 2155 quidve
1230 2122 1352 2155 agerent.
1369 2117 1411 2146 llli
1426 2122 1501 2145 metu
1516 2116 1656 2154 perculsi,
1671 2116 1750 2143 initio

961 2167 1073 2203 quidem
1093 2171 1238 2204 negarunt.
1266 2165 1321 2194 Sed
1349 2173 1412 2192 cum
1429 2165 1585 2192 Alexander
1603 2163 1748 2199 quaestioni

119 2211 160 2236 ναι
180 2210 367 2237 ἁναϐατττίσαι
382 2211 390 2231 ί
404 2211 468 2242 τοὺς
490 2211 565 2244 ἅπαξ
580 2213 609 2239 ἐν
623 2212 754 2249 ἁπλότητι
770 2214 822 2249 τῆς
835 2213 902 2246 θείας

964 2215 1096 2247 instaret,
1119 2213 1242 2242 confessi
1270 2215 1334 2240 sunt
1359 2212 1519 2247 episcopum
1549 2218 1580 2238 ac
1602 2209 1720 2245 praesule
1733 2218 1747 2234 ιι

120 2256 226 2290 χάριτος
241 2255 418 2288 ἀξιωθέντας.
432 2256 507 2283 Τὰδὲ
515 2257 582 2284 ἄλλα
593 2259 657 2294 περὶ
669 2259 766 2291 αὐτοὺς
776 2259 905 2295 ἐπλήρου,

120 2299 136 2326 ἃ
152 2300 230 2336 θέμις
259 2301 358 2336 μόνους
380 2301 444 2334 τοὺς
469 2303 633 2338 ἱερωμένους
662 2305 907 2340 μυπαγωγοῦντας

960 2263 1047 2291 fuisse
1063 2261 1131 2297 ipsis
1148 2258 1340 2292 Athanasium,
1364 2260 1391 2286 et
1421 2257 1556 2292 quosdam
1583 2262 1685 2291 pueras
1702 2255 1748 2289 qui

961 2308 1083 2336 nondum
1108 2305 1246 2342 mysteriis
1264 2303 1367 2332 initiati
1392 2303 1530 2337 fuissent,
1557 2302 1591 2330 ab
1616 2302 1663 2329 illo
1687 2308 1748 2328 ess:

721 2396 855 2425 VALESII
871 2396 1149 2426 ANNOTATIONES.

157 2449 211 2484 (14)
236 2450 329 2489 Ἑπτά
351 2459 434 2489 τινας
446 2450 505 2478 τῶν
517 2451 701 2489 ἑπισκόίτων.
720 2453 788 2481 Vide
801 2454 908 2489 episto-

127 2483 175 2525 lam
199 2484 362 2525 synodicae:
385 2487 580 2522 episcoporum
612 2486 724 2525 @gypti
753 2489 785 2516 ad
813 2483 909 2518 6mnes

123 2519 278 2560 catholicos
310 2519 491 2560 episcopum:
506 2529 587 2556 quam
607 2519 676 2560 citat
687 2519 866 2553 'Athanasius
882 2525 910 2552 in

125 2552 288 2594 [lelensionc
311 2552 441 2594 secunda.
457 2552 754 2594 adversusrArianos,
781 2560 827 2586 ubi
852 2552 911 2587 haec

123 2589 289 2617 Arianorum
322 2591 460 2619 calumnia
493 2591 527 2620 de
561 2589 911 2623 ordinatiouc'Athanasii

963 2456 1073 2492 egregie
1085 2454 1232 2482 refellitur.

999 2491 1055 2526 (15)
1068 2488 1286 2526 Αὑτοδίδᾳκτος
1308 2485 1442 2526 τοιῂτος
1455 2486 1570 2526 sparsit;
1580 2485 1678 2526 _Malim
1687 2492 1752 2526 cum

965 2521 1122 2588 Nicephoro
1142 2521 1476 2553 εει-ἱδθτθαῦτοδίδακτος
1502 2522 1532 2548 ἐν
1550 2522 1606 2552 τοῖς
1622 2521 1754 2549 τοιούτοις

965 2569 1032 2597 (pave
1047 2571 1071 2594 ς.

844 2682 1034 2710 VARIORUM.

167 2736 237 2773 ’Μὴ
265 2739 370 2774 χρῆναι
399 2740 611 2767 ἁναὸαπτίσαι.
628 2739 695 2767 Vide
722 2740 800 2767 Socr.
830 2741 876 2767 lib.
892 2749 910 2771 l,

125 2783 184 2810 cap.
203 2775 247 2802 15.
276 2774 337 2802 Haec
354 2775 472 2802 llistoria
498 2775 747 2810 (inquiuutt-Iariss
786 2776 912 2802 numachi

127 2809 294 2837 Bmwdictiui
310 2810 339 2836 in
359 2810 418 2836 Vita
435 2810 578 2841 Athamas.)
597 2810 692 2844 grandi
705 2810 775 2843 apud
790 2811 912 2837 eruditos

127 2845 229 2872 laborat
244 2844 411 2879 suspicione.
428 2844 483 2871 Etsi
500 2845 572 2872 enim
589 2852 636 2877 per
648 2845 790 2871 Athanasii
804 2851 910 2872 aetatem

128 2880 239 2908 minime
251 2884 414 2915 repugnaret
430 2879 568 2916 ejusmodi
591 2880 669 2907 lusus
689 2879 772 2915 (quod
787 2879 858 2907 haud
872 2879 912 2906 fa-

967 2742 1018 2768 cile
1032 2746 1121 2769 tamen
1144 2741 1312 2769 concedatur
1329 2740 1362 2767 de
1388 2738 1571 2776 adolescente,
1586 2734 1631 2776 cui
1648 2741 1680 2760 ex
1698 2740 1753 2759 me-

968 2777 1082 2804 moratis
1099 2777 1228 2812 Superius
1244 2776 1288 2802 vix
1307 2776 1397 2812 minus
1418 2772 1602 2812 duodeviginti
1620 2775 1753 2812 annorum

967 2815 1023 2838 tum
1051 2804 1286 2846 ascripserin:usl,
1307 2818 1360 2836 non
1383 2809 1405 2836 is
1429 2811 1488 2834 erat
1520 2804 1688 2846 Αἶνὲξῖηιάθνν,
1707 2804 1753 2837 φη

967 2851 1020 2873 tam
1040 2847 1110 2874 seria
1125 2839 1151 2874 in
1166 2853 1195 2875 re
1211 2839 1303 2873 ludum
1317 2851 1463 2880 puerorum
1481 2847 1568 2869 ratum
1579 2839 1703 2868 haberet.
