1898 3075
60 189 120 219 997

564 187 728 216 HISTORIA
747 187 1022 216 ECCLESIASTICA.
1043 203 1076 208 —-
1094 188 1158 215 LIB.
1176 188 1210 216 Il.

1643 187 1695 216 998

62 245 157 276 πόλεις
168 245 214 271 καὶ
228 244 325 276 τόπους
335 243 459 278 ἀγνῶτας
475 245 602 280 ἱστορεῖν.
617 244 696 271 Οὕτω
707 245 772 279 γοῦν
787 245 856 271 Πλᾰ-
872 253 879 274 Α

928 253 1016 280 usque
1035 246 1194 273 Grzncorum
1212 245 1382 280 philosophis
1398 251 1471 271 cum:
1490 243 1539 270 fuit
1565 244 1647 271 nrbes
1664 252 1697 271 ac

61 299 121 318 των
134 292 149 317 ό
165 291 326 324 Σωκράτους
342 290 449 325 ἑταῖρος
472 290 630 324 Αἰγυπτίοις
646 290 806 326 ἐνεδήμησε,
825 291 859 317 τὰ.

63 338 132 372 παρ’
148 337 240 367 αὐτοῖς
265 336 466 371 μαθησόμενος.
488 336 624 362 Ἐπλευσε
643 336 670 362 δὲ
693 337 738 363 καὶ
759 337 798 368 είς
816 338 858 364 Σι-

64 383 171 415 κελίαν,
190 382 237 408 ἐπὶ
257 382 306 416 θέᾳ
327 382 382 408 τῶν
401 381 494 408 αὐτόθι
516 383 662 418 κρατήρων
675 391 682 398 ⁸
712 384 741 410 ἐν
762 380 802 414 οἷς
817 383 860 410 ἀεὶ

66 428 119 464 μὲν
132 429 170 460 ὡς
183 428 237 455 ἀπὸ
250 427 344 462 πηγῆς
360 427 550 462 ἀναδιδόμενον
566 428 719 463 αὐτόματον
731 428 860 464 παμφλά-

65 475 109 506 ζει
125 474 181 509 πῦρ
194 481 201 489 ⁸
222 473 354 504 πολλάκις
367 473 395 499 δὲ
412 473 555 509 ὑπερχέον,
577 474 701 509 ποταμοῦ
716 474 794 509 δίκην
807 474 859 509 ρετ,

65 519 114 546 καὶ
139 519 188 554 τὴν
209 518 318 552 γείτονα
342 518 394 552 γῆν
412 518 588 544 ὲπιὸόσκεται
610 517 748 550 τοσοῦτον,
767 517 805 549 ὼς
821 517 860 543 ἔτι

66 565 114 592 νῦν
127 565 241 596 πολλοὺς
257 564 359 599 ἀγροὺς
370 564 513 598 φαίνεσθαι
529 564 801 599 κατακεκαυμένους,
814 563 861 590 καὶ

68 612 139 646 μήτε
154 610 254 645 σπόρον
269 609 405 644 δέχεσθαι,
422 610 491 645 μήτε
504 610 618 644 φυτείαν
631 609 757 645 δένδρων,
771 606 817 635 οἷὰ
829 618 862 644 γε

67 657 133 692 περὶ
145 656 195 691 τῆς
208 655 361 691 Σοδομιτῶν
384 654 477 692 χώρας
491 655 718 690 καταγγέλλουσι.
745 654 863 686 Τούτους

66 702 97 729 δὲ
111 702 173 734 τοὺς
194 702 337 737 κρατῆρας
352 702 399 729 καὶ¹
425 701 610 737 Ἐμπεδοκλῆς
626 702 778 737 ἱστόρησεν,
793 701 862 737 ἀνὴρ

68 747 204 783 λαμπρῶς
220 748 286 783 παρ’
301 747 415 783 Ἕλλησι
431 747 628 783 φιλοσοφήσας,
652 747 700 774 καὶ
717 747 746 773 ἐν
768 746 864 774 ἔπεσιν

67 793 226 830 ἡρῴοιςτὴν
237 793 393 829 ἐπιστήμην
406 794 701 828 πραγματευσάμενος.
714 793 864 829 Διαπορού-

70 848 151 875 μενος
166 839 275 874 δὲ·περὶ
291 839 341 873 τῆς
356 839 508 871 ἀναδόσεως
521 838 568 865 τοῦ
583 839 681 875 πυρὸς,
695 839 711 874 ἢ
729 839 815 875 τούτῳ
826 839 865 875 τῷ

67 885 164 921 τρόπῳ
178 886 290 920 ᾶμεινον
305 885 452 912 ἀποθανεῖν
467 884 630 920 δοκιμάσας,
648 886 665 920 ή
689 885 753 919 τόγε
766 885 864 919 ἀληθέ-

179 915 283 963 είπεῐν,
307 931 367 958 οὐδὲ
388 930 468 962 αὐτὸς
487 915 552 962 ἴσως
571 915 699 962 εἰδωςρῦ
717 915 796 966 χάριν
808 915 861 966 πρὸ
879 915 901 943 Β

70 977 167 1012 turpe}
179 977 228 1012 τὴν
238 977 367 1011 τοιαύτην
377 975 465 1011 ἐαυτῷ
474 973 553 1012 εὗρεν
562 975 610 1002 τοῦ
622 975 679 1010 βίου
691 976 860 1011 ἀπαλλαγὴν,

69 1023 154 1058 ἥλατο
174 1024 214 1054 είς
235 1023 266 1049 τὸ
280 1022 345 1057 πῦρ,
363 1022 410 1049 καὶ
428 1022 571 1057 διεφθάρη.
604 1022 642 1048 Οὺ
659 1022 712 1057 μὴν
729 1021 797 1048 ἀλλὰ
816 1022 863 1049 καὶ

71 1069 241 1104 Δημόκριτος
259 1070 273 1095 ὁ
293 1068 438 1103 Κῶοςβὸ)
461 1067 589 1099 πλείστας
610 1067 737 1103 ἱστόρησε
759 1067 862 1100 πόλεις,

72 1115 141 1151 ἀέρα
153 1123 184 1141 τε
195 1115 269 1151 (34),
294 1115 341 1141 καὶ
355 1113 456 1149 χώρας,
475 1113 523 1140 καὶ
537 1113 618 1148 ἔθνη,
641 1114 688 1138 καὶ
708 1112 754 1138 ἐπὶ
775 1112 864 1140 ἐτεσιν

71 1160 236 1196 ὀγδοήκοντα
251 1159 393 1194 διαγαγεῖν
409 1160 456 1186 ἐπὶ
469 1159 548 1194 ξένης
564 1158 645 1190 αὐτός
657 1167 708 1185 που
722 1158 786 1194 περὶ
798 1159 863 1184 ἐαυ-

71 1207 118 1234 τοῦ
135 1215 231 1241 φησιν.
256 1207 348 1233 ’Ἄλλοι
369 1215 399 1233 τε
415 1206 462 1238 ἐστὶ
485 1205 591 1237 τούτοις
618 1204 708 1240 μυρίοι
722 1205 775 1231 τῶν
799 1204 863 1240 παρ’

75 1254 188 1288 Ἕλλησι
205 1253 307 1287 σοφῶν,
325 1253 436 1287 ἀρχαῖοι
454 1251 501 1278 καὶ
511 1251 649 1286 νεώτεροι,
671 1250 749 1276 τοῦτο
764 1250 864 1276 ἐσπού-

72 1295 167 1326 δασανξ
197 1298 251 1330 Οὓς
265 1297 389 1333 ζηλώσας
400 1297 540 1332 Μερόπιός
556 1305 597 1328 τις
610 1296 753 1331 φιλόσοφος
767 1295 865 1331 Τύριος

73 1345 122 1379 τῆς
131 1344 269 1380 Φοινίκης,
278 1343 446 1379 παρεγένετο
457 1344 497 1374 εἰς
505 1342 612 1374 Ἰνδούς.
626 1341 741 1369 Εἴποντο
753 1341 781 1368 δὲ
791 1341 865 1377 αὐτῷ

75 1390 166 1422 παῖδες
185 1389 242 1422 δύο,
259 1389 441 1425 Φρουμέντιός
459 1397 489 1415 τε
505 1388 552 1415 καὶ
568 1388 704 1418 Αίδέσιος·
729 1387 813 1422 ἄμφω
837 1386 865 1412 δέ

75 1435 149 1470 γένει
170 1434 246 1470 αὐτῷ
266 1435 467 1470 προσήκοντες·
491 1433 538 1465 οὓς
552 1434 596 1461 διὰ
622 1433 710 1467 λόγων
729 1430 792 1467 ἦγε,
819 1433 867 1458 καὶ

76 1481 239 1517 ἐλευθερίως
258 1481 409 1509 ἐπαίδευεν.
442 1481 600 1516 Ίστορήσας
628 1479 656 1505 δέ
678 1479 728 1512 τῆς
755 1478 867 1513 Ἰνδικῆς

75 1527 125 1555 ὅσα
141 1535 176 1562 γε
197 1526 272 1562 αύτῷ
286 1525 438 1560 ἐξεγένετο,
462 1525 511 1559 τῆς
528 1524 658 1551 ἐπανόδου
682 1523 784 1558 είχετο,
804 1522 868 1557 νηὸς

77 1573 214 1609 ἐπιτυχὼν
230 1572 408 1607 στελλομένης
423 1571 463 1603 εἱς
474 1570 620 1605 Αἴγυπτον.
635 1570 670 1596 Συ
675 1569 745 1605 μϐἀν
760 1569 788 1596 δὲ
798 1568 868 1595 κατὰ

78 1621 172 1657 χρείαν
185 1620 281 1651 ὓδατος
291 1620 307 1655 ἢ
318 1619 373 1646 τῶν
380 1618 468 1647 ἄλλων
478 1617 649 1654 ἐπιτηδείων,
663 1618 703 1649 εὶς
713 1617 798 1652 ὅρμον
809 1615 870 1642 τινὰ

78 1667 209 1702 προσχεῖν
228 1666 278 1701 τὴν
304 1664 386 1696 ναῦν,
410 1663 632 1699 καταδραμόντες
656 1664 680 1689 ot
703 1661 767 1697 τῇδε
796 1660 872 1687 Ἰνδοὶ

79 1712 214 1740 ⁴κτείνουσι
223 1711 337 1744 πάντας,
347 1711 393 1738 καὶ
402 1711 447 1738 τὸν
458 1711 607 1746 Μερόπων.
620 1709 734 1743 Ἔτυχον
745 1707 799 1742 γὰρ
811 1706 872 1733 τότε

80 1755 208 1788 λύσαντες
217 1755 267 1788 τὰς
283 1755 351 1791 πρὸς
369 1755 523 1790 Ῥωμαίους
537 1752 663 1784 σπονδάς.
684 1752 753 1782 Τοὺς
763 1751 793 1778 δὲ
808 1752 871 1777 παῖ-

80 1801 126 1834 δας
139 1802 219 1833 νέους
226 1802 305 1833 ὄντας
318 1801 501 1837 οἰκτείραντες
517 1799 689 1835 ἐζώγρησαν,
704 1797 752 1824 καὶ
768 1797 874 1832 βασιλεῖ

81 1847 118 1882 τῷ
135 1847 241 1874 ἑαυτῶν
262 1847 447 1882 προσήγαγον.
478 1846 507 1872 Ὀ
530 1845 573 1876 δὲ,
597 1845 643 1870 τὸν
664 1844 713 1878 μὲν
741 1842 873 1878 νεώτερον

83 1893 198 1928 οἰνοχόον
213 1894 366 1927 κατέστησε
375 1901 382 1908 ·
400 1892 512 1924 μείζονα
526 1891 555 1917 δὲ
569 1891 618 1926 τῆς
635 1889 717 1916 αὑτοῦ
728 1889 815 1920 οἰκίας
828 1888 874 1915 τὸν

83 1939 275 1974 ξυρουμέντιον,
295 1938 344 1965 καὶ
358 1937 414 1964 τῶν
436 1936 585 1972 χρημάτων
603 1934 760 1969 ἐπίτροπον.
784 1933 874 1967 Ἔγνω

83 1987 136 2022 γὰρ
153 1987 236 2013 αὑτὸν
251 1986 397 2021 ἐχέφρονα,
424 1984 470 2011 καὶ
488 1983 599 2010 διοικεῖν
614 1981 791 2008 ἱκανώτατον.
813 1979 875 2006 Ἐπὶ

85 2031 166 2058 πολὺν
181 2032 211 2057 δέ
228 2031 325 2067 χρόνον
340 2030 491 2066 χρησίμους
507 2029 578 2063 σφᾶς
592 2027 637 2054 καὶ
655 2026 766 2058 πιστοὺς
784 2033 874 2061 παρα-

86 2077 242 2112 σχομένους,
263 2076 398 2103 τελευτῶν
418 2075 464 2101 ἐπὶ
477 2074 554 2101 παιδὶ
572 2074 618 2100 καὶ
634 2073 753 2107 γαμετῇ,
765 2071 874 2098 ἐλευθε-

88 2122 131 2158 ρίᾳ.
148 2123 200 2158 τῆς
221 2122 328 2153 εὐνοίας
348 2122 445 2152 αὐτοὺς
464 2119 609 2155 ἠμείψατο,
631 2119 677 2145 καὶ
697 2115 725 2144 οἷ
741 2117 876 2151 βούλοιντο

86 2167 186 2202 διάγειν
204 2167 350 2203 ἐπέτρεψε.
378 2166 433 2193 Καὶ
449 2166 473 2192 οί
492 2165 542 2200 μέν
563 2164 603 2195 είς
615 2163 704 2198 Τύρον
730 2162 796 2198 πρὸς
814 2163 876 2192 τοὺς

87 2215 200 2246 οίκείους
214 2213 372 2241 ἐπανελθεῖν
383 2211 558 2242 ἐσπούδαζον.
575 2210 634 2236 Ἔτι
649 2209 677 2235 δὲ
687 2209 733 2235 τοῦ
744 2208 876 2244 βασιλέως

910 292 1036 326 regiones
1054 292 1174 326 ignotas,
1194 291 1363 326 perlustrare
1405 290 1450 317 Sic
1469 290 1544 316 l’lnlu
1574 290 1696 317 Socratis

910 337 1063 370 familiaris,
1081 337 1108 364 in
1118 336 1236 373 Egypto
1255 335 1442 364 commoratus
1469 340 1520 367 est,
1548 341 1575 362 ιιι
1591 343 1621 362 ea
1637 343 1698 370 quae

911 382 982 418 apud
998 382 1143 418 [Egyptios
1156 386 1237 410 erant
1266 387 1453 419 cognosceret.
1470 381 1542 408 Idem
1561 381 1699 416 navigavit

910 429 992 456 etiam
1014 429 1040 455 in
1064 427 1200 461 Siciliam,
1228 433 1257 456 ut
1285 433 1409 456 crateres
1428 436 1474 464 qui
1490 428 1545 454 illic
1560 431 1639 455 erant
1656 427 1698 453 vi-

912 477 995 501 seret.
1021 473 1050 501 In
1066 474 1168 509 quibus
1186 474 1257 509 ignis
1275 475 1349 501 velut
1371 483 1401 501 ex
1420 474 1495 501 fonte
1519 480 1698 508 promanans,

918 523 1018 554 sponte
1034 527 1084 546 sua
1098 519 1208 552 ebullit,
1230 527 1261 546 ac
1277 527 1464 554 stepcnumcro
1480 518 1637 546 redundans
1656 517 1699 543 in-

913 569 972 592 star
989 565 1064 592 ﬂuvii
1087 564 1250 597 eﬂ‘unditur,
1272 570 1299 592 et
1316 566 1433 592 vicinam
1449 565 1588 600 regionem
1615 563 1700 599 depa-

913 611 1014 643 scitur,
1029 611 1097 638 adeo
1116 614 1145 638 ut
1172 612 1329 646 complures
1357 612 1413 646 agri
1431 611 1580 638 etiamnum
1610 610 1701 637 exusti

913 660 1073 690 cernantur,
1091 661 1119 684 et
1138 664 1190 684 nec
1206 661 1356 684 sementem
1382 657 1531 692 accipiant,
1553 663 1603 683 nec
1619 656 1702 683 arbo-

914 702 993 731 ribus
1017 708 1211 735 conserantur,
1225 703 1457 738 quemadmodum
1474 703 1507 729 de
1518 701 1701 728 Sodomorum

915 750 1027 785 regione
1042 749 1210 784 accepimus.
1229 749 1269 776 Ad
1289 749 1339 776 hos
1354 753 1479 776 crateres
1496 747 1627 775 visendos
1655 754 1698 774 ac-

915 797 999 824 cessit
1013 795 1101 823 etiam
1113 795 1294 831 Empedocles
1308 816 1316 829 ,
1329 795 1370 822 vir
1386 794 1458 829 apud
1476 794 1585 821 Graecos
1596 793 1704 829 egregie

915 841 1135 876 philosophatus,
1151 845 1177 867 et
1196 841 1241 876 qui
1258 840 1379 868 heroicis
1402 839 1529 867 versibus
1549 838 1702 865 doctrinam

916 895 994 915 suam
1010 888 1147 922 exposuit.
1169 887 1218 914 llic
1239 895 1302 914 cum
1320 894 1430 914 causam
1454 885 1608 920 eruptionis
1621 884 1705 918 hujus

917 933 991 968 ignis
1009 933 1174 968 inquireret,
1194 941 1241 961 seu
1258 933 1332 968 quod
1358 933 1395 960 ita
1411 933 1481 959 mori
1501 930 1706 966 satiusjudica-

916 979 999 1011 verit,
1018 987 1079 1011 seu,
1101 983 1130 1006 ut
1149 980 1241 1006 verius
1253 978 1353 1011 dicam,
1372 979 1474 1012 neipsc
1495 976 1607 1012 quidem
1617 975 1706 1010 probe

917 1025 1009 1053 sciens
1024 1033 1077 1060 qua
1094 1025 1128 1053 de
1141 1033 1225 1052 causa
1244 1026 1420 1052 immaturam
1436 1024 1489 1051 sibi
1504 1027 1620 1050 mortem
1638 1029 1705 1049 cou-

917 1071 1060 1102 scisccret,
1078 1071 1105 1098 in
1118 1072 1209 1106 ignem
1233 1070 1366 1097 desiliens
1383 1070 1499 1097 interiit.
1527 1067 1580 1095 Sed
1600 1073 1627 1095 et
1657 1067 1707 1095 De-

917 1116 1053 1144 mocritus
1068 1115 1142 1143 Cous
1178 1115 1311 1150 plurimas
1329 1123 1358 1142 se
1374 1114 1457 1142 urbes
1472 1117 1499 1141 et
1530 1113 1657 1148 regiones
1674 1119 1707 1138 ac

921 1169 1016 1197 gentes
1034 1162 1217 1197 perlustrasse
1231 1161 1290 1196 ipse
1308 1160 1341 1188 de
1352 1168 1381 1187 sc
1401 1159 1501 1186 alicubi
1527 1159 1605 1190 dicit,
1621 1165 1707 1192 seque

921 1209 1001 1237 annis
1011 1208 1149 1243 octoginta
1161 1207 1232 1242 apud
1247 1210 1356 1233 exteros
1384 1203 1590 1239 peregrinatum
1609 1202 1705 1230 fuisse.

919 1257 972 1284 Alii
987 1260 1117 1291 praeterea
1134 1252 1348 1280 innumerabiles
1370 1259 1402 1278 ex
1421 1250 1577 1278 Graecorum
1597 1250 1707 1284 sapien-

919 1303 1006 1334 tibus,
1027 1307 1080 1329 tam
1093 1301 1177 1336 prisci
1203 1306 1285 1334 quam
1301 1298 1481 1330 recentiores,
1500 1297 1584 1332 hujus
1596 1296 1636 1323 rei
1649 1300 1709 1324 stu-

919 1350 991 1378 diosi
1007 1349 1131 1376 fuerunt.
1150 1347 1271 1380 Quorum
1296 1345 1452 1379 exemplum
1483 1347 1598 1371 secutus
1619 1342 1710 1370 Mero-

925 1395 988 1430 pius
1006 1394 1117 1429 quidam
1146 1391 1327 1427 philosophus
1349 1389 1448 1425 Tyrius
1460 1397 1493 1416 ex
1517 1387 1658 1420 Platenice,
1674 1386 1709 1414 ad

920 1441 1003 1468 Indos
1033 1447 1121 1473 usque
1143 1436 1312 1472 penetravit.
1345 1434 1538 1469 Sequebantur
1563 1440 1624 1460 eum
1655 1431 1710 1460 duo

922 1487 1126 1517 adolescentes,
1148 1483 1324 1510 Frumentius
1343 1485 1371 1509 et
1397 1479 1538 1518 Edesius,
1555 1479 1636 1506 ambo
1663 1487 1712 1514 ge-

921 1553 990 1573 nere
1006 1544 1046 1571 illi
1060 1541 1200 1576 conjuncti
1229 1548 1300 1576 quos
1319 1539 1364 1566 ille
1377 1539 1493 1566 docebat
1504 1538 1622 1570 litteras,
1637 1540 1666 1565 et
1680 1538 1713 1565 li-

883 1593 903 1622 C
921 1591 1053 1619 beraliter
1068 1588 1239 1616 instituebat.
1252 1586 1338 1613 Porro
1348 1592 1411 1612 cum
1430 1584 1522 1611 omnia
1538 1583 1622 1611 India:
1637 1583 1710 1616 loca,

923 1640 1056 1673 quantum
1066 1635 1092 1662 ei
1105 1634 1193 1664 licuit,
1207 1632 1522 1668 perlustrassetmavem
1537 1634 1635 1658 nactus
1651 1637 1713 1665 quae

924 1684 952 1711 in
969 1677 1119 1718 Egyptuni
1129 1681 1188 1708 vela
1206 1678 1336 1710 faciebat,
1355 1676 1445 1704 redire
1469 1676 1625 1703 constituit.
1642 1676 1712 1703 Cum

923 1734 1014 1757 autent
1032 1728 1122 1759 navis,
1137 1734 1186 1754 seu
1200 1732 1290 1760 aquae,
1307 1731 1355 1751 seu
1364 1724 1478 1750 alterius
1492 1722 1530 1749 rei
1550 1721 1714 1749 necessaria:

923 1783 1008 1804 causa
1024 1774 1058 1801 ad
1074 1772 1220 1800 stationem
1239 1769 1386 1805 quamdam
1396 1767 1559 1803 appulisset,
1575 1767 1714 1794 irruentes

923 1821 982 1849 Indi
999 1819 1045 1854 qui
1060 1818 1116 1845 illic
1133 1816 1307 1847 habitabant,
1328 1818 1455 1846 cunctos,
1483 1813 1632 1848 ipsumque
1644 1812 1714 1840 adeo

925 1866 1077 1900 Meropinm
1095 1864 1305 1890 interemerunt.
1325 1859 1468 1894 Ruperant
1481 1858 1554 1886 enim
1576 1863 1643 1885 tunc
1663 1858 1715 1885 fw-

924 1912 976 1940 dus
991 1909 1064 1946 quod
1094 1915 1157 1935 cum
1172 1905 1306 1934 Romanis
1321 1909 1401 1932 antea
1420 1904 1590 1939 pepigerant,
1612 1911 1713 1938 pueros

925 1965 989 1987 vero
1002 1957 1037 1984 ob
1054 1959 1162 1983 aetatem
1184 1951 1319 1982 miserati,
1333 1950 1456 1985 captivos
1465 1949 1651 1982 abduxerunt,
1668 1956 1714 1977 re-

926 2005 1007 2041 gique
1022 2010 1073 2030 suo
1089 2000 1263 2029 obtulerunt.
1284 1997 1341 2024 Rex
1369 1997 1501 2023 minorem
1521 1995 1634 2030 quidem
1648 2001 1714 2023 natu

927 2061 1089 2097 pincernatn
1109 2063 1188 2084 suum
1220 2053 1391 2086 constituit;
1422 2052 1612 2080 Frumenlium
1639 2059 1714 2084 vero.

927 2105 1104 2143 praepositum
1125 2102 1224 2130 domus
1250 2101 1340 2136 regite.
1360 2105 1387 2128 et
1404 2099 1527 2134 pecuniae
1555 2100 1716 2133 procurato-

927 2159 996 2184 rem,
1012 2149 1126 2179 creavit,
1145 2148 1246 2182 quippe
1274 2153 1354 2181 quem
1375 2145 1548 2179 prudentem,
1562 2147 1588 2170 et
1606 2143 1638 2170 ad
1665 2143 1717 2170 hoe.

929 2195 1131 2234 procurationis
1147 2201 1246 2221 munus
1263 2191 1421 2219 obeundum
1439 2190 1565 2217 idoneum
1583 2196 1645 2217 esse
1672 2197 1716 2216 eo.

89 2261 144 2287 υἱοῦ
169 2235 232 2287 νξου
259 2260 359 2295 κομιδῇ
395 2258 481 2290 ὄντος,
506 2235 602 2291 Ξδεῆθῆ
625 2257 641 2291 ἡ
664 2235 759 2281 τούτου
786 2235 876 2289 μήτηρ

929 2245 1075 2279 gnovet‘at.
1088 2240 1140 2274 Qui
1157 2247 1220 2266 eum
1236 2239 1318 2272 longo
1336 2236 1468 2271 temporis
1483 2235 1572 2270 spatio
1591 2235 1672 2261 utiles
1689 2242 1718 2262 se

988 2290 1019 2295 ρ..
1142 2287 1263 2295 .ι.-νηη.
1293 2291 1340 2295 ..-..
1361 2283 1480 2295 .,,.-ι,...,.
1521 2279 1716 2295 ...η--..μιῖιῖιιπε

89 2307 128 2333 ἐπ’
142 2307 234 2341 ὀλίγον
260 2306 355 2341 χρόνον
381 2305 535 2340 περιμεῖναι
559 2303 642 2338 ἄμφω
667 2301 715 2336 τὴν
740 2299 877 2335 βασιλείαν

89 2351 333 2388 ὲπιτροπεύοντας,
360 2349 440 2386 ἄχρις
465 2350 498 2376 ἂν
521 2350 535 2375 ὀ
560 2349 623 2379 παῖς
639 2345 797 2382 ἀνδρωθείη.
826 2344 881 2370 Καὶ

90 2397 280 2424 ἀντιδολοῦσαν
296 2396 325 2423 δὲ
351 2396 401 2431 τὴν
429 2394 554 2430 βασιλίδα
578 2392 748 2429 ᾐδέσθησαν·
777 2391 825 2418 καὶ
847 2390 882 2417 τὰ

92 2443 210 2478 βασίλεια
233 2443 281 2470 καὶ
301 2442 350 2478 τὴν
375 2436 521 2477 ἡγεμονίαν
549 2439 636 2467 Ίνδῶν
652 2438 776 2473 διῴκουν.
807 2437 836 2462 'O
853 2435 882 2462 δὲ

91 2489 286 2525 Φρουμέντιος,
310 2487 396 2519 θείαις
419 2488 484 2519 ἴσως
509 2484 676 2522 προτραπεὶς
699 2482 880 2518 ἐπιφανείαις,

91 2534 166 2570 ἢκαὶ
185 2535 348 2570 αὐτομάτως
366 2532 413 2559 τοῦ
431 2532 498 2559 Θεοῦ
515 2531 664 2562 κινοῦντος,
679 2529 842 2556 ἐπυνθάνετο
858 2527 884 2554 εἰ

93 2588 160 2611 τινες
183 2578 238 2606 εἷεν
253 2579 411 2614 Χριστιανοὶ
436 2578 502 2612 παρ’
529 2576 628 2607 Ἰνδοῖς,
646 2575 663 2610 ἦ
683 2574 814 2608 Ῥωμαῖοι
828 2572 882 2598 τῶν

94 2625 267 2651 εἰσπλεόντων
283 2624 422 2659 ἐμπόρων.
442 2621 596 2657 Ἐπιμελῶς
610 2621 637 2647 δὲ
651 2619 762 2650 τούτους
780 2618 881 2652 ἀναζη-

94 2670 156 2703 τῶν,
183 2670 359 2707 μτεκαλεῖτο
385 2669 454 2704 πρὸς
471 2668 578 2695 ἑαυτόν.
610 2664 834 2702 ’Δμφαγὰπάζων
853 2671 896 2690 τε.

932 2299 967 2318 ae
986 2290 1054 2317 ﬁdos
1068 2287 1276 2323 praestitissent,
1293 2291 1340 2312 rex
1361 2283 1492 2313 moriens,
1521 2279 1718 2315 superstitibus

931 2343 1015 2365 uxore
1030 2342 1062 2362 ac
1087 2333 1151 2365 lilio,
1169 2332 1202 2359 ad
1220 2327 1452 2359 remunei-andam
1478 2335 1570 2355 eorum
1603 2328 1720 2354 benevo-

931 2383 1054 2414 lentiam,
1081 2379 1177 2407 ambos
1201 2378 1328 2404 libertate
1357 2375 1480 2404 donavit,
1503 2378 1530 2401 et
1558 2373 1720 2407 ubicunque

931 2430 1041 2460 vellent,
1053 2426 1168 2462 degendi
1187 2425 1227 2452 eis
1245 2426 1405 2458 potestatem
1431 2420 1515 2447 dedit.
1535 2418 1568 2445 Et
1588 2419 1626 2445 illi
1657 2419 1719 2454 qui-

932 2476 993 2503 dem
1006 2474 1109 2509 Tyrum
1131 2471 1164 2498 ad
1183 2478 1249 2498 suos
1267 2468 1366 2496 reverti
1384 2466 1568 2493 maturabant.
1587 2464 1641 2492 Sed
1656 2471 1720 2492 cum

933 2521 1006 2557 regis
1021 2520 1094 2547 illius
1112 2517 1201 2545 adhuc
1222 2521 1314 2544 tenera
1325 2517 1405 2542 aetate
1431 2516 1515 2544 esset,
1532 2515 1620 2538 mater
1642 2510 1720 2545 pueri

931 2554 1039 2603 roiavit
1068 2568 1097 2592 ut
1115 2559 1376 2598 aliquantulum77
1402 2557 1535 2593 temporis
1553 2555 1634 2583 ambo
1663 2554 1721 2581 illic

932 2600 1117 2644 remanerent,
1144 2614 1170 2637 et
1188 2607 1409 2643 procurationem
1438 2603 1515 2638 regni
1536 2600 1720 2635 susciperent,

933 2660 1026 2688 donec
1041 2657 1113 2685 titius
1127 2655 1161 2683 ad
1175 2654 1280 2682 virilem
1296 2655 1403 2679 aetatem
1420 2647 1603 2684 pervenisset.
1620 2644 1663 2672 Illi
1678 2651 1720 2671 rc-

691 2752 826 2781 V‘ALESII
846 2747 1121 2779 ANNOTATIONES.

129 2838 184 2874 ('55)
206 2839 386 2874 Δημόκριτος
403 2838 418 2863 ὁ
436 2834 529 2868 Κῶος.
544 2833 603 2874 Non
623 2833 695 2874 cons
709 2830 879 2874 fuitillento-

99 2864 192 2905 critus,
208 2864 266 2901 sed
278 2864 407 2899 Abderita
423 2892 429 2902 .
449 2875 478 2897 ut
493 2864 629 2898 testantur
646 2868 779 2903 Diogenes
798 2864 880 2892 Laer-

102 2908 165 2942 tius.
183 2909 292 2941 Suidas,
309 2915 340 2935 ac
355 2907 455 2934 caeteri.

971 2831 1028 2867 (34)
1051 2829 1137 2867 Ἀέρα
1154 2836 1196 2867 τε.
1212 2826 1273 2860 illas
1288 2831 1371 2867 voces
1393 2820 1538 2867 M‘uscttlltts
1557 2816 1722 2867 leti-(sione

936 2855 1178 2902 ευέῗξιὶωὶὲιτωιδιι
1195 2857 1288 2896 {quas
1307 2859 1390 2887 etiam
1407 2855 1539 2886 delendas
1557 2860 1666 2882 censeo.
