1898 3075
81 169 151 198 1005

577 174 739 207 HISTORIA
759 176 1034 210 ECCLESIASTICA.
1056 200 1090 204 —-
1109 181 1173 213 LIB.
1194 183 1226 214 li.

1641 195 1706 228 {096

79 230 175 265 χρόνον
190 230 282 257 λαθεῖν
300 233 501 267 κρυπτόμενον.
521 235 558 271 μὴ
581 238 741 272 φαινόμενον
754 238 782 265 δὲ
798 240 844 265 είκη

79 285 134 293 ’,ιιι
147 276 292 293 Ianua-ue?"
307 278 466 293 “nn--111...“
493 281 545 293 II_\
561 279 602 293 AYL
613 291 640 293 ,η
658 284 690 293 2,,
758 285 770 290 ~
792 286 802 293 ιι
823 286 834 293 ι

905 245 994 268 .esset
1006 262 1013 274 ,
1029 243 1106 277 prius
1128 247 1237 280 quidem
1255 255 1309 276 non
1329 248 1471 286 legitur-in
1486 255 1562 284 Actis
1577 261 1704 293 concilii,

78 285 134 308 τως
146 276 292 304 ἀποθανεῖν
307 278 478 313 νομισθῆναι.
493 281 547 307 Καὶ
559 279 603 309 οἷά
612 291 643 316 γε
655 284 773 320 ἐπιφανῆ
787 286 870 320 ἄνδρα

78 321 128 348 καὶ
152 321 332 358 ὸμολογητὴν,
355 325 380 350 οἱ
404 325 475 360 ἀμφὶ
501 327 548 353 τὸν
574 329 699 365 Ἰωάννην
725 331 869 358 ἐπίσκοποι

79 368 192 403 ἐζήτουν
215 368 308 401 αὐτὸν,
330 371 488 406 προσιόντες
510 375 566 406 τοῖς
586 375 708 410 ἄρχουσι.
725 377 805 404 Ταῦτ’
823 376 870 405 οὖν

77 412 252 447 λογιζόμενος
259 413 427 447 Ἀθανὰσιος,
437 417 563 453 περιδεὴς
571 417 615 454 ἦν’
627 420 684 455 ἅμα
694 421 722 448 δὲ
732 422 867 458 ὑφωρᾶτο,

79 457 117 493 μὴ
134 459 230 494 καιρὸν
241 460 366 495 εὑρόντες
378 461 402 487 οἱ
420 462 639 497 ἐπιϐουλεύοντες
659 466 743 502 λάθρα
769 457 868 495 ἀνέλω·

78 512 119 529 σιν
130 505 219 531 αὐτόν.
230 505 307 532 Μετὰ
321 505 422 539 πολλὰς
436 508 464 534 δὲ
477 509 610 542 συνόδους,
627 510 741 546 θορύϐου
755 512 803 539 καὶ
817 522 866 540 τα-

79 549 165 584 ραχῆς
189 550 392 585 ὲμπλησθέντος
415 553 461 579 τοῦ
480 553 618 589 συλλόγου,
647 558 823 592 κεκραγότων
837 567 867 585 τε

77 593 131 621 τῶν
143 595 305 631 κατηγόρων
317 597 363 624 καὶ
377 597 424 624 τοῦ
434 600 497 634 περὶ
510 599 540 626 τὸ
551 600 725 638 δικαστήριον
737 603 865 639 πλήθους,

77 640 153 676 πάσῃ
166 643 274 676 μηχανῇ
291 643 389 677 χρῆναι
404 644 485 671 αὑτὸν
493 645 615 674 ἐκποδὼν
622 650 709 676 ποιεῖν
718 648 756 681 ὡς
767 650 862 686 γόητα,

77 686 123 712 καὶ
138 686 237 720 βίαιον,
251 689 298 714 καὶ
309 689 458 724 ἱερωσύνης
472 691 580 724 ἀνάξιον
589 701 595 707 ·
608 693 744 726 δείσαντες
757 696 781 722 οἱ
791 696 866 732 παρὰ

75 731 123 758 τοῦ
142 731 273 766 βασιλέως
298 736 530 771 προστεταγμένοι
557 740 683 774 παρεῖναι
705 742 738 776 τῇ
764 742 864 778 συνόδῳ

76 777 203 810 εὐταξίας
214 778 304 813 ἕνεκα,
317 780 365 816 μὴ,
376 781 414 813 ὡς
427 781 510 815 εἰκὸς,
523 783 552 810 ὲν
570 784 662 811 στάσει
677 787 863 823 καταδραμόν-

74 831 128 856 τες,
145 824 302 861 αὐτόχειρες
321 826 403 852 αὑτοῦ
419 827 560 861 γένωνται,
579 829 666 865 λάθρα
685 831 765 858 αὐτὸν
783 831 863 865 ὑπεξ-

75 870 178 904 ήγαγον
199 871 245 898 τοῦ
267 871 454 908 δικαστηρίου.
491 874 520 901 Ὀ
544 875 591 908 δὲ,
614 876 791 913 λογισάμενος
812 880 862 906 οὐκ

74 915 213 943 ἀκίνδυνον
237 916 312 952 αὐτῷ
328 918 475 954 διατρίϐειν
497 919 526 946 ἐν
547 921 637 956 Τύρῳ,
655 921 717 948 οὔτε
742 923 861 958 ἀσφαλὲς

73 961 235 990 summa;
252 965 321 999 πρὸς
336 965 437 1000 πλῆθος
455 968 615 1003 κατηγόρων
635 971 710 1004 παρὰ
722 971 861 1004 δικασταῖς

72 1007 195 1042 ἐχθροῖς,
211 1009 304 1043 φεύγει
329 1011 368 1042 εἰς
383 1011 674 1042 Κωνσταντινούπολιν.
706 1015 860 1044 Καταδικά-

73 1052 147 1084 ζουσι
163 1054 193 1080 δὲ
207 1054 280 1090 αὐτῷ
294 1055 400 1091 ἐρήμην
413 1057 429 1091 ὴ
443 1057 559 1090 σύνοδος,
577 1060 624 1086 καὶ
640 1060 801 1096 καθαιροῦσι
811 1063 860 1098 τῆς

72 1099 236 1136 ἐπισκοπῆς,
255 1101 302 1127 καὶ
327 1102 490 1137 ψηφίζονται
509 1104 590 1131 αὐτὸν
606 1107 705 1141 μηκέτι
721 1107 769 1143 τὴν
788 1108 860 1135 Ἀλε-

72 1145 212 1181 ξάνδρειαν
226 1148 319 1181 οἰκεῖν,
335 1149 379 1175 ἵνα
391 1149 439 1186 μὴ,
457 1151 534 1185 φησὶ,
544 1150 675 1186 θορύϐους
688 1155 735 1181 καὶ
751 1155 859 1188 στάσεις

72 1191 165 1227 παρὼν
181 1193 343 1229 ἐργάζηται.
373 1195 499 1231 Ἰωάννην
520 1197 548 1223 δὲ
568 1198 615 1225 καὶ
639 1200 702 1231 τοὺς
723 1201 772 1227 σὺν
785 1201 858 1236 αὐτῷ

70 1236 185 1270 πάντας,
199 1237 236 1270 ὼς
249 1239 278 1266 οὐ
293 1239 404 1272 δικαίαις
425 1241 518 1274 κακῶς
539 1243 686 1278 παθόντας,
705 1246 745 1278 εἰς
763 1255 858 1274 κοινω-

70 1283 127 1309 νίαν
141 1284 309 1318 προσίενται,
325 1286 371 1313 καὶ
383 1286 412 1313 τὸ
424 1288 454 1314 ἐν
467 1288 505 1323 τῷ
521 1289 615 1325 κλήρῳ
628 1291 736 1326 ἀξίωμα
751 1292 856 1328 ἑκάστῳ

69 1328 209 1357 διέδωκαν.
224 1331 337 1365 Δηλοῦσι
353 1332 381 1358 δὲ
397 1333 430 1360 τὰ
441 1336 623 1370 πεπραγμένα
632 1337 672 1372 τῷ
684 1336 798 1372 βασιλεῖ,
810 1340 857 1366 καὶ

68 1374 203 1410 γράφουσι
218 1377 273 1409 τοῖς
296 1378 420 1414 πανταχῆ
446 1380 616 1414 ἐπισκόποις,
640 1382 678 1417 μῆ
696 1384 856 1417 μεταδοῦναι

67 1420 139 1455 αὑτῷ
163 1422 316 1454 κοινωνίας,
347 1425 416 1458 μήτε
438 1425 566 1460 γράφειν,
591 1428 660 1462 μήτε
688 1431 754 1464 παρ’
773 1430 855 1457 αὐτοῦ

67 1464 218 1500 γράμματα
229 1466 364 1502 δέχεσθαι,
373 1469 410 1501 ὡς
423 1469 602 1506 ἐληλεγμένου
611 1473 639 1500 ὲν
652 1471 692 1505 οἷς
699 1474 853 1510 διήκουσαν,

68 1509 113 1536 καὶ
135 1510 178 1537 διὰ
196 1512 246 1546 τῆς
268 1513 366 1548 φυγῆς,
383 1515 430 1540 καὶ
443 1515 489 1541 ἐπὶ
513 1518 574 1548 ταῖς
595 1517 631 1552 μὴ
646 1518 855 1553 ἁγωνισθείσαις

67 1557 184 1591 γραφαῖς
193 1557 249 1592 (45)
263 1558 381 1590 ἁλόντος.
398 1560 525 1596 Ἑδήλουν
535 1563 564 1589 δὲ
580 1563 623 1590 διὰ
634 1564 682 1598 τῆς
695 1566 850 1602 ἐπιστολῆς,
866 1587 885 1614 c

67 1600 109 1614 ι..ι
123 1601 251 1614 _-._.',__..
269 1604 335 1614 μμμε
359 1604 371 1614 n
431 1606 457 1614 ι-
583 1609 595 1614 -
683 1611 688 1614 .
729 1612 739 1614 ,ν

66 1600 112 1627 ἐπὶ
123 1601 251 1637 τοιαύτην
267 1604 405 1640 προῆχθαι
423 1606 521 1641 ψῆφον·
539 1609 646 1644 πρῶτον
662 1611 710 1645 μὲν
727 1612 789 1639 ὅσον
806 1600 851 1648 χαη

66 1645 251 1682 λεπαίνοντες,
267 1649 372 1682 καθότι,
390 1652 436 1679 τοῦ
456 1653 587 1688 βασιλέως
606 1645 811 1691 προστάξοντος-
822 1661 851 1687 ἐν

64 1692 102 1728 τῷ
123 1694 284 1729 παρελθόντι
307 1697 430 1733 ἐνιαυτῷ,
452 1700 587 1727 συνελθεῖν
610 1702 693 1729 αὐτοῦ
719 1704 799 1739 χάριν
811 1706 851 1737 εις

65 1739 232 1774 Καισάρειαν
242 1742 305 1774 τοὺς
322 1743 374 1770 ἀνὰ
385 1744 434 1780 τὴν
446 1745 504 1772 Ἕω
515 1747 692 1780 ἐπισκόπους,
707 1750 757 1776 οὐκ
768 1751 851 1786 ἀπήν-

64 1792 152 1818 τησεν,
169 1786 217 1812 ἐπὶ
236 1788 334 1823 μακρῷ
350 1790 437 1825 χρόνῳ
451 1791 713 1829 ταλαιπωρουμένην
726 1795 776 1830 τὴν
792 1796 851 1822 σύν-

63 1830 119 1857 οδον
136 1831 211 1862 ἰδὼν,
238 1834 285 1860 καὶ
299 1833 353 1860 τῶν
373 1835 420 1862 τοῦ
444 1838 609 1872 κρατοῦντος
631 1843 849 1876 προσταγμάτων

63 1879 280 1914 καταφρονήσας.
309 1880 440 1908 Πλειόνων
456 1883 484 1909 δὲ
502 1884 682 1912 συνελθόντων
697 1888 736 1919 είς
750 1888 846 1923 Τύρον,

61 1920 118 1955 ἅμα
134 1922 232 1958 πλήθει
248 1924 370 1958 ἀφίκετο.
389 1927 436 1953 καὶ
449 1929 572 1964 ταραχὰς
587 1931 633 1957 καὶ
657 1920 848 1968 θορύϐους-ὲν-

61 1967 145 1993 εποίει
158 1970 192 2003 τῇ
209 1969 308 2004 συνόδῳ
319 1979 325 1985 ·
348 1972 385 2007 πῆ
409 1973 457 2007 μὲν
470 1974 520 2006 τὰς
534 1967 846 2014 ἀπολογίαςγάποκρουό-

62 2020 156 2045 μενος,
195 2014 234 2048 πῆ
254 2015 282 2041 δὲ
307 2017 360 2043 τῶν
386 2019 543 2047 ἐπισκόπων
568 2022 682 2050 ἕκαστον
704 2027 846 2060 προπηλα-

63 2057 153 2089 κίζων·
174 2059 270 2087 ἄλλοτε
295 2062 322 2089 δὲ
354 2063 519 2100 καλούμενος
537 2067 583 2094 ὑπ’
599 2070 702 2101 αὐτῶν,
731 2072 768 2106 μὴ
796 2073 844 2098 ὑπ-

60 2105 183 2131 ακούων·
212 2107 278 2134 ποτε
299 2110 438 2144 κρίνεσθαι
460 2113 497 2148 μὴ
520 2114 615 2146 ἀξιῶν.
642 2105 802 2152 Περιφανῶς
817 2119 846 2146 δὲ

60 2150 237 2185 πεφωρᾶσθαι
260 2152 340 2180 αὑτὸν
362 2156 409 2182 ἐπὶ
429 2157 475 2183 τοῦ
505 2161 638 2193 μυστικοῦ
659 2150 789 2198 ποτηρίου
812 2165 843 2199 τῇ

60 2202 118 2219 συντ
121 2196 184 2231 ριὸῇ
193 2198 388 2232 κατήγγελλον,
398 2201 538 2237 μάρτυρας
547 2206 676 2233 ἐπὶτοῦτο
685 2196 845 2244 προϊσχόμελ

59 2248 104 2272 vet,
119 2242 247 2276 Θεόγνιον
264 2244 310 2272 τὸν
325 2246 440 2279 Νικαίας
457 2249 615 2282 ἐπίσκοπον,
633 2253 678 2279 καὶ
691 2242 782 2289 Μάριν
799 2242 844 2281 τὸν

905 2264 975 2284 uiam
1006 2258 1121 2285 aliorum
1155 2266 1264 2294 quoque
1293 2260 1466 2293 criminum,

59 2285 235 2321 Χαλκηδόνος,
252 2290 300 2316 καὶ
313 2291 448 2328 Θεόδωρον
463 2295 508 2321 τὸν
521 2296 691 2331 Ἡρακλείας,
708 2285 844 2327 Ούάλεντά

59 2339 86 2356 τε
97 2333 143 2359 καὶ
152 2333 306 2369 Οὐρσάκιον
318 2338 365 2364 καὶ
376 2339 540 2367 Μακεδόνιον
554 2351 560 2357 -
576 2342 621 2375 οὓς
632 2344 794 2371 ἀπέστειλαν
805 2348 845 2378 είς

58 2377 202 2412 Αἴγυπτον,
219 2380 289 2408 ὥστε
307 2386 543 2421 παραγενομένους
554 2389 594 2420 εἰς
611 2389 659 2424 τὴν
671 2390 765 2426 κώμην
779 2391 842 2419 ἔνθα

59 2426 247 2460 συντετρίφθαι
255 2428 285 2454 τὸ
296 2430 424 2465 ποτήριον
431 2431 549 2466 ἐλέγετο,
558 2434 588 2461 τὸ
599 2435 695 2470 ἀληθὲς
707 2437 840 2473 ἀνευρεῖν⁴

58 2468 172 2498 Τοιαῦτα
201 2472 334 2508 ἔγραψαν,
352 2476 414 2503 καθ’
427 2477 541 2505 ἕκαστον
556 2468 680 2516 ἔγκλημα
696 2468 842 2515 δικανὶκῶς

57 2515 233 2552 ἐφαψάμενοι,
248 2520 294 2546 καὶ
306 2518 361 2547 οἷον
375 2522 408 2549 ὲκ
423 2523 520 2559 τέχνης
534 2526 606 2557 τινὸς
619 2526 744 2563 διαϐολὴν
758 2536 841 2555 κατα-

57 2562 186 2590 σκευάσαι
207 2566 411 2601 σπουδάζοντες.
443 2571 498 2604 Οὐχ
524 2571 607 2605 ὑγιῶς
630 2572 658 2599 δὲ
673 2562 776 2610 ταύτην
791 2576 840 2612 τὴν

56 2608 140 2642 κρίσιν
157 2610 241 2645 ἔχειν,
257 2613 302 2638 καὶ
317 2615 424 2647 πολλοῖς
438 2617 491 2643 τῶν
508 2618 647 2652 παρόντων
665 2621 759 2655 ἱερέων
774 2630 840 2648 κατ-

923 293 975 312 non
994 288 1057 320 alia,
1074 293 1103 316 ut
1121 292 1228 326 opinor,
1247 293 1280 322 de
1293 303 1394 329 causa,
1410 306 1490 333 quam
1504 302 1577 336 quod
1595 303 1705 332 indeco-

921 338 981 358 rum
997 333 1084 361 visum
1103 341 1159 370 est,
1181 345 1237 365 rem
1256 339 1324 368 adeo
1339 346 1444 377 turpem
1458 349 1541 380 atque
1557 346 1703 377 ridiculam

920 377 1006 410 gestis
1024 382 1201 414 synodalibus
1218 384 1381 416 inscribere.
1397 388 1474 423 Quod
1491 377 1581 420 autem
1599 399 1705 429 spectat

919 422 953 448 ad
969 423 1097 458 alterum,
1112 433 1286 459 accusatores
1298 434 1330 460 ad
1343 434 1531 465 defensionem
1544 447 1621 467 suam
1636 443 1703 470 satis

918 474 980 495 esse
990 469 1192 506 existimarunt.
1203 477 1276 510 quod
1288 478 1420 513 dicerent.
1436 482 1594 512 Plusiannm
1608 494 1703 521 quem-

918 512 992 545 dam,
1008 522 1092 543 unum
1104 525 1136 545 ex
1153 519 1291 556 episcopis
1306 524 1351 558 qui
1371 532 1449 554 erant
1471 529 1523 556 sub
1539 531 1701 564 Athanasio,

916 558 995 593 jussu
1014 561 1088 589 illius
1105 563 1260 594 incendisse
1278 569 1388 598 domum
1405 573 1515 602 Arsenii
1530 586 1536 604 :
1558 577 1702 614 ipsumque

917 606 1053 634 columna
1067 609 1207 645 alligatum
1223 613 1289 641 loris
1305 617 1475 653 verberasse,
1487 624 1514 648 et
1530 623 1556 649 in
1568 606 1699 653 'cellulam

917 651 1075 688 inclusisse;
1092 656 1238 686 Arsenium
1250 668 1314 687 vero
1326 670 1374 697 per
1390 664 1537 694 fenestram
1549 670 1698 706 aufugisse,

920 701 947 724 et
964 699 1092 733 quoniam
1113 703 1341 740 perquirebatur,
1359 710 1519 745 aliquandiu
1540 699 1697 751 delituisse;

914 750 1033 779 cumque
1046 754 1180 782 nusquam
1197 757 1387 788 compareret,
1404 764 1458 784 non
1477 759 1536 786 sine
1549 767 1632 789 causa
1650 771 1698 798 pro

914 793 1023 818 mortuo
1040 791 1162 821 habitum
1176 802 1247 823 esse.
1264 797 1316 830 Qui
1333 807 1394 827 cum
1410 802 1528 831 celebris
1550 810 1577 832 et
1590 791 1700 836 confes-

913 835 999 864 sionis
1017 837 1074 873 80
1091 839 1178 879 gloria
1199 843 1290 871 clarus
1311 850 1404 879 esset,
1434 848 1536 878 idcirco
1562 853 1609 886 qni
1634 861 1698 881 cum

913 880 1018 910 Joanne
1036 889 1114 912 erant
1136 888 1277 924 episcopi,
1295 898 1357 918 eum
1382 895 1578 929 perquirebant
1591 919 1598 930 ,
1616 906 1696 926 acce‘

912 927 1056 965 dentes__ad
1071 933 1260 967 magistratus.
1277 935 1340 964 llaec
1356 927 1417 965 cum
1433 927 1505 976 apud
1518 927 1698 978 sereputaret

911 973 1089 1009 Athanasius,
1103 983 1175 1006 metu
1189 982 1398 1013 percellebatur.
1412 973 1500 1014 Simul
1513 973 1597 1016 etiaui
1606 991 1697 1026 suspi-

911 1018 1040 1054 cabatur,
1070 1030 1104 1050 ne
1135 1024 1310 1056 insidiatores
1350 1033 1581 1066 opportunitatem
1623 1038 1694 1065 nacti

911 1065 1000 1100 ipsum
1025 1069 1096 1096 clam
1119 1071 1315 1103 interﬁcerent.
1340 1077 1463 1114 Denique
1482 1085 1543 1116 post
1562 1083 1695 1117 plurimos

910 1118 1075 1147 consessus,
1101 1124 1162 1144 cum
1185 1121 1334 1149 concilium
1353 1125 1471 1152 tumultu
1495 1135 1526 1154 ac
1551 1130 1694 1163 perturba—

910 1157 985 1186 tione
1005 1160 1112 1194 plenum
1131 1169 1221 1197 esset,
1243 1170 1453 1198 accusatoribus
1470 1176 1497 1199 et
1517 1157 1694 1204 multitudine

909 1204 1064 1239 promiscua
1079 1215 1140 1241 qua:
1158 1209 1230 1237 circa
1251 1212 1381 1241 subsellia
1398 1220 1472 1249 erat,
1490 1217 1571 1245 simul
1589 1220 1692 1248 vocife—

908 1250 1044 1285 rantibus,
1061 1254 1134 1280 omni
1151 1256 1232 1283 modo
1250 1258 1400 1286 tollendum
1416 1269 1477 1289 esse
1494 1263 1579 1296 illum,
1599 1270 1692 1300 ulpotc

908 1296 1061 1325 maleficum
1075 1306 1107 1326 ac
1122 1300 1290 1336 violentum,
1309 1309 1336 1332 et
1353 1307 1497 1342 indignum
1511 1312 1668 1339 sacerdotio
1683 1323 1690 1340 ι

906 1341 925 1368 ii
940 1342 987 1376 qui
1003 1351 1036 1371 ex
1057 1343 1229 1380 imperatoris
1245 1349 1375 1378 mandato
1394 1341 1427 1379 ad
1445 1348 1691 1385 servandam'con-

906 1387 962 1414 cilii
978 1389 1152 1424 disciplinam
1169 1394 1274 1428 synodo
1288 1395 1450 1432 intererant,
1467 1400 1546 1427 veriti
1563 1409 1606 1433 ne,
1621 1402 1691 1430 sicut

906 1432 932 1459 in
949 1435 1084 1463 seditione
1101 1437 1157 1463 fieri
1175 1439 1256 1471 solet,
1271 1442 1363 1468 cuncti
1379 1442 1452 1470 facto
1469 1445 1494 1471 in
1508 1452 1570 1473 eum
1590 1448 1690 1483 impetu

906 1485 1005 1506 manus
1021 1481 1153 1510 violentas
1168 1484 1191 1511 ei
1211 1484 1358 1520 inferrent,
1375 1488 1445 1516 clam
1459 1497 1491 1516 ex
1505 1490 1612 1525 judicio
1628 1501 1688 1520 eum

906 1525 1105 1554 subduxerunt.
1126 1529 1160 1556 At
1176 1530 1229 1563 ille,
1247 1533 1428 1563 considerans
1445 1543 1476 1564 se
1489 1536 1519 1564 in
1537 1539 1604 1566 urbe
1616 1540 1689 1575 Tyro

905 1571 1009 1606 absque
1026 1574 1147 1607 periculo
1165 1578 1263 1604 morari
1286 1586 1338 1606 non
1357 1588 1454 1614 posse,
1472 1590 1520 1610 nec
1535 1589 1621 1611 tutum
1636 1586 1688 1614 sibi

905 1616 963 1645 fore
989 1618 1120 1647 adversus
1144 1625 1246 1648 tantam
1270 1630 1460 1654 accusatorum
1486 1629 1687 1658 multitudinem

904 1670 994 1690 coram
1011 1665 1132 1693 inimicis
1142 1667 1282 1701 judicibus
1293 1677 1405 1698 causam
1420 1672 1513 1701 dicere
1523 1695 1529 1705 ,
1550 1674 1686 1704 Constan-

903 1709 1046 1744 tinopolim
1062 1712 1208 1740 abscessit.
1226 1713 1314 1743 Porro
1330 1717 1451 1752 synodus
1466 1720 1604 1748 absentem
1624 1731 1686 1750 eutn

902 1753 1052 1789 damnavit,
1068 1763 1094 1784 et
1108 1759 1298 1794 episcopatum
1313 1762 1337 1789 ei
1353 1763 1514 1798 abrogavit:
1531 1766 1688 1795 interdixit-

902 1806 954 1833 que
976 1807 1010 1828 ne
1034 1802 1149 1835 posthac
1171 1803 1343 1834 Alexandria:
1369 1807 1523 1842 habitaret,
1549 1819 1583 1838 ne
1600 1811 1685 1845 forte,

901 1848 930 1870 ut
945 1845 1074 1879 aiebant,
1093 1849 1227 1876 tumultus
1246 1857 1278 1877 ac
1293 1852 1444 1881 seditiones
1461 1855 1518 1882 illic
1533 1863 1616 1891 agens
1636 1866 1685 1885 ex—

900 1890 1007 1918 citaret.
1022 1891 1156 1921 Joannem
1175 1901 1239 1922 vero
1257 1900 1285 1923 et
1305 1904 1352 1925 eos
1371 1898 1418 1932 qui
1436 1907 1497 1926 cum
1525 1901 1573 1927 illo
1586 1907 1663 1929 erant
1676 1922 1683 1935 ,

899 1941 1027 1971 tanquam
1041 1937 1141 1973 injuste
1155 1945 1277 1975 vexatos,
1293 1943 1319 1969 in
1334 1945 1554 1973 communionem
1570 1949 1682 1982 recepit,

899 1990 1034 2018 suumque
1047 1985 1075 2011 in
1091 1986 1163 2013 clero
1174 1988 1288 2022 gradum
1306 1989 1422 2024 singulis
1437 1992 1566 2019 restituit.
1581 1993 1683 2022 Deinde

899 2033 974 2062 gesta
995 2029 1155 2064 imperatori
1173 2032 1346 2067 significant,
1374 2039 1400 2062 et
1416 2035 1449 2062 ad
1465 2043 1564 2065 omnes
1581 2038 1682 2074 ubique

898 2077 1040 2111 episcopos
1053 2078 1189 2106 scribunt.
1202 2088 1236 2107 ne
1249 2081 1441 2109 communione
1455 2082 1606 2118 iungantur
1619 2092 1681 2112 cum

896 2118 1057 2152 Athanasio,
1071 2128 1137 2147 neve
1150 2122 1182 2148 ad
1196 2130 1256 2149 cum
1277 2123 1382 2151 litteras
1395 2124 1527 2157 scribant,
1542 2130 1588 2152 aut
1605 2127 1638 2154 ab
1649 2135 1682 2155 eo

898 2164 1014 2198 scriptas
1026 2165 1170 2200 accipiant,
1187 2171 1280 2201 utpote
1291 2168 1338 2201 qui
1355 2168 1519 2201 criminum,
1535 2170 1569 2197 de
1581 2171 1682 2205 quibus

897 2210 948 2244 ipsi
965 2216 1168 2246 cognoverant,
1190 2213 1334 2241 convictus
1349 2213 1463 2247 fuisset,
1484 2219 1510 2242 et
1525 2224 1571 2250 per
1590 2216 1679 2251 fugam

1495 2262 1595 2296 quibus
1623 2270 1678 2290 non

895 2303 1036 2337 respondit
1047 2323 1053 2334 ,
1076 2311 1139 2331 reus
1156 2309 1230 2332 esset
1246 2305 1445 2340 deprehensus.
1463 2307 1502 2334 Ad
1522 2307 1678 2342 hujusmodi

893 2357 959 2376 vero
985 2351 1147 2377 sententiam
1169 2351 1196 2378 in
1221 2359 1283 2379 eum
1315 2352 1454 2380 ferendam
1484 2354 1560 2381 hisce
1587 2356 1678 2382 causis

895 2394 1028 2421 adductos
1047 2402 1077 2422 se
1094 2402 1155 2422 esse
1169 2395 1268 2423 docent
1284 2406 1291 2424 :
1313 2398 1429 2431 primum
1448 2398 1520 2432 quod
1535 2406 1605 2432 aegre
1623 2399 1679 2427 fer-

892 2443 965 2473 rent,
986 2440 1059 2474 quod
1074 2448 1135 2467 cum
1161 2441 1318 2476 imperator,
1339 2449 1411 2470 anno
1431 2444 1679 2478 praeterito,jussit

893 2489 924 2512 ut
939 2484 1092 2513 Orientales
1106 2486 1227 2521 episcopi
1240 2486 1392 2515 Caesaream
1408 2488 1467 2523 ejus
1479 2496 1563 2516 causa
1577 2497 1677 2518 conve—

892 2531 982 2558 nirent
993 2551 1000 2563 ,
1018 2531 1075 2565 ipse
1089 2539 1142 2558 non
1159 2533 1343 2565 occurrisset,
1362 2533 1431 2568 longi
1451 2535 1583 2569 temporis
1600 2543 1676 2563 mora

892 2575 1032 2611 fatigatam
1056 2577 1190 2611 synodum
1208 2585 1341 2610 cernens,
1369 2583 1396 2605 et
1414 2579 1588 2613 imperatoris
1605 2588 1676 2614 pra:-

891 2628 969 2658 cepta
983 2622 1150 2658 despiciens.
1165 2623 1268 2651 Deinde
1283 2625 1355 2658 quod
1373 2631 1434 2652 cum
1449 2626 1540 2659 plures
1552 2627 1674 2660 episcopi

648 2699 781 2728 VALESII
800 2701 1073 2734 ANNOTATIONESA

89 2732 213 2780 (45)1Ka2
227 2737 276 2764 ἐπὶ
300 2738 363 2780 ταῖς
381 2740 424 2780 ,μὴ
446 2741 674 2780 ἀγωνισθείσαις
699 2746 834 2780 γραφαῖς.

58 2765 137 2795 llunc
150 2770 241 2812 locum
257 2780 312 2800 non
329 2765 837 2815 idtcllexEduntiiiitErprl-iesi’Dée[ut

54 2809 100 2846 sps
112 2811 196 2846 prava
223 2808 417 2846 interpunctio,
444 2819 505 2846 quae
529 2808 645 2840 habetur
661 2815 686 2841 in
714 2808 836 2843 editioiie

54 2835 161 2866 Roberti
174 2835 316 2884 Stephani.
329 2835 398 2884 __Scd
411 2835 417 2842 ⁷
428 2835 835 2884 iii—{odia

54 2878 277 2911 νοαρηιγραφαῖς
290 2880 362 2905 nulla
387 2882 532 2916 apponitur
553 2884 702 2912 distinctio.
731 2878 836 2912 Sensus

891 2751 975 2794 igitur
991 2752 1074 2793 hujus
1091 2753 1143 2780 loci
1158 2757 1201 2794 est
1218 2764 1224 2781 :
1241 2754 1418 2794 Athanasium
1434 2757 1592 2794 praesentem
1610 2755 1671 2794 qui-

890 2786 950 2812 dem
969 2788 1126 2829 convictnm
1156 2789 1242 2829 fuisse
1261 2790 1294 2817 de
1323 2786 1595 2829 multisni-riiniuibus
1613 2786 1627 2829 ξ
1639 2789 1672 2816 de

890 2821 951 2848 aliis
964 2829 1030 2849 vero
1043 2823 1151 2858 quibus
1164 2824 1285 2851 nondum
1304 2824 1491 2858 responderat,
1515 2824 1670 2852 convictum

889 2863 950 2883 esse
966 2865 1013 2891 per
1038 2857 1138 2893 fugam,
1154 2866 1234 2893 quam
1250 2857 1421 2894 arripuisset.
