1898 3075
206 160 271 189 1007

922 155 1092 185 SOZOMENI

1775 149 1850 178 1008

204 218 308 254 Tyrum
326 217 533 249 convenissent,
549 217 608 251 ipse
623 223 685 243 cum
704 215 808 251 ingenti
822 215 996 243 multitudine

1071 215 1180 250 ραίνετο.
1204 214 1318 247 Λέγεται
1341 211 1386 240 οὖν
1411 211 1578 247 Παφνοὺτιον
1602 211 1646 237 τὸν
1670 209 1849 245 όμολογητὴν

207 263 380 295 advertisset,
404 266 431 290 et
459 261 554 288 turbas
583 268 615 288 ac
645 260 795 288 seditiones
822 260 849 288 in
881 260 999 288 concilio

207 309 352 341 excitaret,
375 315 446 334 nunc
457 305 566 342 quidem
579 306 695 341 objectis
711 306 876 334 criminibus
887 313 1001 340 respon-

209 356 272 382 dere
285 354 439 382 detrectans
454 373 461 386 ,
487 359 561 380 nunc
584 352 710 388 singulos
729 352 873 387 episcopos
891 352 1000 387 probris

207 406 234 427 et
248 399 380 427 conviciis
400 399 543 426 incessens
559 419 566 432 ,
591 403 618 426 et
637 399 775 427 interdum
800 398 912 434 quidem
937 405 1000 425 cum

199 439 242 480 [ab
258 446 324 480 ipsis
338 449 492 475 vocaretur.
506 445 619 473 minime
631 445 844 480 obtemperans.
860 444 997 472 interdum

200 475 419 528 ivero-judicium
436 491 533 518 subire
557 475 735 526 dcdignans..
746 490 783 518 De
809 475 999 518 contractione

1051 263 1107 297 (Η)
1123 263 1155 297 τῇ
1169 261 1269 296 συνόδῳ
1283 260 1369 296 ταύτῃ
1385 258 1616 294 παραγενόμενον,
1632 257 1787 291 λαϐόμενον
1798 255 1848 289 τῆς

1054 307 1156 344 χειρὸς,
1175 306 1353 341 ἐξαναστῆναι
1367 305 1492 340 Μάξιμον
1506 304 1552 331 τὸν
1572 302 1771 338 Ἰεροσολύμων
1787 301 1850 327 ἐπὶ·

1053 362 1101 380 σχτ
1109 362 1168 385 πον,
1181 353 1218 384 ὼς
1234 353 1264 378 οὺ
1280 353 1339 379 δέον
1354 351 1484 385 συλλόγου
1499 350 1635 377 κοινωνεῖν
1653 347 1787 383 πονηρῶν
1806 348 1849 373 ἁν-

1052 398 1180 435 θρώπων,
1194 398 1362 433 ὁμολογητὰς
1379 397 1478 428 αὐτοὺς
1493 397 1582 427 ὂντας,
1593 396 1641 422 καὶ⁸
1651 395 1684 421 δι’
1700 393 1848 421 εὐσέϐειαν

1051 446 1113 476 τοὺς
1130 445 1283 480 ὀφθαλμοὺς
1299 444 1388 471 αὐτῶν
1404 443 1600 478 κεκομμένους,
1623 443 1670 469 καὶ
1684 441 1736 472 τὰς
1758 439 1849 474 ἀγγύ-

1053 490 1101 522 λας
1116 490 1344 525 πεπηρωμένους.

208 541 299 564 autem
325 537 435 572 mystici
455 537 545 572 poculi
576 538 720 572 perspicue
736 537 812 564 illum
831 537 990 564 convictum
1009 544 1071 564 esse
1083 536 1261 569 denuntiant,
1273 540 1356 564 testes
1371 536 1454 570 hujus
1466 535 1505 563 rei
1540 533 1714 570 proferentes
1751 531 1848 558 Theo-

207 583 301 618 gnium
330 583 489 618 episcopum
515 583 629 615 Nicaeae,
663 583 758 610 Marim
790 583 993 616 Chalcedonis,
1031 582 1206 611 Theodorum
1236 583 1384 616 Heracleae,
1397 581 1729 610 ValentemetUi-sacium
1745 586 1782 606 ac
1795 578 1849 604 Ma.

208 630 354 656 redonium
373 638 380 656 :
395 637 465 664 quos
477 629 587 664 quidem
603 630 630 657 in
644 629 792 666 [Egyptum
808 630 950 663 miserant,
962 637 995 657 eo
1015 630 1142 663 consilio,
1157 634 1186 658 ut
1196 631 1223 658 in
1232 630 1323 659 vicum
1335 630 1411 658 illum
1423 630 1450 657 in
1462 636 1518 664 quo
1531 628 1635 656 fractus
1664 625 1739 654 calix
1772 624 1850 652 dice-

212 677 291 703 batur
304 676 432 711 profecti,
447 678 587 704 veritatem
605 677 831 712 pervestigarent.
847 675 910 704 Haec
926 675 984 704 fere
1003 680 1067 704 sunt
1087 684 1148 712 quae
1171 677 1341 713 scripserunt
1357 676 1492 712 episcopi,
1513 674 1617 702 forensi
1637 680 1716 700 more
1735 672 1848 706 singula

211 723 327 752 crimina
344 723 581 759 perstringentes,
605 731 637 751 ac
674 724 747 752 velut
781 728 839 751 arte
876 723 996 760 quadam
1027 723 1190 751 calumniam
1214 723 1381 751 concinnare
1409 721 1561 749 studentes.
1594 719 1669 747 Multi
1696 723 1794 745 tamen
1817 725 1849 744 ex

212 769 401 802 sacerdotibus
421 769 468 805 qui
485 770 599 797 aderant
613 790 620 802 ,
643 771 695 806 81
715 771 766 798 hoc
783 771 917 806 judicium
945 771 1057 799 minime
1079 777 1182 798 rectum
1201 777 1264 798 esse
1293 769 1494 798 existimarunt.
1513 767 1597 795 Aiunt
1620 770 1698 794 certe
1714 763 1849 799 Paphnu-

213 817 280 845 tium
313 814 498 843 confessorem
546 815 591 850 qui
617 816 747 843 .coucilio
784 815 907 844 interfuit
925 836 932 849 ,
965 817 1133 852 apprehensa
1172 823 1255 844 manu
1287 815 1395 843 Maximi
1424 813 1674 848 Hierosolymorum
1704 810 1849 847 episcopi,

210 864 327 900 jussisse
342 867 371 890 ut
385 866 530 898 surgeret:
552 863 631 898 quasi
655 871 708 890 non
725 863 833 892 deceret
855 864 930 898 ipsos
967 864 1014 900 qui
1035 863 1210 892 confessores
1232 867 1348 896 essent,
1373 867 1400 890 et
1425 863 1471 897 qui
1494 860 1605 896 pietatis
1626 867 1714 888 causa
1751 858 1850 887 oculos

211 909 326 938 effossos
349 916 381 936 ac
405 908 522 944 poplites
543 908 666 936 succisos
692 908 840 941 haberent,
867 909 1000 937 malorum
1021 908 1161 936 hominum
1179 908 1297 936 concilio
1312 908 1421 936 sociari.

503 977 580 1005 CAP.
603 977 696 1005 XXVI.

1016 1012 1038 1041 Β

216 1045 252 1073 οε
265 1045 376 1072 ecclesia
392 1053 407 1070 α
425 1044 597 1071 Constantino
612 1043 710 1078 Magno
728 1043 918 1079 Hierosolymis
935 1045 1000 1072 a'di-

288 1081 367 1114 [irata
382 1081 406 1106 in
427 1078 566 1114 Golgotlm,
578 1080 659 1114 deque
674 1079 729 1113 ejus
745 1078 918 1108 dedicatione.

251 1178 356 1207 Interea
381 1187 444 1206 vero
468 1179 542 1206 circa
569 1179 739 1206 tricesimum
766 1186 868 1207 annum
895 1180 1001 1215 imperii

214 1225 399 1258 Constantini,
421 1225 545 1252 absoluta
559 1224 615 1259 jam
629 1225 750 1252 ecclesia
763 1224 959 1261 llicrosolymis
975 1225 1003 1253 in

214 1270 345 1297 Calvarias
370 1270 445 1302 loco,
463 1278 523 1305 qua:
547 1277 674 1305 magnum
700 1269 859 1305 Martyrium
884 1271 1004 1306 appella-

217 1322 270 1346 tur,
288 1315 426 1342 Marianas
442 1315 551 1350 quidam
567 1323 621 1351 non
639 1315 770 1344 mediocri
784 1316 917 1351 dignitate
935 1324 1002 1352 prae-

215 1361 300 1391 ditus.
314 1360 489 1394 imperatoris
504 1362 639 1393 notarius,
657 1360 760 1396 Tyrum
778 1361 929 1396 ingressus,
945 1362 1004 1396 epi-

218 1406 310 1441 scopis
323 1406 350 1433 in
369 1406 486 1434 concilio
502 1407 675 1441 congregatis
693 1407 867 1442 imperatoris
883 1408 1005 1442 porrexit

218 1452 360 1486 epistolam
377 1471 384 1483 ,
402 1459 456 1486 qua
473 1458 521 1478 eos
540 1452 712 1483 hortabatur,
737 1456 767 1479 ut
782 1453 925 1480 confestim
943 1453 1006 1481 Ilie-

219 1497 356 1532 rosolyma
369 1496 493 1532 profecti,
507 1497 651 1524 ecclesiam
671 1497 726 1524 illic
736 1497 921 1526 dedicarent‘.
931 1498 1005 1526 Istud

219 1551 283 1571 vero
299 1550 362 1570 cum
383 1541 430 1569 diu
453 1546 532 1569 antea
557 1541 736 1573 decrevisset.
760 1543 944 1570 necessarium
966 1547 1006 1570 ta-

219 1598 279 1616 men
307 1592 463 1619 censuerat,
493 1593 520 1615 ut
540 1588 659 1622 episcopi
688 1589 764 1622 prius
789 1588 816 1615 in
842 1589 909 1616 urbe
934 1588 1006 1624 Tyro

219 1634 372 1670 congregati
397 1633 516 1669 privatas
538 1634 609 1660 inter
635 1641 664 1660 se
688 1634 843 1662 simultates
858 1642 1006 1669 compone-

1343 976 1468 1003 ΚΕΦΛΛ.
1485 975 1555 1008 KG’.

1055 1045 1121 1078 Περὶ
1132 1044 1184 1071 τοῦ
1201 1045 1235 1070 ἐν
1248 1042 1465 1079 Ἱεροσολύμοις
1479 1041 1547 1079 ted).
1564 1040 1600 1079 by
1611 1041 1628 1065 ὁ
1637 1039 1734 1079 μέγας
1745 1039 1850 1079 ξιτισε

1090 1075 1313 1110 Κωνσιαντῖνὸς
1325 1078 1359 1104 ἐν
1371 1075 1505 1111 Γολγοοᾷ
1515 1085 1521 1090 ·
1535 1076 1582 1102 καὶ
1595 1075 1661 1108 περὶ
1674 1075 1737 1101 τῶν
1751 1075 1851 1108 ἐγκαι-

1090 1115 1162 1141 νίων
1173 1113 1277 1141 αὐτοῦ.

1097 1182 1140 1209 Ἐν
1154 1181 1240 1216 τούτῳ
1254 1181 1281 1207 δὲ
1298 1181 1368 1215 ἀμφὶ
1383 1181 1432 1215 τὴν
1456 1179 1550 1215 τρίτην
1572 1178 1675 1205 δεκάδα
1698 1179 1752 1213 τῆς
1775 1177 1850 1204 κων-

1055 1227 1194 1254 σταντίνου
1210 1225 1372 1260 ἡγεμονίας,
1393 1223 1604 1260 ἐξεργασθέντος
1621 1223 1668 1249 τοῦ
1686 1224 1716 1248 ἐν
1739 1223 1851 1257 Ἰεροσο-

1055 1273 1150 1308 λύμοις
1160 1272 1212 1299 νεὼ
1222 1280 1253 1298 πε
1259 1271 1284 1306 pl.
1293 1271 1337 1297 τὸν
1347 1270 1466 1306 Κρανίου
1479 1269 1576 1304 χῶρον.
1583 1268 1597 1294 ὃ
1607 1269 1679 1304 μέγα
1689 1267 1851 1303 Μαρτύριον

1056 1317 1296 1353 προσαγορεύεται,
1309 1315 1528 1352 παραγενόμενος
1542 1317 1580 1347 εἰς
1592 1315 1681 1350 Τύρον
1695 1314 1850 1349 Παριανὸς.

1055 1364 1124 1400 ἀνὴρ
1141 1364 1195 1390 τῶν
1214 1365 1242 1390 ὲν
1266 1362 1340 1398 ἀξίᾳ,
1362 1362 1498 1398 βασιλικὸς
1515 1362 1706 1396 ταχυγράφος,
1723 1361 1851 1387 ἀπέδωκε

1055 1410 1088 1444 τῇ
1103 1409 1203 1443 συνόδῳ
1221 1408 1351 1443 βασιλέως
1370 1407 1524 1441 ἐπιστολὴν,
1545 1406 1812 1441 παρακελευομένην
1827 1406 1852 1431 ἐν

1055 1453 1131 1488 τάχει
1143 1452 1177 1480 τὰ
1195 1452 1369 1488 Ἱεροσόλυμα
1379 1451 1552 1483 καταλαϐεῖν,
1569 1451 1616 1477 καὶ
1631 1451 1677 1476 τὸν
1688 1450 1747 1476 νεὼ
1761 1450 1852 1477 καθιε-

1058 1499 1152 1534 ρῶσαι.
1172 1498 1256 1524 Τοῦτο
1273 1498 1301 1524 δὲ
1316 1498 1363 1524 καὶ
1380 1499 1444 1532 πρὶν
1461 1497 1682 1532 βεϐουλευμένος,
1698 1497 1853 1529 ἀναγκαῖον

1056 1545 1164 1580 ἐνόμισε
1182 1545 1311 1580 πρότερον
1328 1546 1357 1571 ὲν
1373 1544 1454 1580 Τύρῳ
1468 1543 1643 1574 συνελθόντας
1657 1543 1722 1573 τοὺς
1739 1542 1851 1568 ἐπισκό-

1058 1599 1134 1622 πους,
1149 1591 1279 1618 διαθεῖναι
1292 1590 1340 1622 τὰς
1356 1590 1424 1624 πρὸς
1435 1589 1562 1624 ἀλλήλους
1579 1589 1724 1623 διαψοράς-
1739 1589 1814 1615 οὕτω
1826 1597 1852 1614 τε

1057 1636 1414 1672 κεκαθαρμένουςδιχονοίας
1427 1635 1567 1670 καὶλύπης
1580 1635 1626 1661 ἐπὶ
1638 1635 1687 1669 τὴν
1700 1635 1853 1669 ἀφιέρωσιι

221 1684 292 1711 rent,
321 1685 402 1714 atque
423 1679 457 1706 ab
480 1680 553 1706 omni
573 1679 712 1707 discordia
728 1684 755 1707 et
770 1679 919 1707 offensione
944 1688 1003 1714 pur-

1071 1682 1105 1709 ὀὗ
1119 1682 1171 1709 νεὼ
1186 1682 1319 1717 χωρῆσαι.
1337 1681 1493 1717 Πρόσφορον
1504 1682 1558 1716 γὰρ
1571 1679 1641 1707 εἶναι
1658 1681 1779 1716 τοιαύτῃ
1791 1689 1853 1707 παν-

220 1726 285 1761 gati,
300 1726 337 1753 ita
353 1725 461 1753 demum
485 1725 518 1752 ad
540 1726 664 1754 ecclesia:
679 1726 878 1754 dedicationem
894 1730 1007 1754 accede-

221 1777 290 1801 rent.
308 1772 447 1807 Ejusmodi
458 1772 530 1800 enim
548 1771 690 1800 festivitati
704 1772 845 1807 aptissime
862 1773 1008 1800 convenire

220 1818 397 1846 concordiam
418 1818 603 1846 sacerdotum.
620 1818 705 1853 Igitur
717 1818 837 1854 episcopi
853 1817 1008 1854 Hierosoly-

222 1872 292 1892 mam
334 1864 416 1892 delati
447 1864 593 1892 ecclesiam
625 1870 837 1896 consecrarunt,
873 1865 1008 1900 simulque

220 1915 381 1939 ornamenta
399 1914 427 1938 et
450 1910 565 1938 donaria
584 1910 618 1938 ab
636 1909 802 1945 imperatore
822 1911 982 1938 transmissa
1000 1921 1006 1938 :

221 1965 282 1992 quae
297 1956 406 1991 quidem
429 1957 456 1983 in
477 1955 574 1984 eadem
598 1955 713 1984 basilica
735 1956 871 1984 hactenus
885 1961 1007 1987 manent,

221 2007 247 2030 et
263 2010 278 2030 a
297 2003 403 2030 cunctis
418 2010 472 2030 non
495 2002 556 2031 sine
579 2002 682 2038 ingenti
704 2007 816 2037 stupore
837 2007 1007 2038 spectantur,

221 2049 257 2076 ob
272 2048 499 2084 magnificentiam
513 2053 595 2083 atque
613 2048 830 2083 amplitudinem.
843 2047 883 2075 Ex
898 2055 931 2075 eo
943 2056 1008 2076 vero

223 2099 343 2129 tempore
357 2095 505 2122 solemnem
517 2094 665 2129 quotannis
678 2094 851 2122 festivitatem
862 2093 1007 2121 admodum

224 2141 363 2175 splendide
386 2141 632 2176 llierosolymitana
653 2140 770 2167 celebrat
785 2139 925 2172 Ecclesia;
941 2139 1009 2166 adeo

1061 1729 1158 1764 ηγύρει
1177 1729 1225 1763 τὴν
1236 1728 1362 1762 ὁμόνοιαν
1375 1727 1428 1754 τῶν
1443 1727 1547 1763 ἱερέων.
1566 1727 1620 1754 Καὶ
1632 1728 1657 1754 οἱ
1669 1727 1721 1762 μὲν
1734 1725 1804 1763 ἧκον
1818 1728 1853 1758 εἰς

1067 1773 1250 1808 Ἰεροσόλυμα,
1262 1773 1307 1799 καὶ
1315 1773 1360 1799 τὸν
1370 1773 1433 1800 ναὸν
1442 1773 1624 1808 καθιέρωσαν,
1636 1773 1684 1799 καὶ
1690 1773 1727 1799 τὰ
1735 1773 1854 1799 ἀποστα-

1061 1818 1140 1844 λέντα
1152 1818 1226 1853 παρὰ
1234 1817 1280 1844 τοῦ
1292 1817 1423 1853 βασιλέως
1433 1826 1475 1844 κει
1480 1818 1563 1853 μήλιά
1572 1826 1602 1844 τε
1614 1819 1662 1844 καὶ
1674 1818 1851 1853 ἀναθήματα,

1061 1863 1078 1890 ἃ
1097 1864 1180 1890 εἰσέτι
1196 1863 1245 1890 νῦν
1271 1865 1299 1890 ὲν
1314 1863 1381 1898 τῷδε
1401 1863 1441 1899 τῷ
1461 1863 1525 1899 ἱερῷ
1540 1863 1607 1899 οἴκῳ
1624 1864 1799 1897 ἀνάκεινται,
1812 1865 1853 1890 κἰὶ

1063 1910 1129 1937 πολὺ
1145 1909 1259 1945 παρέχει
1273 1909 1365 1945 Θαῦμα
1377 1911 1433 1941 τοῖς
1447 1909 1602 1944 θεωμένοις,
1615 1909 1797 1942 πολυτελείας
1811 1911 1852 1936 καὶ

1063 1955 1194 1990 μεγέθους
1210 1955 1300 1982 ἕνεκα.
1311 1955 1357 1988 Ἐξ
1380 1954 1485 1982 ἐκείνου
1502 1955 1530 1981 δὲ
1550 1955 1659 1990 ἐτήσιον
1676 1955 1785 1991 ταύτην
1798 1956 1852 1990 ἑορ-

1062 2001 1110 2036 τὴν
1129 2001 1184 2036 (45)
1209 2000 1342 2037 λαμπρῶς
1366 2001 1438 2036 μάλα
1465 2001 1526 2035 ἄγει
1552 2001 1569 2036 ὴ
1586 2000 1640 2027 τῶν
1657 2001 1851 2036 Ἱεροσολύμων

1062 2047 1212 2082 Ἐκκλησία
1224 2053 1231 2061 ⁸
1251 2047 1287 2078 ὼς
1310 2047 1356 2073 καὶ
1375 2047 1489 2082 μυήσεις
1502 2048 1532 2073 ὲν
1550 2047 1619 2082 αὐτῇ
1636 2047 1789 2077 τελεῖσθαι,
1809 2048 1850 2072 iul

1062 2092 1133 2119 ὀκτὼ
1144 2093 1248 2128 ἡμέρας
1261 2092 1361 2127 ἐφεξῆς
1377 2091 1566 2127 ἐκκλησιάζειν
1577 2100 1583 2107 ·
1604 2093 1728 2119 συνιέναι
1747 2102 1776 2119 τε
1794 2092 1850 2118 πολ-

1063 2139 1124 2170 λοὺς
1142 2139 1232 2174 σχεδὸν
1242 2140 1274 2165 ὲκ
1288 2139 1376 2173 πάσης
1392 2139 1442 2173 τῆς
1457 2138 1502 2172 ὑφ’
1515 2138 1600 2173 ἥλιον,
1613 2139 1638 2165 οἳ
1656 2138 1720 2165 καθ’
1736 2139 1849 2173 ἱστορίαν

262 2231 268 2244 ¹
291 2229 390 2257 Euseb.
407 2229 459 2256 Vit.
473 2229 569 2256 Const.
594 2230 641 2257 lib.
659 2238 696 2262 iv,
714 2238 738 2257 c.
750 2231 802 2262 43;
825 2229 903 2257 Socr.
919 2230 965 2257 lib.
988 2238 1006 2261 ι.
1022 2237 1046 2256 c.
1063 2230 1107 2258 33.

830 2310 961 2338 VALESII
980 2309 1251 2337 ANNOTATIONES.

264 2385 320 2424 (ιίι)
345 2385 485 2424 risi-erato
510 2384 567 2424 aut:
597 2389 784 2421 ΙΙαφνούτιον
819 2389 872 2415 τὸν
905 2391 1008 2424 ὁμολο-

1071 2398 1146 2417 mone
1163 2391 1294 2423 posuerit.
1319 2390 1379 2417 Alio
1412 2390 1475 2417 item
1492 2389 1604 2424 nomine
1627 2393 1762 2424 suspecta
1789 2386 1845 2415 mihi

226 2420 331 2455 γητήν,
344 2420 466 2455 Sumpsit
480 2421 536 2448 limo
552 2420 720 2451 Sozonienus
734 2431 764 2451 ex
788 2424 876 2450 Rufini
894 2420 1020 2451 Historia'

227 2455 416 2494 ecclesiastica.
427 2456 601 2491 Paphnutius
609 2458 723 2494 quidam
732 2459 878 2494 episcopus
890 2458 1012 2494 Egypti,

229 2498 281 2529 una
291 2490 560 2529 cuurl’otainOneet
577 2490 692 2529 re_liquis
719 2490 865 2529 ep‘i‘scop’is.
889 2490 1011 2529 qui'c'uni

228 2526 379 2565 Athanasio
395 2526 427 2565 ad
441 2527 575 2565 synodum
590 2526 743 2565 Tyrensenf
752 2526 1012 2565 venerant,‘memo-

228 2565 305 2587 ratur
329 2561 356 2597 in
384 2561 550 2597 Apologetico
570 2561 684 2590 secundo
708 2563 830 2597 ejusdem
857 2565 1010 2591 Athanasii.

227 2596 269 2634 Ah
283 2603 315 2622 eo
330 2595 540 2634 distinguendus
557 2598 663 2624 videtur
679 2595 749 2634 alter
766 2599 937 2634 Paphnutius
956 2599 1012 2626 Mc-

229 2631 341 2658 litianus
352 2631 528 2663 anachoreta,
549 2634 594 2666 qui
615 2641 676 2660 cum
700 2631 844 2661 Joanne'et
862 2634 1008 2664 Callinit-o.

229 2667 310 2700 patilo
323 2671 386 2703 ante
401 2668 535 2702 synodum
552 2667 627 2703 Tyri,
643 2669 821 2696 Athanasium
831 2675 1011 2696 accusaverat

227 2702 299 2736 apud
318 2702 548 2733 Constantinum,
566 2708 594 2729 et
620 2712 701 2737 quem
728 2704 916 2731 confessorem
943 2712 1012 2731 con-

229 2737 397 2774 fessorisque
414 2738 498 2764 lilium
519 2739 604 2774 fuisse
615 2739 711 2774 scribit
733 2739 902 2774 Epiphanius
915 2740 942 2766 in
957 2741 1011 2766 hze-

229 2773 283 2809 resi
302 2771 522 2809 Me'l_i_tianorum.
534 2772 586 2800 Sed
618 2778 645 2800 et
662 2771 944 2809 Potanio'episcopus
959 2774 1012 2801 lle-

229 2808 326 2834 raclezc
335 2807 462 2844 gEgypti,
478 2808 525 2844 qui
541 2809 645 2844 synodo
661 2808 776 2844 Tyrensi
792 2807 926 2841 interfuit,
940 2817 1012 2836 unus

229 2850 261 2868 ex
276 2842 485 2870 confessor-ibus
503 2842 604 2869 fuerat.
616 2842 706 2876 Quare
722 2851 818 2871 vereor
833 2852 866 2872 ne
883 2843 1009 2875 Ruﬁnus.

231 2877 351 2912 scriptor
379 2884 476 2912 parum
504 2877 632 2912 diligens,
652 2877 837 2913 Paphntttittui
867 2888 915 2914 pro
933 2879 1011 2906 Pota-

1066 2425 1175 2453 videtur
1188 2423 1279 2452 Rufini
1294 2426 1425 2452 narratio.
1438 2425 1562 2452 Aiteuim
1581 2423 1702 2459 Rufinus
1724 2424 1845 2459 Paphnu-

1065 2461 1132 2487 tium
1146 2460 1295 2487 abduxisse
1311 2468 1406 2487 secum
1422 2459 1570 2486 Maximum
1599 2458 1844 2494 Hierosolymorum

1064 2496 1236 2530 episcopum,
1263 2498 1422 2530 priusquam
1453 2495 1479 2521 in
1499 2495 1686 2530 Athanasium
1718 2494 1844 2530 sententia

1065 2527 1248 2566 promeretur.
1264 2527 1473 2566 'Atqui'constat
1494 2529 1648 2566 Ablaximurn
1661 2529 1695 2566 _in
1708 2537 1741 2556 ea
1752 2527 1844 2566 synodo

1065 2562 1265 2600 subscripsisse
1290 2562 1460 2592 damnationi
1486 2564 1644 2591 Athanasii.
1661 2562 1795 2600 ltareni'm
1810 2562 1844 2588 di-

1064 2605 1136 2627 serte
1168 2599 1252 2628 tradit
1281 2600 1408 2628 Socrates
1438 2600 1464 2626 in
1503 2599 1573 2626 libro
1610 2599 1736 2626 secundo
1768 2599 1843 2633 capite

1064 2641 1170 2662 οριιινο.

1101 2670 1156 2704 (45)
1183 2670 1319 2703 Ἐτήσιον
1346 2670 1459 2703 ταύτην
1473 2669 1591 2704 ἑορτήν.
1613 2668 1670 2704 Die
1696 2669 1802 2704 scilich
1819 2665 1843 2704 Ιξ

1066 2702 1168 2732 mensis
1185 2704 1366 2740 Septembris.
1394 2702 1436 2732 Eo
1451 2702 1523 2732 enim
1543 2704 1587 2731 die
1610 2702 1842 2740 llierosolynritaui

1066 2737 1411 2774 quotannis-celebrabant
1425 2739 1550 2766 Enezrnia
1566 2739 1695 2773 martyrii
1709 2737 1766 2774 sive
1781 2737 1843 2763 busi-

1067 2772 1126 2802 licze
1142 2775 1388 2806 Constantiniana,
1406 2778 1434 2801 ut
1449 2774 1541 2801 notavi
1559 2775 1587 2800 in
1602 2772 1723 2808 epistola
1740 2772 1774 2799 de
1785 2778 1842 2808 ana-

1066 2811 1131 2838 stasi
1143 2815 1170 2837 et
1186 2810 1318 2846 Martyrio
1335 2809 1595 2846 lliei-osolymitano,
1620 2807 1686 2843 quae
1707 2809 1741 2836 ad
1753 2807 1841 2835 calcem

1065 2843 1274 2872 anuotatiouuin
1293 2843 1508 2872 Eusebianarum
1527 2843 1602 2871 edita
1624 2847 1678 2871 est.
