1898 3075
109 128 184 157 1009

105 233 210 269 καιρὸν
221 243 324 271 ταυτης
335 236 384 271 τῆς
396 237 586 273 πανηγύρεως.

605 134 769 165 HISTORIA
791 137 1072 168 ECCLESIASTICA.
1088 155 1124 162 ις-
1141 141 1206 169 LIB.
1226 142 1254 169 ll.

107 188 170 214 τῶν
186 189 267 225 ἱερῶν
288 190 395 224 τόπων,
416 193 547 220 πάντοθεν
577 195 756 231 συντρέχουσι
781 197 850 223 κατὰ
866 197 911 224 τὸν

1676 144 1744 171 ωζε)

964 203 993 224 ut
1017 199 1144 234 baptismi
1164 209 1274 236 quoque
1295 207 1466 230 sacramenta
1487 211 1519 230 eo
1537 203 1580 230 die
1603 204 1744 230 tradantur

957 247 984 270 et
998 251 1046 278 per
1059 248 1206 274 continuos
1229 251 1292 274 octo
1321 247 1379 276 dies
1409 249 1529 276 collectae
1545 249 1628 281 italu,
1649 249 1744 275 multi-

105 286 167 314 que
184 287 218 307 ex
238 282 312 308 omni
338 281 396 310 fere
417 287 551 311 terrarum
574 285 642 313 orbe
664 286 845 320 conveniant,
861 287 908 322 qui
926 287 1007 324 hujus
1017 289 1173 320 festivltatis
1188 294 1349 328 temperem]
1363 301 1439 322 sacra
1466 295 1524 322 loca
1552 296 1743 331 perlustrando

107 327 237 362 undique
254 333 413 357 accurrunt.

408 377 533 404 ΚΕΦΑΛ.
554 378 617 404 KZ'.

109 418 182 457 Περὶ
208 418 263 447 τοῦ
283 421 486 457 πρεσϐυτέρου
505 422 558 449 τοῦ
569 423 730 457 πείσαντος
744 425 903 452 κων-σταν-

147 453 255 494 τῖ’νςοθὲΔ
266 453 445 494 ganearum?)-
465 457 509 494 ἐκ.
526 457 582 494 τῆς
603 453 761 494 ὑπερορίας
787 460 900 494 'Apsto;

147 488 201 528 73a!
217 488 362 528 Εὺζώὶονλ
377 488 434 528 iuit
446 492 512 525 περὶ
538 488 593 526 τῆς
612 488 705 520 abici)
721 488 797 528 τάχα
817 488 903 521 ἑὺσε-

146 523 221 563 ςοῦς
243 525 372 563 πίστεως
384 523 527 563 ᾅίϐελλος
541 534 546 540 ·
562 523 611 554 {at
624 528 704 561 ὅπως
716 523 775 555 ὐπδ
791 529 846 563 τῆς
867 530 902 556 ἐν

152 559 368 596 Ἰεροσολύμοις
377 561 587 596 ᾁθροισθείσης
599 559 731 591 συνόδου
745 564 794 590 καὶ
809 559 902 591 idum

149 594 267 628 Ἄρειος
281 595 480 630 προσεδέχθη.

148 640 305 675 Τηνικαῦτα
333 641 361 667 δὲ
389 641 485 676 καιροῦ
516 642 661 678 λαϐόμενοι
687 644 712 670 οἱ
737 645 772 671 τὰ
795 645 901 680 ’Δρείου

107 685 274 720 φρονοῦντες
288 685 343 712 τῶν
359 687 526 719 ἐπισκόπων,
543 688 711 716 ἐσπούδασαν
724 689 849 724 γενέσθαι
872 692 901 717 ἐν

113 730 313 766 Ἰεροσολύμοις
340 731 464 764 σύνοδον,
480 733 527 759 καὶ
552 734 693 766 κοινωνίας
715 735 790 770 αὐτῷ
819 745 901 771 μετα-

105 775 202 803 δοῦναι
226 777 272 803 καὶ
289 776 399 811 Εὐζωΐῳ
411 786 417 792 ·
432 778 588 814 ἐθάρρησαν
601 779 629 808 δὲ
650 779 737 806 ταῦτα
752 781 823 807 κατὰ
836 782 902 817 πρό-

107 830 194 856 φασιν
203 822 318 849 τοιάνδε·
330 823 518 859 Πρεσϐύτερος
527 834 569 856 τις
576 823 609 860 ἦν
626 826 742 861 συνήθης
751 827 783 862 τῇ
799 827 900 863 ἀδελφῇ

1210 385 1265 420 32
1285 384 1360 412 CAP.
1382 385 1487 413 xxvu.

958 426 996 453 De
1007 427 1157 466 presbytero
1175 431 1219 464 qui
1235 429 1408 458 Constantina
1430 433 1576 466 persuasit,
1601 439 1628 459 ut
1651 434 1744 461 Arium

992 467 1016 503 et
1030 462 1160 504 ausam,"
1176 462 1208 490 ob
1220 466 1313 492 exsilio
1331 462 1482 504 revocaret:
1493 473 1522 504 et
1530 468 1561 494 de
1571 462 1667 496 rlibello
1681 471 1743 504 ﬁdei

990 497 1059 539 ejus,
1073 499 1187 539 [grsilan
1198 505 1278 539 Irectw
1291 508 1299 526 :
1311 501 1480 539 et_quomodo
1494 503 1562 529 idem
1575 503 1653 530 Arius
1665 497 1686 530 α’
1699 513 1742 539 sy~

995 533 1063 560 nodo
1081 533 1322 570 Hierosolymitana
1337 533 1432 563 iterum
1446 543 1582 572 susceptus
1601 544 1650 567 est.

991 645 1092 674 Eodem
1119 650 1243 682 tempore
1273 647 1392 682 episcopi
1423 649 1469 684 qui
1500 650 1655 684 opinionem
1685 652 1740 679 Arii

955 692 1159 726 sequebantur,
1192 696 1300 728 tempus
1331 693 1458 721 idoneum
1490 695 1581 728 nacti,
1609 698 1741 731 synodum

954 738 1147 772 episcoporum
1166 737 1364 773 Hierosolymis
1381 739 1437 775 fieri
1452 745 1593 773 curarunt,
1609 746 1636 768 et
1648 742 1742 770 Arium

952 787 1033 818 atque
1063 783 1195 811 Euzoiuui
1222 784 1250 811 in
1278 785 1501 812 communionem
1533 787 1626 822 recipi.
1655 787 1741 820 Quam

950 836 1008 856 rem
1033 833 1061 856 ut
1085 830 1316 865 aggrederentur,
1338 830 1495 864 hujusmodi
1521 832 1668 860 occasione
1694 833 1742 860 ad-

105 867 158 895 τοῦ
178 867 318 902 βασιλέως,
334 869 478 904 ἐπαινέτης
491 870 546 897 τῶν
561 870 667 906 Ἀρείου
683 872 837 907 δογμάτων.
849 875 901 902 Καὶ

975 874 1028 901 neti
1054 879 1136 902 sunt:
1155 874 1302 911 Presbyter
1320 876 1430 910 quidam
1452 880 1528 910 erat,
1550 878 1654 906 sororis
1672 879 1742 906 Con-

105 912 152 940 ὅτι
163 913 225 940 τάδε
240 914 360 949 ἐφρόνει,
377 914 411 941 τὰ
432 915 528 951 πρῶτα
543 916 699 945 ἐλάνθανεν.
722 918 765 950 Ὡς
787 919 815 947 δὲ
837 921 902 947 πολ-

105 957 165 989 λοῖς
186 959 323 994 προελθὼν
339 961 443 996 χρόνοις
464 962 627 998 οἰκειότερον
642 964 736 991 ἑαυτὸν
752 966 902 1002 κατέστησε

105 1004 302 1042 Κωνσταντίᾳ,
320 1006 398 1033 τοῦτο
413 1007 467 1042 γὰρ
494 1008 578 1044 ὖνομα
593 1007 627 1045 ἦν
649 1011 681 1045 τῇ
703 1010 803 1047 ἀδελφῇ
823 1013 901 1040 Κων-

105 1050 270 1083 σταντίνου,
288 1052 379 1084 ἀδείας
407 1053 555 1089 λαϐόμενος
583 1056 807 1092 ἐπαρρησιάσατο
833 1059 901 1094 πρὸς

103 1096 203 1132 αὐτὴν,
222 1098 268 1124 καὶ
292 1099 496 1134 κατεμέμφετο,
522 1102 559 1136 μὴ
588 1102 700 1135 δικαίως
716 1103 825 1139 ’Ἄρειον
851 1106 900 1141 τὴν

103 1141 225 1185 πατρίδα
249 1143 369 1178 φεύγειν,
392 1145 503 1181 καὶτῆς
525 1147 686 1183 Ἐκκλησίας
709 1149 898 1185 ἐκϐεϐλῆσθαι,

101 1184 150 1211 διὰ
159 1185 255 1219 φθόνον
266 1188 313 1214 καὶ
323 1188 390 1220 ιδίας
400 1188 499 1225 ἔχθρας
513 1190 680 1226 ἐκϐληθέντα
694 1194 768 1228 παρὰ
776 1184 899 1227 Ἀλεξάν-

101 1231 181 1266 δρου,
197 1232 243 1259 τοῦ
252 1233 498 1269 ὲπιτροπεύσαντος
514 1237 563 1272 τὴν
578 1238 774 1274 Ἀλεξανδρέων
787 1241 899 1277 Ἐκκλη-

103 1277 178 1305 σίαν.
197 1278 398 1314 Εὑδοκιμοῦντα
414 1281 477 1316 γὰρ,
497 1281 559 1317 ἔφη,
575 1283 651 1318 παρὰ
665 1284 703 1319 τῷ
721 1285 816 1320 πλήθει
827 1287 898 1322 ὀρῶν

101 1323 202 1357 αὑτὸν,
227 1324 437 1361 ὲζηλοτύπ-ησεν.
462 1327 562 1363 Ἀληθῆ
591 1328 620 1355 δὲ
645 1329 731 1356 ταῦτα
757 1332 898 1359 πεισθεῖσα

100 1369 293 1402 Κωνσταντία,
315 1371 344 1397 ἐν
395 1372 447 1406 μὲν
469 1373 579 1409 περιῆν,
590 1375 666 1401 οὐδὲν
685 1375 785 1410 ἔφθασε
801 1387 898 1405 νεωτε-

102 1413 181 1448 ρίσαι
195 1415 249 1442 τῶν
265 1417 294 1442 ὲν
306 1416 407 1452 Natat;
428 1417 571 1451 δοξάντων.
600 1420 676 1447 Ἐπεὶ
690 1421 717 1447 δὲ
734 1423 803 1457 νόσῳ
820 1432 897 1459 περι-

100 1459 197 1491 έπεσε,
215 1461 395 1497 καθυφωρᾶτο
406 1463 533 1500 τελευτᾷν
542 1473 548 1480 ·
565 1466 612 1492 καὶ
627 1468 846 1503 παραγενόμενον
859 1470 897 1502 ὠς

99 1505 188 1541 αὐτὴν
205 1506 251 1533 τὸν
269 1507 382 1542 ἀδελφὸν
408 1509 534 1537 ἐκέλευσε
549 1511 708 1540 τελευταίαν
720 1515 788 1551 αὐτῇ
803 1515 895 1543 δοῦναι

954 921 1069 948 stantini
1089 920 1243 954 familiaris,
1261 921 1421 956 opinionum
1445 922 1504 949 Arii
1528 923 1655 951 laudator
1673 922 1696 951 ¹.’
1710 924 1742 951 Et

952 968 1033 997 initio
1046 969 1157 1005 quidem
1177 969 1269 1004 ipsum
1286 969 1352 997 talia
1366 970 1470 997 sentire
1485 978 1565 998 nemo
1583 975 1674 998 norat.
1691 970 1740 999 Ubi

952 1022 1017 1042 vero
1034 1022 1168 1049 processu
1180 1015 1313 1050 temporis
1330 1014 1495 1042 familiarior
1511 1015 1600 1044 factus
1616 1021 1657 1044 est
1671 1017 1742 1044 Con-

951 1060 1071 1092 stantize,
1085 1060 1136 1087 hoc
1152 1060 1226 1087 enim
1244 1067 1348 1087 nomen
1364 1059 1415 1087 fuit
1431 1060 1536 1088 sororis
1551 1061 1739 1093 Constantini,

951 1110 1059 1139 sumpta
1075 1104 1291 1135 fiduciaalibere
1308 1112 1370 1133 cum
1383 1113 1415 1132 ea
1431 1105 1504 1140 loqui
1520 1107 1615 1141 coepit.
1631 1112 1657 1134 et
1673 1115 1739 1134 con-

950 1150 1030 1184 queri
1042 1148 1116 1184 quod
1128 1149 1210 1176 Arius
1227 1149 1331 1184 injuste
1349 1149 1437 1183 patria
1457 1151 1610 1184 exsularet,
1626 1155 1652 1178 et
1666 1152 1738 1186 quod

951 1201 999 1228 per
1013 1193 1143 1220 invidiam
1163 1201 1194 1220 ac
1212 1193 1346 1228 privatam
1368 1194 1538 1222 simultatem
1569 1196 1602 1223 ab
1618 1197 1740 1224 Alexan-

950 1239 1000 1266 dro
1016 1238 1208 1266 Alexandrina:
1231 1238 1361 1266 Ecclesia),
1377 1240 1509 1274 episcopo
1532 1241 1655 1269 Ecclesia
1678 1242 1737 1277 eje-

949 1289 1011 1312 ctus
1025 1289 1108 1312 esset.
1131 1285 1198 1312 Nam
1220 1294 1282 1313 cum
1312 1287 1476 1320 Alexander,
1500 1287 1603 1322 inquit,
1633 1288 1738 1315 videret

949 1330 1024 1358 illum
1042 1338 1208 1366 magnopere
1224 1332 1336 1367 probari
1358 1332 1537 1364 multitudini,
1560 1334 1737 1361 aaniulatione

947 1377 1082 1405 adversus
1111 1385 1173 1404 eum
1203 1379 1316 1405 exarsit.
1348 1378 1411 1405 llaec
1438 1386 1503 1406 vera
1530 1387 1593 1406 esse
1619 1379 1736 1407 credens

947 1423 1128 1456 Constantia,
1151 1424 1273 1458 quandiu
1292 1424 1402 1459 quidem
1420 1428 1563 1459 superstes
1580 1424 1645 1456 fuit,
1668 1425 1734 1451 nihil

947 1469 1010 1496 novi
1030 1469 1123 1496 molita
1140 1473 1182 1496 est
1206 1470 1340 1497 adversus
1354 1469 1470 1497 Nicaeum
1494 1471 1592 1505 synodi
1613 1471 1735 1498 decreta.

946 1514 1098 1550 Postquam
1113 1523 1177 1543 vero
1194 1516 1221 1543 in
1235 1517 1362 1543 morbum
1377 1516 1484 1549 incidit,
1502 1525 1534 1545 ex
1551 1525 1584 1544 eo
1604 1524 1634 1544 se
1650 1518 1736 1544 mori-

98 1551 193 1587 χάριν,
209 1553 242 1588 ῆν
263 1553 295 1580 ἂν
312 1555 458 1590 αἰτήσειεν.
481 1556 580 1584 Ἐδεῖτο
595 1558 622 1585 δὲ
644 1561 742 1587 οἰκεῖον
759 1561 830 1596 ἔχειν
851 1562 895 1590 τὸν

979 1568 1037 1588 ram
1064 1559 1218 1596 suspicata,
1247 1561 1358 1589 fratrem
1385 1563 1432 1597 qui
1450 1563 1482 1593 ad
1511 1563 1599 1598 ipsam
1624 1567 1736 1590 venerat

98 1597 246 1644 εἰρημένον
264 1600 458 1637 πρεσϐύτερον,
470 1603 517 1629 καὶ
530 1602 567 1634 ὡς
579 1603 667 1640 ὀρθῶς
679 1605 816 1638 δοξάζοντι
831 1609 895 1644 περὶ

98 1644 131 1669 τὸ
154 1643 230 1670 Θεῖον
247 1645 400 1676 πείθεσθαι,
417 1647 532 1683 Ἐοιυτὴν
554 1649 605 1684 μὲν
623 1650 677 1686 γὰρ
695 1651 745 1688 ἔφη
761 1643 893 1688 οἴχεσθαι,

45 1704 54 1707 -
97 1689 148 1716 καὶ
172 1690 263 1718 λοιπὸν
291 1693 341 1727 τῆς
361 1694 477 1721 ἐνταῦθα
505 1695 597 1732 βιοτῆς
620 1698 701 1733 μηδὲν
714 1700 867 1734 φροντίζειν
885 1709 891 1715 '

97 1735 166 1770 περὶ
179 1736 207 1763 δὲ
229 1737 311 1764 αὑτοῦ
328 1739 471 1774 ὀρρωδεῖν,
489 1743 554 1777 μήτι
573 1743 655 1770 πάθοι
670 1745 722 1770 ὑπὸ
737 1745 892 1780 θεομηνίας,

97 1781 115 1827 ἡ
132 1782 215 1827 αὐτὸς
241 1784 334 1816 κακῶς
355 1786 471 1821 πράξας,
489 1787 505 1822 ἢ
526 1788 575 1824 τὴν
605 1790 753 1825 ἡγεμονίαν
773 1791 894 1827 αίςχρῶς

96 1826 260 1853 ἀποϐαλών·
282 1830 342 1856 ἐπεὶ
365 1831 495 1864 δικαίους,
510 1833 573 1867 ἔφη,
592 1834 639 1861 καὶ
656 1835 775 1869 ἀγαθοὺς
794 1837 893 1871 ἄνδρας

96 1872 201 1905 ἀδίκως
222 1875 342 1908 πεισθείς
364 1885 445 1908 τισιν,
463 1878 542 1914 ἀϊδίῳ
567 1881 638 1915 φυγῇ
664 1881 892 1916 ὲζημίωσεν.Ἐν-

94 1918 195 1945 τεῦθεν
207 1921 220 1946 ὁ
235 1920 361 1955 βασιλεὺς
389 1924 543 1951 οἰκειότατα
563 1925 668 1962 διετέθη
684 1927 749 1963 περὶ
764 1927 809 1953 τὸν
826 1936 893 1964 πρε-

77 1963 231 1999 χσϐύτερον
257 1966 350 1994 τοῦτον
365 1977 371 1984 ·
398 1970 445 1995 καὶ
468 1971 624 2006 παρρησίας
651 1972 725 2007 αὐτῷ
750 1973 891 2007 μεταδοὺς,

947 1608 1068 1642 rogavit,
1094 1613 1122 1635 ut
1149 1613 1302 1636 extremum
1329 1610 1493 1636 bcnelicium
1522 1609 1576 1636 sibi
1603 1610 1736 1637 tribueret

945 1653 1132 1689 quodcunque
1154 1655 1188 1682 ab
1209 1655 1271 1690 ipso
1287 1655 1496 1690 postulavisset.
1518 1655 1670 1683 Postulavit
1686 1663 1735 1682 aur

944 1703 999 1726 tem
1019 1705 1047 1727 ut
1060 1701 1250 1735 supradictum
1265 1702 1457 1736 presbyterum
1474 1702 1501 1728 in
1519 1701 1734 1728 familiaritatem

945 1746 1087 1781 reciperet,
1104 1746 1184 1781 eique
1199 1750 1330 1782 tanquam
1348 1752 1422 1775 recte
1444 1748 1479 1775 de
1503 1747 1648 1774 divinitate
1672 1754 1734 1774 sen-

944 1791 1022 1819 tienti
1048 1792 1127 1819 [idem
1143 1793 1267 1820 haberet.
1284 1793 1353 1819 Nam
1370 1801 1400 1820 se
1414 1793 1524 1828 quidem
1541 1795 1610 1821 mori
1632 1794 1733 1824 aiebat,

923 1872 924 1875 η
943 1846 994 1865 nec
1011 1839 1127 1873 amplius
1145 1839 1227 1865 ullam
1246 1839 1308 1866 vita)
1333 1847 1426 1866 curam
1445 1847 1562 1874 gerere:
1579 1841 1667 1874 ipsius
1686 1849 1734 1867 au-

943 1889 997 1913 tem
1010 1893 1094 1912 causa
1107 1889 1245 1918 metuere,
1261 1893 1294 1912 ne
1309 1886 1374 1920 quid
1391 1886 1453 1912 mali
1472 1894 1506 1913 ex
1521 1887 1560 1913 ira
1578 1886 1623 1913 Dei
1645 1888 1733 1921 patia-

943 1935 998 1963 tur,
1018 1935 1045 1958 et
1063 1935 1110 1958 aut
1132 1932 1191 1966 ipse
1216 1931 1244 1958 in
1262 1931 1402 1968 privatam,
1414 1931 1518 1958 incidat
1537 1931 1731 1964 calamitatem,

942 1980 989 2001 aut
1016 1975 1160 2009 imperium
1188 1977 1306 2010 turpiter
1334 1975 1458 2008 amittat,
1487 1980 1630 2010 propterea
1658 1977 1731 2011 quod

95 2011 146 2057 και
157 2013 356 2048 κοινωσάμενος
368 2016 431 2050 περὶ
446 2013 484 2043 ὦν
501 2017 678 2054 ὲνετείλατοὴ
693 2019 803 2056 ἀδελφὴ,
814 2021 890 2057 ᾠήθη

975 2025 1032 2048 stos
1059 2030 1090 2048 ac
1116 2021 1204 2048 bonos
1229 2022 1321 2053 viros,
1347 2021 1529 2056 quorumdam
1556 2022 1732 2056 suggestione

95 2056 197 2091 χρῆναι
209 2057 290 2085 πάλιν
306 2060 487 2096 πειρασθῆναι
495 2061 552 2097 (46)
564 2064 617 2089 τῶν
632 2065 702 2091 κατὰ
718 2065 763 2091 τὸν
772 2067 889 2101 ’Ἄρειον-

92 2101 134 2132 di;
149 2102 232 2135 εἰκὸς,
253 2103 428 2141 ὑποτοπήσας
450 2107 561 2142 ἀληθεῖς
574 2106 643 2135 εἶναι
664 2110 712 2142 τὰς
729 2111 890 2147 διαϐολὰς,ἤ

92 2148 129 2182 τῇ
151 2148 252 2185 ἀδελφῇ
275 2151 463 2187 χαριζόμενος.
495 2154 552 2180 Οὐκ
577 2156 615 2187 εἰς
642 2157 750 2192 μακράν
775 2167 803 2184 τε
824 2167 890 2193 μετ-

93 2193 245 2222 εκαλέσατο
263 2197 370 2231 Ἀρειον
385 2199 438 2225 ἀπὸ
452 2200 501 2234 τῆς
515 2201 614 2236 φυγῆς,
629 2203 675 2228 καὶ
698 2203 807 2239 γραφὴν
828 2206 888 2231 ἐκέ-

92 2239 190 2268 λευσεν
212 2242 334 2269 ἐκδοῦναι
356 2241 393 2271 ὧν
416 2246 538 2274 πιστεύει
562 2248 627 2280 περὶ
645 2249 722 2276 Θεοῦ.
748 2250 777 2276 '0
794 2251 840 2284 δὲ,
855 2252 886 2277 τὸ

93 2288 188 2313 καινὸν
204 2289 331 2321 ἐκκλίνας
346 2287 384 2317 ὦν
404 2292 536 2328 πρότερον
553 2291 632 2330 εὗρεν
652 2295 793 2331 ὀνομάτων
805 2317 812 2328 ,
830 2298 887 2324 ἐτέ-

93 2342 145 2368 ραν
163 2333 263 2368 ὕφανεν
280 2335 398 2368 ἔκθεσιν,
417 2338 513 2370 ἁπλοῖς
529 2341 621 2375 ῥητοῖς
633 2342 680 2368 καὶ
704 2343 886 2378 ἐγνωσμένοις

90 2380 153 2411 ταῖς
168 2380 252 2415 ἱεραῖς
266 2381 372 2414 Βίϐλοις
385 2384 573 2420 χρησάιλενος⁸
591 2386 637 2413 καὶ
647 2387 726 2423 ὅρκον
738 2387 853 2423 ὤμοσεν,
866 2385 884 2423 ἦ

91 2425 149 2461 μὴν
165 2422 215 2452 ὦδε
239 2428 395 2460 πιστεύειν,
419 2430 466 2455 καὶ
488 2431 558 2458 κατὰ
583 2432 646 2458 νοῦν
664 2433 750 2460 ’ταῦτα
768 2436 887 2470 φρονεῖν,

89 2472 141 2498 καὶ
157 2471 238 2507 μηδὲν
249 2473 341 2508 ἕτερον
354 2475 454 2501 ἐννοεῖν
470 2477 546 2512 παρὰ
560 2478 656 2505 ταῦτα.
686 2480 762 2515 Ἔχει
777 2481 805 2507 δὲ
823 2479 887 2508 ὦδε·

942 2067 1082 2099 inductus,
1109 2071 1243 2103 perpetuo
1259 2067 1357 2095 exsilio
1383 2067 1484 2103 injuste
1507 2067 1675 2096 damnasset.
1693 2067 1730 2095 Ex

940 2121 974 2141 co
986 2119 1109 2149 tempore
1120 2114 1270 2149 imperator
1284 2114 1475 2150 presbyterum
1486 2114 1556 2140 inter
1570 2113 1732 2149 familiaris-

941 2160 1026 2187 simos
1048 2159 1149 2187 habere
1172 2160 1267 2195 erepit,
1301 2167 1491 2195 concessoque
1506 2160 1529 2187 ei
1541 2159 1640 2187 ﬁducia
1654 2164 1680 2187 et
1693 2160 1732 2186 lo-

905 2228 926 2254 υ
941 2205 1042 2239 qucndi
1057 2205 1198 2238 libertate,
1213 2206 1368 2233 collocutus
1384 2213 1446 2233 cmn
1466 2205 1513 2233 illo
1530 2205 1562 2233 de
1578 2206 1660 2233 rebus
1671 2214 1732 2241 qua:

941 2260 955 2277 ιι
969 2259 1063 2278 sororc
1079 2252 1131 2286 ipsi
1143 2251 1279 2280 mandatae
1296 2251 1418 2283 fuerant,
1434 2259 1548 2279 causam
1568 2251 1623 2278 Arii
1641 2252 1731 2278 denuo

941 2299 1127 2325 ventilandam
1153 2306 1214 2326 esse
1240 2298 1349 2326 censuit
1367 2307 1372 2325 :
1390 2306 1439 2325 seu
1465 2299 1539 2334 quod
1567 2299 1731 2333 opinabatur

941 2345 1094 2371 calumnias
1112 2345 1173 2372 illas
1191 2352 1271 2372 veras
1288 2352 1358 2376 esse,
1379 2352 1427 2372 seu
1448 2350 1477 2371 nt
1493 2345 1581 2372 sorori
1597 2352 1652 2371 suae
1669 2351 1732 2379 gra-

941 2390 1104 2417 tificaretur.
1121 2389 1178 2417 Nec
1196 2390 1283 2416 multo
1299 2394 1361 2424 post
1377 2389 1474 2417 Arium
1492 2390 1525 2416 ab
1541 2390 1640 2417 exsilio
1653 2397 1730 2416 revo-

942 2436 1024 2469 cavit,
1046 2440 1073 2462 et
1090 2443 1172 2470 quam
1189 2436 1222 2462 de
1243 2435 1297 2461 Deo
1313 2439 1417 2462 teneret
1432 2434 1524 2466 ﬁdem,
1539 2433 1643 2468 scripto
1666 2440 1730 2467 pro-

943 2483 1009 2509 dere
1036 2489 1096 2509 eum
1123 2482 1216 2515 jussit.
1253 2481 1297 2508 Ille
1325 2481 1472 2508 novitatem
1498 2479 1644 2507 verborum
1670 2485 1730 2514 qum

88 2517 168 2551 prius
188 2518 405 2553 excogitaverat,
424 2521 564 2555 devitans,
582 2524 662 2551 alia-.u
678 2527 877 2560 expositionem
893 2528 1042 2559 contexuit,
1060 2528 1151 2555 verbis
1183 2535 1249 2555 usus
1267 2527 1499 2561 simplicioribus,
1523 2531 1549 2554 et
1567 2534 1627 2561 qu:e
1644 2532 1728 2552 sacrae

89 2563 241 2596 scriptura:
265 2564 407 2593 familiaria
437 2573 511 2595 sunt.
535 2569 721 2605 Jurejurando
742 2574 824 2600 etiam
846 2575 989 2602 aflirmarit
1019 2575 1054 2600 ita
1079 2582 1108 2601 se
1138 2573 1261 2606 credere,
1277 2577 1302 2600 et
1322 2581 1355 2602 ex
1371 2574 1461 2600 animo
1475 2572 1510 2600 ita
1538 2572 1648 2602 sentire,
1673 2578 1724 2598 nec

90 2607 169 2634 aliud
187 2614 317 2643 prmterca
332 2612 482 2647 quidquam
500 2615 526 2641 in
540 2621 629 2643 mente
647 2617 756 2645 habere.
771 2619 817 2645 Sic
837 2625 927 2647 autem
947 2628 976 2647 se
991 2620 1216 2656 liabetexpositio
1234 2628 1240 2645 :

126 2685 134 2701 ¹
147 2685 227 2714 Socr.
242 2687 291 2715 lib.
306 2697 327 2722 ι,
341 2696 367 2717 c.
387 2690 433 2718 25.

693 2770 826 2801 VALESH
845 2771 1119 2802 ANNOTATIONES.

124 2813 182 2847 μϐ)
199 2813 311 2856 Χρῆχαι
331 2815 425 2843 πάλιν
437 2816 645 2851 πεφασθῆναι,
673 2816 703 2845 ln
735 2818 830 2846 codice
870 2817 901 2846 [εἰ

975 2828 1024 2848 anu
1059 2822 1147 2856 prima
1172 2829 1224 2850 vox
1251 2822 1338 2856 deest,
1367 2824 1393 2849 et
1421 2819 1590 2855 πειραθεῖναι
1611 2817 1720 2853 legitur.

87 2855 142 2879 non
154 2849 347 2884 πειρασθῆναι.
