1898 3075
233 157 304 186 ΗΞΞ

958 148 1133 177 SOZOMENI

1799 145 1865 174 i034

228 218 315 245 beatae
338 215 447 252 quidem
476 214 674 243 recordationis
694 213 913 244 Constantinus,
933 220 963 238 ea
991 220 1017 238 te

1075 211 1180 245 ’Λρείου
1191 209 1292 244 ματαία
1308 209 1427 242 γέγονεν.
1437 206 1559 242 Ἐδειχθη
1572 206 1600 233 δὶ
1616 205 1706 236 πάλιν,
1727 205 1772 231 ὅτι
1791 205 1865 238 παρὰ

229 262 323 290 audita
337 260 545 296 obstupefactus
558 263 611 290 est,
631 266 748 286 cernens
762 259 838 285 illum
856 258 1014 284 convictum

229 316 290 336 esse
310 307 433 343 periurii.
451 306 587 334 Omnibus
598 312 663 333 vero
676 309 743 332 tunc
762 303 907 331 manifeste
917 303 1014 337 patuit,

229 359 257 382 et
285 353 501 381 Eusebianorum
531 351 622 379 minas
648 351 793 382 infirmas,
813 355 840 377 et
860 356 937 384 spem
959 348 1016 375 Arii

230 407 326 428 vanam
344 398 440 426 fuisse.
456 398 589 425 Praeterea
609 397 693 426 etiam
709 401 851 424 ostensum
868 399 920 426 est.
933 394 1015 422 Aria-

230 452 291 471 nam
306 443 444 470 vesaniam
455 463 462 474 ,
481 447 508 470 et
526 442 585 474 hic,
601 446 628 469 et
646 442 674 469 in
687 441 804 469 ecclesia
819 439 1016 476 primogenitu-

229 496 289 516 rnm
310 488 378 520 Dei,
404 496 420 515 a
448 488 595 516 Servatore
623 491 721 515 nostro
749 486 1015 515 excommunicatam

228 542 299 562 esse.
326 534 393 567 Quis
417 533 501 569 igitur
530 541 585 560 non
612 540 779 568 magnopere
797 532 925 563 miretttr,
954 537 1016 558 cutn

228 580 318 607 videat
344 580 413 608 istos
428 580 454 607 id
477 587 572 614 agere,
589 582 619 606 ut
631 587 693 606 eum
714 580 848 606 excusent
862 583 945 611 quem
964 575 1016 602 Do-

229 626 321 653 minus
349 625 562 656 condemnavit,
581 627 608 651 et
630 631 690 651 eattt
718 623 844 650 lmresim
870 621 1017 650 defendere

229 678 311 706 qttam
332 671 465 698 Dominus
485 669 753 698 excommunicatam
776 675 838 695 esse
866 666 1016 701 patefecit,

229 721 295 744 tunc
320 725 380 744 cum
403 717 465 750 ejus
479 719 628 747 ,auetorem
658 722 712 741 non
732 721 830 748 passus
850 712 906 748 89
927 716 971 740 est
989 712 1016 738 in

228 763 371 790 ecclesiam
399 762 524 797 ingredi?
551 761 608 788 Hoc
635 760 732 788 mortis
748 767 847 794 genere
864 759 956 785 Arium
975 758 1016 785 in-

230 808 337 835 teriisse
353 808 518 842 accepimus.
535 806 634 833 Fertur
648 813 741 840 porro,
761 805 843 840 longo
857 809 919 839 post
943 808 1015 831 te.n-

230 861 297 889 pore
322 854 458 881 neminem
479 846 519 880 ea
539 853 605 881 sella
618 860 696 880 nsum
714 852 802 879 fuisse
825 852 851 878 in
868 858 921 885 qua
936 850 1017 877 Arius

1065 256 1111 283 τοῦ
1127 256 1251 290 Σωτῆρος
1265 254 1446 289 ἀκοινώνητος
1460 254 1571 288 γέγονεν
1588 254 1610 287 ὴε
1620 251 1748 287 Ἀρειανὴ
1768 250 1862 285 μανία,

1066 301 1111 328 καὶ
1119 296 1170 326 ὧδε
1182 301 1226 326 καὶ
1234 301 1263 325 ὲν
1271 300 1303 334 τῇ
1315 299 1369 325 τῶν
1380 297 1558 334 πρωτοτόκων
1566 296 1709 331 ἐκκλησίᾳ.
1717 295 1770 325 Τίς
1779 292 1827 320 οὖν
1835 294 1863 320 οὗ

1065 346 1239 381 θαυμάσειεν,
1251 345 1322 380 ὁρῶν
1334 343 1447 376 τούτους
1459 342 1608 370 δικαιῶσαι
1624 340 1862 376 φιλονεικοῦντας,

1064 392 1113 419 ὃνὸ
1124 391 1224 427 Κύριος
1236 390 1390 425 κατέκρινε,
1400 389 1448 416 καὶ
1460 388 1566 424 βλέπων
1579 387 1676 418 αὐτοὺς
1684 384 1862 415 ἐκδικοῦντες

1064 437 1113 473 τὴν
1128 437 1242 473 αἵρεσιν,
1258 435 1304 468 οὒς
1319 435 1520 470 ἁκοινωνήτους
1532 433 1588 466 (60)
1599 430 1861 468 ῆλεγξενὸΚύριος,

1067 484 1104 519 μὴ
1126 483 1205 518 ἀφεὶς
1221 483 1267 509 τὸν
1279 482 1367 516 αὐτῆς
1389 481 1501 516 ἔξαρχον
1520 481 1560 511 εἰς
1579 479 1628 514 τὴν
1647 477 1803 512 ἐκκλησίαν
1820 476 1861 502 ἐλ-

1066 529 1140 560 Θεῖν;
1162 525 1227 555 Ὧδε
1257 528 1305 563 μὲν
1322 527 1431 562 Ἀρειον
1459 526 1603 553 ἀποθανεῖν
1636 523 1861 559 παρειλήφαμεν.

1066 575 1150 608 Λόγος
1165 573 1211 601 οὖν
1226 573 1273 601 ἐπὶ
1288 572 1377 607 πολλῷ
1400 572 1490 608 χρόνῳ
1521 570 1623 606 μηδένα
1647 567 1808 605 χρήσασθαι
1831 568 1861 601 τῇ

1066 620 1186 655 καθέδρᾳ
1207 620 1248 653 ἐφ’
1308 619 1449 653 τέθνηκεν.
1465 615 1515 644 Οἷα
1530 616 1559 643 δὲ
1574 617 1614 647 εἰς
1627 614 1763 649 δημόσιον
1775 612 1862 647 χῶρον

1066 668 1110 695 διὰ
1123 668 1171 702 τὴν
1187 666 1280 702 χρείαν
1298 665 1482 700 ὀχλουμένων,
1495 664 1533 695 ὡς
1548 663 1621 697 φιλεῖ
1634 664 1663 688 ἐν
1677 661 1709 688 πὶ
1717 661 1781 696 ήῦει
1792 660 1861 693 γίνε-

1068 714 1140 743 σθαι.
1155 713 1201 739 καὶ
1222 710 1483 746 παρακελευομένων
1498 708 1621 743 ἀλλήλοις
1635 707 1692 734 τῶν
1719 705 1861 732 εἰσιόντων

1068 757 1247 793 φυλάττεσθαι
1259 757 1307 792 τὴν
1328 755 1471 790 καθέδραν,
1492 753 1676 789 ὰποτρότιαιος
1693 750 1728 787 ἦν
1744 750 1795 777 καὶ
1812 751 1860 780 τοῖς

1069 804 1137 838 μετὰ
1151 802 1237 829 ταῦτα
1251 802 1265 828 ὁ
1279 801 1368 832 τόπος.
1391 800 1429 832 ὡς
1450 799 1576 830 ἀσεϐείας
1598 797 1697 828 ποινὰς
1711 795 1810 823 αὐτόθι
1823 797 1861 820 δε-

1068 848 1182 879 δωκότος
1199 847 1313 882 Ἀρείου.
1339 845 1434 881 Χρόνῳ
1454 844 1482 870 δὲ
1508 844 1630 878 ὕστερον,
1655 842 1712 868 τῶν
1731 841 1768 868 τὰ
1783 838 1860 867 αὑτοῦ

231 899 407 926 occubuerat.
419 898 486 925 Nam
498 906 559 925 cum
569 898 645 924 multi
659 897 686 924 in
694 904 756 925 eum
768 897 868 927 locum,
886 901 1015 930 tanquam

1075 893 1238 930 φρονούντων
1249 901 1291 923 τις
1302 891 1428 922 πλούσιός
1442 899 1470 917 τε
1488 891 1517 916 ὲν
1540 889 1652 923 δυνάμει
1670 887 1741 921 (61),
1762 885 1860 919 σπουδῇ

232 943 382 977 publicum,
396 943 568 970 necessitatis
591 949 674 970 causa
694 940 839 968 confertim
860 939 1015 972 introirent,

231 987 304 1014 sicut
325 987 351 1014 in
379 987 458 1014 turba
483 986 541 1013 ﬁeri
561 986 650 1018 solet,
677 985 826 1019 cunctique
843 984 1016 1011 introeuntes

231 1038 292 1058 sese
312 1030 427 1058 invicem
445 1031 620 1058 hortarentur
644 1034 673 1058 ut
694 1031 790 1058 sellam
811 1030 884 1056 illuni
910 1030 1016 1065 refuge-

231 1079 302 1107 rent,
316 1076 414 1103 exinde
427 1076 508 1103 etiam
525 1076 644 1110 p0steris
660 1075 853 1103 abominabilis
870 1075 914 1102 hic
936 1076 1015 1102 locus

231 1120 319 1148 factus
342 1126 400 1153 est,
422 1129 455 1148 eo
474 1121 547 1156 quod
564 1121 644 1148 Arius
673 1121 823 1156 impietatis
847 1128 903 1148 sua:
919 1128 1015 1155 pmnas

1069 939 1250 975 χρησάμενος,
1272 937 1386 972 ἐπρίατο
1408 936 1502 962 τοῦτον
1517 935 1562 961 τὸν
1573 934 1656 960 τόπον
1668 932 1748 968 παρὰ
1762 930 1810 957 τοῦ
1820 930 1860 964 δη-

1070 984 1174 1020 μοσίου,
1192 984 1236 1011 καὶ
1255 982 1342 1010 οἰκίαν
1365 980 1562 1012 κατεσκεύασε,
1583 979 1709 1006 καθελὼν
1724 978 1778 1012 τὴν
1799 985 1860 1011 πμ»-

1068 1031 1150 1066 τέραν
1163 1030 1234 1065 ὄψιν,
1250 1029 1320 1056 ὥστε
1334 1028 1419 1063 λήθην
1440 1026 1566 1061 γενέσθαι
1589 1025 1629 1060 τῷ
1648 1025 1742 1059 δήμῳ,
1767 1023 1812 1049 ιαὶ
1827 1022 1859 1057 μὴ

1067 1077 1100 1110 τῇ
1120 1075 1226 1110 διαδοχῇ
1249 1073 1297 1108 τῆς
1314 1073 1442 1108 τοιαύτης
1481 1071 1660 1106 ἀναμνήσεως
1685 1068 1733 1095 τὸν
1757 1067 1859 1103 ’Δρεὶον

1069 1121 1182 1147 θάνατον
1192 1118 1390 1154 κωμῳδεῖσθαι.

230 1166 286 1194 illic
312 1167 445 1194 dedisset.
476 1167 624 1202 Aliquanto
653 1171 714 1201 post
730 1167 849 1194 Arianus
866 1167 974 1202 quidam
1006 1166 1151 1201 opulentus
1172 1174 1203 1193 ac
1223 1170 1319 1200 potens
1354 1165 1417 1192 data
1440 1170 1521 1199 opera
1549 1170 1612 1190 eum
1636 1161 1730 1188 locum
1748 1158 1817 1186 emit
1846 1165 1859 1184 a

229 1212 296 1239 fisco
315 1220 321 1238 :
337 1217 364 1239 et
389 1216 556 1239 commutata
582 1212 674 1246 priore
698 1211 785 1238 forma
799 1232 806 1244 ,
829 1211 940 1239 domum
961 1212 1016 1239 illic
1035 1212 1199 1244 aadillcavit,
1216 1217 1245 1238 ιιι
1268 1219 1313 1239 res
1342 1210 1471 1246 paulatim
1508 1209 1535 1236 in
1565 1208 1735 1235 oblivionem
1760 1205 1859 1233 venirt-2

230 1258 314 1293 vulgi,
331 1265 381 1285 nec
399 1261 526 1293 perpetua
543 1257 743 1285 recordationis
768 1257 839 1286 serie
863 1265 936 1285 mors
951 1258 1008 1285 Arii
1029 1257 1230 1285 traduceretur.

527 1301 602 1330 CAP.
616 1302 714 1330 XXXI.

231 1347 270 1375 De
282 1348 315 1375 iis
332 1355 391 1382 quc
407 1347 578 1374 Alexandria
602 1352 661 1381 post
685 1348 743 1374 Arii
769 1352 878 1374 mortem
903 1347 1019 1380 conlige-

268 1387 339 1414 runt,
354 1388 378 1409 et
391 1382 519 1417 quidnam
534 1390 646 1417 magnus
662 1382 854 1409 Constantinus
882 1382 1019 1415 scripserit

267 1417 464 1444 Alexandrinis.

265 1461 398 1490 Caeterum
411 1466 519 1489 mortuo
533 1461 610 1494 Ario,
637 1463 777 1489 contentio
793 1462 826 1489 de
842 1462 1018 1497 dogmatibus

232 1508 266 1535 ab
283 1508 329 1535 illo
345 1507 462 1542 pritnuut
479 1507 596 1535 invectis
619 1507 778 1542 neutiquam
796 1507 875 1534 tinctu
901 1508 1017 1541 accepit,

1359 1301 1485 1328 ΚΕΦᾹΛ.
1503 1300 1565 1327 AA’.

1070 1347 1138 1380 Περὶ
1161 1346 1220 1373 τῶν
1233 1347 1309 1381 μετὰ
1327 1346 1473 1381 τελευτὴις
1485 1347 1594 1379 Ἀρείου
1608 1343 1810 1381 conﬁdere»:
1829 1342 1860 1368 ὲν

1108 1377 1328 1415 Ἀλεξανδρείᾳ·
1359 1382 1407 1407 καὶ
1443 1377 1490 1408 οἶα
1510 1377 1578 1413 -τοῖς
1600 1377 1700 1406 ἐκεῖσε
1729 1379 1748 1405 ό
1770 1377 1860 1412 μέγας

1102 1417 1213 1451 ἔγραψε
1232 1417 1467 1449 Κωνσταντῖνος.

1109 1462 1189 1489 Ἀλλὰ
1202 1463 1255 1498 γὰρ
1270 1463 1328 1488 οὐδὲ
1344 1462 1437 1488 τούτου
1454 1461 1664 1494 τελευτήσαντος
1691 1459 1774 1490 τέλος
1788 1458 1859 1492 ἔσχεν

1072 1508 1088 1543 ἡ
1102 1508 1213 1543 ζήτησις
1231 1504 1268 1534 ὧν
1285 1506 1346 1543 εὗρε
1360 1508 1511 1542 δογμάτων·
1532 1506 1591 1532 οὐδὲ
1616 1505 1779 1532 ἐπαύσαντο
1791 1505 1815 1531 οῑ
1831 1504 1858 1530 τὰ

232 1561 283 1581 nec
293 1553 459 1580 destiterunt
475 1552 613 1587 opinionis
625 1552 699 1580 illius
722 1557 883 1583 sectatores,
901 1553 1016 1580 insidias

1075 1552 1149 1578 ιὺτοῦ
1163 1553 1337 1589 φρονοῦντες,
1354 1554 1408 1584 τοῖς
1429 1551 1557 1578 τάναντία
1574 1550 1736 1582 δοξάζουσιν
1754 1549 1859 1575 ἐπιϐου-

232 1601 340 1625 struere
361 1598 396 1624 iis
415 1597 461 1632 qui
487 1597 654 1624 contrariam
677 1598 842 1625 sententiam
860 1598 1015 1626 tuebantur.

232 1643 355 1678 Denique
369 1647 468 1671 cumet
480 1643 597 1678 populus
612 1643 689 1670 urbis
705 1644 896 1671 Alexandrinae
905 1644 1016 1672 assidue

233 1688 439 1719 vociferaretur,
461 1688 601 1722 Deumque
620 1688 646 1715 in
666 1689 913 1723 supplicationibus
927 1689 1017 1723 publi-

232 1734 273 1760 cis
288 1736 379 1760 oraret
391 1740 440 1767 pro
455 1733 542 1760 reditu
570 1733 726 1766 Athanasii,
743 1738 770 1760 ct
794 1741 909 1769 magnus
933 1734 1016 1761 Anto-

232 1779 295 1805 nius
319 1779 467 1806 monachus
486 1778 642 1813 frequentes
656 1779 689 1806 dc
704 1786 737 1806 eo
755 1779 862 1806 litteras
882 1780 915 1806 ad
931 1780 1017 1815 impe-

1069 1596 1202 1624 λεύεσθαι.
1227 1597 1335 1632 Ἀμέλει
1357 1606 1395 1624 τοι
1419 1597 1466 1623 καὶ
1486 1596 1532 1623 τοῦ
1553 1595 1756 1629 Ἀλεξανδρέων
1779 1594 1859 1629 δήμου

1069 1643 1188 1676 συνεχῶς
1210 1642 1369 1673 ὲκὸοῶντος,
1388 1641 1434 1668 καὶ
1460 1641 1488 1667 ὲν
1502 1640 1589 1668 λιταῖς
1611 1638 1786 1674 ἱκετεύοντος
1802 1637 1860 1672 περὶ

1067 1689 1118 1723 τῆς
1138 1688 1297 1714 ’Λοανασιου
1310 1687 1433 1718 καθόδου.
1448 1687 1494 1713 καὶ
1513 1685 1656 1712 Ἀντωνίου
1676 1684 1726 1712 τοῦ
1745 1683 1859 1720 μεγάλου

1070 1733 1186 1769 μοναχοῦ
1209 1733 1337 1764 πολλάκις
1362 1732 1425 1768 περὶ
1446 1731 1528 1759 αὑτοῦ
1545 1730 1709 1765 γράζμαντος,
1729 1731 1779 1756 καὶ
1793 1730 1859 1756 ἀντι-

1068 1780 1208 1812 ϐολοῦντος
1223 1780 1258 1815 μὴ
1273 1779 1412 1805 πείθετοαι
1431 1779 1486 1810 τοῖς
1509 1777 1689 1807 Μελιτιανοίς,
1704 1777 1758 1803 καὶ
1787 1784 1858 1803 συκο-

827 1867 961 1894 VALESII
981 1867 1256 1895 ANNOTATlONES.

268 1933 325 1969 (60)
342 1934 401 1967 Οὓς
411 1934 641 1967 ἀκοινωνήτους.
657 1933 742 1961 Hodie
753 1935 824 1969 apud
837 1935 1017 1962 Athanasium

233 1969 332 2003 legitur
348 1970 381 2005 ἢν
403 1969 594 2005 ἀκοινώνητον,
615 1976 697 2004 quam
719 1970 864 1997 lectionem
884 1970 1017 1997 veriorem

234 2010 308 2040 puto.

1107 1936 1162 1969 (tit)
1185 1935 1334 1967 ".l:,l:'Uldc
1356 1943 1387 1960 τε
1407 1935 1441 1960 ἐν
1460 1933 1603 1969 δυνάμειἒ
1617 1932 1804 1969 Seribendum
1821 1934 1857 1957 est

1072 1967 1197 2000 πλούσιός
1221 1979 1250 1996 τε
1276 1970 1322 1996 καὶ
1341 1971 1368 1995 ἐν
1385 1969 1516 2004 δυνάμει,
1541 1972 1569 1994 ιιι
1587 1967 1711 2004 Savilius
1788 1974 1856 1993 orant

1071 2006 1113 2032 sui
1136 2006 1241 2033 codicis
1257 2005 1400 2032 adnotavit
1417 2002 1715 2038 ex'Cln-istophorsoni
1733 2002 1815 2029 libro.

955 2081 1142 2109 VARIORUM.

234 2150 320 2178 daciis
347 2157 470 2185 respersa
493 2151 558 2178 est?
582 2158 643 2178 cum
671 2151 822 2185 praesertim
845 2150 941 2178 eodem
962 2150 1015 2178 loci

1068 2151 1209 2177 Athanasii
1227 2151 1296 2178 locis
1314 2151 1371 2184 ipsa
1390 2151 1449 2178 luce
1465 2149 1568 2178 clarius
1584 2153 1644 2181 est,
1667 2149 1759 2183 ipsum
1776 2149 1854 2184 Ineref

234 2183 512 2231 dicattt:,IA_sclepatn
524 2183 717 2231 ab‘Athanasio
732 2186 901 2231 damnatumL
909 2185 994 2225 fuisse
1005 2205 1012 2216 ,
1034 2204 1055 2231 υ
1069 2186 1209 2226 siarehant
1229 2186 1255 2212 in
1273 2183 1378 2231 syt‘totlo
1394 2184 1640 2231 Hierosolymltt‘t‘na
1662 2184 1730 2211 anni
1748 2183 1810 2224 335,
1824 2183 1851 2209 ad

234 2220 309 2255 quod
331 2219 513 2255 falsissimum
525 2223 577 2252 est,
603 2220 827 2255 impudenterqne
852 2220 903 2248 sub
926 2219 1016 2254 ipsum

234 2254 357 2290 epistola:
372 2255 479 2282 initiutn
499 2254 592 2290 dicant
609 2254 739 2287 hairetici,
758 2254 788 2282 se
799 2254 919 2282 Sardicze
935 2262 1018 2290 syno-

234 2289 298 2318 dum
311 2290 477 2319 celehrasse,
493 2289 566 2323 quod
579 2297 593 2316 a
606 2297 670 2316 vero
683 2290 832 2317 abhorrere
843 2290 910 2316 nulli
923 2294 1016 2316 notutn

235 2333 288 2352 non
327 2329 396 2351 erat.
424 2324 504 2350 Aliud
538 2328 628 2351 autem
658 2325 775 2351 afferunt
804 2329 1016 2359 argumentum.

234 2360 329 2386 Arium
347 2359 453 2386 scilicet
470 2359 680 2386 hairesiarcham
695 2359 741 2386 ditt
766 2365 829 2386 ante
850 2360 1016 2386 celebratam

235 2393 667 2430 synodumHierosolymitanam
690 2394 775 2422 fuisse
799 2394 831 2420 atl
847 2395 1018 2420 commuttio-

235 2428 296 2456 nem
312 2428 462 2455 admissum
475 2437 481 2460 ;
494 2433 574 2463 atque
590 2428 658 2455 acleo
672 2436 725 2455 non
738 2429 863 2456 eumdem
879 2434 1017 2463 receptum

235 2463 320 2498 fuisse
344 2464 371 2488 in
396 2463 523 2498 praedicta
544 2463 659 2498 synodo.
686 2463 738 2491 Sed
758 2464 870 2491 omnino
885 2467 1018 2498 repugnat

235 2497 301 2526 illttd
330 2498 497 2533 Athanasio,
527 2497 571 2533 qui
602 2499 730 2532 Apologia
765 2505 858 2525 contra
892 2497 1017 2530 Ariditas,

235 2542 263 2561 ιι.
277 2533 322 2565 59,
335 2533 385 2564 ait,
402 2531 519 2560 Eusebio
531 2531 811 2568 ittstigante’jussisse
826 2533 875 2561 sibi
885 2533 1019 2561 Constan-

235 2568 321 2594 tinum
342 2571 371 2593 ttt
386 2568 481 2594 Arium
498 2569 647 2602 reciperet;
667 2568 749 2602 idque
763 2569 914 2603 denegante
932 2569 1019 2595 Atha-

237 2603 420 2638 nasio._atque
433 2603 485 2630 sibi
502 2602 543 2630 fas
557 2611 612 2630 non
633 2611 694 2630 esse
705 2603 861 2638 imperatori
874 2603 1019 2635 suadente,

236 2638 296 2664 ideo
314 2636 480 2665 Eusebianos
509 2639 537 2665 in
561 2636 751 2665 Athanasium
772 2638 922 2665 calumnias
950 2643 1020 2664 stru-

235 2673 316 2708 xisse.
334 2671 431 2700 Postea
449 2681 512 2700 vero
528 2681 555 2701 n.
572 2673 623 2702 8-1..
642 2673 699 2706 ait,
719 2673 808 2708 eosrin
835 2673 939 2708 synodo
958 2672 1020 2700 Ilie-

235 2707 430 2741 rosolymitana
456 2709 545 2742 palam
573 2707 691 2740 fecisse,
718 2716 746 2735 se
773 2707 830 2734 lucc
852 2708 944 2734 omnia
960 2716 1020 2735 esse

235 2742 405 2778 tnacliinatos
425 2743 483 2770 Arii
503 2751 566 2771 eum
581 2743 639 2770 suis
661 2743 809 2778 recipiendi
825 2750 919 2773 causa,
939 2747 1020 2776 atque

234 2783 296 2803 entn
309 2777 344 2804 ibi
360 2785 455 2805 revera
469 2778 502 2805 ad
518 2777 738 2805 communionem
756 2777 842 2804 fuisse
856 2777 1018 2808 admissum,

237 2815 267 2838 ut
286 2815 400 2840 testatur
418 2812 499 2840 etiam
521 2813 579 2847 ipse
604 2813 632 2839 in
663 2813 732 2839 libro
759 2812 797 2839 De
824 2811 940 2847 synodis
959 2816 1021 2846 post

242 2847 383 2883 epistolam
400 2847 522 2882 ejusdem
532 2846 630 2884 synodi
646 2847 908 2883 llierosolymitanze.
922 2846 959 2874 Ex
978 2847 1020 2874 his

1071 2218 1297 2248 communionem
1310 2219 1395 2248 fuisse
1411 2218 1571 2248 admissum.
1588 2218 1686 2245 Mirum
1705 2227 1774 2245 sane
1789 2219 1853 2252 ejus-

1071 2255 1144 2282 modi
1165 2256 1225 2282 loco
1246 2255 1356 2282 innixos
1378 2255 1501 2283 eruditos
1516 2255 1603 2287 viros,
1625 2253 1819 2283 incredibilem
1831 2256 1853 2279 et

1069 2290 1220 2317 Athanasio
1238 2291 1426 2317 adversantem
1451 2290 1584 2317 statuisse
1608 2289 1787 2316 sententiam.
1802 2288 1852 2315 Cte-

1070 2329 1125 2352 tera
1146 2333 1207 2360 qum
1223 2325 1350 2358 afferunt,
1369 2325 1472 2352 nullius
1488 2329 1552 2352 sunt
1570 2324 1714 2360 momenti,
1732 2331 1782 2350 nec
1795 2330 1853 2349 con-

1070 2358 1203 2387 futatione
1215 2366 1304 2394 egent.
1319 2360 1377 2386 Duo
1390 2364 1479 2386 tamen
1492 2360 1596 2387 monitu
1608 2358 1690 2393 digna
1702 2362 1851 2392 supersunt.

1071 2395 1101 2421 ιο
1118 2395 1207 2422 Alium
1226 2403 1320 2422 revera
1339 2395 1422 2422 fuisse
1441 2395 1545 2426 Arium,
1562 2394 1754 2420 haeresiarchas
1767 2399 1852 2426 sequa-

1070 2438 1141 2463 cem,
1158 2430 1203 2464 qtti
1220 2438 1272 2457 una
1291 2437 1352 2456 cum
1374 2431 1419 2456 illo
1443 2432 1476 2457 ab
1494 2429 1650 2464 Alexandro
1671 2427 1851 2464 Alexandrino

1070 2461 1216 2492 damna-tus
1246 2464 1331 2492 fertur
1358 2465 1383 2492 in
1412 2465 1525 2499 epistola
1543 2463 1667 2499 ejusdem
1691 2461 1849 2500 Alexandri;

1071 2500 1118 2527 sed
1134 2500 1236 2526 nullius
1252 2500 1374 2527 nominis
1399 2500 1549 2531 imminent,
1575 2500 1620 2534 qui
1640 2506 1681 2534 ncr
1697 2499 1780 2534 semel
1797 2499 1848 2534 gui-

1070 2536 1130 2562 dctn
1143 2535 1212 2569 apud
1224 2533 1402 2561 Athanasium
1411 2532 1590 2562 memoratur;
1603 2533 1776 2569 ‘1'7Hilarium
1784 2532 1848 2569 duos

1070 2566 1337 2602 Arios-tmtninasse,
1357 2569 1454 2604 fragm.
1470 2570 1497 2602 2,
1513 2577 1540 2596 ιι.
1556 2569 1602 2596 26.
1624 2568 1678 2595 Sed
1694 2569 1764 2604 solet
1783 2566 1848 2593 Hila-

1071 2606 1128 2632 rius
1154 2605 1271 2632 Arianos
1298 2605 1379 2632 Arios
1405 2603 1586 2638 nuncupare,
1613 2608 1641 2630 ut
1676 2603 1847 2629 observarunt

1070 2641 1157 2669 nostri
1174 2640 1200 2666 in
1219 2644 1356 2673 postrema
1373 2639 1469 2665 Hilarii
1482 2640 1614 2672 editione,
1630 2638 1683 2673 ubi
1700 2638 1764 2664 item
1782 2638 1847 2663 aiunt

1072 2675 1124 2701 hoc
1148 2671 1241 2701 llilnrii
1270 2675 1329 2700 loco
1356 2675 1486 2708 deceptos
1509 2673 1640 2701 Severum
1670 2671 1846 2708 Sulpitjﬁutnet

1071 2709 1200 2745 Vigilium
1213 2706 1467 2745 Tapsernsemhdtios
1491 2707 1741 2745 itidttxisse_Arios_.
1759 2706 1844 2745 Erudi-

1071 2742 1133 2772 tiss.
1162 2742 1261 2771 Patres
1299 2743 1477 2773 Benedictini.
1509 2742 1700 2770 Admonitione
1727 2742 1753 2768 in
1778 2742 1843 2774 epist.

1071 2780 1201 2806 Albanas.
1220 2779 1254 2805 ad
1271 2779 1453 2812 Serapionem,
1467 2782 1495 2805 et
1518 2780 1544 2805 itt
1562 2786 1622 2805 eam
1649 2776 1690 2803 Ad
1706 2776 1843 2805 monuit“.

1073 2813 1139 2842 Vide
1155 2819 1249 2842 amtot.
1265 2814 1298 2841 ad
1315 2813 1385 2842 Socr
1401 2834 1408 2847 ,
1427 2814 1473 2841 lib.
1491 2821 1509 2847 ι,
1525 2821 1586 2849 cap.
1601 2813 1646 2843 55.
