1898 3075
87 156 157 182 10:25

575 154 738 182 HISTORIA
756 154 1037 183 EtitilﬁSlASTlCA.
1051 170 1083 175 —
1105 155 1166 182 LIIl.
1189 156 1220 184 ll.

1648 160 1714 187 l0‘26

84 212 202 247 φαντίας
219 212 342 248 ἡγεῖσθαι
354 213 402 244 τὰς
415 212 503 239 αὐτῶν
517 214 693 250 κατηγορίας.
707 215 756 242 οὑκ
767 214 872 242 ὲπεῑσθτ

935 219 1052 243 nitorem
1077 216 1257 251 scripsisset,
1283 223 1382 251 rogans
1409 224 1443 244 ne
1466 215 1610 244 Meliliunis
1636 217 1714 246 tidem

83 260 98 285 ὸ
113 259 241 293 βασιλεύς
254 267 260 274 ·
278 258 346 284 ἀλλὰ
366 259 421 289 τοῖς
449 259 498 294 μὲν
522 259 739 295 Ἀλεξανδρεῦσιν
760 260 879 296 ἔγραψεν

84 306 179 331 ἄνοιαν
194 305 240 331 καὶ
262 304 375 336 ἀταξίαν
394 304 529 338 ἐγκαλῶν,
557 305 698 340 κληρικοῖς
715 305 743 331 δὲ
759 306 805 332 καὶ
820 306 879 337 ταῖς

86 351 176 384 ἱεραῖς
194 349 337 385 παρθένοις
358 350 473 386 ἡσυχίαν
491 351 658 377 ἐπιτάττων·
681 351 728 378 καὶ
745 351 782 386 μὴ
798 359 879 386 μετα-

85 396 210 422 τίθεσθαι
222 396 272 431 τῆς
287 395 399 431 γνώμης
409 396 572 431 ίσχυρίζετο,
589 397 656 432 μηδὲ
669 397 878 431 μετακαλεῖσθαι

84 442 134 468 τὸν
160 441 327 473 Ἀθανάσιον,
353 442 390 473 ὼς
416 442 550 478 στασιώδη
564 463 572 475 ,
593 443 640 469 καὶ
663 443 877 478 ὲκκλησιασῑικῇ

85 485 352 521 καταδεδικασμένον
364 486 463 522 κρίσει.
485 487 621 522 Ἀντωνίῳ
643 486 672 513 δὲ
697 487 877 522 ἀντεδήλωσε,

86 533 125 568 μὴ
140 530 196 564 οἷός
214 541 242 558 τε
257 531 325 559 εῐναι
337 533 387 567 τῆς
420 532 529 559 συνόδου
553 533 690 568 ὑπεριδεῖν
710 533 760 568 τὴν
777 533 876 568 ψῆφον.

83 579 117 604 El.
129 578 185 613 γὰρ
199 578 246 604 καὶ
271 578 366 612 ὀλίγοι,
395 578 473 613 φησὶ,
499 577 568 614 πρὸς
591 577 774 612 ἁπέχθειανῆ
799 578 878 613 χάριν

83 624 224 657 ἐδίκασαν,
240 623 270 650 οὐ
283 623 370 658 δήπου
399 623 521 654 πιθανὸν,
536 625 671 659 τοσαύτην
687 623 792 658 πληθὺν
803 623 877 650 ἐλλο-

83 669 174 704 γίμων
205 669 252 695 καὶ
273 669 383 703 ἀγαθῶν
403 670 560 696 ἐπισκόπων
577 669 626 704 τῆς
646 669 740 704 ὁμοίας
751 669 876 702 γενέσθαι

81 714 208 748 γνώμης.
225 713 276 740 Τὸν
288 714 341 748 γὰρ
361 713 520 741 Ἀθανάσιον
548 713 680 749 ὐὸριστήν
699 722 727 740 τε
749 711 876 740 εἶναικαὶ

82 761 272 796 ὑπερήφανον,
287 760 334 786 καὶ
347 760 478 795 διχονοίας
488 761 534 786 καὶ
543 759 664 791 στάσεως
674 759 769 787 αἴτιον.
780 761 811 786 Ol
823 759 876 795 γὰρ

81 805 214 837 ἐναντίως
233 805 340 841 ἔχοντες
363 805 431 840 πρὸς
458 805 549 837 αὑτὸν,
579 805 642 841 περὶ
653 804 740 831 ταῦτα
759 805 876 840 μάλιστα

80 851 225 878 διέΰαλλον
245 851 336 884 αὑτὸν,
352 851 444 878 καθότι
468 851 483 877 ὁ
504 850 629 885 βασιλεὺς
652 851 714 882 τοὺς
738 850 874 882 τοιούτους

81 897 233 932 ὑπερφυῶς
249 897 446 932 ἀπεστρέφετο.
470 897 536 923 Τότε
563 896 627 929 γοῦν
649 895 800 930 πυθόμενος
815 896 874 932 διχῆ

83 942 307 978 μεμερίσθαιτὴν
323 941 495 976 Ἐκκλησίαν,
513 941 559 968 καὶ
569 942 631 972 τοὺς
644 941 692 975 μὲν
710 941 876 973 Ἀθανάσιον,

81 989 148 1019 τοὺς
175 988 203 1014 δὲ
231 988 356 1023 Ἰωάννην
382 986 544 1023 θαυμάζειν,
568 987 669 1022 σφόδρα
688 987 874 1021 ἠγανάκτησε,

82 1034 133 1060 καὶ
148 1032 228 1060 αὑτὸν
250 1033 377 1068 Ἰωάννην
399 1032 539 1067 ἐξώρισεν.
556 1030 611 1059 Ἦν
633 1032 661 1059 δὲ
677 1030 753 1064 οὗτος
767 1033 780 1058 ό
795 1032 878 1058 Μελί-

81 1087 141 1105 τιον
166 1079 366 1114 διαδεξάμενος,
389 1079 436 1105 καὶ
458 1078 533 1114 παρὰ
550 1078 597 1113 τῆς
614 1078 643 1104 ἐν
663 1078 743 1113 Τύρῳ
762 1078 873 1104 συνόδου

84 1125 267 1160 προσταχθεὶς
283 1127 315 1160 τῇ
335 1124 483 1160 Ἐκκλησία
500 1126 647 1157 κοινωνεῖν,
660 1125 707 1152 καὶ
726 1125 774 1155 τὰς
791 1125 873 1159 τιμὰς

83 1171 138 1198 τῶν
155 1171 227 1197 ίδίων
254 1171 362 1206 κλήρων
386 1171 457 1206 ἔχειν
482 1171 563 1202 αὑτός
588 1179 617 1196 τε
632 1171 679 1197 καὶ
698 1171 723 1196 οἱ
740 1170 774 1196 τὰ
790 1170 872 1197 αὑτοῦ

84 1214 259 1250 φρονοῦντες.
290 1215 344 1242 Καί
370 1215 411 1241 τοί
424 1223 455 1249 γε
474 1215 548 1250 παρὰ
565 1214 678 1250 γνώμην
690 1214 767 1241 τοῦτο
784 1214 873 1248 ἀπέϐη

82 1262 140 1292 τοῖς
164 1261 323 1288 Ἀθανασίου
347 1261 463 1297 ἐχθροῖς.
496 1261 564 1287 Ἀλλ’
585 1261 659 1295 ὅμως
685 1261 803 1295 ἐγένετο,
827 1261 875 1287 καὶ

83 1307 162 1333 οὐδὲν
184 1306 287 1342 ὤνησεν
305 1307 429 1342 Ἰωάννην
457 1307 491 1333 τὰ
517 1306 665 1341 δεδογμένα
679 1308 734 1338 τοῖς
753 1308 781 1334 ἐν
796 1306 875 1342 Τύρῳ

84 1353 285 1388 συνεληλυθόσι.
304 1353 440 1388 Κρείττων
455 1353 509 1388 γὰρ
522 1351 556 1388 ἦν
571 1352 696 1387 βασιλεὺς
713 1353 816 1384 ἱκεσίας
829 1352 875 1378 καὶ

84 1399 258 1434 παντοδαπῆς
285 1400 492 1434 παραιτήσεως,
517 1399 584 1433 πρὸς
612 1399 656 1424 τὸν
679 1398 874 1434 ὑπονοούμενον

84 1446 124 1477 είς
146 1445 241 1472 στάσιν
261 1446 277 1481 ἢ
302 1446 435 1481 διχόνοιαν
453 1446 568 1481 ἐγείρειν
582 1445 616 1471 τὰ
630 1445 718 1481 πλήθη
738 1444 791 1471 τῶν
805 1445 873 1480 Χρι-

85 1490 214 1517 στιανῶν.

933 261 1058 292 haberet,
1073 261 1119 288 sed
1131 269 1226 289 eorum
1239 263 1431 290 accusationes
1442 262 1641 289 calumniarum
1654 263 1716 291 loco

930 308 1044 334 duceret
1065 317 1072 334 :
1090 308 1239 343 imperator
1247 313 1336 336 tamen
1355 309 1424 337 ﬂecti
1434 318 1486 338 non
1500 311 1597 345 potuit.
1614 310 1714 338 Verum

930 354 965 381 ad
984 354 1187 383 Alexandrinos
1200 356 1311 390 quidem
1332 357 1437 384 litteras
1458 357 1716 388 scribens,demen-

930 399 994 427 tiam
1010 400 1064 427 illis
1078 400 1251 428 etlevitatem
1265 402 1442 436 exprobravit
1460 411 1466 429 ε
1481 403 1590 429 clericis
1606 410 1670 430 vero
1688 408 1715 430 et

929 446 1017 473 sacris
1031 446 1197 481 virginibus,
1217 451 1245 474 ιιι
1258 448 1443 482 quiescerent,
1464 449 1591 483 pra-cepit
1605 469 1612 482 ,
1642 449 1714 476 aliir—

929 499 1008 519 maus
1023 500 1052 520 se
1081 500 1255 529 nequaquam
1274 498 1443 521 mutaturum
1467 495 1646 527 sententiam,
1664 502 1714 522 nec

928 542 1122 566 revocaturum
1147 547 1209 567 esse
1226 540 1418 572 Athanasium,
1444 544 1538 575 utpote
1554 541 1712 568 seditiosum

928 586 955 610 et
982 582 1172 612 ecclesiastico
1195 584 1301 619 judicio
1332 586 1557 615 condemnatum.
1591 585 1712 613 Antonio

926 632 1016 656 autem
1041 630 1197 665 rescripsit,
1219 638 1249 658 se
1269 630 1368 658 adduci
1385 639 1438 658 non
1454 639 1536 666 posse
1551 636 1582 658 ut
1598 637 1710 659 senten-

927 674 992 701 tiam
1023 675 1122 709 synodi
1143 675 1304 710 despiceret.
1332 675 1448 708 Etenim,
1467 676 1566 710 inquit,
1588 676 1714 710 quamvis

927 720 1005 755 pauci
1024 721 1136 756 quidam
1152 729 1200 756 per
1214 721 1307 748 odium
1325 724 1372 748 aut
1387 722 1502 756 gratiam
1517 722 1711 755 iudicaverint,

925 766 1138 801 haudquaquam
1151 766 1282 794 credibile
1296 769 1348 798 est,
1367 769 1470 792 tantam
1490 766 1664 801 prudentium
1678 773 1708 793 ac

926 811 1063 838 bonorum
1094 813 1286 846 episcoporum
1314 810 1517 838 multitudinem
1544 811 1602 845 pari
1634 811 1715 838 modo

927 856 1050 884 aii‘ectam
1069 856 1166 886 fuisse.
1188 857 1369 884 Athanasium
1387 856 1460 883 enim
1482 855 1714 883 contumeliosum

928 905 955 930 et
983 907 1159 937 arrogantem
1188 911 1264 934 esse,
1292 901 1496 936 discordiaque
1517 905 1544 928 et
1569 901 1715 928 seditionis

928 954 1078 975 anclorcm.
1094 948 1200 982 Quippe
1217 947 1368 974 adversarii
1387 947 1445 974 lucc
1469 946 1642 981 potissimum
1660 945 1714 972 cri-

927 994 1001 1020 mina
1032 993 1201 1027 objiciebaut
1228 992 1398 1024 Athanasio,
1416 999 1448 1019 eo
1467 991 1540 1026 quod
1562 991 1714 1026 imperator

926 1036 985 1072 ejus
1003 1038 1111 1072 generis
1127 1037 1254 1064 homines
1269 1037 1368 1063 mirum
1396 1037 1423 1063 in
1450 1036 1560 1063 modum
1575 1043 1716 1063 aversare-

925 1086 980 1109 tur.
1005 1081 1074 1110 Cum
1107 1082 1192 1118 igitur
1219 1082 1370 1116 imperator
1406 1080 1558 1108 Ecclesium
1592 1081 1662 1107 duas
1687 1080 1716 1107 in

925 1131 1017 1162 partes
1041 1127 1158 1154 divisam
1187 1134 1250 1153 esse
1278 1126 1450 1160 accepisset,
1465 1129 1491 1152 et
1515 1125 1586 1152 alios
1603 1124 1714 1159 quidem

924 1173 1116 1206 Athanasium,
1133 1173 1203 1200 alios
1224 1179 1290 1199 vero
1316 1171 1451 1199 Joannem
1488 1170 1592 1203 fovere,
1610 1170 1715 1205 gravis-

924 1220 994 1247 sime
1013 1219 1172 1254 indignatus
1190 1222 1249 1251 est,
1264 1222 1291 1245 et
1306 1217 1439 1245 Joannem
1458 1216 1584 1243 multavit
1603 1215 1714 1243 exsilio.

926 1265 975 1292 llic
994 1269 1037 1293 est
1063 1264 1184 1292 Joannes
1199 1265 1245 1299 qui
1268 1264 1370 1292 Melitio
1392 1267 1576 1294 successerat,
1595 1267 1622 1289 et
1632 1268 1714 1297 quem

927 1309 1058 1345 Tyreusis
1073 1309 1196 1345 synodus
1212 1309 1418 1336 communicare
1435 1308 1565 1336 Ecclesia
1582 1307 1712 1342 jusserat,

927 1360 955 1383 et
967 1361 1020 1382 tam
1048 1356 1148 1391 ipsum,
1166 1363 1248 1390 quam
1275 1363 1322 1382 eos
1339 1355 1386 1390 qui
1404 1354 1569 1382 sententiam
1584 1353 1658 1380 illius
1675 1360 1710 1381 se-

927 1402 1092 1436 quebantur,
1112 1402 1227 1429 honoris
1243 1401 1285 1428 sui
1302 1401 1415 1436 gradum
1434 1401 1461 1427 in
1487 1401 1562 1427 clero
1584 1399 1711 1426 retinere.

926 1445 1014 1479 Atque
1037 1445 1089 1472 hoc
1109 1445 1221 1480 quidem
1248 1453 1303 1472 non
1329 1453 1362 1473 ex
1387 1445 1522 1472 sententia
1540 1444 1712 1471 inimicorum

925 1490 1068 1518 Athanasii
1083 1491 1228 1519 successit.
1253 1489 1366 1518 Factum
1393 1495 1435 1518 est
1460 1494 1550 1518 tamen
1572 1490 1712 1517 nihilomi-

83 1543 137 1563 nus
153 1546 159 1563 ε
177 1536 232 1572 90
247 1544 296 1564 nec
310 1536 420 1564 decreta
442 1537 572 1571 Tyrcnsis
587 1536 696 1563 concilii
715 1536 867 1571 quidquam
887 1535 986 1563 Joanni
1003 1538 1141 1572 profuere.
1156 1537 1238 1564 Nulla
1265 1538 1339 1565 enim
1359 1544 1449 1572 prece
1469 1541 1514 1564 aut
1536 1538 1714 1565 excusatione

81 1583 157 1610 ﬂecti
187 1587 294 1618 poterat
310 1583 437 1618 princeps
464 1591 527 1617 erga
542 1590 624 1614 cum,
650 1590 732 1616 quem
769 1581 991 1609 Christianorum
1024 1583 1129 1618 plebem
1159 1583 1192 1610 ad
1218 1583 1385 1611 discordiam
1414 1590 1446 1610 ac
1481 1583 1643 1612 seditionem
1663 1584 1700 1611 im
1737 1576 1740 1580 ’

81 1628 187 1662 pellere
204 1627 326 1662 suspicio
342 1630 411 1654 erat.

383 1674 507 1700 ΚΕΦΑΔ.
519 1674 580 1700 AB’.

81 1723 150 1748 "Oti.
163 1720 236 1747 κατὰ
251 1720 357 1748 πασῶν
376 1721 518 1752 αΙρέσεων
534 1720 628 1754 νόμον
653 1720 669 1745 ό
691 1717 875 1754 literatur-1:7:

118 1765 173 1789 νος
198 1756 291 1785 ἔθετο,
315 1755 356 1788 μὴ
380 1751 518 1789 ἀξίλαχοῦ
540 1751 762 1789 ᾆνὶκλησιάζειν,
795 1753 814 1786 ἢ
837 1751 873 1789 ζῇ

118 1787 266 1824 καθολικῇ
285 1787 447 1823 Ἐκκλησίᾳ
458 1787 509 1815 (δι’
519 1787 554 1817 οὗ
566 1790 613 1815 καὶ
626 1790 653 1815 αὶ
666 1789 803 1815 πλεῖσται
816 1787 876 1813 τῶν

119 1823 265 1860 αἱρέσεων
283 1826 508 1859 ἠφανίσθησαν.
539 1825 570 1850 Οἱ
588 1823 622 1850 δὲ
638 1823 709 1860 περὶ,
725 1823 777 1849 τὸν
789 1824 875 1860 Νικο-

117 1858 246 1896 Meam
280 1858 445 1896 Eivvéé’wri
463 1859 599 1896 Ἄρειανοί
639 1858 672 1884 τὸ
704 1858 875 1892 Ὀμοούσιον

119 1894 172 1931 λῖεχ
177 1896 306 1929 νηέιτως
318 1895 466 1928 περιελεῖν
482 1894 693 1928 ἐπεχείρησαν.

119 1942 158 1968 Τὸ
175 1942 203 1968 δὲ
227 1941 329 1976 ’Δρείου
344 1941 442 1975 δόγμα,
456 1941 479 1966 εἰ
497 1940 542 1966 καὶ
554 1940 659 1970 πολλοῖς
670 1939 698 1964 ὲν
713 1939 771 1969 ταῖς
786 1937 874 1964 διαλὲ-

80 1988 160 2021 ξεσιν
174 1986 364 2017 ἐσπουδάζετο,
379 1986 510 2022 οὕπωὶεἱς
526 1985 592 2011 ἴδιον
605 1984 757 2019 διεκέκριτο
772 1983 834 2010 ὶαδν
847 1989 872 2015 ιι,

79 2034 98 2069 ἣ
113 2033 200 2068 δνομα
213 2032 259 2059 τοῦ
286 2031 425 2067 εὑρόντος·
451 2031 518 2057 ἀλλὰ
542 2030 641 2061 πάντες
660 2031 716 2065 ἅμα
729 2029 874 2064 ἐκκλησία⁴

80 2079 130 2111 ζον
155 2078 202 2105 καὶ
225 2077 395 2110 ὲκοινῲνουν,
433 2076 501 2112 πλὴν
539 2075 728 2107 Ναυατιανῶν,
754 2075 800 2102 καὶ
820 2074 874 2101 τῶν

80 2123 306 2159 ἐπικαλουμένων
318 2124 441 2159 Φρυγῶν,
452 2122 679 2149 Οὑαλεντινιανῶν
694 2129 723 2148 τε
736 2122 782 2148 καὶ
796 2121 874 2155 Μαρ-

81 2170 236 2198 κιωνιστῶν
266 2170 313 2197 καλ¹
329 2169 498 2200 Παυλιανῶν,
515 2169 561 2195 καὶ
578 2169 604 2194 εἴ
625 2176 696 2199 τινες
710 2167 797 2202 ἕτεροι
817 2166 873 2192 ἐτέ-

83 2224 134 2251 ρας
150 2215 201 2251 ἦδη
215 2215 372 2251 ηὑρημένας
388 2215 507 2249 αἱρέσεις
523 2213 667 2249 ἐπλήρουν.
684 2212 760 2239 Κατὰ
772 2212 872 2238 τούτων

79 2262 111 2288 δὲ
127 2261 236 2288 πάντων
247 2260 328 2295 νόμον
341 2260 453 2295 θέμενος
465 2261 478 2287 ό
495 2259 620 2294 βασιλεὺς
633 2259 699 2294 (62),
709 2258 872 2293 προσέταξε-1

81 2307 266 2342 ἀφαιρεθῆναι
279 2306 368 2333 αὐτῶν
386 2306 544 2341 εὐκτηρίους
565 2306 667 2337 οἴκους,
680 2306 728 2332 καὶ
751 2306 812 2336 ταῖς
828 2306 871 2331 ἐκ·

1217 1671 1293 1699 CAP.
1317 1671 1426 1699 XXXII.

927 1715 1002 1749 Quod
1014 1716 1207 1744 Constantinus
1224 1717 1307 1751 legem
1324 1718 1385 1745 tulit
1401 1722 1493 1745 contra
1505 1726 1592 1745 omnes
1604 1719 1712 1747 Iiwresea

961 1760 992 1778 ne
1008 1752 1072 1778 alibi
1091 1760 1169 1786 quam
1185 1753 1211 1778 in
1233 1752 1352 1780 Ecclesia
1367 1753 1497 1780 catholica
1511 1754 1622 1787 populus
1637 1755 1714 1781 mlli-

959 1792 1064 1823 geretur
1080 1793 1089 1812 .‘
1105 1795 1154 1823 quo
1169 1787 1269 1822 factum
1285 1792 1323 1823 est
1342 1793 1369 1814 ut
1384 1788 1514 1823 plerwque
1525 1789 1636 1815 [ιαμ-οδω
1650 1791 1709 1816 nba-

960 1823 1014 1848 liue
1036 1822 1099 1848 sint.
1125 1821 1158 1847 Et
1184 1822 1313 1856 quomodo
1341 1823 1436 1849 Ariani
1460 1821 1504 1857 q'ui
1521 1831 1580 1849 cum
1600 1822 1712 1851 Eusebio

959 1861 1045 1887 erant,
1062 1865 1146 1883 vocem
1165 1857 1407 1884 Cousubstantialis
1423 1857 1606 1891 fraudulenter
1624 1861 1712 1885 conati

959 1892 1012 1918 sint
1026 1892 1127 1918 tollere.

959 1938 1094 1965 Caeterum
1109 1937 1208 1973 dogma
1224 1938 1296 1971 Arii,
1324 1938 1388 1965 licet
1416 1938 1444 1965 in
1473 1939 1709 1973 disputationibus

926 1983 1077 2010 multorum
1103 1983 1194 2010 studio
1214 1991 1245 2010 ac
1259 1983 1352 2010 favore
1369 1982 1571 2015 defenderetur,
1588 1985 1709 2011 nondum

924 2033 1016 2056 tamen
1038 2029 1065 2055 in
1087 2029 1252 2063 peculiarem
1274 2033 1376 2056 sectam
1393 2036 1427 2056 ex
1455 2029 1576 2056 auctoris
1599 2030 1712 2057 nomine

924 2074 1085 2101 distinctum
1099 2078 1169 2102 erat.
1198 2073 1250 2102 Sed
1283 2074 1373 2102 cuncti
1397 2074 1481 2102 simul
1501 2075 1631 2102 collectas
1648 2082 1710 2110 age-

923 2119 1011 2152 bant,
1038 2123 1119 2155 atque
1155 2120 1227 2147 inter
1251 2127 1280 2148 se.
1306 2120 1563 2152 communicabant,
1591 2121 1711 2155 exceptis

924 2165 1095 2197 Novatianis,
1114 2169 1140 2193 et
1162 2165 1196 2193 iis
1211 2165 1257 2199 qui
1279 2166 1409 2193 dicuntur
1440 2166 1571 2202 Phryges.
1588 2165 1708 2193 Valenti-

927 2210 1017 2237 nianis
1029 2211 1093 2237 item
1112 2217 1144 2237 ac
1158 2210 1356 2242 Marcionistis,
1373 2214 1399 2238 et
1416 2210 1568 2242 Paulianis,
1586 2216 1613 2238 et
1628 2211 1651 2238 si
1664 2212 1709 2246 qui

925 2259 1023 2290 praeter
1055 2255 1104 2282 hos
1121 2255 1167 2281 alii
1184 2256 1253 2283 alias
1271 2255 1327 2290 jam
1344 2256 1469 2283 inventas
1490 2255 1608 2284 hazreses
1620 2260 1710 2284 secta-

923 2301 1035 2328 bantur.
1059 2301 1161 2328 Contra
1190 2301 1240 2328 lios
1266 2309 1362 2328 omnes
1391 2301 1450 2336 lege
1482 2301 1537 2328 lata
1560 2301 1711 2336 imperator

81 2353 210 2387 κλησίαις
221 2351 414 2382 συνάπτεσθαι,
438 2352 484 2378 καὶ
500 2351 568 2385 μήτε
588 2353 618 2377 ἐν
637 2350 736 2382 οἰκίαις
748 2350 871 2383 ἰδιωτῶν,

931 2347 1066 2382 prmccpit,
1078 2351 1106 2374 ut
1120 2347 1242 2376 oratoria
1256 2347 1311 2376 illis
1324 2347 1524 2380 adimerentur,
1544 2352 1571 2375 et
1586 2348 1710 2376 ecclesiis

83 2399 154 2434 μήτε
167 2397 284 2433 δημοσίᾳ
300 2396 500 2432 ἐκκλησιάζειν.
518 2396 634 2423 Κάλλιον
655 2396 683 2422 δὲ
698 2396 731 2432 τῇ
755 2395 868 2422 καθόλου

80 2443 233 2478 Ἐκκλησία
241 2443 377 2469 κοινωνεῖν
389 2443 534 2478 εἰσηγεῖτο,
543 2442 589 2468 καὶ
598 2442 636 2473 είς
646 2441 696 2468 ταύ
703 2450 746 2477 την
757 2441 874 2468 συνιέναι

82 2487 290 2514 συνεὸούλευσε.
312 2487 361 2514 Διὰ
376 2487 468 2514 τοῦτον
485 2486 513 2513 δὲ
529 2486 574 2513 τὸν
590 2486 670 2522 νόμον
696 2486 797 2513 τούτων
818 2486 872 2513 τῶν

923 2393 1066 2421 catholicis
1081 2394 1266 2426 sociarentur,
1280 2398 1363 2429 utque
1372 2401 1422 2421 nec
1430 2394 1458 2421 in
1471 2393 1584 2428 privatis
1595 2394 1709 2427 aedibus,

927 2447 978 2468 nec
994 2439 1020 2466 in
1033 2439 1145 2475 publico
1167 2440 1226 2467 loco
1252 2440 1460 2475 colligerentur.
1479 2439 1613 2467 Praestare
1636 2440 1708 2467 enim

925 2486 1026 2518 aiebat,
1041 2490 1070 2513 ut
1085 2493 1146 2514 cum
1167 2486 1289 2514 Ecclesia
1303 2485 1439 2514 catholica
1454 2486 1708 2517 communicarent,

681 2574 816 2602 VALESll
835 2571 1110 2602 ANNOTATIONES.

119 2630 176 2667 (6‘2)
194 2632 295 2664 Νόμων·
314 2630 436 2665 θέμενος
453 2631 469 2667 i5
492 2631 652 2663 βασιλεύς.
672 2630 709 2658 Ea
734 2631 776 2659 lex
799 2630 872 2657 Cons

937 2631 975 2658 iui
996 2636 1088 2660 exstat
1119 2631 1190 2667 apud
1214 2631 1374 2663 Eusebium,
1407 2630 1435 2658 in
1455 2631 1525 2657 libro
1559 2635 1637 2656 tertio
1671 2628 1710 2655 Bc

82 2667 138 2693 vim
156 2666 335 2699 Constantini,
354 2673 415 2701 cap.
429 2665 472 2692 64.

806 2741 986 2770 VARIORUM

116 2805 132 2820 υ
147 2801 237 2828 Οὔπω
256 2803 299 2834 εἰς
322 2801 399 2828 ἴδιον
421 2802 582 2835 διεκέκριτο
602 2802 688 2829 λαόν.
714 2802 763 2829 Hic
782 2801 868 2829 Snzo-

81 2844 164 2864 meno
183 2838 315 2863 reclamat
333 2837 485 2864 Alexander
500 2838 647 2871 episcopus
666 2837 870 2865 Alexandrinus

81 2872 108 2899 in
124 2872 247 2907 Epistula
257 2872 291 2898 ad
307 2872 488 2899 Alexandrum
501 2871 688 2906 CPolitanum,
704 2872 774 2907 apud
783 2871 868 2899 Thco-

921 2801 1015 2835 dorit.,
1034 2800 1116 2833 "ist.,
1134 2801 1179 2828 lib.
1198 2809 1225 2833 ι,
1244 2809 1304 2834 cap.
1326 2801 1343 2827 ιί
1355 2821 1361 2832 ,
1378 2800 1422 2826 ubi
1441 2799 1561 2830 asserit,
1578 2797 1706 2835 Arianos.

920 2837 1045 2871 exemplo
1061 2836 1318 2867 Colluihianorum,
1337 2839 1478 2871 conventus
1503 2835 1558 2860 sine
1580 2834 1708 2871 intermis-

921 2872 993 2898 sione
1002 2868 1084 2907 'agerc
1100 2872 1125 2897 in
1142 2871 1272 2904 speluncis
1291 2871 1423 2896 latronum
1438 2868 1487 2895 sibi
1502 2868 1671 2895 constructa}.
