1898 3075
197 141 264 168 N17

923 131 1091 163 SOZOMENI

1771 131 1838 158 I028

196 204 282 234 utque
298 199 331 227 ad
349 206 409 227 eam
429 198 591 226 accederent
615 196 785 224 hortabatur.
810 194 867 222 Hac
888 199 999 224 autem,

1102 202 1164 220 τεων
1187 191 1262 228 οἶμαι
1284 192 1331 228 τὴν
1356 191 1455 228 πολλὴν
1486 191 1672 226 ἀφανισθῆναι
1710 190 1850 225 μνήμην.“

197 246 257 281 lege
275 245 378 273 factum
407 248 460 277 est,
488 247 517 271 ιιι
543 244 660 270 istarutn
681 246 818 269 sectarum
850 241 984 269 memoria

198 298 298 326 magna
315 298 348 318 ex
370 294 447 326 parte
461 287 642 316 interciderit.
665 287 731 314 Nam
741 287 916 322 superiorum
933 287 986 313 im-

199 340 358 372 peratorum
385 333 554 368 temporibus
568 352 575 364 ,
596 332 755 366 quicunque
779 331 922 358 Christum
937 337 986 357 co-

200 382 309 412 lebant.
336 381 398 407 licet
419 378 593 414 opinionibus
622 377 694 405 inter
719 385 749 405 se
766 376 954 408 dissentirent,
971 383 987 402 a

199 426 346 461 gentilibus
361 429 452 451 tamen
481 430 531 458 pro
549 422 648 450 iisdem
673 421 853 452 habebantur,
874 419 987 455 parique

200 478 296 498 omnes
312 470 480 497 vexabantur
495 467 576 495 modo
592 476 598 494 :
615 474 676 499 nec,
693 467 727 494 ob
740 473 902 494 communes
910 465 986 492 cala-

200 517 322 548 mitates,
339 515 379 543 eis
393 515 490 542 licebat
504 514 531 542 in
559 514 722 549 semetipsos
745 513 882 540 curiosius
898 511 988 546 inqui-

200 570 272 590 rere.
285 562 371 595 Quam
385 562 420 588 ob
428 568 542 588 causam
554 560 655 595 singuli
681 559 760 586 facile
782 559 809 586 in
823 565 907 586 unum
923 565 988 584 con~

200 609 361 639 venientes,
394 606 542 641 separatim
580 605 710 633 collectas
741 604 933 636 celebrabant,
963 608 987 630 et

202 653 311 681 assidue
325 661 417 680 secum
433 656 528 679 mutuo
543 652 732 686 colloquentes
743 671 750 683 ,
773 651 880 678 tametsi
910 650 989 685 pauci

203 706 318 726 numero
342 703 451 728 essent,
479 704 652 731 nequaquam
682 697 806 731 dissipati
828 699 902 723 sunt.
927 694 991 722 Post

203 744 274 770 hanc
292 751 356 770 vero
373 744 476 778 legem,
493 750 542 770 nec
560 743 669 778 publice
690 742 821 769 collectas
850 749 930 776 agere
951 741 991 768 eis

204 790 292 822 licuit,
317 790 375 824 lege
396 789 422 816 id
442 789 606 824 prohibente
621 798 627 815 :
648 796 698 816 nec
714 788 848 819 clanculo,
862 795 924 815 eum
939 787 994 815 siti-

203 836 327 870 gulannn
342 835 483 862 civitatum
508 835 627 870 episcopi
642 843 674 862 ac
690 835 783 862 clerici
803 842 850 862 eos
874 833 993 861 sollicite

205 883 392 909 observarent.
417 880 494 908 Unde
523 881 623 908 factum
641 886 683 908 est
712 885 740 907 ut
761 880 884 916 plerique
898 886 993 907 eorum

206 931 278 953 metu
291 927 420 962 perculsi,
436 926 564 954 Ecclesia:
581 926 725 954 catholicae
735 934 796 954 sese
808 926 993 961 adjunxerint.

207 973 258 999 Alii
271 980 335 1000 vero
352 973 414 1000 licet
428 973 455 999 in
473 973 567 1000 eadem
587 973 723 1000 sententia
748 971 993 1006 perseveraverint,

206 1019 290 1046 nullis
306 1022 397 1045 tamen
417 1018 556 1053 opinionis
577 1025 635 1046 suae
655 1017 861 1046 successoribus
882 1021 943 1052 post
967 1023 996 1044 se

207 1064 321 1096 relictis,
347 1072 379 1091 ex
398 1065 448 1091 hac
462 1066 516 1092 vita
532 1065 684 1100 migrarunt
705 1073 711 1091 :
728 1065 828 1100 quippe
839 1065 884 1099 qui
897 1071 949 1092 nec
968 1064 996 1091 in

207 1118 293 1138 unum
322 1111 396 1137 coire
426 1111 660 1145 permitterentur,
692 1118 742 1138 nee
770 1110 909 1146 opinionis
940 1117 998 1138 suae

207 1160 351 1184 consortes
366 1156 450 1184 libere
464 1163 496 1183 ac
506 1157 566 1184 sine
583 1161 655 1184 metu
669 1157 768 1184 docere
789 1161 913 1192 possent.
929 1155 996 1183 Nam

209 1202 244 1229 ab
258 1201 339 1228 initio
351 1206 456 1229 caetera:
468 1202 577 1237 quidem
597 1203 713 1230 Inereses
731 1209 834 1237 paucos
850 1201 996 1228 admodum

209 1252 358 1275 sectatores
374 1248 540 1280 habuerunt,
559 1249 617 1276 sive
644 1249 679 1275 ob
690 1247 848 1283 dogmatum
871 1247 997 1274 absurdi-

209 1298 290 1321 tatein
303 1313 311 1324 .
342 1294 399 1321 sive
421 1294 457 1321 ob
472 1294 636 1328 imperitiam
653 1297 795 1321 auctorum
812 1293 858 1328 qui
873 1300 904 1319 ea
916 1300 998 1319 exco-

207 1340 362 1375 gitaveraut
390 1347 422 1366 ac
445 1339 606 1367 docuerant.
634 1339 778 1366 Novatiani
805 1346 888 1369 vero,
906 1342 999 1373 utpote

211 1386 258 1419 qui
284 1385 371 1412 bonos
394 1385 522 1412 ductores
548 1385 622 1412 nacti
638 1389 732 1413 essent
747 1405 755 1417 ρ
785 1384 913 1420 idemque
936 1392 997 1412 cum

212 1430 332 1458 Ecclesia
346 1431 479 1457 catholica
496 1431 632 1458 sentirent
648 1431 681 1458 de
699 1431 923 1466 divinitate,jam
937 1430 1000 1458 inde

217 1478 252 1504 ab
273 1477 351 1503 initio
373 1477 499 1512 permulti
515 1476 635 1508 luerunt,
651 1481 733 1512 atque
747 1477 785 1504 ita
796 1477 925 1512 deinceps
939 1485 1000 1512 per-

212 1527 392 1556 manserunt,
425 1522 492 1549 nihil
511 1522 563 1557 91
583 1522 639 1549 fere
653 1522 810 1549 detrimenti
825 1530 857 1549 ex
873 1522 923 1549 hac
941 1522 999 1557 lege
1014 1533 1033 1559 (τ

213 1568 298 1602 passi.
324 1567 392 1595 Nam
408 1571 436 1595 et
455 1568 604 1602 imperator
619 1569 678 1603 ipse
697 1576 746 1595 sua
763 1572 862 1603 sponte
879 1569 999 1601 vigorem

214 1614 281 1648 legis
294 1614 482 1647 imminuebat,
500 1615 602 1649 quippe
621 1615 667 1649 qui
685 1614 898 1648 pcrterrel‘aecre
910 1614 1000 1648 potius

213 1667 296 1693 quam
321 1659 434 1694 perdere
450 1659 578 1686 subditos
593 1660 620 1686 in
636 1667 728 1686 annuo
747 1659 868 1686 haberet.
883 1659 915 1685 Et
934 1661 1002 1686 Ace-

215 1705 273 1732 sius
291 1705 337 1739 qui
356 1700 421 1731 tunc
435 1705 566 1740 temporis
580 1712 674 1732 eorum
685 1710 766 1732 secta:
783 1706 926 1740 episcopus
943 1709 1001 1732 erat

214 1750 471 1785 Constantinopoli,
488 1758 549 1777 cuni
568 1751 603 1778 ob
619 1751 681 1778 vita:
697 1751 868 1778 sanctitatem
883 1751 1002 1786 impera-

215 1795 268 1823 tori
281 1799 355 1823 esset
365 1796 541 1830 gratissmms
552 1816 559 1827 ,
576 1796 704 1824 Ecclesia:
720 1805 793 1829 suae,
810 1802 839 1824 ut
856 1797 1003 1825 verisimile

215 1845 268 1874 est,
295 1841 440 1876 plurimum
458 1842 608 1877 adjumenti
629 1844 756 1870 contulit.
773 1843 893 1879 Phryges
913 1847 1002 1870 autem

216 1887 244 1914 in
273 1887 386 1922 reliquis
402 1889 672 1924 prm-inciisimpcrii
692 1889 808 1916 Romani
835 1891 927 1917 eadem
943 1897 1004 1924 per-

216 1933 290 1968 pessi
303 1939 367 1961 sunt
382 1942 443 1969 quae
458 1935 502 1961 alii
519 1942 615 1961 omnes
634 1935 754 1963 haeretici
769 1956 776 1968 ,
792 1941 904 1970 excepta
918 1935 1004 1972 Phry-

216 1979 261 2015 gia
294 1985 321 2008 et
341 1981 440 2008 vicinis
461 1982 566 2016 aliquot
580 1981 730 2016 provinciis
750 1990 756 2009 :
779 1983 804 2008 iu
831 1983 933 2017 quibus
948 1982 1004 2017 jam

216 2024 281 2052 inde
293 2025 416 2052 abinitio
433 2027 506 2054 etab
519 2027 588 2062 ipsis
606 2026 727 2053 Momani
739 2028 910 2062 temporibus
934 2028 1005 2054 mul-

216 2070 334 2098 titudine
349 2071 541 2104 abundarunt.
566 2076 592 2099 et
616 2080 689 2099 nunc
719 2080 827 2107 quoque
853 2072 1004 2100 abundant.

218 2114 276 2141 Sub
288 2115 360 2142 idem
379 2119 487 2150 tempus
515 2115 649 2144 Eusebius
673 2117 818 2151 episcopus
844 2116 1006 2145 Nicomediae

217 2164 245 2187 et
259 2161 419 2196 Tlieoguius
435 2161 544 2195 Nicaeae,
566 2164 765 2198 expositionem
782 2164 841 2191 ti.lci
857 2165 891 2191 ab
903 2165 937 2191 iis
958 2165 1005 2200 qui

1043 240 1102 266 Ἐπὶ
1115 239 1226 274 μὲνγὰρ
1246 239 1300 265 τῶν
1315 239 1378 273 πρὶν
1407 238 1548 273 βασιλέων,
1572 238 1630 264 ὅσοι
1647 238 1696 263 τδν
1716 236 1839 270 Χριστὸν

1035 284 1138 316 ἔσεϐον,
1154 284 1178 310 εί
1195 284 1241 310 καὶ
1252 283 1300 315 τὰς
1313 283 1392 315 δόξας
1402 283 1566 318 διεφέροντο,
1579 282 1648 318 πρὸς
1662 281 1722 307 τῶν
1746 280 1840 316 Ἐλλη-

1035 330 1133 358 νιστῶν
1149 330 1262 356 οἱαὺτοὶ
1275 329 1440 364 ἐνομίζοντο,
1464 329 1510 355 καὶ
1534 328 1628 359 κακῶς
1651 318 1840 361 ὁμοίωςὲπι-

1035 385 1109 411 σχον.
1125 376 1198 411 Σφός
1208 376 1236 402 δὲ
1248 375 1348 407 αὐτοὺς
1360 375 1597 410 πολυπραγμονεῖν
1610 374 1656 401 διὰ
1673 374 1729 405 τὰς
1745 375 1840 404 κοινᾶς

1038 421 1179 457 συμφορὰς
1196 421 1246 448 οὐκ
1269 421 1416 455 ἡδύνιντο·
1444 421 1490 447 καὶ
1512 421 1635 448 διατοῦτο
1652 419 1762 456 ῥαδίως
1781 419 1841 446 καθ’

1037 468 1149 498 ἑαυτοὺς
1165 468 1274 494 ἕκαστοι
1288 467 1424 498 συνιόντες
1440 467 1630 501 ἐκκλησίαζον.
1646 467 1696 494 καὶ
1717 466 1841 500 συνεχῶς

1038 512 1195 547 ὁμιλοῦντες
1208 512 1342 548 ἀλλήλοις,
1367 513 1391 539 εἰ
1406 513 1453 539 καὶ
1469 513 1552 546 όλὶγοι
1565 510 1647 548 ἦσαν,
1663 512 1694 538 οὐ
1712 511 1840 545 διελύθη-

1039 566 1099 585 σαν.
1117 558 1194 586 Μετὰ
1209 558 1236 585 δὲ
1250 558 1343 586 τοῦτον
1356 558 1403 584 τὸν
1414 558 1507 594 νόμον,
1521 558 1582 585 οὔτε
1599 557 1724 593 δημοσίᾳ
1742 557 1841 591 ἐκκλη-

1040 605 1143 637 σιάζειν
1155 603 1286 639 ἠδύναντο
1301 604 1478 639 κωλυόμενοι,
1502 604 1564 630 οὔτε
1581 604 1682 640 λάθρα,
1695 603 1757 630 τῶν
1771 604 1842 629 κατὰ

1040 651 1117 676 πόλιν
1143 651 1301 677 ἐπισκόπων
1335 650 1393 677 καὶ·
1421 650 1560 686 κληρικῶν
1588 649 1839 685 παρατηρούντων.

1048 695 1186 722 Ἐντεῦθεν
1210 696 1238 722 δὲ
1263 695 1398 730 περιδεεῖς
1431 695 1456 722 οἱ
1478 695 1586 724 πλείους
1616 695 1784 730 γενόμενοι,
1810 695 1840 727 τῇ

1042 742 1157 768 καθόλου
1178 742 1324 778 Ἐκκλησία
1353 741 1524 777 προσέθεντο.
1552 741 1583 768 Οί
1601 741 1630 767 δὲ
1653 741 1701 767 καὶ
1727 741 1778 766 ἐπὶ
1794 740 1842 773 τῆς

1043 789 1126 823 αὐτῆς
1139 787 1251 823 γνώμης
1269 788 1419 822 μείναντες,
1428 787 1518 814 οὐκέτι
1529 787 1669 822 διαδόχους
1685 786 1739 821 τῆς
1750 786 1841 812 αὐτῶν

1043 835 1173 870 αἱρέσεως
1194 833 1402 866 καταλιπόντες,
1423 833 1621 868 ἐτελεύτησαν
1649 832 1688 864 ὡς
1706 833 1782 867 μήτε
1805 833 1843 862 εἰς

1046 880 1143 907 ταύτὸν
1164 878 1281 906 συνιέναι
1309 879 1538 915 συγχωρούμενα,
1558 880 1626 915 μήτε
1642 879 1734 911 ἀδεῶς
1747 879 1843 914 ὁμοδαὲ

1047 926 1108 958 ξονς
1120 926 1289 952 ἐκδιδάσκειν
1308 926 1461 960 δυνάμενοι.
1483 924 1559 952 Ἐπεὶ
1576 926 1621 952 καὶ
1636 926 1687 961 τὴν
1707 926 1802 960 ἀρχὴν
1818 927 1844 951 αἱ

1048 973 1097 1008 μὲν
1112 972 1189 999 ἄλλαι
1208 972 1327 1008 αἱρέσεις
1346 971 1454 1006 ὀλίγους
1468 971 1531 1003 τοὺς
1545 971 1725 1006 ζηλώσαντας
1750 971 1842 1005 ἔσχον,

1046 1019 1063 1054 ἢ
1075 1019 1117 1045 διὰ
1133 1019 1279 1054 σκαιότητα
1296 1018 1448 1053 δογμάτων,
1464 1018 1480 1053 ἢ
1495 1017 1648 1053 φαυλότητα
1672 1016 1730 1043 τῶν
1749 1016 1843 1052 εὑρόν-

1047 1073 1100 1091 των
1132 1066 1178 1091 καὶ
1209 1064 1372 1100 καθηγητῶν
1396 1064 1498 1090 τούτων
1519 1063 1684 1099 γενομένων.
1707 1064 1742 1089 Οἱ
1765 1063 1796 1089 δὲ
1813 1065 1844 1088 τὰ

1047 1111 1173 1138 Ναυάτου
1188 1111 1358 1146 φρονοῦντες,
1382 1109 1420 1142 ὡς
1449 1109 1560 1144 ἀγαθῶν
1575 1110 1720 1144 ἡγεμόνων
1749 1109 1843 1135 ἐπιτυ-

1048 1158 1151 1192 χόντες,
1165 1157 1211 1183 καὶ
1224 1155 1257 1182 τὰ
1282 1156 1351 1182 αὐτὰ
1370 1156 1434 1190 περὶ
1450 1155 1480 1182 τὺ
1498 1155 1575 1181 Θεῖον
1592 1157 1624 1190 τῇ
1642 1155 1760 1182 καθόλου
1782 1154 1843 1180 Ἐκ-

1048 1203 1148 1238 κλησίᾳ
1176 1202 1341 1235 δοξάζοντες,
1368 1201 1460 1228 πολλοί
1482 1210 1511 1227 τε
1530 1198 1599 1236 ἦσαν
1625 1201 1655 1234 ἐξ
1678 1200 1782 1236 ἀρχῆς,
1800 1202 1846 1227 καὶ

1048 1248 1195 1283 διέμειναν,
1219 1248 1295 1275 οὐδὲν
1326 1249 1397 1283 μέγα
1426 1247 1569 1282 βλαϐέντες
1592 1247 1644 1273 ὑπὸ
1671 1247 1770 1273 τούτου
1799 1245 1845 1272 τοῦ

1049 1296 1142 1330 νόμου.
1162 1295 1206 1326 Ὠς
1216 1296 1269 1330 γὰρ
1288 1292 1374 1330 οἶμαι,
1393 1295 1439 1321 καὶ
1451 1294 1599 1329 ὁβασιλεὺς
1616 1293 1688 1319 ἑκὼν
1703 1293 1844 1326 καθυφίει,

1050 1341 1165 1376 φοϐῆσαι
1191 1341 1278 1376 μόνον,
1297 1341 1326 1366 οὐ
1350 1339 1522 1375 λυμήνασθαι
1545 1340 1607 1371 τοὺς
1621 1339 1763 1375 ὑπηκόους
1783 1347 1847 1370 προ-

1050 1387 1171 1423 θέμενος.
1198 1387 1251 1413 Καὶ
1277 1387 1398 1418 ’Ᾱχέσιος
1428 1385 1456 1413 δὲ
1474 1386 1561 1413 ὁτότε
1585 1386 1613 1412 ἐν
1636 1385 1847 1412 Κωνσταντίνου

1051 1433 1126 1460 πόλει
1142 1433 1190 1468 τῆς
1203 1433 1290 1458 αὐτῶν
1303 1432 1434 1467 αἱρέσεως
1457 1432 1616 1463 ἐπίσκοπος.
1641 1431 1748 1466 βασιλεῖ
1763 1440 1848 1466 κεχα-

1053 1479 1177 1514 ρισμένος
1189 1478 1226 1504 ὢν
1243 1478 1287 1504 διὰ
1304 1478 1348 1504 τὸν
1369 1477 1435 1512 βίον,
1456 1478 1494 1508 ὡς
1511 1478 1594 1508 εἱκῦς,
1621 1477 1730 1512 ὲὸοήθει
1746 1478 1782 1512 τῇ
1802 1475 1847 1502 ὑπ’

1051 1524 1131 1551 αὐτὸν
1143 1523 1302 1559 Ἐκκλησία.
1319 1523 1423 1559 Φρύγες
1440 1523 1467 1549 δὲ
1483 1523 1552 1550 κατὰ
1565 1523 1613 1556 τὴν
1626 1523 1710 1558 ἄλλην
1728 1523 1848 1559 ἀρχομέ-

1053 1579 1112 1605 νην,
1131 1569 1308 1605 παραπλήσια
1322 1571 1377 1601 τοῖς
1399 1569 1488 1602 ἄλλοις
1508 1570 1667 1604 ὑτιέξιιεινανί
1693 1569 1764 1604 πλὴν
1779 1569 1848 1603 Φρυ-

1053 1616 1125 1649 γίας,
1141 1615 1188 1641 καὶ
1203 1614 1258 1641 τῶν
1274 1614 1360 1641 ἄλλων
1374 1614 1457 1640 ἐθνῶν
1471 1614 1525 1640 τῶν
1538 1615 1569 1640 ἐκ
1583 1614 1721 1648 γειτόνων·
1738 1613 1804 1640 ἔνθα
1816 1614 1848 1647 δὴ

1053 1663 1084 1688 ἐκ
1107 1662 1161 1688 τῶν
1187 1661 1254 1688 κατὰ
1280 1661 1415 1687 Μοντανζν
1433 1660 1537 1695 χρόνων
1560 1659 1662 1694 πλῆθος
1684 1660 1847 1695 ἀρξάμενοι.

1053 1708 1099 1734 καὶ
1114 1707 1160 1734 νῦν
1177 1707 1238 1733 εἰσι.
1257 1706 1324 1741 Περὶ
1337 1707 1365 1732 δὲ
1380 1706 1473 1732 τοῦτον
1487 1705 1531 1732 τὸν
1557 1705 1662 1741 χρόνον,
1678 1707 1702 1732 οἱ
1717 1707 1790 1741 ἀμφὶ
1804 1707 1848 1732 τὸν

1054 1753 1182 1780 Εὐσέϐιον
1195 1752 1240 1779 τὸν
1264 1752 1446 1787 Νικομηδείας
1469 1751 1628 1782 ἐπίσκοπον.
1649 1752 1696 1778 καὶ
1721 1752 1848 1785 Θεόγνιον

1053 1800 1099 1826 τὸν
1130 1799 1256 1831 Νικαίας,
1284 1798 1430 1834 ἐγγράφως
1454 1798 1572 1833 ἤρξαντο
1597 1797 1769 1833 νεωτερίζειν
1783 1799 1848 1833 περὶ

1054 1845 1102 1880 τὴν
1132 1844 1239 1871 ἔκθεσιν
1266 1843 1322 1870 τῶν
1347 1845 1375 1870 ὲν
1409 1843 1511 1879 Νικαὶᾳ
1539 1843 1767 1878 συνεληλυθότων.
1796 1844 1848 1870 Καὶ

1055 1891 1206 1925 ἀναφανδὸν
1222 1891 1270 1926 μὲν
1295 1890 1436 1916 ἐκϐάλλειν
1447 1889 1477 1916 τὸ
1493 1890 1634 1925 όμοούσιον
1652 1889 1690 1924 τῷ
1703 1890 1792 1924 Πατρὶ
1805 1891 1848 1916 τὴν

1056 1938 1130 1968 Υίῆν,
1142 1937 1191 1963 οὐκ
1206 1937 1493 1972 ἐθάρῤησαν.“ί,1δεσαν
1510 1935 1563 1971 γὰρ
1575 1935 1686 1970 βασιλέα
1703 1932 1755 1962 ὧδε
1772 1936 1832 1968 δοξὲ
1842 1951 1848 1954 -

1055 1982 1145 2015 ζοντα.
1169 1981 1280 2017 Ἑτέραν
1294 1981 1321 2007 δὲ
1335 1981 1476 2016 ἐκθέμενοι
1491 1981 1598 2017 γραφὴν
1624 1981 1672 2007 ἐπὶ
1691 1982 1790 2016 ῥηταῖς
1804 1982 1847 2015 ἑρ-

1058 2028 1180 2063 μηνείαις
1208 2027 1400 2062 καταδεδέχθαι
1424 2027 1457 2053 τὰ
1486 2027 1606 2062 ὀνόματα
1624 2026 1671 2053 τοῦ
1697 2028 1727 2053 ἐν
1748 2027 1848 2062 Nuntia

1056 2074 1189 2109 δόγματος
1200 2074 1337 2109 ἐμήνυσαν
1348 2075 1402 2104 τοῖς
1419 2073 1470 2100 ἀνὰ
1493 2074 1541 2109 τὴν
1567 2074 1603 2100 ἕω
1617 2075 1791 2106 ἐπισκόποις,
1805 2075 1849 2100 Ἐκ

1056 2120 1151 2147 τούτου
1189 2120 1216 2146 δὲ
1245 2119 1292 2146 τοῦ
1324 2119 1405 2155 ῥητοῦ
1435 2120 1482 2146 καὶ
1507 2120 1635 2151 διανοίας,
1663 2122 1703 2152 εἰς
1732 2121 1848 2152 διάλεξιν

1059 2165 1205 2201 πεσοῦσαή
1221 2166 1340 2201 προτέρα
1359 2165 1481 2201 ζήτησις,
1497 2166 1543 2192 καὶ
1558 2165 1658 2198 δόξασα
1683 2166 1848 2198 πεπαῦσθαι,

217 2207 314 2235 Nicaeae
330 2213 516 2236 convenerant
543 2211 760 2246 promulgatam,
789 2211 902 2245 Scriptis
925 2211 999 2238 inno-

1102 2213 1138 2238 λιν
1150 2212 1308 2238 ἀνεκινεῐτο.

218 2262 283 2283 vare
295 2261 447 2290 cmperuut.
465 2255 497 2282 Et
518 2262 612 2291 aperte
630 2258 741 2293 quidem
757 2264 841 2293 caput
863 2259 930 2286 illud
966 2261 1081 2294 rejicere
1099 2267 1152 2286 non
1179 2258 1328 2292 audebant,

1368 2267 1424 2294 quo
1456 2258 1541 2286 Filius
1565 2258 1640 2286 Patri
1667 2261 1851 2288 consubstan-

219 2301 293 2329 tialis
319 2302 463 2329 asseritur.
480 2301 582 2329 Norant
608 2304 680 2330 enim
699 2304 892 2339 imperatorem
918 2305 946 2332 in
972 2313 1004 2333 ea
1022 2313 1083 2333 esse
1099 2304 1254 2336 sententia;
1272 2304 1354 2331 aliam
1370 2311 1435 2331 vero
1451 2303 1512 2330 Ildei
1544 2303 1691 2331 formulam
1725 2306 1851 2341 evulgari-

219 2354 271 2381 tes,
299 2349 489 2384 signiﬁcarqu
519 2350 698 2379 orientalibus
727 2354 887 2388 episcopis,
923 2354 1004 2381 verba
1046 2352 1147 2380 Nicwni
1189 2351 1300 2379 concilii
1331 2351 1432 2379 additis
1460 2351 1626 2386 quibusdam
1647 2352 1850 2388 interpretatio-

221 2398 302 2425 nibus
326 2402 454 2433 suswpta
471 2407 541 2426 esse.
562 2399 620 2432 Qua
647 2401 755 2435 quidem
782 2410 814 2429 ex
835 2410 900 2430 voce
924 2407 1008 2437 atque
1028 2401 1163 2429 sententia
1195 2400 1269 2435 prior
1293 2399 1410 2436 quaestio
1437 2407 1498 2435 quae
1518 2400 1573 2434 jam
1591 2400 1684 2434 sopita
1721 2409 1787 2428 esse
1817 2402 1852 2427 vis

219 2445 346 2478 debatur,
366 2446 392 2473 in
418 2446 644 2482 disceptationem
659 2455 755 2477 vocata
775 2458 807 2478 ac
824 2451 915 2478 denuo
929 2451 1050 2478 excitata
1069 2454 1121 2476 est.

502 2493 577 2521 CAP.
601 2494 720 2522 XXXIII.

222 2537 259 2564 De
278 2535 407 2564 Marcello
439 2538 551 2573 Anryrre
570 2540 700 2574 episcopo,
724 2539 805 2575 daque
829 2549 885 2575 qua
913 2543 1006 2568 Itwrest

477 2579 554 2608 atque
570 2575 746 2602 abdicatione.

257 2618 358 2646 Eodem
372 2622 494 2653 tempore
506 2621 513 2634 ‘
531 2621 653 2655 episcopi
677 2620 915 2655 Constantinopoli
940 2628 1005 2648 eon-

221 2664 325 2698 prvgati
352 2663 512 2690 Marcellum
531 2672 639 2698 quoque
659 2666 773 2700 Ancyra:
790 2665 816 2691 in
833 2665 938 2695 Galatia
948 2666 1007 2701 epi-

219 2716 334 2743 scopum
351 2728 358 2740 ,
392 2713 520 2744 tauquam
551 2714 690 2738 auctorem
707 2718 784 2737 novze
804 2710 946 2742 doctrinae,
959 2712 1006 2746 qui

221 2753 320 2781 Filium
338 2755 382 2782 Dei
398 2756 507 2782 initium
523 2763 555 2782 ex
568 2755 652 2784 Maria
668 2757 832 2790 sumpsisse.
849 2761 876 2784 ct
889 2764 1004 2792 regnum

258 2843 264 2857 '
283 2843 358 2870 Socr.
372 2845 417 2872 lib.
436 2853 455 2875 I.
477 2853 502 2872 c.
520 2845 565 2873 56.

1348 2493 1474 2520 ΚΕΦΑΛ.
1494 2493 1550 2520 ΛΓ’.

1060 2541 1129 2574 Περὶ
1144 2539 1322 2574 Μαρκέλλου
1336 2539 1388 2574 τοῦ
1409 2539 1563 2574 Ἀγκύρας,
1579 2538 1629 2565 καὶ
1644 2538 1701 2572 τῆς
1714 2539 1849 2573 αἱρέσεως

1262 2573 1355 2601 αὑτοῦ
1373 2574 1421 2600 καὶ
1439 2573 1648 2607 καθαιρέσεως.

1102 2621 1146 2647 Ἐν
1162 2620 1190 2646 δὲ
1210 2620 1248 2656 τῷ
1261 2620 1320 2646 τότε
1345 2620 1390 2646 καὶ
1407 2619 1567 2654 Μάρκελλον
1589 2619 1730 2654 Ἀγκύρας
1746 2621 1850 2647 ἐπίσκο-

1061 2675 1112 2693 πον
1126 2667 1175 2702 τῆς
1191 2666 1328 2698 Γαλατῶν,
1351 2666 1388 2696 ὡς
1409 2666 1510 2692 καινῶν
1529 2665 1674 2700 δογμάτων
1692 2667 1848 2701 εἰσηγητὴν.

1060 2713 1108 2740 καὶ
1123 2713 1168 2740 τὸν
1182 2713 1245 2739 Υίὸν
1260 2712 1306 2738 τοῦ
1324 2711 1391 2738 Θεοῦ
1406 2711 1517 2745 λέγοντα
1534 2712 1566 2738 ἐκ
1582 2711 1694 2746 Μαρίας
1709 2711 1763 2747 τὴν
1773 2712 1849 2746 ἀρχὴν

1060 2758 1210 2794 εἰληφέναι,
1228 2759 1274 2785 καὶ
1293 2758 1367 2790 τέλος
1383 2757 1454 2790 ἕξειν
1469 2758 1519 2793 τὴν
1539 2757 1621 2784 αὐτοῦ
1638 2757 1794 2792 βασιλείαν,
1811 2758 1849 2784 καὶ
