1898 3075
88 141 93 165 i
100 139 149 166 0‘29

539 136 700 164 HISTORIA
720 137 993 166 ECCIESIASTICA.
1015 153 1048 157 —
1069 137 1131 164 LIB.
1154 137 1185 164 II.

1638 141 1705 169 I050

83 194 186 230 γραφήν
202 203 261 220 τινα
275 193 339 229 περί
353 192 447 220 τούτου
462 194 641 226 συντάξαντα,
657 195 829 226 συνελθόντες
841 196 860 221 ὲν

921 197 982 230 ejus
1001 195 1081 223 ﬁnem
1101 195 1261 222 habiturum
1288 202 1351 223 esse
1378 195 1493 227 diceret,
1513 203 1601 232 caque
1622 198 1656 225 de
1680 205 1709 226 re

83 239 283 267 Κωνσταντίνου
307 238 383 265 πόλει
400 238 542 270 καθεῖλον,
565 240 611 266 καὶ
637 239 686 274 τῆς
707 239 868 276 Ἐκκλησὶας

83 285 202 318 ἐξέϐαλον
215 292 222 300 ο
245 284 291 311 καὶ
306 284 448 320 Βασιλείῳ.
469 285 548 320 δεινῷ
564 285 662 319 λέγειν,
682 286 729 313 καὶ
744 286 791 312 ἐπὶ
808 295 872 313 παι-

83 330 166 357 δεύσει
192 329 406 365 ὑπειλημμένῳ,
431 330 607 365 ἐπιτρέπουσι
632 331 681 366 τὴν
711 331 865 366 ἐπισκοπὴν

83 377 129 411 τῆς
139 375 264 402 Γαλατῶν
276 375 433 410 παροικίας.
454 375 507 402 Καὶ
524 377 583 408 ταῖς
598 376 690 403 αὐτόθι
713 376 871 412 ἐκκλησίαις

83 421 218 457 ἔγραψαν,
244 421 414 456 ἀναζητῆσαι
438 421 487 456 τὴν
512 422 672 456 Μαρκέλλου
697 422 796 457 βίϐλον,
824 423 871 449 καὶ

83 466 254 500 ἐξαφανίσαι,
283 466 330 492 καὶ
350 466 414 497 τοὺς
429 466 462 492 τὰ
478 466 548 493 αὐτὰ
571 467 751 502 φρονοῦντας,
769 468 871 498 clava;

84 511 201 546 εὕροιεν,
228 510 416 545 μεταϐάλλειν.
449 511 503 537 Καὶ
531 511 575 538 διὰ
602 511 651 546 μὲν
685 512 714 538 τὺ
745 512 870 538 ’κολαστι-

83 567 127 594 χον
141 558 195 592 (63)
219 557 268 592 τῆς
284 557 404 592 γραφῆς,
423 557 460 593 μὴ
483 557 517 583 τὸ
536 558 590 584 πᾶν
615 558 746 589 ὑποτάξαι
769 558 870 593 βιϐλίον

84 604 217 639 ἐδήλωσαν
228 610 235 617 ⁶
265 602 335 638 ῥητὰ
349 603 377 629 δέ
390 611 449 629 τινα
466 602 598 638 ἐνέθηκαν
611 605 644 638 τῇ
660 603 749 630 αὐτῶν
762 604 870 630 ἐπιστο-

83 649 123 684 λῇ,
139 649 206 683 πρὸς
228 648 337 684 ἔλεγχον
361 648 406 675 τοῦ
422 648 543 681 δοξάζειν
562 649 642 675 αὑτὸν
656 649 729 676 τάδε,
747 649 870 682 Ἐλέγετυ

82 694 108 721 δὲ
122 694 186 730 πρός
202 702 293 726 τινων,
313 694 400 720 ταῦτα
415 694 452 725 ὡς
469 695 497 720 ἐν
514 693 626 730 ζητήσει
644 694 770 731 εἰρῆσθαι
789 696 853 730 Μαρ

83 741 173 775 κέλλῳ,
189 741 235 766 καὶ
252 740 290 772 ὡς
303 740 503 775 ὡμολογημένα
517 740 710 776 διαϐεϐλῆσθαι
725 741 772 768 καὶ
793 740 869 776 αὐτῷ

82 787 119 822 τῷ
140 786 244 821 βασιλεῖ
269 786 344 822 παρὰ
365 786 418 812 τῶν
435 787 508 821 ἀμφὶ
531 787 576 813 τὸν
599 787 731 813 Εὑσέϐιον
744 796 750 802 ’
774 788 868 816 καθότι

83 831 225 866 ὑπερφυῶς
241 831 420 866 ἐχαλέπαινον
436 831 520 866 αὐτῷ,
548 833 616 867 μήτε
633 833 662 858 ἐν
677 834 710 868 τῇ
726 832 796 859 κατὰ
809 834 868 859 Φοι-

925 242 1024 268 Iibrutn
1055 241 1271 276 composuisset,
1301 241 1500 276 deposuerunt,
1529 246 1556 269 et
1587 241 1708 270 Ecclesia

922 286 1109 313 exturbarunt
1129 295 1135 312 :
1166 290 1193 313 et
1223 285 1323 314 Basilio
1342 286 1400 313 viro
1427 286 1560 314 facundia:
1575 292 1602 314 et
1617 288 1709 315 erudi-

922 331 1006 359 tionis
1033 338 1116 359 causa
1144 331 1344 364 celeberrimo,
1375 331 1532 359 Galatarum
1556 332 1707 360 Ecclesiam

921 376 1071 411 regendam
1089 376 1298 404 commiserunt.
1325 376 1502 412 Scripserunt
1527 383 1658 412 praeterea
1675 378 1707 405 ad

922 421 1062 449 Ecclesias
1086 422 1208 457 regionis
1235 422 1321 454 illius,
1340 427 1370 450 ut
1390 422 1510 450 Marcelli
1528 423 1626 450 librum
1644 430 1708 458 per-

921 468 1073 502 quirercnt,
1102 471 1128 494 ct
1146 468 1311 502 exemplaria
1339 467 1400 502 ejus
1422 468 1565 496 abolerent
1591 478 1597 496 :
1626 476 1657 496 ac
1685 469 1707 496 si

921 521 991 548 quos
1012 512 1135 547 ejusdem
1157 513 1261 541 erroris
1288 513 1348 540 labe
1369 522 1500 548 aspersos
1529 514 1706 548 reperissent.

921 567 969 587 eos
989 560 1021 585 ad
1040 566 1131 586 veram
1154 559 1234 586 ﬁdem
1251 559 1424 588 reducerent.
1441 560 1474 587 Et
1490 568 1520 588 se
1536 561 1646 595 quidem
1663 561 1707 588 in-

919 608 1026 639 tegrum
1052 604 1112 639 ejus
1138 604 1237 630 librum
1265 612 1320 631 non
1338 606 1489 640 subjecisse
1506 607 1705 641 significatum,

920 655 1065 686 propterea
1091 649 1163 684 quod
1189 653 1263 676 esset
1291 650 1443 685 prolixior:
1466 651 1589 686 qttmdam
1617 657 1706 679 tamen

920 696 982 722 loca
1005 703 1038 722 ex
1063 695 1111 722 illo
1137 694 1209 721 libro
1231 700 1360 730 excerpta
1379 697 1501 730 epistolae
1513 697 1705 724 suaainseruc—

921 745 994 772 runt,
1023 748 1056 767 ex
1074 740 1176 775 quibus
1205 740 1281 767 illum
1310 741 1347 767 ita
1370 742 1477 774 sentire
1499 742 1703 770 convincerem.

920 785 1036 818 Quidam
1051 790 1142 812 tamen
1158 785 1279 816 aiebant.
1294 793 1308 812 a
1325 785 1455 813 Marcello
1472 787 1625 822 inquirendi
1644 795 1705 822 gra—

920 832 957 857 tia
983 831 1036 859 ista
1048 831 1121 859 dicta
1135 839 1206 863 esse,
1221 832 1295 859 etab
1310 831 1474 859 Eusebianis
1491 832 1660 860 calumniose
1672 834 1704 859 ad

83 877 155 912 νίκην
169 877 271 912 συνόδῳ
282 877 479 913 συντεθειμένῳ
494 879 552 914 τοῖς
566 878 610 904 ὑπ’
625 879 714 905 αὐτῶν
727 878 856 914 ὁρισοεῑςι

920 877 1112 911 imperatorem
1124 878 1225 909 delata,
1243 878 1321 912 quasi
1334 877 1479 905 Marcellus
1496 879 1532 905 ita
1548 886 1705 906 asseveras—

84 922 148 957 μήτε
163 922 192 948 ὲν
209 921 340 959 Ὶεροσολύ
346 930 405 956 μοις
420 922 467 947 ἐπὶ
484 913 589 957 Ἀρείῳ,
604 923 673 958 μήτε
687 913 868 958 τῆςγάφιερώ-

83 976 147 999 esto;
160 967 207 994 τοῦ
218 967 335 1003 μεγάλου
352 968 511 1002 Μαρτυρίου
528 968 698 1003 μετασχόντι,
714 970 747 995 δι’
764 970 869 1004 ἁποιρυ-

83 1014 129 1049 γὴν
152 1014 202 1049 τῆς
224 1013 292 1049 πρὸς
314 1014 413 1043 αὐτοὺς
438 1014 589 1045 κοινωνίας.
614 1014 722 1048 Ἀμέλει
744 1023 784 1040 τοι
798 1014 866 1049 γρά-

83 1069 171 1095 φοντες
189 1060 254 1095 περὶ
267 1060 348 1086 αὺτοῦ
364 1059 402 1094 τῷ
421 1059 534 1094 βασιλεῖ,
559 1060 605 1086 καὶ
619 1059 705 1086 ταῦτα
723 1061 763 1091 είς
777 1060 866 1087 διαϐο-

82 1106 126 1142 λὴν
140 1106 293 1142 προῦφερον
305 1114 311 1121 ·
337 1106 374 1137 ὡς
387 1107 433 1132 καὶ
446 1106 529 1132 αὑτοῦ
544 1106 707 1141 ὑϐρισμένου
719 1106 764 1132 ὑπ’
774 1106 866 1138 αὑτοῦ,

83 1152 117 1186 μὴ
133 1151 298 1183 ἀξιώσαντος
309 1149 358 1184 τὴν
373 1149 521 1185 ἀφιέρωσιν
535 1149 650 1184 τιμῆσαι
667 1148 714 1175 τοῦ
738 1150 767 1175 ὲν
785 1149 866 1184 Ἱερο-

82 1196 203 1232 σολύμοις
221 1196 273 1222 νεὼ
296 1195 528 1230 οἰκοδομηθέντος.
555 1195 695 1231 Πρόφασις
720 1194 748 1220 δὲ
772 1195 865 1228 γέγονε

80 1242 227 1278 Μαρκέλλῳ
250 1241 351 1276 ταύτης
376 1241 426 1276 τῆς
451 1241 580 1276 γραφῆς,
613 1241 750 1276 Ἀστέριός
778 1249 807 1267 τε
834 1241 865 1267 ἐκ

81 1288 274 1319 Καππαδοκίας
298 1286 446 1321 σοφιστὴς,
469 1287 498 1318 ὃς
518 1286 641 1322 καὶπερὶ
663 1286 709 1312 τοῦ
733 1286 865 1321 δόγματος

79 1333 168 1368 λόγους
181 1334 358 1369 συγγράφων,
373 1334 406 1368 τῇ
429 1332 533 1368 Ἀρείου
549 1332 611 1367 δόξῃ
632 1332 863 1367 συμφερομένους,

80 1379 187 1413 περιϊὼν
201 1379 252 1410 τὰς
267 1379 358 1410 πόλεις
375 1378 558 1410 ἐπεδείκνυτο,
578 1377 623 1404 καὶ
636 1379 692 1409 τοῖς
706 1378 865 1409 ἐπισκόποις

81 1426 123 1452 καὶ
138 1427 196 1456 ταῖς
215 1425 371 1459 γινομέναις
387 1424 506 1456 συνόδοις
525 1424 562 1455 ὠς
578 1424 678 1450 ἐπίπαν
693 1423 863 1459 παρεγίνετο.

85 1472 240 1506 Ὰντιλέγων
252 1472 306 1506 γὰρ
316 1471 388 1506 αὺτῴ
399 1470 566 1506 Μάρκελλος,
580 1471 596 1506 ἢ
611 1470 691 1503 ἑκὼν,
702 1471 718 1506 ἥ
735 1470 783 1505 οὐχ
794 1469 864 1496 οὕτω

80 1518 182 1552 νοήσας,
196 1519 237 1549 εἰς
253 1517 302 1552 τὴν
320 1518 426 1544 Παύλου
441 1517 487 1544 τοῦ
512 1517 690 1551 Σαμοσατὲως
704 1516 861 1552 ἐξεκυλίσθη

918 925 972 949 set.
993 921 1098 950 Etenim
1124 922 1272 950 Eusebiani
1297 923 1442 950 admodum
1457 923 1482 950 ei
1501 922 1599 951 infensi
1616 928 1703 957 erant,

917 975 951 994 co
972 968 1042 1003 qttod
1065 969 1098 996 iis
1124 976 1185 1003 qua:
1203 969 1231 996 in
1253 968 1357 1004 synodo
1372 968 1436 1003 Tyri
1452 969 1639 1002 decreverant,
1653 970 1704 996 mi-

917 1013 990 1041 nime
1007 1015 1206 1047 consensisset,
1222 1022 1272 1041 nec
1287 1015 1318 1041 iis
1330 1022 1390 1048 qua:
1403 1013 1580 1050 Jerosolymis
1594 1015 1627 1043 de
1641 1016 1705 1042 Ario

917 1060 1067 1087 constituta
1097 1060 1217 1092 fuerant,
1243 1060 1436 1095 acquievisset,
1464 1068 1515 1087 nec
1537 1061 1704 1088 dedicationi

917 1105 1006 1140 magni
1030 1105 1153 1141 Martyrii
1178 1105 1358 1138 interfuisset,
1373 1106 1494 1141 ipsorum
1508 1106 1613 1134 scilicet
1627 1114 1702 1134 com-

917 1150 1073 1177 munionem
1094 1149 1230 1178 devitans.
1251 1150 1373 1185 Denique
1400 1151 1515 1185 scriptis
1544 1151 1578 1178 de
1606 1151 1703 1178 eodetn

917 1193 1043 1221 Marcello
1060 1194 1160 1222 litteris
1183 1195 1217 1222 ad
1232 1195 1438 1230 imperatorem,
1457 1196 1509 1223 ista
1527 1203 1637 1231 quoque
1649 1197 1704 1224 cri-

917 1239 1011 1266 minati
1028 1245 1103 1273 sunt,
1115 1241 1195 1275 quasi
1210 1245 1238 1267 ct
1251 1241 1401 1275 imperator
1418 1241 1476 1275 ipse
1491 1241 1526 1269 ab
1544 1241 1590 1268 illo
1604 1245 1704 1268 contu-

917 1285 997 1312 melia
1027 1285 1142 1314 allectus
1167 1285 1276 1317 fuisset.
1299 1286 1352 1321 92
1380 1287 1481 1322 quippe
1505 1287 1552 1322 qui
1581 1287 1703 1314 basilicae

914 1329 1094 1366 Jcrosolymis
1128 1335 1293 1359 constructa:
1321 1332 1522 1359 dedicationem
1558 1337 1702 1367 praesentia

915 1383 964 1403 sua
991 1377 1175 1404 coltonestare
1189 1378 1382 1405 detrectasset.
1400 1377 1486 1405 Porro
1502 1378 1641 1406 scribendi
1652 1379 1703 1405 bu-

912 1422 959 1457 jus
986 1423 1049 1450 libri
1075 1423 1250 1451 occasionem
1278 1423 1408 1450 Marcello
1436 1424 1552 1458 praebuit
1578 1424 1702 1452 Asterius

915 1467 1025 1502 qttidam
1043 1467 1168 1502 sophista
1183 1477 1199 1495 e
1213 1468 1384 1503 Cappadoria
1403 1478 1408 1495 :
1430 1470 1476 1504 qui
1492 1476 1553 1496 cum
1571 1470 1656 1497 libros
1669 1470 1703 1496 de

917 1513 968 1541 ﬁde
994 1514 1152 1549 scripsisset
1177 1522 1241 1541 cum
1266 1515 1324 1541 Arii
1342 1515 1472 1549 opinione
1488 1516 1700 1547 consentientes,

78 1548 248 1596 δόξανίίΔλλ¹
261 1548 336 1599 ὁμὲν
362 1565 394 1598 τῇ
408 1564 436 1589 ὲν
455 1548 557 1597 Σαρδοῖ.
570 1563 669 1598 συνόδῳ
682 1548 736 1597 (64.)
753 1548 860 1596 ὕστερον

917 1556 1043 1587 civitates
1074 1559 1242 1587 circumiens
1255 1579 1262 1592 ,
1289 1567 1337 1587 eos
1363 1561 1506 1592 recitabat,
1521 1564 1551 1587 et
1570 1569 1622 1588 una
1638 1569 1700 1588 cmn

78 1609 124 1644 τὴν
143 1609 295 1644 ἐπισκοπὴν
318 1608 464 1644 ἀνείληφε,
490 1608 527 1644 μὴ
550 1609 657 1643 φρονεῖν
678 1605 730 1635 ὧδε
750 1607 860 1641 λογισά-

79 1664 164 1690 μενος.

914 1607 1052 1647 episcopis
1066 1606 1181 1641 singulis
1193 1607 1248 1633 fere
1258 1606 1384 1649 conciliis
1400 1606 1539 1634 intererat.
1557 1605 1625 1633 Nam
1636 1607 1700 1634 dum

912 1653 937 1679 ei
953 1652 1144 1680 contradicere
1154 1652 1214 1680 vult
1226 1651 1381 1684 Maicellus,
1391 1652 1448 1679 sive
1462 1660 1510 1680 sua
1521 1657 1628 1687 sponte,
1644 1654 1701 1680 sive

78 1701 245 1737 imprudens,
258 1710 347 1738 neque
365 1703 402 1730 ita
420 1703 552 1735 sentiens,
578 1703 605 1730 in
618 1702 775 1738 opinionem
792 1701 870 1728 Pauli
887 1701 1092 1728 Samosatensis
1110 1701 1255 1736 prolapsus
1268 1704 1321 1728 est.
1341 1699 1438 1727 Verum
1448 1699 1593 1729 Marcellus
1606 1705 1700 1736 postea

79 1748 104 1776 in
120 1748 277 1778 Serdicensi
290 1750 396 1786 synodo
407 1751 595 1785 episcopatum
613 1758 694 1778 suutn
715 1749 898 1784 recuperavit,
925 1756 988 1776 cum
1005 1757 1036 1776 se
1059 1756 1233 1784 nequaquam
1254 1749 1291 1775 ita
1325 1749 1428 1775 sentire
1445 1749 1690 1778 demonstravisset

364 1798 490 1824 KE‘PAA.
510 1799 570 1824 AA'.

77 1843 142 1876 Περὶ
159 1843 214 1877 τῆς
233 1844 377 1876 τελευτῆς
392 1844 445 1871 τοῦ
462 1844 595 1878 μεγάλου
620 1843 859 1873 Κωγσταντίνου,

110 1879 157 1904 καὶ
172 1879 211 1911 ὡς
226 1879 354 1913 ὕστερον
365 1879 544 1911 βαπτισθεὶς
558 1879 746 1912 ἐτελεύτησε,
758 1878 861 1912 ταφεῖς

107 1913 142 1939 ἐν
156 1913 194 1945 τῷ
212 1913 271 1946 γ’εῴ
285 1913 344 1940 τῶν
354 1914 444 1948 ἁγίων
452 1915 643 1941 ἀποστόλων.

113 1959 141 1985 ’0
162 1959 190 1986 δὲ
217 1959 359 1994 βασιλεὺς,
384 1960 432 1996 ἤδη
458 1960 589 1996 πρότερον
612 1961 652 1991 είς
674 1959 737 1990 τοὺς
761 1959 859 1989 παῖδας

75 2005 309 2044 Καίσαραςίδντας
332 2006 379 2041 τὴν
398 2007 484 2042 ἀρχὴν
509 2006 602 2033 διελών
616 2014 622 2021 ·
646 2006 692 2032 Mli.
714 2006 858 2032 Κωνσταν-

75 2051 135 2086 τίνῳ
156 2052 206 2086 μὲν
231 2052 279 2078 καὶ
300 2051 504 2079 Κώνσταντιτὰ
528 2052 595 2088 πρὸς
608 2052 682 2078 δύσιν
696 2051 856 2086 ἀπονείμας,

77 2095 252 2131 Κωνσταντίῳ
264 2096 290 2122 δὲ
307 2096 340 2122 τὰ
357 2097 424 2132 πρὸς
445 2097 492 2122 ἓω-
512 2095 689 2131 μαλακισϐεὶς
716 2094 746 2121 τὺ
762 2094 856 2128 σῶμα,

74 2141 108 2172 ὡς
118 2142 280 2176 αὐτομάτοις
293 2142 414 2178 λουτροῖς
428 2142 605 2177 χρησόμενος,
620 2139 687 2178 ἦκεν
697 2142 736 2172 εἰς
754 2140 858 2166 Ἑλενό-
875 2158 896 2184 D

75 2188 146 2214 πολιν
160 2188 289 2215 Βιθυνῶν.
301 2188 495 2223 Χαλεπώτερον
506 2188 533 2214 δὲ
544 2187 686 2219 διατεθεὶς,
699 2186 856 2221 διεκομίσθη

74 2235 110 2265 εἰς
132 2235 326 2270 Νικομήδειαν.
357 2233 440 2260 Ἔνθα
466 2234 497 2269 δὴ
520 2234 548 2259 ἐν
574 2232 727 2268 προαστείῳ
745 2232 856 2264 διάγων,

73 2280 173 2316 ἐμυήθη
198 2280 248 2316 τὴν
266 2280 340 2315 ἱερὰν
362 2279 485 2314 βάπτισιν
499 2283 510 2297 ν
524 2287 530 2295 ·
543 2279 595 2316 ἐπὶ⁸
606 2278 692 2313 τούτῳ
708 2286 735 2304 τε
754 2277 856 2312 σφόδρα

1195 1795 1272 1823 CAP.
1292 1794 1411 1821 XXXIV.

910 1842 949 1868 De
968 1842 1040 1868 obitu
1068 1842 1156 1876 magni
1181 1841 1372 1868 Constantini.-
1388 1845 1412 1866 et
1433 1847 1561 1874 quomodo
1580 1848 1699 1875 percepto

946 1877 1050 1903 (altilem
1068 1876 1192 1910 baptismi
1217 1880 1384 1902 sacramenta
1399 1882 1431 1901 ea:
1446 1878 1495 1902 hac
1512 1876 1565 1902 vita
1576 1877 1697 1908 decessit,

944 1912 1110 1946 sepultusque
1125 1916 1163 1938 est
1176 1911 1202 1937 in
1219 1911 1328 1937 basilica
1345 1910 1541 1943 Apostolorum.

945 1957 1097 1992 Imperator
1121 1964 1196 1988 vero,
1213 1963 1275 1982 cum
1287 1955 1343 1989 jam
1357 1958 1435 1982 antea
1454 1955 1609 1983 Cwsaribus
1635 1955 1698 1983 filiis

912 2002 969 2029 suis
984 2002 1126 2036 imperium
1143 2003 1260 2036 partitus
1272 2007 1352 2033 esset,
1371 2008 1397 2029 et
1414 2000 1570 2029 Occidentis
1586 2002 1697 2036 quidem

912 2052 1004 2081 partes
1038 2047 1222 2075 Constantino
1259 2052 1286 2074 et
1321 2047 1465 2075 Constanti
1505 2048 1695 2080 attribuisset.

912 2093 1051 2120 Orientem
1068 2100 1132 2119 vero
1145 2093 1318 2125 Constantio,
1348 2092 1443 2120 affecta
1456 2093 1581 2128 corporis
1594 2094 1697 2121 valetu-

911 2139 974 2166 dine
993 2139 1179 2174 Helenopolim
1197 2138 1331 2172 Bithynia:
1347 2139 1477 2173 perrexit,
1496 2143 1525 2165 ut
1541 2141 1621 2174 aquis
1641 2140 1695 2166 illic

912 2189 1009 2218 suapte
1029 2188 1126 2210 natura
1143 2183 1240 2211 calidis
1259 2187 1382 2210 uteretur
1401 2184 1419 2209 '.
1436 2183 1488 2210 Sed
1506 2191 1568 2210 cum
1584 2184 1695 2212 morbus

912 2231 1127 2265 ingravesceret,
1155 2228 1340 2256 Nicomediam
1371 2229 1530 2264 deportatus
1552 2233 1603 2256 est.
1618 2229 1654 2256 Ibi
1669 2230 1695 2256 in

910 2277 1069 2305 suburbano
1096 2276 1208 2310 degens,
1232 2275 1361 2309 baptismi
1378 2279 1550 2302 sacramenta
1564 2276 1694 2310 susrcpit.

106 2350 113 2365 ¹
132 2351 232 2378 Euseb.
245 2349 300 2377 Vit.
317 2349 411 2377 Const.
429 2349 475 2376 lib.
491 2355 527 2381 tv,
548 2355 572 2375 c.
589 2348 634 2380 GI,
651 2352 717 2380 etc.;
738 2347 818 2373 Socr.
835 2346 881 2372 lib.
902 2354 920 2378 t,
940 2353 964 2372 ‹-.
978 2345 1022 2376 59,
1043 2345 1087 2371 40.

665 2418 799 2447 VALESII
820 2415 1096 2445 ANNOTATIONES.

105 2467 158 2501 (65)
180 2468 234 2494 Καὶ
253 2467 301 2494 διὰ
314 2468 371 2501 μὲν
382 2468 414 2494 τὸ
433 2468 644 2501 πονίὐστοιχον.
670 2466 853 2494 Scribendum

71 2503 178 2528 omnino
197 2507 241 2538 est
256 2503 433 2538 immanium
454 2509 484 2529 ut
503 2502 627 2538 iSaviIius
644 2503 671 2529 in
691 2509 740 2528 suo
758 2501 854 2538 co_d_ice

71 2537 233 2563 emendavit.
249 2537 328 2564 Certe
344 2535 479 2565 Eusebius
496 2537 676 2564 Caesariensis
697 2538 769 2563 hunc
788 2535 854 2562 Mar-

71 2571 129 2607 celli
147 2572 248 2598 librum
273 2572 395 2607 πολυεπῆ
420 2577 511 2600 vocat.
534 2572 579 2599 Sic
601 2573 675 2607 enim
704 2571 799 2598 scribit
826 2570 853 2607 in

71 2606 193 2642 epistola,
201 2607 235 2633 ad
253 2605 413 2633 Flaccilluin
425 2627 433 2639 ,
454 2609 478 2633 εἰ
498 2608 565 2642 πρὸς
584 2608 633 2642 τὴν
649 2606 791 2640 ἀδόλεσχον
807 2605 854 2630 καὶ

71 2640 188 2677 πολυετῆ]
212 2642 373 2676 Μαρκέλλου
387 2643 495 2677 γραφήν
506 2640 585 2674 ξριο.
597 2640 617 2673 ,’
630 2645 657 2668 ct
684 2642 763 2675 paulo
792 2645 853 2674 post

70 2673 207 2710 διωλύγιον
234 2673 281 2703 καὶ
307 2673 479 2708 πολυπλανὲς
513 2673 690 2711 συγγραμμσί
722 2673 849 2710 appellat.

908 2464 996 2491 Porro
1016 2464 1085 2490 liber
1101 2463 1146 2490 ille
1164 2461 1285 2489 Marcelli
1306 2461 1458 2495 inscriptus
1473 2465 1542 2492 erat,
1555 2458 1594 2487 De
1608 2459 1694 2494 subje-

907 2500 993 2526 ctione
1007 2498 1072 2525 Filii
1089 2498 1148 2528 Dei,
1163 2503 1189 2525 ut
1203 2497 1338 2524 discimus
1358 2505 1390 2522 ex
1402 2495 1572 2530 Fragmentis
1587 2495 1692 2522 lIilarii.

944 2535 999 2569 (6i)
1018 2533 1058 2568 Τῇ
1073 2533 1108 2559 ἐν
1122 2532 1235 2569 Σαρδοξ
1244 2531 1374 2569 συιςόὸῳ.
1392 2530 1419 2558 In
1434 2529 1528 2569 codice
1543 2529 1693 2556 FnItetiano

908 2566 1041 2603 script-mn
1052 2566 1155 2594 'invcni
1171 2566 1342 2603 sampsa”,
1360 2566 1502 2603 mendose,
1520 2569 1551 2603 _ut
1567 2570 1690 2603 apparet.

909 2598 1049 2631 Serdicam
1081 2603 1174 2630 urbem
1206 2598 1294 2628 Dacia:
1323 2601 1410 2627 Graeci
1438 2598 1692 2634 interduntEapEC-J

906 2639 1100 2673 appellarunt,
1123 2642 1152 2664 ιιι
1175 2637 1270 2673 videre
1293 2640 1334 2663 est
1363 2637 1389 2662 in
1418 2636 1533 2670 cpistola
1558 2635 1689 2669 synodica

905 2672 1015 2700 concilii
1036 2672 1218 2700 Scrdicensis.

790 2729 981 2758 VAIIIORUM.

103 2783 116 2797 '
133 2779 225 2806 Ἔνθα
252 2779 364 2814 ἐμυήθη
381 2780 438 2813 τὴν
457 2780 538 2814 Ιερίιν
561 2779 716 2812 βάπτισιν.
735 2779 852 2814 Vulgata

71 2811 121 2847 iam
138 2811 309 2841 eruditoritm
322 2811 378 2842 rfert
401 2811 505 2849 opinio,
525 2811 735 2842 Constantinum
754 2811 850 2839 ΜῘΝῙ-

71 2849 207 2881 comedim,
231 2850 355 2877 manibus
378 2848 487 2877 EnScbii
516 2851 571 2878 illic
598 2849 736 2883 episcopi,
765 2848 850 2875 fuisse

905 2778 1083 2812 baptizatum,
1107 2776 1181 2804 Obiit
1199 2776 1251 2812 ille
1266 2783 1340 2812 anno
1361 2774 1427 2801 Chr.
1448 2773 1516 2812 557-ι
1530 2772 1579 2812 die.
1593 2775 1688 2812 sam-to

906 2807 1092 2873 Ilieittceostes,
1123 2811 1252 2839 vicesima
1277 2810 1359 2842 Maii,
1393 2816 1466 2836 coss.
1496 2807 1636 2834 Feliciatto
1662 2810 1687 2833 cl

930 2852 1024 2873 ttiano.
