1898 3075
75 103 181 133 1053

591 111 753 140 HISTORlA
773 112 1047 143 ECCLESIASTICA.
1069 133 1102 137 ——
1119 117 1182 146 LIB.
1204 119 1248 147 lll.

82 179 1713 216 Ἥ

1658 127 1670 154 1
1675 128 1729 156 05b

446 268 810 343 ΕΡΜΕΙΟΥ
864 273 1380 344 ΣΩΖΟΜΕΝΟΥ

809 385 1023 415 ΣΑΛΔΜΙΝΙΟΥ

369 466 1056 531 ΕΚΚΑΗΣΙΑΣΤΙΚΗΣ
1111 456 1459 537 ΙΣΤΟΡΙΑΣ

764 582 955 626 ΤΟΜΟΣ

505 771 839 838 ΗΕΒΜΙλἘ

1009 584 1058 626 Γ.

914 775 1310 841 SOZOMENI

820 891 993 920 SALAMINH

385 947 986 1038 .ECCLESIASTlG/E
1035 981 1401 1042 HISTORI/E

742 1099 921 1143 LIBER
979 1100 1070 1143 Ill.

385 1290 508 1317 ΚΕΦΔΛ.
526 1289 565 1317 A'.

195 1339 231 1364 τὰ
254 1337 383 1364 θάνατον
401 1337 453 1363 τοῦ
473 1335 574 1370 Martii

108 1374 212 1402 πάλιν
235 1374 262 1399 ol
290 1374 356 1406 περὶ
382 1374 520 1398 Εὑσέόιοι

108 1408 224 1440 Νικαίςι
237 1407 339 1433 πίστιν
351 1406 520 1440 ἐτάραττον.

112 1454 155 1480 Τὰ
185 1454 239 1488 μὲν
268 1452 300 1488 δὴ
328 1451 397 1479 κατὰ
425 1451 474 1487 τὴν
500 1451 704 1479 Κωνσταντίνου
734 1452 872 1487 βασιλείαν

70 1500 224 1536 συμϐάντα
236 1499 296 1530 ταῖς
312 1497 494 1533 Ἐκκλησίαις,
505 1494 557 1524 ὧδε
572 1497 644 1533 ἔσχε.
656 1498 872 1534 Τελευτήσαντος

68 1545 98 1572 δὲ
125 1544 228 1577 αὑτοῦ,
243 1544 323 1571 πάλιν
347 1544 386 1575 είς
411 1543 522 1579 ζήτησιν
536 1543 618 1579 ἤγετο
641 1544 695 1570 τῶν
716 1545 746 1571 ὲν
768 1544 871 1579 Νικαίᾳ

71 1590 263 1618 συνελθόντων
281 1589 312 1617 τὸ
332 1589 429 1625 δόγμα.
445 1588 530 1616 Τοῦτο
544 1589 598 1625 γὰρ
611 1589 634 1616 εἰ
656 1589 755 1626 καὶλμὴ
771 1589 870 1622 πάντες

67 1635 251 1671 ἀπεδέχοντο,
275 1634 479 1661 Κωνσταντίνου
508 1634 547 1660 ἔτι
575 1635 714 1670 περιόντος
742 1635 781 1670 τῷ
808 1635 867 1670 βίῳ,

69 1682 162 1714 οὐδεὶς
192 1680 351 1717 περιφανῶς
374 1679 499 1707 ἐκϐαλεῖν
521 1680 680 1716 ἐτόλμησεν.
698 1681 741 1713 Ὦς
760 1681 789 1707 δὲ
811 1682 869 1708 ὲτε-

69 1729 201 1764 λεύτησε,
218 1727 310 1754 πολλοὶ
325 1727 427 1762 ταύτης
442 1727 491 1762 τῆς
511 1726 590 1762 δόξης
606 1727 763 1762 ἀπέστησαν
774 1735 780 1742 ’
795 1724 867 1754 οὗτοι

67 1773 99 1801 δὲ
113 1773 189 1810 ἦσαν
215 1774 240 1799 οἱ
262 1773 308 1800 καὶ
326 1773 391 1808 πρὶν
407 1773 453 1799 ἐπὶ
472 1772 600 1808 προδοσίᾳ
625 1773 726 1808 ταύτης
739 1773 865 1800 ὕποπτοι.

70 1818 187 1845 Πάντων
202 1818 232 1845 δὲ
244 1817 361 1853 μάλιστα
378 1817 506 1853 πλείστην
528 1818 667 1845 ἐποιοῦντο
687 1819 805 1855 σπουδὴν
817 1818 866 1854 τὴν

75 1864 184 1899 Ἀρείου
203 1864 282 1894 δόξαν
297 1865 418 1899 κρατεῖν,
433 1863 561 1895 Εὐσέϐιος
578 1864 625 1890 καὶ
637 1864 773 1898 Θεόγνιος,
792 1865 816 1891 οἱ
833 1865 865 1891 ὲκ

69 1909 210 1942 Βιθυνίας.
226 1911 320 1945 ’ῼοντο
333 1909 361 1936 δὲ.
372 1909 450 1936 τοῦτο
465 1909 637 1945 κατορθῶσαι
653 1910 761 1946 ῥᾳδίως,
778 1911 802 1937 εἰ
814 1910 864 1946 τὴν

71 1339 127 1373 Ὧς
147 1339 231 1373 μετὰ
254 1337 383 1373 θάνατον
388 1337 462 1373 ᾔτοῦ-
473 1336 623 1373 Μεγάλου
632 1336 874 1373 Κῳνσταντίνον,

290 1371 356 1406 περὶ
382 1370 528 1398 Εὑσέϐιον
543 1370 592 1397 καὶ
606 1371 749 1405 Θεότνιον
764 1371 822 1406 τὴν
840 1370 875 1399 ὲὺ·

886 1216 922 1224 ,ρ-

891 1293 915 1322 Α
1200 1290 1256 1327 94
1274 1292 1350 1320 car.
1369 1293 1388 1320 ι.

928 1334 1067 1376 Quomodo
1086 1340 1144 1376 post
1164 1336 1263 1376 obitum
1275 1337 1445 1376 Consfqulini
1460 1339 1562 1376 Magni,
1582 1341 1712 1370 Baebius

961 1379 994 1398 ac
1014 1371 1169 1432 ‘Theogm'us
1195 1371 1333 1399 Nic'aznam
1354 1374 1433 1407 ﬁdem
1456 1371 1540 1402 denuo
1556 1371 1711 1405 'conturlm-

961 1414 1010 1432 run
1026 1425 1033 1432 .

959 1451 1022 1479 Haec
1036 1455 1100 1480 sunt
1115 1459 1188 1487 quae,
1214 1457 1345 1488 regnante
1365 1452 1558 1488 Constantino,
1576 1456 1708 1485 Ecclesiis

923 1498 1111 1533 contigerunt.
1134 1497 1201 1526 Post
1225 1498 1331 1526 obitum
1358 1504 1449 1528 autem
1469 1501 1554 1535 illius,
1583 1502 1706 1530 doctrinm

923 1543 996 1577 ﬁdei,
1015 1551 1030 1570 a
1053 1543 1172 1572 Nietenis
1185 1544 1314 1572 Patribus
1343 1546 1525 1580 promulgata,
1555 1556 1653 1576 rursus
1679 1550 1706 1577 in

921 1589 1149 1624 disceptationem
1174 1590 1267 1617 vocari
1285 1591 1370 1625 cwpit
1383 1591 1402 1617 '.
1417 1590 1475 1619 Etsi
1486 1592 1558 1619 enim
1582 1601 1635 1621 non
1648 1602 1708 1622 om-

920 1644 970 1664 nes
991 1642 1050 1663 eam
1065 1635 1219 1663 doctrinam
1234 1636 1434 1672 approbarem,
1456 1637 1637 1666 Constantino
1664 1645 1705 1666 ta-

920 1689 981 1709 men
993 1682 1150 1717 superstite,
1166 1689 1246 1709 nemo
1266 1689 1326 1709 eam
1344 1687 1437 1718 aperte
1451 1683 1566 1719 rejicere
1593 1689 1635 1713 est
1656 1693 1705 1713 au-

919 1735 976 1755 sus.
1009 1726 1048 1754 Eo
1077 1727 1186 1755 demum
1206 1731 1326 1761 mortuo,
1345 1729 1425 1756 multi
1441 1729 1476 1756 ab
1502 1737 1533 1757 ea
1549 1730 1601 1758 fide
1614 1739 1704 1760 reces-

919 1777 1014 1802 serunt
1032 1783 1039 1800 :
1057 1773 1074 1800 ii
1091 1773 1196 1801 scilicet
1206 1773 1253 1808 qui
1264 1773 1320 1808 jam
1333 1777 1414 1801 antea
1428 1775 1461 1802 de
1471 1775 1530 1810 ejus
1548 1777 1702 1811 proditione

917 1818 1040 1853 suspecti
1067 1817 1250 1844 habebantur.
1276 1816 1405 1845 Omnium
1425 1826 1492 1846 vero
1511 1821 1629 1848 maxime
1648 1821 1703 1848 Eu»

917 1864 1009 1892 sebius
1025 1871 1058 1891 ac
1076 1863 1246 1898 Theognius,
1256 1864 1378 1898 episcopi
1395 1865 1544 1899 provincia:
1557 1866 1698 1903 Bithynia,

917 1916 1028 1944 operam
1043 1912 1180 1936 navarunt
1197 1914 1226 1936 ut
1241 1908 1298 1936 Arii
1322 1909 1419 1944 opinio
1436 1912 1604 1944 praevaleret.
1625 1913 1698 1940 Istud

69 1956 101 1981 ὲκ
114 1955 166 1990 τῆς
183 1955 332 1990 ὑπερορίας
350 1954 460 1981 κάθοδον
478 1954 629 1989 Ἀθανασίῳ
650 1955 781 1989 ἀνέλοιεν,
799 1956 855 1990 ὁμο

916 1963 981 1984 vero
991 1963 1021 1983 se
1032 1955 1113 1982 facile
1125 1958 1325 1982 consecuturos
1339 1955 1497 1989 sperabant,
1512 1956 1534 1982 si
1550 1957 1699 1985 Athanasio

69 1999 137 2036 δόξῳ
151 2001 180 2027 δὲ
195 2001 288 2032 αὐτοῖς
301 2000 351 2030 τὰς
366 2000 424 2026 κατ’
441 2000 577 2034 Αἴγυπτον
592 1999 755 2036 Ἑκκλησίας
771 2009 861 2036 παρα-

67 2046 148 2073 δοῖεν.
176 2046 234 2073 Καὶ¹
257 2046 281 2072 οἱ
300 2046 350 2081 μὲν
365 2045 422 2071 τάδ’
446 2046 582 2077 ἐπενόουν,
599 2045 736 2080 ὑπουργὸν
755 2044 862 2080 ἔχοντες

68 2091 113 2119 τὸν
132 2091 330 2126 πρεσϐύτερον,
352 2091 381 2122 ὃς
403 2090 488 2122 αἴτιος
510 2091 556 2116 ἐπὶ
574 2091 777 2118 Κωνσταντίνου
802 2091 862 2125 ἐγέ-

68 2145 127 2164 νετο
136 2137 188 2173 τῆς
200 2136 306 2173 Ἀρείου
320 2136 504 2171 ἀνακλήσεως.
513 2136 660 2172 Ἐτύγχανε
669 2136 723 2171 γὰρ
734 2136 780 2162 καὶ
788 2136 861 2163 Κων-

70 2184 185 2218 σταντίῳ
193 2183 234 2218 τῷ
242 2182 346 2218 βασιλεῖ
353 2181 557 2217 κεχαρισμένος,
567 2181 659 2209 καθότι
669 2182 719 2217 τὴν
730 2182 859 2217 πατρῴαν

69 2228 141 2263 αὐτῷ
152 2228 286 2263 διαθήκην
305 2228 454 2254 ἀπέσωσεν.
475 2224 526 2254 Οἷά
547 2235 576 2253 τε
591 2228 686 2259 πιστὸς
702 2227 857 2263 παρρησίαν

68 2273 168 2306 λαϐὼν,
188 2274 269 2309 μέχρι
284 2274 333 2309 τῆς
348 2273 477 2309 βασιλέως
494 2273 625 2308 γαμετῆς,
643 2273 689 2299 καὶ
706 2273 759 2299 τῶν
773 2274 801 2299 ὲν
816 2273 858 2300 δυσ

69 2318 147 2354 νάμει
159 2319 361 2355 Θαλαμηπόλων
372 2319 516 2354 εὐνούχων,
528 2319 645 2354 συνήθης
657 2318 774 2352 ἐγένετο.
787 2319 857 2354 Προ-

70 2366 189 2400 ειστήκει
210 2366 238 2392 δὲ
259 2366 318 2392 τότε
340 2366 388 2400 τῆς
406 2364 548 2400 βασιλικῆς
562 2365 650 2396 οίκίας
667 2365 811 2397 Εὐσέϐιος·
826 2364 855 2396 ὃς

69 2409 212 2447 ἐπαινέτης
232 2410 282 2446 τῆς
303 2411 406 2446 Ἀρείου
430 2410 507 2445 δόξης
528 2410 679 2445 γενόμενος,
704 2410 855 2446 ὁμόφρονας

69 2455 156 2491 ἑαυτῷ
173 2456 222 2492 τὴν
238 2456 369 2491 βασιλίδα,
386 2456 433 2482 καὶ
450 2455 563 2486 πολλοὺς
579 2456 633 2482 τῶν
650 2456 760 2491 περὶτὰ
778 2457 855 2491 βασί-

68 2497 124 2524 λεια
154 2501 349 2535 κατεστήσατο.
383 2499 522 2526 Ἐντεῦθεν
548 2508 576 2526 τε
608 2500 687 2527 πάλιν
717 2501 781 2537 περὶ
806 2501 853 2528 τοῦ

68 2543 198 2579 δόγματος
222 2546 274 2581 ἰδίᾳ
293 2554 322 2572 τε
341 2546 386 2572 καὶ
409 2545 525 2581 δημοσίᾳ
541 2547 635 2580 συχναὶ
650 2546 780 2578 διαλέξεις
793 2547 853 2581 ἐγέ-

69 2597 151 2622 νοντο,
176 2592 224 2617 σὺν
248 2592 360 2622 ταύταις
384 2600 413 2617 τε
437 2591 484 2617 καὶ
508 2590 610 2626 ὕϐρεις,
631 2592 678 2618 καὶ
698 2592 850 2627 ἀπέχθειαι·

67 2635 111 2660 καὶ
133 2637 163 2663 τὸ
185 2638 300 2672 πρᾶγμα
323 2639 379 2668 τοῖς
404 2638 475 2672 ἀμφὶ
504 2637 630 2671 Θεόγνιον
655 2638 725 2664 κατὰ
740 2638 852 2674 γνώμην

68 2681 229 2717 προύχώρει.

915 2000 1024 2036 quidem
1050 2000 1168 2027 reditum
1183 1999 1217 2026 ab
1242 1999 1341 2026 exsilio
1366 2000 1588 2034 praecluderent:
1619 2003 1698 2030 alteri

914 2053 989 2079 vero,
1007 2045 1146 2080 opinionis
1159 2044 1282 2079 ipsorum
1303 2043 1416 2077 fautori,
1432 2045 1571 2073 Ecclesias
1585 2046 1696 2082 Egypti

913 2091 1047 2127 regendas
1065 2090 1278 2118 committerent.
1295 2089 1329 2116 Et
1351 2089 1378 2116 hi
1398 2090 1507 2124 quidem
1519 2091 1579 2118 ista
1602 2092 1697 2120 molie-

912 2137 1023 2168 bantur,
1039 2135 1231 2163 administrum
1247 2135 1321 2162 nacti
1341 2135 1531 2171 presbyterum
1546 2136 1633 2169 illum,
1649 2138 1695 2172 qui

911 2186 1043 2218 regnante
1064 2181 1245 2208 Constantino
1274 2187 1372 2209 auctor
1391 2181 1480 2209 fuerat
1500 2186 1529 2208 ut
1553 2183 1635 2211 Arius
1661 2183 1695 2211 ab

909 2227 1009 2255 exsilio
1025 2229 1212 2254 revocaretur.
1237 2225 1288 2253 llic
1305 2226 1380 2254 enim
1407 2225 1568 2261 imperatori
1586 2235 1694 2262 quoque

908 2273 1070 2300 Constantio
1088 2276 1147 2299 erat
1158 2271 1349 2303 clarissimus,
1365 2279 1398 2298 eo
1416 2271 1490 2306 quod
1506 2272 1592 2306 patris
1609 2276 1693 2300 testa-

909 2323 1031 2346 mentum
1045 2318 1097 2353 ipsi
1113 2317 1228 2344 lideliter
1239 2318 1400 2345 tradiderat.
1419 2317 1543 2353 Cumque
1561 2322 1690 2354 tanquam

907 2366 988 2399 fidus,
1005 2364 1197 2392 auctoritatem
1214 2371 1247 2392 ac
1261 2364 1404 2392 licentiam
1420 2363 1535 2398 adeptus
1549 2368 1634 2396 esset,
1657 2364 1690 2391 ad

906 2411 994 2446 ipsius
1009 2411 1140 2446 Augustae
1157 2415 1184 2438 et
1208 2410 1466 2445 potentissimorum
1482 2410 1554 2437 inter
1576 2410 1687 2437 cubicu-

905 2457 990 2484 larios
1005 2457 1196 2484 cunuchorum
1213 2455 1428 2482 familiaritatem
1449 2459 1619 2490 pervenerat.
1639 2454 1691 2483 Per

905 2503 932 2530 id
943 2503 1078 2538 temporis
1088 2502 1251 2537 praepositus
1263 2501 1361 2528 domus
1374 2501 1455 2536 regia:
1466 2505 1525 2528 erat
1535 2500 1686 2529 Eusebius:

904 2550 952 2584 qui
968 2556 1030 2576 cum
1045 2548 1154 2575 Ariana:
1168 2548 1291 2582 opinioni
1308 2548 1435 2574 addictus
1452 2551 1534 2579 esset,
1553 2550 1580 2573 et
1594 2546 1684 2579 Augu-

904 2599 975 2622 stam
989 2598 1016 2621 et
1032 2594 1190 2628 complures
1209 2600 1242 2620 ex
1259 2592 1434 2627 imperatoris
1451 2591 1552 2626 palatio
1567 2590 1594 2616 in
1614 2597 1686 2617 eam-

906 2641 966 2667 dem
983 2638 1146 2666 sententiam
1163 2637 1307 2672 pertraxit.
1327 2637 1394 2663 llinc
1410 2643 1507 2663 rursus
1527 2634 1630 2661 crebrae
1651 2632 1685 2659 de

903 2684 956 2712 ﬁde
968 2683 1170 2718 disputationes
1181 2687 1208 2710 et
1225 2682 1352 2718 privatim
1366 2686 1391 2709 et
1404 2681 1512 2716 puhlice
1525 2689 1531 2706 :
1548 2679 1684 2712 simulque

69 2728 239 2756 contumeliae
252 2732 280 2756 et
300 2728 454 2757 simultates
466 2734 542 2756 ortae.
559 2727 680 2763 Denique
702 2728 845 2764 Theognio
863 2733 890 2757 et
903 2729 986 2758 sociis
1003 2737 1047 2758 res
1061 2736 1174 2764 prorsus
1187 2736 1219 2756 ex
1240 2728 1322 2754 animi
1338 2727 1474 2754 sententia
1501 2723 1645 2759 processit.

101 2815 107 2829 '
128 2815 204 2844 Socr.
221 2818 267 2844 lih.
280 2825 310 2849 ιι,
325 2824 351 2843 c.
365 2817 392 2844 2.

242 2864 382 2893 ΡΑτιιοι..
401 2863 458 2892 Gn.
478 2860 592 2891 LXVII.

1473 2856 1508 2886 33
