1898 3075
85 125 104 152 1
115 126 175 155 037

630 124 789 152 HiSTORlA
810 124 1085 154 ECCLESIASTICA.
1106 141 1141 147 —
1161 125 1225 152 ΗΒ.
1242 124 1287 152 Ill.

1659 124 1738 159 toss'

88 188 151 215 τὸν
168 187 307 219 Εὐσέδιον,
327 186 436 222 σπουδῇ,
447 186 514 222 πρὸς
535 186 646 221 βασιλέα
662 187 783 213 διέϐαλον
801 186 879 214 αὑτὸν

946 189 1010 214 sunt
1034 185 1204 214 seditiones:
1227 193 1287 221 quae.
1316 191 1361 213 res
1388 186 1468 215 novis
1498 186 1598 215 iterum
1620 188 1729 217 insidiis

87 233 142 265 (ὓς
159 232 304 268 στασιώδη,
320 232 366 258 καὶ
387 232 462 267 παρὰ
481 232 542 263 τοὺς
559 232 657 267 νόμους
672 232 895 268 τῆςἚκκλησίας

89 278 195 314 ἑαυτῷ
209 278 257 314 τὴν
272 278 384 305 κάθοδον
406 278 600 313 ἐπιτρέψαντα,
624 278 685 313 δίχα
701 278 815 313 κρίσεως
833 279 893 305 ἐπι-

91 324 227 352 σκόπων.
243 323 311 350 Ἀλλ’
326 323 401 354 ὅπως
425 323 474 358 μὲν
496 323 527 349 ὲκ
551 323 601 357 τῆς
623 322 725 349 τούτων
750 323 894 359 ἐπιϐουλῆς

90 367 184 401 αὖθις
202 368 319 405 ἐξηλάθη
335 369 385 404 τῆς
405 368 615 403 Ἀλεξανδρείας,
643 368 741 396 αὐτίκα
768 368 799 404 δὴ
824 369 894 396 κατὰ

90 416 156 450 τὴν
171 415 274 442 οἰκείαν
296 415 350 450 ἐρῶ
365 414 450 447 τάξιν.
471 414 539 449 Περὶ
562 414 591 441 δὲ
616 414 708 441 τοῦτον
731 414 776 441 τὸν
799 414 894 449 χρόνον

93 461 236 488 Εὑσεόἰου
258 460 305 487 τοῦ
330 461 472 495 Παμφίλου
501 459 720 495 τελευτήσαντος,
746 460 893 495 διαδέχεται

93 507 156 545 τὴν
171 508 201 533 ὲν
215 506 366 541 Καισαρείᾳ
377 507 426 541 τῆς
444 506 621 540 Παλαιστίνης
643 506 795 540 ἐπισκοπὴν
812 506 893 534 Ἀκά-

94 561 174 583 κιος.
194 553 242 582 Ὃς
257 551 324 586 πρὸς
340 551 420 578 αὐτὸν
438 550 566 577 Εὐσέϐιον
589 550 633 576 τὸν
654 549 732 585 ζῆλον
748 550 827 585 ἔχων,
847 550 894 577 καὶ

95 599 152 625 ὑπ’
169 597 241 632 αὐτῷ
263 598 327 629 τοὺς
341 597 431 632 ἱεροὺς
455 596 609 628 παιδευθεὶς
629 596 733 631 λόγους,
750 596 840 627 ἱκανός
864 606 893 624 τε

96 644 176 671 νοεῖν
199 642 245 669 καὶ
267 642 379 677 φράζειν
403 642 510 673 ἀστεῖος
534 642 653 675 ἐγένετο,
677 641 714 672 ὡς
738 641 785 668 καὶ
808 641 894 667 πολλὰ

99 688 312 723 συγγράμματα
334 687 414 721 λόγου
432 686 494 719 ἀξια
517 687 685 714 καταλιπεῖν.
710 686 769 714 Οὐκ
787 687 826 718 εἰς
845 694 894 721 μα-

100 733 178 769 κρὰν
193 733 222 760 δὲ
242 734 289 759 καὶ
311 733 514 763 Κωνσταντῖνος
531 734 545 758 ὁ
564 732 698 766 βασιλεὺς,
711 732 829 767 πόλεμον
844 733 893 759 ὲπ-

100 778 218 814 αγαγὼν
233 778 389 806 Κώνσταντι
404 778 443 813 τῷ
464 778 521 813 ἰδίῳ
534 778 641 813 ἀδελφῷ
660 778 723 813 περὶ
738 778 890 813 Ἀκυληίαν,

100 825 244 852 κτίννυται
268 825 343 859 παρὰ
368 824 422 851 τῶν
443 824 525 851 αὑτοῦ
549 825 700 859 ἡγεμόνων.
719 825 892 859 Περιέσταται

945 232 1077 260 adversus
1093 233 1275 260 Athanasium
1290 233 1431 261 struendis
1458 240 1570 261 causam
1598 235 1728 269 prmbuit.

944 277 1051 305 Etenim
1067 278 1216 306 Eusebiani
1241 286 1302 306 eum
1321 279 1465 306 confestim
1490 280 1560 314 apud
1579 279 1732 315 imperato-

944 330 1001 350 rem
1026 323 1200 355 calumniati,
1232 329 1361 358 tanquam
1392 324 1570 357 seditiosum,
1600 325 1733 360 quodque

944 372 1041 396 contra
1055 369 1129 403 leges
1144 370 1347 397 ecclesiasticas
1359 390 1365 401 ,
1386 370 1490 404 absque
1509 371 1564 397 ullo
1585 371 1731 406 episcopo-

945 423 1006 442 rum
1035 415 1142 450 judicio
1171 416 1316 451 semetipse
1347 425 1398 443 suo
1415 417 1534 443 arbitrio
1552 416 1729 444 restituisset.

945 460 997 487 Sed
1016 460 1246 495 quemadmodum
1264 462 1380 489 istorum
1397 461 1508 488 insidiis
1524 462 1623 489 iterum
1635 461 1731 496 expul-

945 513 992 533 sus
1010 506 1046 532 sit
1077 506 1253 538 Alexandria,
1282 506 1371 533 dicam
1397 506 1477 540 paulo
1497 510 1559 541 post
1589 513 1639 534 suo
1656 506 1728 533 loco.

946 550 1003 577 Sub
1031 551 1102 577 idem
1124 558 1187 578 vero
1215 555 1323 586 tempus
1348 559 1412 578 cum
1431 551 1568 579 Eusebius
1593 551 1728 587 Pamphili

945 597 1091 630 migrasset
1113 604 1128 623 e
1143 597 1213 627 vita,
1232 596 1419 631 episcopatum
1438 597 1571 625 Caesarea:
1596 598 1624 624 in
1643 597 1729 624 Palae-

944 643 1017 669 stina
1046 642 1171 676 suscepit
1196 642 1349 669 Acacius‘.
1377 641 1428 676 Qui
1461 647 1555 677 utpote
1585 644 1728 670 studiosus

945 688 1067 715 imitator
1088 689 1209 719 Eusebii,
1227 692 1253 715 ct
1279 688 1305 715 in
1324 688 1412 715 sacris
1436 688 1548 716 Litteris
1574 689 1607 716 ab
1634 689 1728 717 eodem

944 734 1096 767 institutus,
1115 739 1142 762 et
1158 735 1290 769 copiosus
1309 734 1336 760 in
1351 734 1508 761 ‘sententiis
1528 738 1555 760 et
1569 734 1597 761 in
1612 734 1730 761 dicendo

944 781 1054 816 elegans
1069 781 1135 814 fuit,
1151 781 1218 808 adeo
1231 785 1260 808 ut
1273 780 1406 815 plurimos
1419 780 1504 807 libros
1517 780 1728 815 haudquaquam

944 826 1163 853 contemnendos
1182 826 1332 860 reliquerit.
1348 824 1409 851 Non
1426 824 1512 851 multo
1528 828 1600 859 post,
1612 824 1730 858 impcra~

99 872 134 899 δὲ
152 871 202 905 τῆς
223 871 367 905 Ῥωμαίων
394 870 492 905 ἀρχῆς,
517 869 551 897 τὰ
580 870 629 904 μὲν
653 870 721 905 πρὸς
743 870 829 902 δύσιν,
856 872 879 897 εἰ

946 875 989 899 tor
1002 871 1212 903 Constantinus.
1225 872 1289 898 dum
1310 871 1388 898 fratri
1402 878 1454 899 suo
1470 870 1613 898 Constanti
1628 869 1729 897 bellum

102 917 274 944 Κώνσταντα
284 925 291 932 ·
305 909 339 945 τὰ
354 916 383 942 δὲ
399 915 467 951 πρὸς
480 915 528 948 ἕω,
543 915 583 946 είς
598 916 796 944 Κωνστάντιον.

410 1089 535 1116 ΚΕΦΑΛ.
553 1089 589 1116 Γ’.

101 1135 174 1169 Περὶ
202 1136 323 1162 Παύλου
348 1135 401 1163 τοῦ
427 1134 655 1162 Κωνσταντίνου
680 1134 814 1169 πόλεως,
842 1133 891 1160 καί

232 1170 419 1198 Μακεδονίαν
433 1170 486 1197 τοῦ
501 1168 761 1203 πνευματομάχου.

146 1217 191 1242 Ἐν
215 1216 301 1252 τούτῳ
322 1217 350 1243 δὲ
369 1216 542 1251 Ἀλεξάνδρου
564 1214 793 1249 τετελευτηκότος,
813 1214 893 1241 διεδέ-

100 1262 169 1294 ξατο
188 1262 292 1293 Παῦλος
306 1262 355 1298 τὴν
372 1262 421 1296 τῆς
436 1260 743 1291 Κωνσταντινουπόλεως
760 1262 892 1295 ἀρχιερω-

101 1308 203 1343 σύνην·
223 1308 260 1339 ὡς
281 1308 329 1342 μὲν
344 1307 468 1341 λέγουσιν
486 1308 509 1334 οἱ
525 1299 559 1333 τὶ
579 1306 683 1342 Ἀρείου
700 1306 746 1333 καὶ
767 1305 891 1332 Μακεδο-

99 1354 161 1382 νίου
176 1353 335 1389 φρονοῦντες
348 1373 355 1386 ,
380 1353 469 1388 ἑαυτῷ
485 1353 584 1387 ταύτην
601 1351 890 1387 πραγματευσάμενος,

100 1400 180 1435 παρὰ
193 1399 305 1434 γνώμην
320 1398 450 1426 Εὑσεϐίου
472 1398 518 1424 τοῦ
533 1397 716 1432 Νικομηδείας
729 1396 890 1427 ἐπισκόπου,

99 1446 151 1474 καὶ
162 1445 299 1480 Θεοδώρου
322 1445 368 1471 τοῦ
391 1445 420 1472 ἐν
435 1444 530 1480 Θρᾴκῃ
544 1443 714 1479 Ἡρακλείας,
727 1440 767 1473 οἷς
783 1443 820 1474 ὼς
834 1442 891 1476 γεί-

98 1499 178 1518 τοσιν
194 1490 249 1525 (67)
268 1492 285 1525 ἡ
310 1490 460 1525 χειροτονία
480 1489 614 1524 διέφερεν.
629 1489 672 1520 Ὧς
687 1488 715 1515 δὲ
739 1488 821 1519 πολὺς
833 1488 890 1523 ἔχει

944 917 1028 945 infert
1045 917 1124 951 juxta
1154 918 1249 944 urbem
1276 916 1442 951 Aquileiam,
1460 916 1495 943 ab
1526 915 1586 950 ejus
1613 914 1730 941 ducibus

944 962 1110 990 interﬁcitur
1121 962 1141 987 ’.
1158 962 1247 996 Atque
1257 962 1293 988 ita
1308 961 1425 988 Romani
1442 960 1551 995 imperii
1565 960 1654 994 portio
1670 966 1730 993 quas

944 1005 978 1033 ad
998 1006 1131 1033 Occasum
1150 1006 1250 1040 vergit,
1267 1005 1413 1033 Constanti
1428 1013 1434 1031 ε
1452 1013 1513 1040 quae
1526 1005 1560 1032 ad
1577 1004 1729 1034 Orientem.

943 1052 1106 1079 Constantio
1124 1052 1251 1079 accessit.

1267 1097 1342 1124 CAP.
1360 1097 1403 1124 ΙΙΙ.

944 1144 982 1171 De
1000 1143 1086 1171 Paulo
1102 1143 1400 1176 Constantinopolilano
1418 1144 1550 1177 episcopo,
1570 1147 1595 1169 ct
1616 1142 1647 1168 de
1668 1140 1728 1169 Ha-

1207 1178 1315 1205 tedom‘o
1337 1178 1468 1204 hwrelico.

978 1224 1082 1251 Eodem
1099 1229 1230 1258 tempore,
1249 1227 1360 1250 mortuo
1384 1223 1551 1255 Alexandro,
1568 1222 1728 1250 Constantir

943 1270 1109 1304 nopolitanze
1122 1269 1253 1297 Ecclesia:
1265 1268 1449 1296 sacerdotium
1461 1269 1582 1295 obtinuit
1595 1268 1696 1294 Paulus
1706 1269 1725 1295 ³.

942 1315 1006 1348 Qui,
1025 1319 1055 1343 ut
1073 1316 1167 1342 Ariani
1194 1315 1304 1350 quidem
1321 1319 1347 1342 et
1372 1314 1561 1343 Macedoniam
1587 1318 1725 1345 asserunt,

942 1361 1132 1395 episcopatum
1166 1360 1241 1387 hunc
1268 1359 1378 1387 sibimet
1407 1359 1465 1393 ipse
1500 1361 1726 1393 comparaverat,

941 1409 1041 1440 praeter
1056 1405 1219 1432 sententiam
1235 1404 1346 1432 Eusebii
1362 1403 1536 1435 Nicomediae,
1548 1407 1576 1430 et
1588 1403 1727 1429 Theodori

943 1450 1080 1477 Heraclea:
1097 1458 1157 1485 quae
1169 1451 1194 1477 in
1208 1449 1377 1477 Thraciaest
1395 1449 1599 1484 episcoporum,
1612 1449 1645 1475 ad
1657 1456 1727 1483 quos

941 1499 1037 1531 utpote
1061 1496 1191 1522 linitimos
1215 1495 1353 1522 ordinatio
1381 1495 1547 1530 pertinebat.
1578 1493 1679 1521 Verum
1698 1499 1728 1522 ut

98 1534 190 1569 λόγος,
211 1534 346 1570 μαρτυρίᾳ
368 1534 540 1569 Ἀλεξάνδρου
565 1533 594 1559 ὃν
619 1533 762 1564 διεδέξατο,
787 1535 879 1568 ἐχειρο

941 1542 1040 1576 reliqui
1056 1541 1114 1569 fere
1129 1541 1184 1577 96
1199 1549 1293 1569 omnes
1316 1541 1464 1573 aliirmaut,
1483 1541 1519 1569 ob
1539 1540 1726 1568 testimonium

98 1579 201 1614 τονήθη
216 1579 291 1615 παρὰ
309 1579 363 1606 τῶν
378 1579 564 1614 ὲνδημούντων
580 1580 614 1614 τῇ
630 1578 705 1605 πόλει
720 1578 888 1605 ἐπισκόπων.

101 1625 176 1659 Ἤδη
192 1626 245 1660 γὰρ
264 1624 336 1652 ὀκτὼ
360 1626 408 1652 καὶ
433 1626 594 1660 ἐνενήκοντα
614 1625 687 1659 ἄγων
711 1625 850 1655 ἐνιαυτοὺς
875 1625 890 1650 ὁ

105 1672 291 1704 Ἀλέξανδρος,
307 1673 339 1698 ἐκ
359 1671 460 1700 τούτων
477 1672 507 1698 δὲ
530 1672 615 1698 εἴκοσι
637 1673 712 1706 τρεῖς
733 1672 761 1697 ὲν
780 1672 812 1705 τῇ
831 1671 891 1697 ἐπι-

100 1721 192 1754 σκοπῇ
202 1719 330 1754 ἀνδρείως
338 1719 536 1754 διαγενόμενος,
545 1719 637 1754 ἐπειδὴ
648 1719 774 1753 τελευτᾷν
782 1718 888 1752 ἔμελλε,

100 1764 310 1799 πυνθανομένων
329 1764 411 1792 αὑτοῦ
430 1763 485 1790 τῶν
508 1764 656 1799 κληρικῶν,
671 1764 723 1790 τίνι
737 1764 794 1798 μετ’
809 1763 889 1790 αὑτὸν

99 1810 281 1845 ἐπιτρεπτέον
291 1811 341 1846 τὴν
361 1810 534 1845 Ἐκκλησίαν,
551 1811 575 1838 εί
592 1810 640 1845 μὲν
661 1809 762 1843 ἀγαθὸν
771 1809 806 1835 τὰ
818 1808 887 1841 Θεῖα,

98 1855 255 1883 διδακτικόν
272 1864 300 1882 τε
325 1849 562 1891 ἅμαρὲπιζητεϊτε,
584 1855 647 1890 ἔφη,
669 1854 774 1881 Παῦλον
796 1854 886 1889 ἔχετε·

98 1900 125 1926 ει
138 1900 167 1926 δὲ
181 1901 248 1935 πρὸς
256 1900 291 1928 τὰ
302 1901 354 1933 ἔξω
370 1901 520 1936 πράγματα
545 1902 591 1927 καὶ
612 1901 660 1932 τὰς
679 1899 821 1931 συνουσίας
833 1899 887 1926 τῶν

98 1946 252 1981 ἀρχόντων,
272 1947 390 1981 ἀμείνων
405 1947 579 1977 Μακεδόνιος.
591 1946 662 1973 Ἀλλ’
683 1946 811 1980 ἑκάτερον
838 1953 887 1980 με-

100 1991 293 2026 μαρτυρῆσθαι
312 1991 385 2026 παρὰ
402 1991 587 2026 Ἀλεξάνδρου,
605 1991 652 2017 καὶ
672 1992 696 2017 οι
719 1990 886 2017 Μακεδονίω

98 2036 240 2063 ἐπαινέται
261 2036 480 2072 συνομολογοῦσι.
500 2037 566 2069 Περὶ
582 2037 611 2064 δὲ
625 2036 659 2064 τὰ
671 2037 822 2072 πράγματα
839 2036 886 2063 καὶ

97 2082 197 2115 λόγους
211 2082 295 2108 δεινὸν
312 2083 476 2118 γεγενῆσθαι
498 2083 606 2117 λέγουσι
625 2084 669 2110 τὸν
687 2083 793 2110 Παῦλον
806 2092 812 2098 ’
836 2084 886 2117 τὴν

97 2127 128 2153 δὲ
145 2127 208 2162 περὶ
229 2128 276 2154 τοῦ
293 2128 350 2163 βίου
370 2129 520 2163 μαρτυρίαν
541 2129 699 2164 Μακεδονίῳ
715 2129 883 2156 ἀνατιθέασι.

97 2172 205 2199 Παῦλον
229 2173 257 2200 δὲ
283 2174 347 2208 περὶ
373 2175 478 2209 τρυφὴν
506 2176 553 2201 καὶ
580 2175 636 2210 βίον
657 2175 801 2211 ἀδιάφορον
827 2175 882 2210 (68)

943 1588 1104 1620 Alexandri,
1122 1588 1201 1623 cujus
1217 1588 1243 1615 in
1265 1588 1355 1615 locum
1372 1588 1518 1618 successit,
1535 1587 1570 1614 ab
1589 1586 1726 1622 episcopis

942 1634 989 1669 qui
1004 1638 1061 1661 tum
1078 1634 1150 1660 forte
1162 1633 1402 1667 Constantinopoli
1413 1632 1602 1663 morabantur,
1614 1632 1727 1658 ordina~

940 1685 985 1708 tus
1004 1684 1055 1707 est.
1074 1680 1140 1706 Nam
1155 1679 1309 1707 Alexander
1327 1686 1414 1706 annos
1438 1679 1493 1713 jam
1516 1683 1599 1705 natus
1617 1682 1678 1705 octo
1698 1680 1726 1705 et

940 1725 1100 1759 nonaginta,
1117 1733 1149 1752 ex
1167 1725 1269 1759 quibus
1282 1728 1339 1751 tres
1357 1732 1389 1751 ac
1406 1724 1502 1759 viginti
1519 1723 1546 1750 iit
1566 1723 1726 1758 episcopatu

940 1770 1092 1797 fortissime
1108 1773 1290 1804 transegerat,
1309 1777 1370 1796 cum
1388 1776 1421 1795 ex
1447 1769 1497 1796 hac
1518 1768 1573 1795 vita
1591 1769 1725 1802 migratu-

940 1824 987 1843 rus
996 1819 1079 1848 esset,
1090 1815 1325 1849 interrogantibus
1336 1821 1397 1841 cum
1415 1813 1523 1840 clericis
1538 1813 1648 1840 cuinam
1662 1817 1725 1847 post

940 1862 1030 1896 ipsum
1059 1859 1255 1887 committenda
1280 1862 1355 1886 esset
1382 1858 1524 1885 Ecclesia:
1554 1857 1583 1885 Si
1611 1858 1722 1889 virum.

938 1906 1039 1941 inquit,
1061 1906 1160 1940 pietate
1175 1905 1330 1940 praeditum,
1361 1904 1502 1939 simulque
1532 1903 1662 1931 idoneum
1687 1904 1723 1931 ad

938 1950 1091 1978 docendum
1105 1949 1241 1983 quaeritis,
1258 1948 1365 1975 habetis
1377 1947 1511 1973 Paulum:
1528 1947 1571 1974 sin
1583 1946 1722 1973 hominem

938 1995 971 2022 ad
993 2003 1037 2022 res
1052 1995 1198 2022 smeularcs
1213 1997 1240 2021 et
1254 1993 1289 2020 ad
1307 1992 1518 2027 colloquendum
1541 1999 1603 2018 cum
1619 1991 1722 2026 judici-

938 2041 989 2068 bus
1010 2045 1102 2074 aptum
1132 2040 1274 2070 mavultis,
1303 2039 1394 2072 potior
1417 2042 1459 2065 est
1483 2036 1671 2064 Macedonius.
1689 2036 1723 2063 Et

938 2091 1085 2120 utrumque
1104 2085 1213 2120 quidem
1234 2084 1393 2112 testimonio
1420 2083 1567 2112 Alexandri
1594 2087 1722 2109 ornatum

936 2130 1021 2157 fuisse
1038 2130 1207 2157 conﬁtentur
1225 2130 1308 2156 etiam
1333 2127 1535 2156 Macedoniam.
1566 2126 1663 2155 Verum
1687 2126 1721 2153 ad

937 2183 981 2203 res
995 2176 1117 2210 agendas
1139 2179 1166 2202 et
1189 2175 1222 2202 ad
1242 2175 1389 2202 dicendum
1408 2173 1614 2200 instructiorem
1633 2172 1721 2199 fuisse

97 2218 274 2253 ἑσχολακέναι
296 2219 475 2246 διαϐάλλουσι.
494 2220 619 2247 Φαίνεται
633 2220 697 2254 γοῦν
711 2222 743 2247 ὲκ
758 2222 807 2256 τῆς
823 2221 879 2247 τού-

941 2222 1051 2248 Paulum
1079 2220 1236 2247 afﬁrmant:
1258 2221 1308 2255 piae
1327 2223 1418 2246 autem
1442 2226 1474 2245 ac
1500 2218 1634 2253 religiosa:
1660 2219 1721 2245 vita:

97 2271 151 2290 των
177 2263 321 2298 ὁμολογίας
335 2283 342 2295 ,
369 2263 510 2299 ἐλλόγιμον
540 2265 622 2301 ἄνδρα
651 2266 811 2302 γεγενῆσθαι
838 2267 882 2293 τὸν

135 2353 233 2381 ‘Socr.
252 2354 299 2382 lib.
322 2362 351 2385 ιι,
371 2362 395 2381 c.
417 2356 443 2391 4.

500 2356 509 2371 ²
525 2355 592 2382 ibid.
606 2363 629 2382 c.
647 2355 675 2383 5.
713 2354 724 2370 ³
742 2353 808 2381 ibid.
826 2361 851 2381 c.
867 2353 893 2382 6.

937 2267 1123 2294 testimonium
1138 2266 1264 2295 tribuunt
1279 2264 1457 2294 Macedonio:
1479 2264 1594 2292 Paulum
1623 2268 1720 2292 contra

696 2430 830 2458 VALESII
849 2430 1122 2458 ANNOTATIONES.

133 2475 256 2520 (θηοζς
264 2479 304 2511 ὡς
314 2479 454 2513 γείτοσιν,
469 2476 527 2520 lion
535 2484 653 2520 possum
661 2476 789 2520 probare
802 2476 874 2520 quod

96 2511 142 2541 hic
165 2513 204 2539 ait
231 2511 412 2545 Sozomenus,
436 2513 634 2539 ordinationem
656 2511 777 2545 episcopi
803 2511 875 2538 Con~

96 2548 335 2581 stantinopolitani
369 2547 535 2581 pertinuisse
570 2546 603 2573 ad
639 2545 875 2581 Nicomediensem

95 2580 254 2617 episcopum
269 2586 296 2609 et
312 2583 345 2609 ad
370 2580 581 2617 Heracliensem,
602 2584 698 2617 utpote
711 2580 758 2617 qui
784 2583 877 2607 essent

95 2615 244 2652 viciniores
262 2617 394 2652 episcOpi.
414 2617 451 2644 De
466 2616 631 2652 ﬂerat-liensi
644 2615 763 2652 quidem
782 2622 876 2642 assen-

95 2653 168 2684 tior;
191 2651 257 2678 huic
274 2650 347 2678 enim
358 2650 573 2686 'metropolitano
590 2650 711 2683 subiecta
733 2654 796 2686 tunc
818 2653 878 2686 erat

94 2687 175 2714 sedes
194 2684 511 2721 Constantinopolitana,
529 2685 687 2721 priusquam
716 2684 877 2721 patriarclti-

93 2729 155 2749 cum
173 2722 303 2748 honorem
320 2719 417 2756 adepta
430 2725 513 2750 esset.
540 2719 756 2756 t‘ticouietliensis
779 2723 875 2756 autem

93 2757 242 2794 episcopus
262 2753 414 2794 nullo-jure
428 2755 629 2794 ordinationem
643 2753 875 2794 Constantinopo-

93 2788 170 2818 litani
187 2788 310 2825 episcopi
324 2788 375 2817 sibi
390 2791 546 2817 vindicabat
561 2799 567 2816 :
584 2793 643 2825 erat
660 2796 734 2825 cnim
762 2788 876 2825 alterius

94 2823 263 2862 provincia},
286 2823 350 2853 cum
376 2833 464 2853 canon
492 2830 605 2861 quartus
635 2823 736 2852 Ματιιί
765 2823 875 2851 concilii

929 2476 996 2516 solis
1010 2475 1292 2516 eompr‘ovincialibus
1303 2476 1441 2516 episcopis
1452 2483 1603 2516 eorumque
1616 2478 1717 2516 metro-

929 2512 1063 2546 politano.
1079 2511 1124 2545 jus
1139 2518 1171 2537 ac
1190 2515 1353 2545 potestatem
1372 2511 1516 2546 ordinandi
1532 2511 1644 2546 tribuat.

965 2546 1021 2581 (68)
1041 2547 1095 2572 Kal
1109 2546 1181 2577 ,ϐίον
1198 2545 1374 2581 ἀδιάφοροκ,
1390 2545 1437 2572 Sic
1454 2545 1540 2572 Graeci
1566 2545 1714 2581 scriptores

929 2579 1028 2608 vocare
1041 2581 1129 2608 solent
1145 2582 1290 2608 remissum
1308 2587 1339 2607 ac
1361 2580 1527 2608 dissolutum
1541 2579 1648 2607 vivendi
1665 2586 1713 2612 ge-

930 2624 993 2646 nus,
1017 2616 1060 2642 cui
1081 2615 1231 2650 opponitur
1257 2615 1372 2649 ἄσκησις
1402 2616 1460 2643 sive
1484 2614 1629 2650 ᾁσκητικὺς
1646 2613 1711 2648 βίος.

932 2651 977 2678 Sic
988 2651 1065 2678 Nilus
1083 2649 1233 2677 monachus
1250 2650 1276 2677 in
1294 2650 1365 2677 libro
1384 2650 1423 2676 De
1439 2649 1510 2676 crude
1524 2649 1711 2675 monac/torum

929 2688 958 2713 in
973 2691 1060 2712 monte
1075 2685 1151 2714 Sina.
1175 2685 1332 2719 narratione
1345 2685 1362 2711 4
1375 2694 1382 2712 :
1400 2685 1455 2719 Τῆς
1470 2685 1498 2710 ὲν
1521 2685 1581 2719 ταῖς
1591 2682 1712 2719 ’πόλεσιν

930 2721 1076 2756 ᾁδιαφόρου
1099 2718 1247 2756 διαγωγῆς,
1260 2720 1381 2754 ἑλόμενοι
1407 2717 1506 2756 μᾶλλον
1525 2717 1710 2756 τὸξθράνιᾳςτον.

930 2747 1035 2818 Εοάῇηἶ
1048 2763 1130 2784 sensu
1143 2747 1263 2783 occurrit
1277 2747 1369 2782 ea'vox
1381 2747 1482 2791 passim
1494 2752 1563 2789 apud
1579 2747 1709 2781 Basilium

930 2796 955 2817 θ(
973 2799 986 2817 a
1000 2799 1050 2817 105.

930 2796 955 2817 οι
973 2796 1050 2817 alios.
