1898 3075
190 86 259 116 1059

931 82 1100 112 SOZOMENI

1767 88 1849 116 1040

191 144 298 174 deliciis
313 151 345 172 ac
360 144 486 173 solutiori
506 143 569 170 vitae
587 142 734 170 indulsisse
761 141 971 171 calumniantur

1030 144 1144 177 Παῦλον,
1163 145 1209 172 καὶ
1230 144 1275 171 ἐπὶ
1295 145 1457 180 Ἐκκλησίας
1469 146 1571 178 διδάξαι
1592 147 1737 182 λαμπρόν.
1762 145 1848 181 Πρὸς

193 192 230 220 Ex
242 187 358 220 illorum
378 192 461 226 igitur
479 189 664 220 confessione,
683 187 799 215 Paulum
823 189 976 218 disertissi-

191 247 267 267 mum
284 238 370 266 fuisse
394 241 514 272 apparet,
531 239 558 262 et
578 235 604 261 in
632 234 756 262 Ecclesia
787 242 850 262 cum
870 244 978 263 summa

191 287 274 314 laude
295 285 437 313 docuisse.
464 282 504 309 Ad
524 281 616 308 varios
639 285 730 308 autem
754 281 871 309 fortunae
895 290 978 311 casus

191 339 218 361 et
238 333 271 360 ad
282 329 495 365 colloquendum
513 334 575 354 cum
602 327 816 362 potentioribus,
832 335 886 355 non
904 333 978 356 recte

191 382 379 414 comparatum
396 376 471 402 illum
488 373 584 405 fuisse,
600 381 645 400 res
660 373 725 408 ipsa:
741 377 889 401 testantur.
910 373 977 401 Nul-

192 427 232 453 las
248 425 321 452 enim
336 419 560 449 adversariorum
578 419 693 446 insidias
710 419 855 450 discussit.
866 419 979 454 perinde

191 481 222 500 ac
240 472 330 499 facere
345 470 436 497 solent
452 468 471 495 ii
491 468 539 502 qui
553 468 579 494 in
594 466 751 501 liujusmodi
767 467 848 494 rebus
864 467 978 495 solertes

190 521 265 545 sunt.
295 516 352 542 lmo
378 521 443 541 vero
472 512 597 547 quamvis
625 512 795 539 multitudini
830 512 977 539 admodum

189 565 292 590 rharus
305 565 388 591 esset.
423 562 525 586 tamen
540 557 636 584 fraude
653 564 750 584 eorum
778 558 823 592 qui
843 558 921 585 tidem
951 559 978 585 in

190 609 299 635 Nir-zeua
318 605 424 642 synodo
441 604 591 632 slabilitam
608 611 642 631 eo
666 607 789 638 tempore
804 603 976 638 rejiciebant,

190 653 291 680 multas
307 650 420 687 pertulit
431 650 612 676 calamitates.
624 649 663 675 Ac
674 648 765 683 primo
775 649 884 684 quidem
898 649 977 684 quasi

193 698 315 732 turpiter
330 696 444 724 vixisset
468 694 655 726 insimulatus,
676 694 797 722 Ecclesia
819 695 978 722 Constanti-

191 743 349 775 nopolitana
363 741 467 775 eiectus
486 744 538 771 est,
551 739 671 768 Tandem
698 747 765 767 vero
789 740 817 767 in
847 741 977 770 exsilium

1031 191 1059 217 δὲ
1074 190 1123 222 τὰς
1140 191 1316 226 περιπετείας
1330 191 1376 218 τοῦ
1393 191 1462 226 βίου,
1476 193 1523 218 καὶ
1536 192 1585 224 τὰς
1604 193 1717 228 ὁμιλίας
1736 194 1799 220 τῶν
1814 195 1847 220 ὲν

1031 237 1155 273 δυνάμει,
1170 237 1280 272 φαύλως
1296 237 1376 264 αὑτὸν
1390 237 1537 273 ἐσχηκέναι
1553 239 1692 274 μαρτυρεί
1707 239 1748 266 τὰ
1766 240 1844 274 πρά-

1024 289 1135 318 γματα.
1149 283 1284 319 Οὐδεμίαν
1304 284 1357 318 γὰρ
1374 283 1519 319 ἐπιϐουλὴν
1536 285 1590 311 τῶν
1612 285 1842 311 ἐπαναστάντων

1031 329 1115 364 αὐτῷ,
1129 329 1166 361 ὡς
1188 330 1260 362 εἰκὸς
1282 331 1345 362 τοὺς
1369 332 1433 366 περὶ
1454 331 1541 358 ταῦτα
1558 331 1674 363 δεινοὺς,
1692 331 1840 357 διέλυσεν.

1038 376 1117 403 Ἀλλὰ
1133 377 1180 403 καὶ
1197 376 1250 403 ὑπὸ
1271 377 1318 404 τοῦ
1340 378 1459 413 πλήθους
1482 378 1629 413 ὑπερφυῶς
1652 377 1840 412 φιλούμενος,

1031 422 1124 454 κακῶς
1145 422 1238 455 ἔπαθε,
1261 424 1396 459 σκαιωρίᾳ
1421 424 1476 450 τῶν
1501 425 1561 451 τότε
1586 424 1781 459 ἀναινομένων
1807 424 1841 449 τὸ

1031 469 1101 495 κατά
1117 468 1165 504 τὴν
1179 470 1208 495 ὲν
1224 469 1325 505 Νικαίᾳ
1347 471 1487 506 κρατῆσαν
1510 470 1609 506 δόγμα,
1635 470 1692 496 Καὶ
1717 470 1756 496 τὰ
1785 471 1839 504 μὲν

1031 515 1137 550 πρῶτα,
1152 515 1190 546 ὡς
1208 516 1245 551 μὴ
1259 514 1289 542 εὖ
1305 516 1445 551 βεϐιωκὼς
1460 516 1526 551 (69),
1541 516 1650 552 γραφὴν
1662 510 1836 551 ὑπομείνας,

1030 560 1162 596 ἐξεϐλήθη
1180 561 1229 596 τῆς
1247 562 1413 597 Ἐκκλησίας
1432 562 1761 593 Κωνσταντινουπόλεως.
1781 563 1835 588 Ta-

1030 606 1132 633 λευτῶν
1144 607 1171 633 δὲ
1189 608 1236 634 καὶ
1247 608 1395 643 ὑπερορίαν
1411 609 1494 635 οἰκεῖν
1513 608 1712 643 κατεδικάσθη,
1737 609 1763 634 εἰ
1787 609 1836 634 καὶ

1030 646 1294 685 τεθνάναιὲλεεινῶς
1309 653 1364 688 (70)
1377 654 1408 680 δι’
1423 655 1540 689 ἀγχόνης
1561 654 1683 688 λέγεται,
1699 662 1834 688 μηχανη-

1033 697 1156 731 σαμένων
1169 698 1244 733 αὐτῷ
1257 699 1336 733 φόνον
1352 698 1405 725 τῶν
1417 699 1576 727 ἐπιϐούλων.
1591 699 1674 726 Ἀλλά
1692 699 1762 726 τάδε
1783 699 1835 733 μὲν

1033 742 1144 780 ὖατερον
1164 745 1261 780 συνέόη
1267 765 1273 771 .

190 793 287 827 jussus
301 793 343 817 est
360 789 500 824 deportari
516 798 522 816 :
545 789 592 816 ubi
610 789 693 815 etiam
712 796 762 823 per
781 788 897 816 insidias
916 797 1013 817 eorum
1034 791 1081 826 qtti
1114 792 1215 820 eaedem
1241 793 1266 820 ei
1289 793 1531 827 machinabantur,
1551 793 1709 821 crudeliter
1731 797 1831 821 stran-

189 838 300 873 gulatus
315 836 454 864 interiisse
468 835 582 863 dicitur.
600 833 702 862 Verum
719 834 777 861 haec
791 835 901 870 quidem
922 837 1067 871 posteriori
1086 842 1207 873 tempore
1220 839 1405 874 contigerunt.

513 921 589 949 CAP.
608 921 652 949 IV.

192 990 230 1017 De
260 989 387 1016 seditione
406 996 464 1023 quw
483 993 546 1028 orta
575 992 615 1014 ext
641 992 748 1023 propter
767 987 852 1014 Pauli
869 988 979 1016 ordina-

527 1028 632 1050 tionem.

225 1092 302 1119 Tunc
315 1099 380 1118 vero
403 1091 501 1125 ingens
524 1090 658 1118 tumultus
674 1098 708 1117 ex
735 1090 786 1117 bac
803 1090 977 1119 ordinatione

188 1143 278 1169 ortus.
297 1137 632 1172 Constantinopolitanam
649 1135 801 1164 Ecelesiam
819 1137 975 1171 occupavit.

188 1183 256 1210 Nam
287 1182 409 1217 quandiu
435 1185 577 1216 superstes
605 1181 657 1208 fuit
686 1181 852 1214 Alexander,
881 1182 976 1210 Ariani

188 1229 297 1264 quidem
314 1235 410 1263 parum
434 1227 541 1254 ﬁducia:
557 1234 590 1254 ac
617 1227 751 1254 libertatis
771 1227 910 1255 habuere:
926 1236 977 1263 po-

187 1276 270 1311 pulus
286 1275 340 1310 9'7
354 1281 417 1301 vero
434 1273 533 1301 deﬁxis
548 1273 575 1300 in
590 1273 666 1300 illum
681 1273 780 1305 oculis,
799 1280 895 1301 nulum
917 1275 977 1310 ejus

189 1320 366 1356 sequebatur,
385 1319 495 1353 Deoque
517 1317 614 1346 laudes
630 1318 751 1352 dicebat,
769 1320 888 1347 maxime
916 1325 978 1355 post

188 1368 358 1401 insperatam
372 1365 430 1392 Arii
450 1364 655 1391 calamitatem:
677 1372 759 1399 quem
783 1373 832 1400 per
853 1365 975 1392 divinam

189 1412 320 1439 ultionem
335 1417 368 1438 eo
382 1417 463 1445 quem
485 1409 606 1437 diximus
628 1410 709 1437 modo
733 1410 977 1444 imprecationibus

189 1456 338 1484 Alexandri
350 1455 516 1483 exstinctum
527 1455 614 1483 fuisse
623 1455 783 1483 credebant.
793 1455 859 1483 Post
871 1456 976 1484 obitum

189 1508 281 1531 autem
294 1501 457 1534 Alexandri,
474 1501 552 1536 plebs
569 1501 596 1529 in
611 1501 680 1529 duas
696 1505 787 1536 partes
805 1502 905 1535 divisa,
929 1510 977 1537 pa-

1330 926 1455 953 ΚΕΦΔΛ.
1482 927 1518 952 Δ’.

1029 994 1098 1029 Περὶ
1123 993 1177 1028 τῆς
1197 993 1358 1029 γενομένης
1387 993 1524 1036 στάσεως
1547 993 1595 1020 διὰ
1621 993 1679 1027 τὴν
1699 994 1830 1020 Παύλου

1328 1036 1524 1062 χειροτονίαν.

1065 1097 1108 1124 Ἐν
1121 1097 1149 1124 δὲ
1162 1095 1201 1132 τῷ
1212 1096 1258 1122 νῦν
1278 1095 1321 1122 διὰ
1339 1095 1440 1130 ταύτην
1455 1095 1503 1129 τὴν
1522 1094 1687 1130 χειροτονίαν
1704 1094 1826 1129 μεγίστη

1028 1144 1133 1178 ταραχὴ
1146 1143 1195 1178 τὴν
1213 1141 1376 1176 Ἐκκλησίαν
1401 1140 1712 1170 Κωνσταντινουπόλεως
1731 1140 1825 1174 ἔσχεν.

1035 1191 1078 1217 Ἐν
1091 1186 1114 1223 ᾧ
1125 1190 1180 1225 γὰρ
1195 1189 1292 1224 περιῆν
1307 1186 1491 1222 ’Δλέξανδρος.
1504 1187 1535 1213 οὐ
1549 1186 1648 1221 πολλὴν
1663 1186 1827 1221 παρῤηίαν

1027 1233 1094 1271 ἦγον
1118 1236 1175 1261 ὅσοι
1199 1235 1232 1261 τὰ
1253 1234 1359 1269 Ἀρείου
1385 1233 1531 1269 ἐφρόνουν·
1555 1233 1602 1258 καὶ
1619 1232 1688 1267 πρὸς
1704 1232 1791 1258 αὑτὸν
1812 1233 1827 1257 ὁ

1028 1270 1092 1313 λαὸς
1117 1281 1222 1316 βλέπων
1245 1270 1425 1315 ἤγοντο,’καὶ
1452 1278 1484 1304 τὸ
1507 1277 1583 1304 Θεῖον
1603 1277 1747 1310 ἐδόξαζον
1776 1277 1826 1304 καὶ

1030 1327 1146 1362 μάλιστα
1171 1326 1239 1361 μετά
1265 1325 1314 1360 τὴν
1336 1325 1466 1358 ἀδόκητον
1488 1322 1593 1358 ’Δρείου
1616 1323 1774 1358 συμφοράν,
1795 1323 1825 1348 ὃν

1028 1373 1114 1404 οὕτως
1127 1371 1282 1402 ἀποθανεῖν,
1301 1370 1338 1401 ὡς
1359 1370 1477 1405 εἴρηται,
1498 1369 1568 1396 κατά
1586 1369 1735 1403 οεομηνίαν
1761 1369 1825 1394 tnt-

1012 1448 1018 1457 ,
1030 1427 1121 1444 στευον
1137 1420 1195 1450 ταῖς
1214 1417 1386 1452 Ἀλεξάνδρου
1405 1417 1515 1450 ἀρεταῖς
1525 1419 1549 1441 .V.
1571 1415 1647 1442 Ἐπεὶ
1663 1415 1691 1441 δὲ
1712 1415 1822 1442 ἐτελεύ-

1028 1471 1105 1498 τησε,
1119 1463 1178 1497 διχῇ
1197 1461 1333 1496 διακριοὲν
1346 1461 1376 1486 τὸ
1396 1459 1505 1495 πλῆθος,
1521 1461 1560 1491 εἰς
1573 1459 1663 1494 ἔριδας
1677 1459 1822 1494 δογμάτων

1029 1508 1068 1537 εἰς
1091 1506 1121 1532 τὺ
1146 1505 1262 1540 φανερὸν
1284 1504 1445 1531 καθίσταντο
1466 1504 1514 1530 καὶ
1537 1504 1636 1538 μάχην.
1663 1503 1773 1538 Σπουδὴ
1793 1502 1822 1528 δὲ

188 1550 244 1576 iam
265 1548 298 1575 ad
314 1547 477 1583 opinionum
509 1547 705 1574 contentiones
735 1551 762 1574 et
787 1547 824 1574 ad
856 1555 971 1582 pugnam

1030 1552 1142 1586 ἐγένετο,
1151 1553 1206 1584 τοῖς
1222 1552 1270 1586 μὲν
1282 1551 1315 1577 τὰ
1330 1550 1435 1586 Ἀρείου
1450 1548 1571 1583 ζηλοῦσι,
1587 1548 1754 1574 Μακεδόνων
1765 1556 1823 1582 χει-

193 1603 283 1630 usque
299 1594 434 1629 prorupit.
455 1593 489 1620 Et
505 1592 615 1621 Arianis
641 1593 752 1628 quidem
776 1594 898 1621 studium
925 1593 977 1621 fuit

189 1645 220 1668 ut
240 1640 417 1668 Macedonius
431 1639 630 1666 ordinaretur:
655 1638 836 1667 Homousiaui
866 1644 974 1672 contra,

189 1693 300 1720 operam
313 1684 417 1712 dabant
433 1688 462 1712 ut
475 1684 578 1712 Paulus
592 1689 734 1712 crearetur
750 1685 898 1720 episcopus
911 1695 918 1712 :
937 1686 976 1713 id-

189 1739 243 1766 que
257 1730 368 1758 tandem
383 1729 533 1765 prazvaluit.
545 1729 681 1757 Caeterum
696 1733 759 1764 post
773 1729 975 1756 ordinationem

187 1776 278 1808 Pauli,
297 1783 359 1802 cum
380 1777 528 1810 imperator
555 1775 583 1801 in
611 1774 707 1802 urbem
728 1774 861 1809 venisset,
882 1775 976 1802 aberat

187 1822 261 1850 enim
281 1825 347 1848 tunc
372 1829 434 1848 cum
463 1820 540 1848 ﬁeret
559 1820 699 1847 ordinatio
712 1841 719 1853 ,
739 1820 765 1847 id
786 1820 888 1848 factum
914 1828 976 1855 per-

187 1867 303 1895 moleste
324 1866 398 1898 tulit,
423 1865 501 1900 quasi
528 1865 706 1900 episcopatus
733 1866 837 1893 homini
861 1866 975 1901 indigno

187 1913 356 1940 commissus
383 1912 495 1944 fuisset;
526 1919 628 1946 perque
658 1912 773 1939 insidias
802 1919 898 1939 eorum
928 1911 974 1946 qui

186 1957 274 1986 Paulo
289 1962 367 1985 erant
383 1957 496 1990 infensi,
512 1957 619 1992 synodo
635 1962 798 1990 convocata,
819 1957 896 1984 illum
913 1958 975 1992 qui-

186 2005 249 2033 dem
276 2005 403 2032 Ecclesia
421 2004 545 2039 expulit:
575 2003 696 2031 Eusebio
724 2011 791 2031 vero
809 2003 975 2030 Nicomediae

186 2051 317 2085 episcopo
333 2051 424 2078 sedem
439 2049 777 2085 Constantinopolitanam
795 2048 920 2076 tradidit.

1031 1598 1211 1633 ροτονεῖσθαι·
1230 1598 1285 1628 τοίς
1309 1596 1337 1623 δὲ
1362 1595 1502 1631 όμοούσιον
1517 1594 1556 1629 τῷ
1577 1593 1664 1628 Πατρὶ
1686 1593 1732 1619 τὸν
1755 1593 1821 1619 Tibi;

1029 1643 1186 1677 δοξάζουσι,
1205 1641 1308 1669 Παῦλον
1332 1641 1501 1668 ὲπισκοπείν-
1524 1640 1571 1666 καὶ
1591 1638 1672 1666 τοῦτο
1697 1638 1817 1673 ἐκράτει.

1029 1689 1105 1716 Μετά
1127 1689 1155 1715 δὲ
1178 1689 1225 1724 τὴν
1243 1687 1348 1714 Παύλου
1365 1686 1540 1722 χειροτονίαν,
1565 1684 1789 1720 παραγενόμενος
1806 1685 1821 1710 6

1030 1734 1165 1770 βασιλεὺς,
1179 1734 1257 1769 ἔτυχε
1271 1733 1324 1768 γὰρ
1343 1733 1402 1759 τότε
1415 1731 1562 1766 ἀπόδημος,
1579 1730 1768 1765 ἐχαλέπαινεν,
1783 1730 1819 1761 ὡς

1028 1780 1129 1815 ἀναξίῳ
1141 1780 1191 1815 τῆς
1208 1779 1358 1814 ἐπισκοπῆς
1381 1777 1586 1813 ἐπιτραπείσης.
1608 1776 1654 1808 Ἐξ
1676 1776 1818 1810 ὲπιὸουλῆς

1027 1833 1058 1851 τε
1075 1824 1128 1851 τῶν
1148 1824 1215 1860 πρὸς
1234 1823 1340 1850 Παῦλον
1365 1821 1602 1857 ἀπεχθανομένων,
1627 1820 1738 1847 σύνοδον
1754 1821 1818 1847 καθ-

1029 1871 1100 1903 ίσας,
1115 1871 1161 1897 τὸν
1180 1870 1228 1905 μὲν
1245 1868 1388 1896 ἀπεώσατο
1401 1868 1450 1902 τῆς
1466 1867 1639 1902 Ἑκκλησίας·
1657 1867 1781 1901 Εὑσεδίῳ
1791 1867 1818 1892 δὲ

1027 1917 1066 1952 τῷ
1084 1916 1266 1952 Νικομηδείας
1285 1915 1425 1949 ὲπισκόπῳ
1442 1914 1488 1941 τὸν
1509 1913 1817 1946 Κωνσταντινουπόλιως

1029 1963 1122 1999 θρόνον
1136 1961 1287 1997 παρέδωκε.

769 2137 903 2164 VALESll
923 2136 1196 2164 ANNOTATIONES.

223 2217 280 2252 (69)
307 2217 356 2249 Ὧς
369 2217 412 2252 μὴ
432 2214 467 2244 εὖ
487 2217 647 2250 βεϐιωκὼς.
673 2217 826 2244 Accusatus
844 2215 976 2252 primum

187 2257 229 2279 cst
253 2251 354 2278 Paulus
372 2251 524 2286 episcopus
555 2259 569 2278 a
591 2251 750 2279 Macedonio
778 2251 937 2286 presbytero
955 2252 974 2276 ‘.

189 2287 243 2314 Sed
259 2287 364 2312 crimen
388 2286 461 2320 quod
475 2286 500 2312 ei
520 2286 704 2321 objiciebatur
727 2286 795 2313 adeo
821 2286 879 2321 lese
903 2289 975 2315 erat,

1029 2215 1280 2248 ecclesiasticarum,
1299 2215 1346 2250 qui
1363 2214 1397 2242 ad
1414 2213 1517 2242 calcem
1543 2213 1641 2241 harum
1664 2215 1811 2243 annotatio-

1030 2260 1094 2279 num
1109 2251 1214 2277 edetur.

1066 2286 1122 2320 (70)
1135 2286 1170 2312 EI
1181 2286 1229 2312 καὶ
1242 2285 1381 2312 τεθνάναι
1397 2283 1544 2320 ἐλεεινῷς.
1563 2282 1709 2310 Assentior
1735 2283 1808 2320 Chri-

188 2326 218 2348 ut
250 2318 404 2358 accusator
429 2321 537 2347 interim
554 2318 626 2358 'cum
655 2328 702 2358 reo
737 2320 973 2358 comrr‘iuniraret2
991 2330 1013 2358 υ
1028 2318 1216 2358 sto‘phorsonq
1233 2324 1260 2348 et
1274 2319 1387 2358 Savilio,
1408 2319 1457 2358 qui
1474 2318 1508 2346 ad
1523 2319 1594 2358 latus
1607 2324 1723 2358 suorum
1740 2318 1809 2358 codi—

189 2355 418 2391 qucmadmodum
437 2359 552 2391 testatur
572 2355 739 2391 Athanasius
755 2354 919 2391 iniEpiatola
938 2354 972 2380 ad
991 2351 1011 2358 ’⁷
1027 2351 1101 2391 cum
1115 2355 1300 2391 reuteudarunt
1313 2375 1320 2388 ,
1345 2351 1363 2391 ᾖ
1392 2351 1448 2386 κάι,
1465 2357 1519 2381 etc.
1543 2352 1625 2387 Quod
1649 2353 1723 2380 idem
1746 2353 1807 2380 valet

188 2390 337 2425 scutarios.
351 2389 450 2425 verum
468 2390 494 2417 id
512 2390 628 2425 contigit
639 2393 769 2425 regnante
780 2390 972 2425 Constantino,
1026 2399 1058 2418 ac
1074 2390 1128 2418 ubi.

190 2430 218 2452 ut
249 2424 337 2452 iusius
364 2424 550 2452 demonstravi
578 2425 606 2452 in
626 2424 696 2453 libro
715 2433 732 2452 ιι
753 2424 970 2452 Observationum

914 2513 1104 2542 VARIORUM.

222 2598 231 2607 ‘
245 2595 379 2623 Eusebius
412 2595 629 2623 Nicomediensis
643 2614 650 2627 ,
679 2593 973 2629 impotensucupidinc

187 2631 498 2665 Constantinopolitanae
520 2630 593 2658 sedis
621 2627 790 2665 invadendae,
815 2627 972 2665 Macedonio

188 2666 348 2701 presbytero
364 2663 428 2694 usus
440 2666 584 2701 calumnia:
595 2665 709 2697 artiﬁce,
721 2663 834 2701 Paulum
849 2663 972 2701 accusari

189 2697 216 2728 ct
235 2697 334 2728 deferri
348 2702 465 2728 curavit.
481 2700 586 2726 Tacent
601 2705 690 2726 autem
708 2698 889 2726 ecclesiastici
904 2697 972 2724 scri-

190 2740 283 2770 ptores
306 2743 364 2769 qua‘
391 2736 473 2763 fuerit
500 2735 545 2761 illa
573 2734 740 2764 criminatio,
764 2733 855 2767 aitque
882 2732 971 2770 solum

189 2767 378 2798 il‘lieodor'etns
395 2770 508 2798 Paulum
521 2769 664 2796 seditionis
685 2770 854 2802 aliorumque
879 2767 972 2793 crimi-

188 2813 255 2834 num
272 2810 441 2835 accusatutu.
455 2805 544 2834 Unum
559 2804 730 2840 exploratqu
747 2807 798 2837 est,
812 2801 845 2832 ex
861 2801 971 2830 Eusebii

1022 2593 1174 2621 ambitione
1190 2595 1281 2619 natam
1308 2589 1395 2617 fuisse
1417 2587 1596 2616 calumniam.
1628 2587 1742 2622 Agitata
1763 2587 1805 2614 fuit

1022 2629 1078 2655 haec
1096 2627 1270 2662 disceptatio,
1288 2628 1427 2662 prasente
1444 2623 1608 2662 Athanasio,
1625 2623 1692 2662 dum
1711 2623 1805 2651 scilicet

1022 2665 1055 2690 ab
1064 2663 1159 2690 exsilio
1171 2658 1522 2692 rediensConstantinopoli
1538 2658 1731 2692 pertransiret,
1743 2664 1804 2684 anno

1021 2698 1082 2726 558.
1101 2697 1169 2724 Vide
1185 2697 1245 2730 ejus
1269 2695 1354 2729 Epist.
1375 2695 1407 2720 ad
1423 2693 1571 2725 solitarius,
1589 2697 1617 2720 et
1631 2700 1695 2727 qua:
1713 2693 1750 2719 ibi
1761 2692 1802 2719 do-

1021 2733 1135 2760 ctissimi
1153 2731 1319 2758 Benedit-tini
1334 2732 1501 2756 annotarunt

1057 2772 1070 2791 Υ
1092 2767 1228 2801 Ἀρεταῖς.
1244 2765 1369 2793 Valesius
1389 2763 1488 2798 legisse
1500 2762 1609 2790 videtur
1637 2762 1732 2797 ἀραῖς.
