1898 3075
78 213 155 248 wii'

379 271 491 300 ΚΕΦΛΛ
497 291 503 296 .
528 271 566 298 E'.

564 217 723 246 HISTORIA
744 215 1018 244 ECCLESIASTICA.
1040 231 1073 236 --
1093 215 1155 242 [ΛΒ.
1178 213 1221 240 Ill.

879 271 903 300 Α

1633 208 1700 236 ιοις

1250 267 1324 296 CAP.
1340 267 1372 294 V.

75 318 146 353 Περὶ
170 317 226 351 τῆς
240 317 277 353 eri
294 317 454 353 Ἀντιοχείᾳ
480 317 605 352 μερικῆς
629 318 772 353 συνόδου,
801 317 852 350 ﬁta

918 316 1131 353 Deipqrticuiari
1162 313 1615 353 synodo‘Antiochiiencongregala,
1642 319 1701 352 quia

110 351 230 379 ἱωιθείζε
243 352 301 386 μὲν
317 351 502 386 Ἀνθανάοῖιοη
524 353 688 385 Γρηγόριον
703 352 737 378 δὲ
752 353 867 379 ἀντεισ-

108 387 210 421 ήταγε·
224 385 272 412 καὶ
281 385 350 421 περὶ
364 385 424 412 τῶν
433 385 488 412 δύο
497 386 645 413 ἐκθέσεων
657 386 712 419 τῆς
726 389 863 419 πίστεως·

109 420 160 448 καὶ
172 420 242 455 περὶ
257 420 314 446 τῶν
330 421 598 454 συμφωνησάντων
610 421 722 453 αὐτοῖς.

110 466 164 493 Καὶ
178 467 191 492 ό
210 465 259 500 μὲν
276 464 340 491 τάδε
362 465 478 501 πράξας,
503 466 542 497 εἰς
560 466 725 502 Ἀντιόχειαν
746 467 796 500 τῆς
814 466 864 492 Συ-

74 513 135 548 ρίας
150 510 227 548 ἧκεν.
241 510 309 545 Ἤδη
324 510 353 537 δὲ
366 510 574 546 ἑξεργασθείσης
590 511 640 546 τῆς
657 511 750 539 ἐνθάδε
767 511 865 546 ἐκκληη

75 558 143 589 σὶας,
165 557 198 592 ἢν
215 556 325 590 μεγέθει
346 556 393 582 καὶ
420 555 511 582 κάλλει
538 556 673 591 ὑπερφυᾶ,
697 556 736 582 ἔτι
763 557 864 592 περιὼν

75 602 287 633 Κωνστανττνος,
300 600 430 636 ὑπουργῷ
444 601 614 636 χρησάμενος
630 601 811 636 Κωνσταντίῳ
824 601 863 637 τῷ

75 647 158 678 παιδὶ,
175 646 325 682 οἰκοδομεῖν
340 646 450 682 ἤρξατο,
466 647 505 678 είς
527 647 620 681 καιρὸν
636 646 708 679 ἔδοξε
722 648 777 678 τοῖς
792 648 864 682 ἀμφὶ

74 693 117 719 τὸν
134 692 272 725 Εὐσέϐιον,
286 692 370 718 πάλαι
385 691 464 718 τοῦτο
488 691 677 725 σπουδάζουσι,
691 692 798 719 σύνοδον
817 701 863 726 γε·

73 738 176 765 νέσθαι.
193 738 225 764 Οἶ
241 738 272 773 δὴ
285 738 356 770 τότε,
372 737 418 764 καὶ
432 737 520 773 ἕτεροι
536 736 589 764 τῶν
604 737 637 764 τὰ
653 737 722 764 αὐτὰ
736 737 863 774 φρονούν-

71 792 123 810 των
145 783 237 815 αὐτοῖς
262 784 301 815 είς
320 783 479 818 ἐνενήκοντα
502 783 548 808 καὶ
567 782 636 809 ἑπτὰ
653 783 790 815 τελοῦντες
804 784 862 809 ὲπι-

72 828 186 860 σκόπους
211 833 222 847 ι
239 847 246 860 ,
272 828 433 863 πολλαχόθεν
459 829 498 860 είς
521 828 685 863 Ἀντιόχειαν
711 828 859 863 συνῆλθον·

71 872 202 906 προφάσει
225 872 275 907 μὲν
293 871 331 904 ὡς
353 873 399 898 ἐπὶ
417 872 564 908 ἀφιερώσει
591 872 640 907 τῆς
668 872 795 907 νεουργοῦ
817 873 861 898 ὲκ-

72 918 200 954 κλησίας-
218 919 256 951 ὼς
278 919 306 946 δὲ
325 919 355 945 τὸ
374 918 478 945 ἀποϐὰν
493 918 602 950 ἔδειξεν,
619 917 665 944 ὲπὶ
683 918 859 953 μεταποιήσει
876 939 895 966 Β

70 965 122 991 τῶν
138 965 167 991 ὲν
182 964 285 1001 Νικαίᾳ
300 964 443 997 δοξάντων.
461 964 568 998 Ἦγεϊτο
593 963 622 990 δὲ
639 962 789 998 τηνικαῦτα
807 962 857 997 τῆς

76 1009 231 1044 Ἀντιοχέων
244 1009 405 1044 Ἐκκλησίας
433 1009 574 1044 Πλάκητος
589 1008 644 1044 (71)
659 1007 728 1043 μετὰ
750 1007 856 1043 Εὐφρό-

69 1062 131 1080 νιον.
148 1053 278 1089 Πέμπτον
294 1054 322 1081 δὲ
339 1055 397 1086 ἔτος
414 1054 510 1089 ἠνύετο
524 1054 577 1081 ἀπὸ
589 1054 637 1089 τῆς
652 1052 856 1081 Κωνσταντίνου

69 1097 113 1124 τοῦ
131 1098 259 1132 Μεγάλου
272 1098 410 1134 τελευτῆς.
426 1098 503 1125 Ἐπεὶ
519 1098 547 1124 δὲ
559 1098 658 1130 πάντες
673 1099 697 1124 oi
712 1098 856 1125 ἐπίσκοποι

70 1142 209 1178 συνῆλθον,
232 1143 322 1179 παρῆν
342 1144 370 1170 δὲ
394 1144 441 1171 καὶ
465 1144 479 1170 ό
506 1143 630 1178 βασιλεὺς
654 1145 856 1178 Κωνστάντιος,

68 1189 233 1223 ἠγανάκτουν
247 1190 271 1216 οἱ
296 1189 414 1222 πλείους,
439 1190 486 1216 καὶ
511 1190 604 1222 δεινῶς
630 1189 788 1218 Ἀθανάσιον
810 1191 857 1217 E1:-

69 1232 188 1268 ῃτιῶντο,
219 1234 257 1265 ὡς
285 1234 420 1268 ἱερατικὸν
443 1235 603 1270 ὑπεριδόντα
616 1235 725 1270 θεσμὸν,
737 1235 767 1262 ὂν
781 1236 858 1262 αὐτοὶ

69 1278 154 1305 ἔθεντο
174 1285 201 1311 ι,
226 1280 273 1306 καὶ
295 1279 359 1315 πρὶν
376 1280 560 1315 ἐπιτραπῆναι
577 1281 652 1317 παρὰ
671 1281 790 1313 συνόδου,
807 1282 856 1317 τὴν

68 1321 264 1358 ’Δλεξανδρέων
279 1323 443 1359 Ἐκκλησίαν
458 1324 636 1351 ἀπολαϐόντα.
649 1325 697 1352 Ἐκ
711 1325 804 1352 τούτου
817 1326 855 1358 δὲ,

70 1368 113 1394 καὶ
125 1369 240 1396 θανάτου
254 1369 370 1396 πολιτῶν
385 1370 471 1397 αῐτιον
494 1371 574 1397 αὑτὸν
596 1371 697 1405 ἔλεγον,
721 1372 758 1403 ὡς
775 1372 856 1408 ἡνίκα

70 1414 106 1446 εἰς
115 1414 163 1450 τὴν
176 1414 255 1442 πόλιν
276 1414 359 1450 είσῄει
371 1416 490 1447 στάσεως
505 1416 660 1451 κινηθείσης
669 1424 676 1432 ·
697 1415 743 1442 καὶ
752 1417 857 1443 πολλῶν

71 1458 118 1492 μὲν
136 1458 343 1494 ἀναιρεθέντων,
360 1459 413 1485 τῶν
436 1459 464 1485 δὲ
492 1460 675 1496 δικαστηρίοις
695 1460 857 1496 παραδοθέν-

70 1512 129 1531 των.
144 1505 283 1540 Μεγίστης
299 1514 328 1532 τε
343 1505 468 1540 διαϐολῆς
480 1506 532 1532 ὑπὸ
544 1506 671 1533 τοιούτων
685 1507 773 1541 λόγων
786 1506 856 1534 κατὰ

76 1549 228 1577 ’Δθανασίου
255 1550 427 1586 ὑφανθεισης,
453 1551 619 1586 ἐψηφίσαντο
640 1553 787 1588 Γρηγόριον
807 1552 856 1587 τῆς

951 347 1128 377 Athanasium
1142 347 1245 383 quidem
1263 349 1381 383 deposuit
1394 368 1402 379 ,
1427 347 1581 383 Gregorium
1594 354 1654 383 uero
1672 348 1701 373 in

951 386 1008 419 ejus
1023 385 1108 411 locum
1126 381 1273 411 substituit.
1290 381 1358 410 Item
1374 383 1405 409 de
1422 382 1524 419 duabus
1541 381 1603 416 ﬁdei
1622 389 1701 413 expo-

951 418 1102 450 sitionibus,
1118 425 1142 445 et
1154 419 1260 452 quimm
1276 418 1330 444 illis
1347 418 1536 444 consenserint.

951 465 999 492 His
1017 464 1163 496 coniectis,
1182 464 1330 499 imperator
1342 462 1514 490 Antiochiam
1533 461 1619 496 Syrizc
1639 469 1702 495 pcr-

915 511 985 539 rexit
1000 512 1018 538 ί.
1041 510 1093 538 Ubi
1109 518 1171 538 cum
1190 510 1317 537 absoluta
1340 513 1415 537 esset
1436 509 1552 536 ecclesia
1570 508 1700 542 amplitu-

915 556 979 584 dine
993 556 1073 584 simul
1090 563 1123 583 ac
1138 555 1346 589 pulchritudine
1359 555 1507 585 excellens,
1524 560 1604 588 quam
1629 552 1700 579 Con-

915 602 1052 630 stantinus
1063 601 1127 628 dum
1144 600 1170 627 in
1183 600 1253 627 vivis
1269 605 1354 633 esset,
1371 600 1534 626 administro
1550 606 1617 626 usus
1629 597 1700 624 Con-

914 647 1017 674 stantio
1041 646 1108 679 lilio,
1134 645 1272 672 aediﬁcare
1291 649 1426 679 cmperat,
1445 644 1609 672 Eusebianis
1628 643 1699 678 jam-

913 692 1017 727 pridem
1034 692 1086 718 hoc
1111 690 1301 723 molientibus,
1326 693 1511 724 opportunum
1537 689 1563 716 id
1591 694 1698 724 tempus

912 738 1001 764 visum
1015 741 1057 764 est
1071 736 1104 764 ad
1121 736 1256 772 synodum
1267 735 1459 771 colligendam.
1475 735 1521 762 Isti
1537 735 1620 769 igitur
1635 743 1695 761 cum

917 783 978 810 aliis
997 783 1120 817 ejusdem
1144 782 1284 818 opinionis
1301 781 1467 814 fautoribus,
1494 781 1577 808 simul
1603 787 1697 807 omnes

913 831 1016 862 septem
1032 831 1059 855 et
1076 828 1225 863 nonaginta
1241 826 1377 861 episcopi,
1392 825 1477 852 variis
1505 832 1537 852 ex
1557 824 1626 852 locis
1643 825 1699 850 An-

911 874 1039 901 tiochiam
1055 878 1121 901 tunc
1135 873 1268 908 temporis
1283 875 1472 900 convenerunt
1493 880 1499 896 :
1525 869 1616 904 specie
1637 870 1699 904 qui-

910 919 971 946 dem
991 922 1020 946 ut
1038 919 1182 946 ecclesiam
1211 926 1307 945 recens
1330 917 1494 944 aedificatam
1515 915 1696 943 dedicarem:
1728 950 1731 954 ν

911 972 942 991 re
959 964 1019 998 ipsa
1037 968 1138 995 autem,
1157 965 1228 991 sicut
1243 963 1334 990 exitus
1354 961 1519 993 declaravit,
1537 965 1567 988 ut
1588 961 1696 988 decreta
1720 958 1726 963 ’

908 1008 1011 1036 Nicaeni
1031 1008 1142 1035 concilii
1171 1008 1346 1043 abrogarent.
1370 1006 1489 1034 Praeerat
1513 1010 1580 1033 tunc
1596 1005 1693 1032 Antio-

908 1054 1004 1081 chensi
1036 1053 1167 1081 Ecclesia:
1205 1057 1268 1087 post
1304 1052 1495 1087 Euphronium
1535 1050 1692 1078 Flaccillus.

908 1101 1004 1127 Annus
1021 1102 1111 1126 autem
1123 1098 1238 1133 quintus
1250 1098 1413 1125 volvebatur
1427 1098 1461 1124 ab
1475 1097 1551 1124 obitu
1564 1097 1696 1125 Conslan-

914 1145 963 1172 liui
994 1144 1095 1180 Magni.
1127 1144 1195 1171 Cum
1213 1150 1278 1179 ergo
1297 1143 1417 1170 universi
1448 1142 1572 1178 episcopi
1595 1150 1694 1170 conve-

907 1191 1025 1222 nissent,
1056 1194 1083 1218 et
1111 1189 1263 1224 imperator
1279 1188 1337 1222 ipse
1364 1187 1547 1214 Constantius
1572 1186 1694 1218 adesset,

908 1238 1065 1272 complures
1084 1243 1178 1264 eorum
1195 1234 1333 1270 indignari
1353 1237 1508 1268 coeperunt,
1523 1235 1550 1260 et
1570 1232 1694 1260 Athana-

908 1285 980 1312 sium
993 1283 1115 1318 graviter
1129 1288 1272 1312 accusare,
1291 1279 1363 1314 quod
1392 1277 1590 1306 sacerdotalem
1608 1278 1694 1312 legem

908 1336 990 1364 quam
1004 1328 1055 1363 ipsi
1068 1328 1200 1358 tulerant,
1212 1325 1436 1360 contempsisset,
1446 1327 1472 1351 et
1480 1323 1692 1350 Alexandrinam

908 1374 1057 1402 Ecclesiam
1071 1373 1149 1408 prius
1163 1372 1321 1407 recepisset,
1341 1377 1422 1404 quam
1442 1368 1469 1396 id
1494 1368 1546 1403 ipsi
1567 1368 1684 1403 permis-

908 1427 967 1447 sum
986 1418 1083 1446 fuisset
1099 1425 1114 1444 a
1129 1416 1243 1452 synodo.
1258 1414 1336 1442 Unde
1349 1414 1406 1450 98
1420 1417 1448 1441 et
1461 1413 1569 1440 civibus
1581 1420 1691 1439 causam

908 1465 984 1492 necis
1001 1464 1079 1491 illum
1098 1463 1185 1490 fuisse
1209 1461 1350 1492 dicebant,
1380 1462 1527 1495 propterea
1547 1458 1619 1493 quod
1647 1457 1693 1484 illo

909 1511 936 1537 in
955 1509 1049 1537 urbem
1065 1507 1244 1544 ingrediente,
1265 1510 1339 1534 mota
1354 1509 1428 1534 esset
1442 1505 1550 1538 seditio,
1565 1508 1591 1531 et
1606 1504 1683 1530 multi

909 1556 1018 1591 quidem
1041 1554 1189 1586 interiecti,
1216 1561 1269 1580 non
1293 1552 1373 1587 pauci
1404 1558 1470 1578 vero
1502 1550 1535 1578 ad
1563 1550 1690 1585 judicum

75 1593 266 1630 Ἀλεξανδρέων
287 1595 448 1631 Ἐκκλησίας
462 1598 631 1632 προστατᾱν.
649 1597 696 1624 Ἐκ
717 1597 812 1624 τούτου
828 1598 852 1624 δὲ

910 1600 1054 1629 tribunalia
1066 1600 1191 1636 perducti
1205 1598 1333 1626 fuissent.
1343 1596 1507 1632 llujusmodi
1519 1596 1692 1624 sermonibus

73 1639 233 1673 μεταϐάντες
247 1640 287 1672 εἰς
303 1640 352 1675 τὴν
365 1641 429 1676 περὶ
449 1641 496 1667 τοῦ
514 1642 647 1677 δόγματος
661 1642 784 1678 ζήτησιν,
798 1644 854 1674 τοῖς

73 1685 118 1719 μὲν
134 1686 162 1712 ἐν
179 1686 282 1722 Νικαίᾳ
296 1686 402 1718 δόξασιν
416 1687 492 1714 οὐδὲν
511 1684 668 1723 ἐμέμψαντο
679 1697 686 1705 ·
703 1689 854 1724 γράμματα

71 1728 97 1755 δὲ
109 1730 290 1766 διεπέμψαντο
302 1732 357 1764 τοῖς
369 1732 438 1760 κατὰ
458 1733 534 1760 πόλιν
549 1733 717 1768 ἐπισκόποις,
739 1733 780 1766 οἷς
793 1735 854 1768 ὲδή-

72 1774 164 1809 λωσαν,
178 1776 215 1808 ὡς
232 1776 376 1803 ἐπίσκοποι
397 1777 472 1810 ὅντες
487 1778 537 1805 οὐκ
549 1779 733 1814 ἠκολούθησαν
744 1780 852 1815 Ἀρείῳ·

72 1820 126 1852 πῶς
138 1821 191 1857 γὰρ
209 1822 386 1858 πρεσϐυτέρῳ
401 1823 457 1850 ὄντι
470 1832 477 1856 ;
494 1824 656 1860 δοκιμασταὶ
669 1825 696 1851 δὲ
712 1826 852 1860 γενόμενοι
881 1836 883 1838 ·

71 1866 116 1901 τῆς
131 1866 247 1900 πίστεως
271 1867 364 1901 αὑτοῦ,
381 1869 479 1904 μᾶλλον
508 1870 588 1897 αὑτὸν
607 1872 788 1907 προσήκαντο,
807 1880 853 1898 πι-

72 1911 170 1939 στεύειν
191 1913 221 1939 es
248 1914 318 1948 σφᾶς
338 1914 408 1942 κατὰ
429 1915 478 1950 τὴν
501 1916 530 1949 ἐξ
548 1916 635 1952 ἀρχῆς
656 1917 853 1953 παραδοθεῖσαν

72 1956 166 1984 πίστιν.
181 1957 259 1986 Εἶναι
276 1959 305 1986 δὲ
319 1959 421 1994 ταύτην
437 1960 470 1996 ἢν
485 1961 620 1994 ὑπέταξαν
639 1963 672 1998 τῇ
689 1962 777 1989 αὐτῶν
793 1963 853 1989 ἐπι-

104 2035 112 2050 ¹
124 2035 199 2064 Socr.
214 2035 264 2065 lib.
279 2045 314 2070 ιι,
329 2044 354 2064 c.
365 2036 391 2066 8.

907 1654 971 1674 cum
993 1645 1156 1681 gravissima
1193 1644 1327 1671 adversus
1362 1642 1542 1670 Athanasium
1575 1640 1692 1669 conﬂata

907 1695 981 1719 esset
996 1689 1145 1723 calumnia,
1161 1689 1343 1716 decreverunt
1360 1691 1390 1714 ut
1406 1686 1555 1721 Gregorius
1572 1686 1691 1713 Alexan-

906 1736 992 1763 drinae
1007 1734 1138 1762 Ecclesiae
1152 1733 1322 1769 praesideret.
1348 1732 1414 1760 Post
1427 1732 1485 1759 haec
1504 1731 1631 1759 conversi
1656 1731 1701 1758 ad'

905 1781 1084 1816 quaestionem
1099 1779 1133 1807 de
1153 1779 1222 1812 (ide,
1243 1778 1311 1805 nihil
1334 1777 1444 1813 quidem
1462 1777 1488 1803 in
1509 1776 1627 1804 decretis
1642 1774 1692 1802 Ni-

903 1826 971 1854 caani
992 1825 1102 1853 concilii
1130 1824 1382 1859 reprehenderunt.
1407 1822 1526 1849 Litteras
1558 1828 1624 1849 vero
1656 1822 1690 1848 ad

907 1872 1076 1907 singularum
1101 1871 1212 1898 urbium
1236 1869 1383 1904 episcopos
1409 1868 1565 1900 miserunt,
1588 1867 1688 1902 quibus

907 1917 1066 1945 indicabant
1077 1924 1118 1948 se,
1128 1918 1223 1950 utpote
1235 1915 1389 1950 episcopos,
1407 1913 1503 1940 Arium
1515 1920 1688 1947 nequaquam

908 1967 1020 1991 secutos
1034 1970 1106 1991 esse.
1127 1961 1269 1995 Quomodo
1293 1960 1377 1993 enim,
1397 1959 1516 1990 aiebant,
1547 1958 1624 1985 illum
1640 1958 1688 1992 qui

667 2114 799 2141 VALESII
818 2114 1092 2144 ANNOTATIONES.

89 2157 336 2198 "FUIZJtifmtoc.
355 2157 405 2186 Hie
427 2159 745 2198 episcopus__Antiochi:e
770 2159 848 2198 Flac—

73 2192 147 2220 cillus
171 2193 323 2226 dicebatur,
345 2197 374 2220 ut
396 2192 487 2221 notavi
515 2192 547 2222 ad
570 2195 668 2221 librum
693 2195 846 2223 secundum

74 2226 198 2260 Socratis,
213 2229 303 2262 capite
314 2228 341 2255 8.

74 2262 157 2288 solent
178 2263 310 2290 scribere.
334 2262 379 2290 Sic
410 2263 541 2298 palatium
567 2263 749 2292 Flaccillianae
771 2265 844 2299 quod

903 2166 962 2198 erat
973 2162 1223 2198 Constantinopoli,
1236 2161 1264 2189 in
1277 2161 1602 2198 ChronicoAlexandrina
1616 2162 1687 2188 Φλα-

901 2197 1038 2232 κιλλιανοῦ
1051 2195 1182 2224 παλάτιόν
1199 2197 1301 2225 dicitur
1318 2206 1323 2224 :
1349 2195 1602 2232 apudProeopium
1619 2203 1688 2224 vero

355 2227 432 2267 Quod
444 2236 542 2267 nomen
551 2229 636 2267 Graeci
649 2236 710 2267 _c_u_m
728 2229 809 2256 unico
828 2238 845 2267 κ

911 2239 928 2258 ιι
945 2232 1015 2260 libro
1029 2232 1118 2267 primo
1133 2231 1306 2260 Persicorum
1324 2227 1526 2259 Πλακιλλιαναί.

793 2354 970 2383 VARIORUM
975 2376 981 2382 .

106 2399 332 2443 SEre‘rﬁiqorﬂ:
347 2401 395 2427 mi.
410 2401 694 2443 ἑπτὰ-ἑξεᾳςνιᾴποιινςἶ
711 2402 783 2443 idem
809 2406 852 2443 est

910 2411 992 2437 scopo,
1009 2410 1054 2430 aut
1071 2404 1204 2443 episcopus
1219 2403 1349 2443 qsgnodo
1361 2404 1505 2438 depasitus,
1522 2404 1624 2443 nonum!
1638 2405 1691 2431 im—

75 2439 198 2475 numerus
210 2435 410 2475 episcoporum
426 2437 496 2472 apud
526 2437 659 2475 Hilarium
689 2438 715 2464 in
747 2437 849 2475 lib._De

75 2469 184 2509 synodi}.
203 2469 371 2509 Athanasius
388 2469 477 2509 autem
498 2475 526 2499 et
552 2471 680 2500 Socrates
699 2472 848 2506 nonaginta

75 2506 173 2530 tantum
193 2505 356 2532 convenisse
370 2505 490 2533 tradunt.

77 2542 119 2577 ηε
143 2538 189 2571 Ὠς
202 2539 551 2577 -ζεραζικὸνμὺᾳτεριδόντᾳ
572 2542 694 2577 θεσμὸν,
715 2541 751 2568 ὃν
766 2542 850 2568 αὐτοὶ

74 2572 180 2611 ἕρεντο.
202 2572 233 2600 Hi
250 2572 515 2611 episcopiArianam
537 2572 661 2603 haeresim
678 2572 752 2604 intus
773 2583 849 2611 com-

80 2605 156 2645 plexi,
169 2611 196 2634 et
211 2605 303 2634 tamen
324 2605 485 2645 catholicam
502 2618 557 2645 prae
572 2618 602 2638 se
612 2611 765 2638 doctrinam
778 2610 851 2638 ferre

76 2640 202 2673 volentes,
220 2649 347 2678 canones
364 2640 511 2678 quosdam.
523 2648 599 2671 tanto
628 2645 742 2672 artiﬁcio
757 2645 851 2672 edide-

76 2679 145 2714 runt,
160 2681 189 2702 ut
207 2676 391 2714 Athanasium
416 2678 525 2714 quidem
550 2679 674 2712 aliosque
693 2679 850 2714 Catholicos

76 2706 194 2745 ferirent,
207 2711 274 2745 ipsis
287 2712 393 2739 interim
408 2706 501 2740 eorum
514 2706 725 2741 fabricatoribus
735 2713 851 2740 Nicaeum

77 2744 176 2784 synodo
199 2744 336 2773 adhaerere
361 2747 438 2784 visis.
464 2747 496 2773 Hi
521 2752 597 2784 s_unt_
612 2748 747 2784 praecipue
769 2747 851 2782 hujus

77 2779 167 2817 synodi
180 2787 300 2819 canones
314 2781 474 2819 undecimus
484 2786 511 2809 et
526 2779 720 2819 duode'cimus:
734 2779 850 2819 quorum

79 2816 147 2852 prior
159 2816 304 2852 episcopos
321 2816 380 2842 sine
404 2817 608 2852 metropolitani
626 2821 653 2844 et
677 2816 850 2851 comprovin-

78 2847 182 2888 cialium
201 2847 392 2888 episcoporum
403 2847 511 2888 litteris
522 2847 762 2888 adimperatorein
778 2852 852 2888 adire

79 2884 178 2921 vetans,
192 2884 264 2910 viam
278 2885 420 2921 posteriori
443 2885 587 2912 condendo
608 2884 714 2918 Stravit,
732 2893 786 2921 quo
803 2886 851 2912 dc-

79 2920 176 2944 crctum
193 2921 245 2951 est,
265 2924 291 2945 ut
306 2919 440 2954 presbyter
455 2921 491 2947 rel
504 2920 630 2948 diaconus
644 2929 658 2947 (ι
673 2919 778 2955 proprio
797 2922 850 2954 epi-

903 2443 1062 2472 peralorem,
1079 2438 1123 2465 sed
1136 2438 1170 2464 ad
1187 2438 1272 2472 majus
1292 2439 1476 2473 episcoporum
1498 2439 1637 2466 concilium
1657 2447 1686 2466 se

903 2478 1048 2505 convertat,
1063 2473 1230 2508 ejusdemque
1251 2473 1349 2505 iudicio
1373 2473 1539 2508 subjiciatur.
1570 2474 1646 2505 Quod
1660 2475 1684 2500 si

903 2507 961 2541 quis
979 2507 1014 2548 ad
1029 2508 1394 2548 imperatoremconﬂigerit,
1420 2509 1444 2534 is
1463 2508 1537 2534 nulla
1551 2509 1624 2548 uenia

903 2549 969 2575 gnua
990 2542 1135 2577 habeatur.
1156 2542 1229 2569 Nihil
1251 2542 1324 2569 dubii
1348 2550 1412 2570 esse
1435 2546 1536 2577 potest,
1554 2543 1619 2576 quin
1639 2542 1686 2569 hie

903 2583 991 2603 canon
1010 2581 1106 2604 contra
1126 2576 1154 2604 S.
1171 2577 1349 2604 Athanasium
1364 2585 1413 2610 per
1434 2576 1537 2605 litteras
1566 2577 1683 2610 impera-

903 2611 987 2647 torias
1005 2611 1066 2639 sine
1083 2611 1207 2647 synodali
1224 2611 1333 2647 decreto
1344 2611 1403 2647 sedi
1417 2619 1474 2639 suae
1489 2612 1687 2647 Alexandrinae-

902 2646 1072 2678 restitutum,
1089 2645 1216 2673 conditus
1232 2646 1322 2674 fuerit.
1349 2645 1418 2673 Hinc
1436 2654 1496 2673 cum
1514 2645 1546 2672 Ι).
1562 2645 1682 2680 Chryso-

903 2683 990 2715 stonio
1016 2681 1082 2708 vitio
1105 2684 1268 2712 verteretur,
1296 2681 1368 2715 quod
1391 2685 1453 2715 post
1472 2680 1679 2715 depositionem,

904 2714 1008 2749 absque
1022 2716 1134 2749 majoris
1146 2715 1242 2750 synodi
1254 2714 1486 2750 auctoritate,suo
1503 2714 1590 2748 ipsius
1605 2714 1680 2740 arbi-

903 2750 954 2775 trio
969 2750 997 2776 in
1025 2749 1207 2784 episcopalem
1229 2750 1322 2777 sedem
1346 2749 1499 2780 invasisset,
1529 2751 1624 2775 contra
1649 2755 1682 2784 ac

902 2782 1073 2811 Antiocheno
1086 2782 1137 2811 hoc
1152 2791 1256 2811 canone
1271 2788 1402 2811 statutum
1419 2784 1524 2816 fuerat;
1540 2782 1687 2817 respondit.-

903 2818 958 2850 ille,
983 2819 1065 2845 istum
1083 2826 1136 2846 non
1149 2818 1278 2846 Etclesiaz
1287 2818 1438 2850 catholica},
1454 2818 1503 2845 sed
1516 2818 1685 2844 Arianorum

903 2860 964 2879 esse
980 2860 1121 2880 canoncm.
1143 2853 1234 2883 Socr.,
1251 2853 1298 2880 lib.
1314 2861 1352 2884 νι,
1365 2860 1426 2886 cap.
1442 2852 1485 2879 l8.
1509 2852 1580 2879 Guil.
1598 2851 1683 2886 Beve»

903 2887 994 2921 regius
1011 2888 1037 2914 in
1051 2887 1146 2914 Codice
1156 2896 1286 2914 εηηοιιιιηι
1298 2885 1421 2914 Εεσίθδὶὶυ
1435 2887 1576 2920 primitiae:
1590 2885 1680 2914 vindie-

903 2926 972 2955 catn,
992 2922 1037 2949 lib.
1055 2929 1074 2955 I,
1088 2930 1146 2957 cap.
1161 2922 1187 2955 4,
1201 2930 1228 2949 n.
1243 2922 1268 2948 9.
