1898 3075
218 176 286 205 1047

218 236 385 264 familiarem
405 244 498 269 suum,
526 244 556 264 se
572 235 700 263 contulit.
720 235 770 263 Hic
793 242 849 263 una
866 243 931 263 cum
955 237 1003 264 illo
1018 240 1040 267 Α

217 281 359 317 profectus
378 281 550 309 Antiochiam
572 280 606 307 ad
621 280 781 308 Flaccillum
797 285 824 308 et
840 280 1003 309 Narcissum

184 351 188 364 ι
216 329 375 364 episcopos,
391 327 508 363 perfecit
521 331 551 354 ut
563 326 683 354 Emisam
700 331 897 355 reverteretur.
915 327 1004 355 Caete-

217 383 279 402 rum
295 374 460 402 Constantio
482 373 644 408 imperatori
671 377 766 408 gratus
779 372 832 400 fuit
856 373 1002 409 imprimis.

217 419 299 446 Certe
317 417 539 452 quotiescunque
561 417 742 445 Constantius
753 417 858 445 bellum
876 417 1004 446 illaturus

216 468 275 490 erat
292 462 395 495 Persis,
417 470 513 490 secum
533 462 610 490 illum
627 462 793 490 deducebat.
821 463 906 490 Aiunt
929 463 1002 491 enim

216 509 301 536 multa
317 516 366 544 per
381 509 460 536 illum
475 516 491 535 a
505 508 560 536 Deo
579 508 650 536 facta
663 516 726 536 esse
742 509 889 541 miracula,
907 517 1003 544 quem-

215 554 363 581 admodum
379 557 497 581 testatur
518 553 654 589 Georgius
674 553 859 585 Laodicenus,
877 554 924 590 qui
944 558 1001 582 tum

215 601 278 632 ista,
293 603 350 626 tum
365 599 418 626 alia
432 599 551 634 plurima
564 599 600 628 de
613 599 661 628 illo
674 604 885 628 commemorat.
900 600 1001 628 Verum

215 645 342 679 quamvis
364 645 428 672 tatis
443 649 594 680 tantusque
619 645 661 672 vir
685 650 770 679 esset,
797 653 892 674 eorum
909 650 1001 674 tamen

215 690 346 717 invidiam
369 697 426 718 non
445 689 550 725 effugit,
570 690 618 726 qui
642 691 759 718 aliorum
784 692 932 720 virtutibus
958 693 1001 719 uri

215 735 315 763 solent.
332 734 401 763 Nam
422 740 450 763 et
463 735 522 770 ipse
541 737 718 765 insimulatus
733 741 786 769 est,
805 738 879 772 quod
893 738 1002 773 opinio-

214 789 276 808 nem
295 781 409 809 Sabellii
422 785 584 810 sectaretur.
600 781 679 810 Tunc
693 786 784 810 autem
807 784 940 818 temporis
953 791 1001 811 ea-

213 828 275 855 dem
294 835 356 855 cum
369 828 511 863 episcopis
527 829 573 863 qui
590 829 742 856 Antiochiae
757 833 944 857 convenerant
958 829 1001 856 de-

214 873 312 901 crevit.
321 873 454 901 Maximus
462 881 528 901 vero
538 873 789 910 Hierosolymorum
809 875 956 909 episcopus
967 874 1001 902 de

213 920 351 948 industria
366 920 488 948 abfuisse
510 920 613 947 dicitur
634 907 672 948 ab
693 920 746 947 hoc
771 907 889 947 concilio
900 907 914 952 ,’
936 927 1000 947 cum
1016 907 1037 934 Β

213 967 304 1002 ipsum
320 967 479 1002 paeniteret,
492 966 564 1001 quod
579 971 658 993 antea
674 966 702 993 in
718 965 844 993 fraudem
856 965 999 997 inductus,

213 1013 248 1040 iis
277 1013 324 1048 qui
345 1013 525 1040 Athanasium
548 1012 744 1047 deposuerant,
766 1011 998 1040 consensisset‘.

214 1059 268 1086 Sed
284 1067 373 1094 neque
395 1059 527 1086 Romana:
541 1059 618 1086 urbis
639 1059 798 1094 episcopus,
822 1065 912 1093 neque
927 1057 1000 1085 alius

213 1103 361 1138 quispiam,
371 1103 429 1131 sive
440 1111 473 1130 ex
483 1102 572 1135 Italia,
582 1103 639 1131 sive
651 1110 683 1130 ex
695 1103 846 1138 provinciis
859 1103 930 1130 ultra
945 1102 1000 1129 Ita-

213 1147 276 1174 liam
294 1147 366 1180 sitis,
383 1147 448 1174 !iuic
463 1147 569 1183 synodo
580 1148 718 1175 interfuit.
734 1147 787 1174 Per
803 1147 874 1175 idem
891 1152 1000 1182 tempus

211 1201 272 1220 cum
285 1193 313 1221 in
333 1192 493 1221 Occidentis
508 1193 621 1228 quidem
639 1193 766 1228 partibus
779 1193 879 1221 Franci
895 1193 999 1221 Gallias

211 1241 354 1265 vastarent
369 1246 375 1264 :
393 1237 516 1266 Orientis
531 1242 620 1265 autem
643 1238 801 1273 provinciae,
818 1246 850 1266 ac
864 1239 1000 1273 praecipue

212 1281 277 1309 urbs
288 1281 436 1309 Antiochia
447 1285 510 1315 post
524 1282 674 1309 concilium
696 1282 733 1309 ibi
752 1281 922 1309 celebratum
937 1289 1000 1317 gra.

210 1326 333 1354 vissimis
353 1330 435 1354 terra:
457 1327 579 1354 motibus
604 1330 824 1362 quassarentur:
849 1326 999 1362 Gregorius

210 1371 405 1399 Alexandriam
432 1371 508 1399 venit
532 1380 596 1400 cum
622 1372 725 1407 ingenti
751 1372 869 1399 militum
898 1380 998 1405 manu;

210 1418 313 1452 quibus
330 1418 489 1446 mandatum
515 1422 586 1450 erat,
609 1422 639 1445 ut
660 1423 788 1453 pacatum
803 1419 842 1446 illi
859 1426 892 1447 ac
911 1423 998 1447 tutum

211 1464 239 1490 in
254 1463 350 1490 urbem
371 1463 516 1490 introitum
530 1467 703 1498 praestarent.
721 1463 770 1492 liis
785 1464 909 1492 subsidio
921 1470 1000 1493 erant

211 1507 294 1534 etiam
309 1507 414 1540 Ariani,
433 1512 491 1535 tum
511 1509 546 1536 ad
561 1515 622 1536 eam
644 1516 701 1536 rem
716 1508 924 1544 perﬁciendam,
940 1514 999 1538 tum

211 1558 241 1580 ut
254 1554 436 1582 Athanasium
454 1555 522 1582 urbe
541 1555 710 1590 expellerent
731 1557 752 1582 ².
770 1556 805 1582 At
822 1556 869 1584 ille
882 1556 998 1584 vereba-
1013 1569 1036 1600 ο

210 1603 266 1632 tur,
281 1607 316 1627 ne
329 1600 448 1635 populus
469 1601 558 1636 ipsius
579 1607 664 1628 causa
681 1600 819 1636 quidpiam
841 1601 907 1628 mali
922 1606 999 1636 pate-

211 1648 299 1672 retur.
315 1645 401 1673 Nocte
416 1645 501 1680 igitur
517 1646 682 1673 adventante
701 1645 845 1673 collectam
865 1646 892 1672 in
909 1646 997 1674 eccle-

211 1687 253 1716 sia
268 1690 428 1719 celebravit.
444 1691 570 1726 Cumque
583 1691 640 1727 jam
666 1692 768 1720 milites
784 1692 932 1720 ecclesiam
946 1699 994 1720 oc-

946 176 1117 206 SOZOSlENl

1054 235 1143 261 τεύειν
1156 234 1278 269 ἔμελλεν,
1304 235 1386 262 αὐτὸν
1408 235 1535 270 ἐπήγετο.
1559 236 1677 270 Λέγεται
1694 235 1753 270 γὰρ
1767 237 1852 264 πολλὰ

1055 280 1089 307 δι’
1113 280 1195 307 αὑτοῦ
1218 281 1462 316 θαυματουργῆσαι
1487 281 1519 307 τὸ
1534 281 1632 314 Θεῖον,
1657 281 1697 313 ὡς
1715 285 1852 317 μαρτυρεῖ

1055 325 1190 361 Γεὼργιος
1206 327 1221 353 ὁ
1236 326 1383 358 Λαοδικεὺς
1393 346 1400 358 ,
1425 325 1511 353 ταῦτα
1526 326 1573 353 καὶ
1586 327 1670 362 ἔτερα
1686 327 1754 362 περὶ
1768 327 1851 354 αὐτοῦ

1053 371 1206 404 διεξελθών.
1229 371 1297 398 Ἀλλ’
1319 372 1334 398 ὁ
1349 371 1399 406 μὲν
1416 371 1517 407 καίπερ
1537 371 1659 404 τοιοῦτος
1678 371 1730 403 ὢν,
1756 372 1788 398 οὐ
1814 373 1851 398 δι-

1054 417 1139 451 έφυγε
1151 418 1196 444 τὸν
1212 417 1308 452 φθόνον
1323 417 1378 444 τῶν
1398 418 1525 445 ἀνιᾶσθαι
1545 418 1708 452 πεφυκότων
1729 419 1778 445 ἐπὶ
1793 420 1851 450 sui;

1054 463 1141 490 ἄλλων
1157 463 1278 498 ἀρεταῖς.
1300 463 1446 498 ’Υπέμεινε
1461 464 1489 490 δὲ
1511 464 1559 490 καὶ
1573 464 1655 496 αὐτὸς
1677 464 1800 499 μέμψιν,
1815 464 1851 496 ὡς

1053 508 1088 535 τὰ
1103 508 1246 536 Σαὸελλίου
1259 509 1376 545 φρονῶν.
1397 509 1442 536 Ἐν
1455 509 1484 536 δὲ
1495 509 1534 545 τῷ
1549 509 1597 536 νῦν
1611 511 1647 536 τὰ
1659 510 1735 536 αὐτὰ
1747 511 1808 540 τοῖς
1823 511 1850 535 ὲν

1059 555 1208 591 Ἀντιοχείᾳ
1228 554 1400 582 συνελθοῦσιν
1420 554 1583 590 ἐψηφίσατο.
1606 555 1738 590 Μάξιμον
1757 555 1850 590 μέντοι

1053 601 1098 627 τὸν
1121 601 1316 637 Ἱεροσολύμων
1330 600 1490 632 ἐπίσκοπον,
1511 600 1636 635 ἐπίτηδες
1655 600 1770 634 λέγεται
1786 601 1849 627 ταύ-

1052 655 1102 681 την
1116 647 1268 680 ἀποφυγεῖν
1287 646 1336 681 τὴν
1359 646 1478 678 σύνοδον,
1502 645 1728 681 μεταμεληθέντα
1753 644 1848 671 καθότι

1052 691 1214 727 ἀπατηθεὶς,
1232 691 1377 727 σύμψηφος
1389 691 1498 726 ἐγένετο
1513 692 1570 722 τοῖς
1589 691 1754 717 Ἀθανάσιον
1782 689 1847 716 καθ-

1052 738 1168 765 ελοῦσιν,
1186 738 1224 765 οὐ
1239 738 1292 773 μὴν
1304 737 1392 767 οὐδὲιὸ
1404 737 1449 764 τὸν
1463 737 1606 772 Ῥωμαίων
1621 736 1725 763 διέπων
1741 735 1845 770 θρόνον,

1051 782 1115 809 οὑδὲ
1127 782 1182 809 τῶν
1198 781 1291 809 ἄλλων
1306 780 1424 813 Ἰταλῶν,
1448 782 1465 817 ἢ
1480 781 1533 808 τῶν
1548 781 1677 807 ἐπέκεινα
1699 780 1847 814 Ῥωμαίων

1052 829 1138 860 οὐδεὶς
1160 828 1254 855 ἐνθάδε
1271 827 1410 863 συνῆλθεν.
1426 827 1470 854 Ἐν
1484 827 1572 861 τούτῳ
1584 827 1624 860 δὲ,
1645 826 1786 861 Φράγκων
1801 826 1847 860 μὲν

1051 874 1116 906 τοὺς
1130 873 1197 910 πρὸς
1212 873 1287 900 δύσιν
1305 873 1428 904 Γαλάτας
1439 872 1574 908 δῃούντων
1587 880 1594 886 ·
1614 872 1666 907 τῆς
1680 871 1711 898 δὲ
1726 871 1800 906 πρὸς
1812 871 1848 897 ἔω

1051 920 1204 956 ἀρχομένης
1220 919 1273 946 ὑπὸ
1291 919 1427 954 μεγίστων
1440 917 1558 953 σεισμῶν
1573 916 1788 952 τινασσομένης,
1800 916 1847 942 καὶ

1052 965 1169 1000 μάλιστα
1189 966 1238 1000 τῆς
1269 965 1427 1000 Ἀντιοχέων
1455 963 1559 993 πόλεως
1582 963 1651 998 μετὰ
1674 962 1726 997 τὴν
1750 961 1847 988 ἐνθάδε

1051 1011 1168 1043 σύνοδον,
1180 1007 1231 1046 ἧκε
1244 1010 1392 1046 Γρηγόριος
1407 1010 1447 1041 είς
1466 1008 1667 1044 Ἀλεξάνδρειαν
1680 1008 1731 1034 σὺν
1745 1006 1847 1041 πλήθει

1051 1056 1225 1093 στρατιωτῶν
1236 1061 1263 1089 ο,
1287 1056 1312 1082 οἳ
1334 1056 1458 1091 προνοεῖν
1483 1053 1730 1089 προσετάχθησαν.
1758 1053 1800 1083 ὼς
1815 1052 1847 1078 ἄν

1050 1102 1231 1133 ἀστασίαστος
1254 1101 1302 1128 καὶ
1321 1100 1447 1135 ἀσφαλὴς
1463 1097 1538 1134 αὐτῷ
1557 1099 1574 1133 ὴ
1597 1098 1700 1129 εἴσοδος
1724 1097 1846 1131 γένοιτο.

1051 1147 1286 1182 Συνελαμσάνοντο
1308 1146 1336 1173 δὲ
1361 1146 1452 1176 αὐτοῖς
1474 1145 1522 1171 καὶ
1546 1145 1571 1170 οἱ
1586 1144 1620 1170 τὰ
1641 1143 1749 1179 Ἀρείου
1778 1151 1846 1177 φρο-

1051 1192 1159 1224 νοῦντες
1180 1192 1244 1226 περί
1259 1200 1288 1218 τε
1305 1191 1404 1223 ταῦτα,
1419 1191 1467 1217 καὶ
1481 1191 1555 1221 ὅπως
1572 1189 1732 1216 Ἀθανάσιον
1753 1188 1847 1220 ἐξελά-

1052 1245 1144 1264 σωσιν.
1165 1237 1194 1264 '0
1210 1237 1238 1263 δὲ
1254 1236 1358 1269 ἐδεδίει,
1374 1236 1411 1271 μή
1427 1245 1453 1263 τι
1474 1235 1507 1262 δι’
1524 1234 1606 1261 αὑτὸν
1627 1235 1642 1260 ὁ
1656 1233 1721 1265 λαὸς
1750 1232 1845 1259 πάθοι.

1051 1283 1106 1309 Καὶ
1122 1282 1172 1317 τῆς
1188 1282 1284 1313 νυκτὸς
1311 1281 1493 1316 ἐπιλαϐούσης
1513 1279 1694 1315 ὲκχλησίαζεν
1707 1286 1715 1294 ·
1741 1279 1797 1314 ἤδη
1818 1286 1847 1304 τε

1050 1328 1104 1355 τῶν
1120 1328 1294 1363 στρατιωτῶν
1313 1326 1522 1355 καταλαῦόντων
1538 1326 1588 1360 τὴν
1603 1324 1757 1359 ἐκκλησίαν
1778 1323 1847 1358 (7-5),

1050 1373 1133 1410 εὐχὴν
1144 1373 1320 1406 ἀποτελέσας,
1336 1374 1467 1409 πρότερον
1478 1372 1585 1407 ψαλμὸν
1597 1370 1714 1406 ῥηθῆναι
1727 1377 1848 1404 παρεκε-

1050 1420 1172 1446 λεύσατο.
1187 1419 1335 1455 Συμφὼνου
1350 1419 1377 1446 δὲ
1394 1420 1443 1454 τῆς
1457 1417 1617 1453 ψαλμῳδίας
1636 1416 1805 1451 γενομένης,
1823 1415 1848 1440 οἱ

1051 1465 1216 1500 στρατιῶται
1231 1465 1299 1496 τέως
1313 1464 1457 1500 ἡσύχαζον,
1474 1464 1512 1496 ὡς
1525 1464 1574 1490 οὐκ
1590 1461 1721 1497 εὔκαιρον
1737 1460 1772 1487 ὃν
1786 1461 1847 1486 €12:-

1051 1509 1146 1537 θέσθαι
1159 1510 1228 1536 τότε.
1249 1510 1294 1538 Ἐν
1305 1510 1392 1544 τούτῳ
1410 1509 1438 1536 δὲ
1456 1509 1547 1540 διαδὺς
1563 1508 1615 1535 ὑπὸ
1637 1508 1702 1539 τοὺς
1725 1506 1847 1541 ψάλλον-

1051 1565 1110 1588 τας,
1125 1556 1218 1583 ἔλαθεν
1235 1555 1361 1589 ἐξελθὼν,
1379 1557 1426 1583 καὶ
1449 1557 1488 1587 είς
1515 1556 1564 1591 τὴν
1588 1553 1700 1589 Ῥώμην
1725 1552 1845 1588 ἀνήχθη.

1052 1601 1201 1637 Γρηγόριος
1215 1602 1244 1629 δὲ
1263 1602 1318 1629 τῶν
1337 1602 1532 1637 Ἀλεξανδρέων
1558 1600 1674 1634 κατέσχε
1692 1598 1793 1634 θρόνον
1806 1606 1814 1612 ·
1835 1599 1848 1623 ὁ

1050 1647 1079 1674 δὲ
1091 1647 1154 1679 λαὸς
1165 1647 1330 1683 χαλεπήνας,
1343 1647 1393 1684 τὴν
1406 1647 1495 1674 ἔπώνυ
1500 1656 1549 1683 μον
1564 1645 1705 1673 Διονυσίου
1720 1644 1772 1671 τοῦ
1785 1643 1847 1679 τῇδε

1049 1694 1284 1729 ὲπισκοπήσαντος
1300 1693 1449 1729 ἐκκλησίαν
1465 1693 1629 1729 ἐνέπρησαν.

211 1741 372 1770 eupassent,
387 1736 446 1771 ipse
465 1737 602 1773 completa
621 1738 750 1766 oratione
764 1738 899 1773 psalmum
915 1739 995 1773 prius
1015 1740 1126 1767 recitari
1139 1740 1234 1775 jussit.
1258 1739 1326 1767 Dum
1348 1741 1470 1774 psalmus
1493 1739 1528 1767 ab
1561 1739 1695 1766 omnibus
1729 1744 1847 1765 canere-

210 1786 266 1814 tur,
293 1782 394 1811 milites
419 1783 523 1811 interea
548 1784 739 1819 quiescebant,
784 1784 1008 1819 intempestivum
1028 1785 1080 1813 rati
1096 1793 1130 1813 eo
1160 1790 1284 1820 tempore
1300 1786 1432 1821 impetum
1455 1785 1557 1813 facere.
1576 1784 1658 1812 Tunc
1675 1791 1748 1812 vero
1763 1783 1847 1810 Atha-

209 1828 304 1857 nasius
326 1837 377 1864 per
393 1829 510 1857 mediam
534 1830 708 1865 psallentium
729 1832 838 1859 turbam
865 1833 993 1860 occultus
1010 1832 1112 1866 evasit,
1130 1836 1158 1859 et
1174 1831 1289 1859 Romam
1328 1832 1436 1868 navigio
1461 1831 1571 1860 delatus
1591 1835 1645 1859 est.
1681 1830 1748 1864 Quo
1776 1829 1846 1856 facto

209 1874 359 1911 Gregorius
381 1876 597 1907 Alexandrinam
617 1877 711 1905 sedem
729 1877 859 1906 obtinuit.
875 1878 996 1914 Populus
1015 1886 1081 1906 vero
1105 1878 1299 1914 indignatione
1332 1882 1502 1911 commotus,
1542 1877 1692 1906 ecclesiam
1724 1875 1846 1912 Dionysii

208 1921 346 1957 quondam
364 1922 438 1950 illius
451 1922 530 1951 urbis
544 1923 678 1959 episcopi,
691 1924 803 1952 nomine
819 1920 993 1960 appellatam,
1013 1924 1142 1953 incendio
1154 1925 1337 1960 consumpsit.
1700 1931 1704 1935 ‘

247 2012 256 2027 ¹
269 2011 348 2040 Socr.
364 2012 411 2041 lib.
426 2020 446 2048 ι,
462 2020 487 2040 c.
505 2011 532 2039 8.
569 2013 580 2028 ³
596 2012 674 2041 Socr.
689 2012 737 2040 lib.
755 2021 785 2046 ιι,
807 2021 832 2040 c.
849 2013 892 2041 Η.

789 2089 924 2118 VALESH
943 2089 1217 2118 ANNOTATIONES.

245 2178 300 2213 (τι)
327 2179 402 2212 ’Ἠδη
424 2186 456 2204 τε
477 2177 536 2214 τῷν
555 2178 756 2214 στρατιωτῶνῗ
768 2179 998 2206 καταλαϐόντων

1050 2178 1122 2206 facta
1142 2183 1222 2214 sunt,
1236 2178 1283 2206 sed
1299 2178 1328 2205 in
1351 2177 1519 2214 ὲνθρονισμῷ
1538 2177 1662 2214 Georgii.
1691 2177 1764 2206 Vide
1787 2184 1843 2213 qua

207 2211 265 2249 thir-
285 2213 463 2247 ἐκκλησίαν.
491 2211 555 2240 Haec
584 2211 639 2241 non
669 2213 698 2241 in
725 2213 843 2241 adventu
871 2214 996 2249 Gregorii

1049 2214 1141 2241 notavi
1159 2214 1191 2240 ad
1209 2213 1348 2241 Socratem
1363 2212 1478 2240 in'libro
1494 2220 1523 2245 η,
1538 2219 1600 2247 cap.
1614 2212 1660 2239 t0.

928 2301 1080 2332 VARIORU
1084 2302 1108 2329 M
1113 2323 1119 2328 .

246 2396 259 2410 ε
286 2386 357 2417 Ἦχε
391 2389 559 2424 Γρηγόριος
587 2391 630 2422 εἰς
675 2390 902 2424 Ἀλεξάνδρειαν
937 2390 998 2417 σὺν

209 2423 531 2466 ᾳρήθειὶοςτραζιωτᾶζν.
547 2423 585 2451 De
607 2425 762 2466 trtiCuleiita
780 2423 905 2466 Gregorii
923 2425 996 2453 sedis

208 2458 403 2487 Alciaudrina:
418 2459 571 2490 invasione.
585 2460 724 2494 quomodo
740 2458 898 2487 incendium
912 2468 996 2494 passa

208 2499 251 2522 cst
267 2494 396 2525 ecclesia,
415 2493 535 2529 virgines
551 2493 704 2527 denudatze,
731 2495 859 2522 monachi
884 2493 996 2522 concul-

209 2529 276 2558 cati.
293 2529 460 2564 presbyteri,
474 2533 502 2556 et
516 2536 548 2564 ex
564 2529 664 2564 populo
678 2530 756 2556 multi
772 2530 858 2564 plagis
871 2530 994 2560 lacerati,

211 2563 342 2598 mysteria
369 2564 483 2597 violata,
506 2563 653 2591 videantur
678 2563 852 2591 verha’Julii
879 2564 995 2591 Romani

211 2597 283 2632 apud
297 2597 489 2629 Athanasium.
508 2599 646 2633 Apologet.
661 2599 891 2632 contraArianos,
907 2608 934 2626 n.
951 2600 995 2632 50,

211 2637 239 2660 et
255 2633 342 2667 ipsius
355 2633 498 2661 Athanasii
515 2634 631 2669 epistola
646 2635 796 2669 cncyclica,
812 2642 904 2670 quam,
922 2638 996 2669 post-

1048 2398 1130 2425 quam
1147 2397 1177 2417 se
1189 2397 1222 2418 ex
1239 2390 1337 2418 insano
1362 2390 1478 2417 militum
1504 2391 1625 2425 tumultu
1642 2389 1838 2425 proripuisset,

1048 2424 1082 2460 ad
1105 2432 1200 2460 omnes
1226 2425 1371 2460 episcopos
1400 2425 1433 2452 de
1460 2432 1556 2460 eorum
1578 2424 1698 2460 ﬂagitiis
1718 2424 1837 2460 scripsit.

1048 2459 1122 2487 Duas
1151 2459 1238 2487 fuisse
1270 2459 1400 2487 Ecclesiae
1435 2459 1630 2486 Alexandrina
1669 2459 1836 2490 invasiones.

1047 2495 1162 2529 primam
1179 2502 1194 2521 a
1214 2494 1361 2529 Gregorio.
1379 2494 1531 2521 secundam
1552 2500 1573 2529 a7
1587 2493 1712 2528 Georgio
1731 2495 1836 2524 factam.

1047 2528 1198 2564 mitiusque
1217 2528 1308 2564 actum
1322 2536 1384 2556 cum
1398 2528 1593 2564 Alexandrinis
1606 2529 1728 2564 quando
1741 2529 1836 2563 Grego-

1046 2564 1105 2591 rius
1122 2563 1262 2592 ineorum
1285 2563 1438 2591 Ecclesiam
1465 2571 1494 2591 se
1513 2563 1643 2598 intrusit,
1666 2570 1754 2598 quam
1779 2570 1834 2589 cum

1050 2598 1204 2660 Gcoggius,
1237 2599 1336 2627 asserit
1361 2599 1424 2626 Ant.
1452 2598 1537 2633 Pagi,
1571 2597 1606 2626 ad
1640 2605 1752 2626 annum
1777 2597 1833 2629 SH,

1051 2641 1080 2660 ll'
1144 2655 1149 2660 .

1051 2641 1080 2660 ll'
1105 2641 1149 2661 Ou).
