1898 3075
13 145 98 174 ’049

349 204 477 232 ΚΕΦΑΛ.
502 206 539 232 Ζ’.

13 247 96 280 Ίερὶ
114 248 191 285 τῶν
205 248 240 276 ἐν
257 249 351 284 Ῥώμῃ
375 250 424 277 καὶ
439 249 498 277 τῶν
513 250 672 285 ἀρχιερέων
692 251 747 284 τῆς
761 253 837 278 Κων-

45 284 247 319 (ῖταντίνου
261 293 268 299 ·
293 284 334 317 ὡς
352 285 428 319 μετὰ
444 284 591 312 Εὐσέϐιον
608 284 701 312 πάλιν
718 286 837 319 Παῦλος

48 318 276 354 ἀποκατέστη
295 327 302 334 ·
328 318 377 346 καὶ
407 320 473 354 περὶ
501 319 555 354 τῆς
585 320 764 354 ἀναιρέσεως
784 321 836 348 τοῦ

47 353 292 394 (ζτρατηξάτου
300 354 504 394 ζΕρμογένουςι
515 355 564 394 καὶ
574 355 613 394 ᾡς
619 353 655 385 ἐξ
663 355 837 394 Ἀντιοχείας

49 388 167 424 iier
187 388 393 424 qurdrttoc
414 389 468 415 τόν
484 398 516 416 τε
531 390 653 416 Παῦλον
664 388 835 424 μεθίστησι,

51 422 118 458 κᾳὶ
139 423 225 458 πρὸς
239 422 295 456 τὴν
309 423 399 450 πόλιν
413 424 538 458 ὀργίλως
555 422 723 456 διατίθεται,
737 422 837 457 καίὼς

48 456 167 483 εἴασε
184 457 236 494 τρν
253 456 439 494 ίιῖακιῖδόνιον⁸
453 456 631 492 ἀμφιϐόλως,
653 459 700 485 καί
726 456 837 494 ἀνεχώὲ

49 498 156 524 ρησε
175 491 268 518 πάλιν
285 493 329 525 εἰς
351 491 537 527 Ἀντιόχειαν.

52 532 136 562 Ψιὶιδε
159 535 214 570 μέν
228 536 284 567 τοῖς
309 535 363 563 ἀπὸ
385 536 435 571 τῆς
456 537 580 569 ἐναντίας
594 537 728 573 αἱρέσεως
740 538 774 564 τὰ
790 538 836 572 βε-

13 580 130 607 δουλευ
137 580 214 615 μένα
235 579 398 615 κατώρθωτο
412 599 419 613 ,
444 581 643 616 καθῃρημένων
661 582 715 609 τῶν
733 583 835 620 σπουδῇ

13 625 256 661 προϊσταμένων
270 625 322 652 ἀνὰ
334 625 383 661 τὴν
402 626 439 652 ἕω
453 626 500 653 τοῦ
516 627 544 652 ὲν
557 627 659 662 Νικαίᾳ
676 627 838 662 βεϐαιωθένο

13 678 66 701 τος
83 669 250 705 δόγματος.
266 670 550 706 Προκατειλημμένων
570 680 599 698 τε
623 672 677 699 τῶν
702 673 837 709 ἐπισημο-

14 716 126 742 τάτων
154 715 281 751 θρόνων,
310 716 514 752 Ἀλεξανδρείας
535 717 585 752 τῆς
604 718 664 744 κατ’
688 718 836 753 Αἴγυπτον,

14 762 73 789 καὶ
92 761 275 797 Ἀντιοχείας
286 762 337 797 τῆς
351 763 379 789 ἐν
395 763 491 798 Συρίᾳ,
504 763 610 798 καὶτῆς
625 765 700 799 παρὰ
714 764 759 791 τὸν
780 766 837 792 Ἐλ-

16 807 197 842 λήσποντον
235 807 369 842 βασιλίδος
405 807 526 840 πόλεως,
562 809 738 844 πειθομένους
766 809 837 846 εἶχον

15 852 92 884 τοὺς
119 851 185 879 ἀνὰ
205 852 265 879 τόδε
286 852 317 879 τὸ
341 853 460 888 ὑπήκοον
483 854 656 886 ἐπισκόπους.
694 856 724 882 '0
743 855 832 892 δὲτὴν

26 898 199 934 Ῥωμαίων
217 898 378 934 Ἐκκλησίαν
397 899 593 934 ἐπιτροπεύων,
613 901 660 927 καὶ
674 901 698 927 οι
720 901 772 928 ἀνὰ
786 901 836 937 τὴν

21 945 110 971 δύσιν
124 945 230 980 ἱερεῖς,
241 943 320 980 ὖσριν
332 945 435 971 οἰκείαν
445 945 531 972 ταῦτα
543 945 666 981 ἡγοῦντο.
685 947 742 981 Ἐφ’
753 947 845 975 ἅπασι-

24 989 85 1026 γὰρ
104 989 169 1016 τῶν
185 990 217 1016 ἐν
230 989 332 1025 Νικαίᾳ
345 990 563 1026 συνεληλυθότων
577 992 607 1024 ἐξ
624 992 712 1028 ἀρχῆς
722 993 773 1028 τὴν
787 994 839 1029 ψῆ-

24 1043 80 1070 φον
97 1035 323 1068 ἐπαινέσαντες,
346 1036 429 1063 εἰσέτι
445 1037 492 1064 νῦν
513 1038 544 1064 οὐ
565 1037 684 1065 διέλιπον
698 1035 750 1066 ὦδε
769 1047 838 1075 (ppo-

23 1080 147 1112 νοῦντες
158 1089 168 1097 ο
189 1081 356 1116 ἁφικύμενόν
370 1090 400 1108 τε
415 1081 454 1113 ὡς
466 1082 564 1114 αὐτοὺς
582 1083 749 1116 Ἀθανάσιον,
765 1084 838 1119 φιλο-

23 1126 144 1162 φρόνως
163 1127 302 1159 ἐδέξαντο.
323 1127 370 1154 καὶ
393 1127 462 1163 πρὸς
484 1128 582 1160 αὐτοὺς
604 1129 652 1165 τὴν
677 1131 738 1157 κατ’
755 1131 837 1158 αὐτὸν

26 1169 126 1199 εἷλκον
143 1171 241 1206 δίκην.
265 1173 326 1199 Ἐπὶ
342 1173 445 1205 τούτοις
462 1172 490 1200 δέ
508 1173 634 1208 χαλεπῶς
651 1174 740 1210 φέρων
755 1176 837 1203 Εὐσέ-

27 1217 102 1249 ϐιος,
126 1217 257 1252 ἔγραψεν
277 1218 387 1253 Ἰουλίῳ,
412 1218 483 1245 ὥστε
504 1219 586 1245 αὑτὸν
601 1220 726 1253 γενέσθαι
741 1222 837 1257 κριτὴν

25 1263 85 1290 τῶν
103 1263 156 1290 ἐπὶ
179 1263 336 1299 Ἀθανασίῳ
350 1264 482 1297 δοξάντων
498 1265 526 1291 ἐν
548 1265 638 1300 Τύρῳ.
655 1265 726 1292 Ἀλλ’
742 1267 756 1293 δ
775 1267 835 1302 μὲν,

28 1309 99 1344 πρὶν
118 1309 225 1344 μαθεῖν
241 1309 290 1344 τὴν
306 1309 415 1336 Ἰουλίου
429 1310 551 1345 γνώμην,
569 1311 600 1336 οὐ
617 1311 707 1346 πολλῷ
724 1311 836 1348 ὕστερον

27 1354 82 1389 τῆς
104 1355 136 1381 ὲν
155 1354 315 1390 ’Δντιοχείᾳ
337 1354 488 1390 γενομένης
508 1355 628 1387 συνόδου,
650 1356 834 1392 ἐτελεύτησεν.

31 1403 64 1428 Οἱ
79 1401 110 1428 δέ
129 1401 162 1427 ἐν
181 1399 393 1427 Κωνσταντίνου
408 1399 484 1426 πόλει
505 1400 555 1436 τὴν
571 1400 726 1428 ἐκτεθετσαν
741 1404 770 1430 ἐν
784 1403 836 1430 Νι-

30 1447 102 1482 καίᾳ
123 1445 212 1478 δόξαν
229 1445 409 1480 ζηλώσαντες,
436 1446 476 1477 είς
506 1445 555 1481 τὴν
571 1447 719 1482 ἐκκλησίαν
732 1448 835 1484 ἠγαγον

32 1491 157 1519 Παῦλον.
179 1491 230 1518 Ἐν
246 1491 284 1526 τῷ
299 1491 374 1526 αὐτῷ
387 1491 415 1518 δὲ
433 1491 697 1527 συλλαμϐανομένων
711 1493 765 1521 τῶν
782 1494 836 1521 άπὸ

552 147 712 176 HISTORIA
732 148 1005 177 ECCLESIASTICA.
1026 162 1060 169 —-
1079 148 1142 176 LIB.
1165 148 1208 176 III.

1607 148 1674 178 1050

1153 205 1228 240 ιοι
1248 204 1323 232 CAP.
1353 203 1408 231 vn.

890 251 928 278 De
939 252 1066 286 episcopis
1084 251 1156 278 urbis
1182 251 1268 277 Roma:
1281 255 1304 277 et
1321 249 1632 286 Constagttiitopolilana’,
1648 255 1672 276 ιἸ

925 284 1054 320 quomodo
1077 290 1134 320 post
1159 290 1269 320 mortem
1285 285 1391 313 Eusebii
1415 284 1518 320 Paulus
1543 284 1570 310 in
1598 291 1674 320 suom

925 318 1010 348 sedem
1038 318 1175 347 restitutus
1190 325 1238 347 est.
1255 319 1322 346 Item
1341 320 1373 346 de
1395 321 1466 346 crede
1490 318 1671 350 Hermogenis,

924 356 1048 390 magistri
1061 355 1187 390 militum.
1205 359 1230 382 et
1246 355 1375 390 quomodo
1393 353 1564 390 constantius
1581 353 1675 380 Antio-

926 388 986 417 chia
997 389 1146 422 adsertione,
1162 388 1277 416 Paulum
1290 389 1393 423 quidem
1402 389 1487 423 ejecit.
1500 388 1597 415 civibus
1612 396 1672 414 vero

925 425 1040 459 graviter
1054 424 1211 452 succensuit.
1234 422 1332 450 Deinde
1352 423 1537 450 Macedoniam
1553 423 1580 450 in
1595 422 1675 450 dubie

925 458 1084 494 relinquens,
1102 458 1270 485 Antiochiam
1288 466 1405 485 reversus
1422 463 1471 485 est.

924 537 1003 564 Hunc
1021 537 1048 563 in
1066 536 1176 563 modum
1199 536 1315 563 consilia
1334 543 1428 563 eorum
1444 536 1490 570 qui
1506 535 1674 563 contrariam

890 582 1015 609 haeresim
1029 581 1191 612 tuebantur,
1208 580 1314 608 felicem
1331 588 1489 608 successum
1507 580 1674 611 habuerunt,

890 627 1024 662 depositis
1041 627 1180 661 episcopis
1195 626 1243 660 qui
1266 634 1314 660 per
1329 625 1449 653 Orientis
1465 625 1623 660 pr0vineias
1642 625 1673 651 li-

889 671 951 699 dem
966 673 994 699 in
1008 671 1119 699 Nicaeae
1134 671 1240 707 synodo
1263 671 1412 698 stabilitam
1434 671 1612 705 pertinaciter
1626 669 1674 697 dc-

890 718 1047 746 fendcbant.
1061 717 1179 753 Jamque
1196 716 1339 752 occupatis
1352 716 1534 744 nobilissimis
1551 715 1672 747 sedibus.

889 763 1061 792 Alexandriae
1074 763 1182 792 scilicet
1198 770 1259 799 qua)
1274 767 1316 790 est
1335 762 1363 789 in
1375 761 1504 796 )Egypto,
1522 761 1675 788 Antiochia:

890 811 918 838 in
934 811 1023 847 Syria.
1038 816 1066 839 et
1079 811 1158 839 urbls
1171 811 1252 846 regia:
1263 817 1324 845 qua:
1347 809 1380 836 ad
1396 808 1601 843 Hellespontum
1622 808 1674 834 sita

890 860 944 890 est,
963 864 1060 884 omnes
1074 864 1170 884 earum
1183 856 1301 891 partium
1321 855 1465 890 episcopos
1480 854 1532 881 sibi
1550 857 1676 888 parentes

889 901 1038 929 habebant.
1060 901 1162 928 Verum
1193 901 1324 928 Romanae
1349 900 1464 927 antistes
1483 898 1622 930 Ecclesiae,
1649 902 1676 924 et

889 948 1013 975 universi
1030 955 1079 983 per
1100 947 1275 975 Occidentem
1295 946 1452 975 sacerdotes
1469 945 1527 973 haec
1546 953 1600 972 non
1625 951 1671 972 se-

889 1001 940 1021 cus
956 994 1154 1021 contumeliam
1178 993 1233 1021 sibi
1252 993 1382 1028 privatim
1411 992 1514 1019 illatam
1534 997 1676 1025 accepere.

888 1037 957 1065 Nam
978 1046 1042 1066 cum
1061 1039 1227 1066 sententiam
1257 1046 1352 1066 eorum
1381 1037 1429 1072 qui
1460 1036 1531 1072 apud
1560 1036 1677 1063 Nicaeam

888 1084 1047 1120 congregati
1062 1089 1136 1116 sunt,
1151 1083 1207 1118 jam
1221 1083 1285 1110 inde
1298 1084 1331 1110 ab
1347 1083 1427 1110 initio
1444 1084 1471 1109 in
1483 1082 1613 1109 omnibus
1629 1089 1676 1115 ap-

888 1130 1064 1165 probassem,
1081 1137 1168 1164 usque
1182 1129 1209 1155 in
1221 1129 1295 1155 hunc
1307 1129 1379 1155 diem
1398 1128 1424 1154 in
1440 1128 1533 1155 eadem
1548 1126 1676 1162 opinione

887 1177 1108 1209 perseverarunt.
1121 1173 1216 1208 Itaque
1230 1172 1412 1199 Athanasium
1426 1171 1460 1198 ad
1478 1179 1507 1199 se
1520 1170 1675 1198 venientem

886 1217 1016 1245 benevole
1030 1222 1211 1252 exceperunt,
1231 1220 1258 1244 et
1273 1223 1365 1243 causae
1382 1216 1458 1243 illius
1474 1215 1607 1249 judicium
1623 1214 1675 1242 sibi

887 1263 1077 1290 vindicarunt.
1097 1263 1164 1295 Quae
1179 1270 1242 1290 cum
1260 1262 1395 1290 Eusebius
1406 1261 1501 1296 iniquo
1511 1261 1604 1288 animo
1623 1260 1677 1287 l'er-

887 1312 939 1342 ret,
953 1309 1065 1344 scripsit
1086 1308 1119 1335 ad
1135 1308 1250 1340 Julium,
1271 1313 1302 1336 ut
1327 1309 1386 1343 ipse
1404 1307 1491 1342 judex
1510 1314 1572 1334 esse
1591 1306 1676 1334 vellet

886 1361 982 1382 eorum
1008 1362 1070 1389 quae
1093 1359 1189 1381 contra
1218 1353 1399 1381 Athanasium
1427 1352 1537 1380 decreta
1566 1351 1676 1379 fuerant

887 1399 952 1436 Tyri
968 1400 988 1427 ί.
1023 1399 1122 1427 Verum
1147 1400 1204 1432 ille,
1230 1399 1392 1434 priusquam
1416 1397 1482 1425 Julii
1513 1397 1675 1425 sententiam

887 1446 1080 1481 comperisset,
1095 1445 1176 1481 paqu
1192 1449 1255 1480 post
1275 1444 1411 1480 synodum
1433 1442 1586 1470 Antiochia
1604 1443 1676 1470 cele-

887 1492 1004 1524 bratam,
1028 1499 1061 1519 ex
1084 1491 1136 1518 hac
1158 1491 1221 1518 luce
1243 1490 1382 1525 migravit.
1407 1489 1439 1516 Hi
1456 1496 1522 1516 vero
1537 1488 1583 1523 qui
1605 1487 1676 1522 apud

34 1537 79 1564 τοῦ
100 1538 235 1564 ἐναντίου
256 1537 385 1573 πλήθους,
406 1538 435 1564 ἐν
451 1538 533 1574 ἑτέρᾳ
547 1539 681 1575 ἐκκλησίᾳ
698 1540 834 1568 συνελθόν-

898 1537 1151 1572 lonstantinopolim
1176 1535 1294 1564 Nicaeus:
1324 1535 1387 1563 ﬁdei
1418 1535 1675 1570 patrocinabantur,

34 1591 81 1615 τες
105 1583 130 1609 οἱ
154 1582 234 1617 ἀμφὶ
254 1582 380 1617 Θεόγνιον
409 1583 454 1610 τὸν
477 1584 595 1616 Νικαίας
621 1585 768 1613 ἐπίσκοπον
790 1588 838 1614 καὶ

34 1628 177 1664 Θεόδωρον
199 1628 248 1655 τὸν
267 1628 448 1664 Ἡρακλείας,
469 1629 558 1665 ἕτεροί
582 1639 612 1657 τε
634 1632 658 1658 οι
681 1631 714 1659 τὰ
733 1632 837 1660 τούτων

37 1673 206 1709 φρονοῦντες
221 1693 229 1706 ,
268 1674 293 1701 οἳ
324 1674 418 1710 ἔτυχον
447 1675 646 1710 ἐνδημοῦντες,
675 1677 838 1705 Μακεδόνων

37 1718 254 1754 ἐχειροτόνησαν
269 1719 581 1752 Κωνσταντινουπόλεως
598 1721 757 1750 ἐπίσκοπον,
778 1723 837 1750 Ἐν-

38 1763 135 1790 τεῦθέν
159 1772 192 1791 τε
210 1764 308 1799 συχναὶ
330 1765 402 1792 κατὰ
422 1766 472 1800 τὴν
486 1766 564 1793 πόλιν
576 1767 701 1800 ἐγένοντο
715 1768 836 1800 στάσεις,

38 1809 172 1844 πολέμοις
197 1811 340 1846 ἐμφερεῖς.
365 1811 412 1843 Εἰς
430 1811 510 1838 ἐαυτδ
528 1812 583 1847 γὰρ
600 1812 770 1848 ἑκατέρωθεν
789 1812 837 1840 τοῦ

39 1855 160 1891 πλήθους
187 1856 410 1891 συμπίπτοντος,
442 1857 564 1884 πλεῖστοι
593 1858 758 1886 διώλλυντο’
790 1859 838 1887 καὶ

40 1901 165 1937 ταραχῆς
177 1903 194 1936 ἡ
209 1901 288 1933 πόλις
306 1902 449 1935 ἀνάπλεως
461 1901 495 1939 ἦν
505 1912 512 1919 ·
535 1904 574 1936 ὡς
590 1904 637 1931 καὶ
653 1904 763 1939 βασιλέα
776 1905 837 1932 τότε

42 1946 71 1972 ἐν
80 1947 237 1983 ’Δντιοχείᾳ
245 1946 321 1981 ὄντα,
331 1948 393 1975 τάδε
409 1949 515 1984 μαθεῖν,
528 1950 574 1976 καὶ
588 1949 656 1985 πρὸς
670 1950 754 1986 ὀργὴν
764 1959 839 1986 κινη-

43 1992 132 2025 θέντα,
152 1992 307 2028 προστάξαι
325 1993 405 2021 πάλιν
421 1995 622 2022 ἀπελαύνεσθαι
638 1995 753 2027 Παῦλον.
774 1997 838 2032 Διη-

44 2039 147 2064 κονείτο
159 2039 189 2065 δὲ
206 2040 264 2071 τοῖς
276 2039 406 2074 ﬂuctum:
427 2041 637 2075 προστάγμασιν
658 2041 836 2077 Ἑρμογένης,

46 2083 60 2108 ὁ
73 2083 121 2119 τὴν
135 2085 256 2120 ἱππικὴν
277 2086 392 2121 δύναμιν
411 2087 646 2122 ἐπιτετραμμένος
666 2088 817 2122 στρατηγός
829 2095 835 2101 '

45 2128 73 2160 ὃς
94 2130 140 2157 ἐπὶ
164 2131 279 2167 θρᾴκην
290 2131 351 2158 τότε
377 2132 557 2165 ἀποσταλεὶς,
574 2132 681 2168 παριὼν
695 2132 740 2159 διὰ
759 2133 837 2159 Κων-

47 2178 303 2210 σταντινουπόλεως,
321 2178 445 2210 ἐϐιάζετο
462 2178 568 2205 Παῦλον
588 2179 634 2206 διὰ
658 2179 834 2215 στρατιωτῶν

48 2220 170 2252 ἐξελάσαι
194 2225 246 2259 τῆς
265 2223 423 2259 ἐκκλησίας.
442 2224 519 2250 Ἐπεὶ
537 2224 565 2251 δέ
575 2224 604 2251 τὸ
618 2225 719 2260 πλῆθος
729 2225 760 2252 οὐ
773 2234 835 2252 συν-
851 2215 873 2243 Ῑ)

49 2266 151 2301 εχώρει,
163 2268 202 2303 πῆ
214 2268 245 2294 δὲ
258 2268 305 2294 καὶ
316 2268 434 2303 ἠμύνετο
445 2277 452 2284 ·
470 2268 620 2304 βιαιότερόν
631 2278 662 2296 τε
677 2270 835 2306 ἐπεχείρουν

48 2311 72 2336 οι
95 2313 261 2348 στρατιῶται
291 2313 425 2340 ἐπιτελεῖν
451 2314 482 2340 τὸ
507 2315 692 2350 προσταχθὲν,
716 2316 835 2343 καταλα-

51 2355 139 2388 ϐόντες
162 2359 213 2393 τὴν
237 2359 417 2395 Ἑρμογένους
439 2360 528 2386 οἰκίαν
552 2361 576 2386 οἱ
602 2360 768 2396 στρατιῶται
792 2362 836 2387 ὲν-

51 2400 170 2438 ἐπρησαν
193 2405 263 2438 (75),
285 2404 333 2431 καὶ
348 2404 429 2431 αὑτὸν
453 2404 594 2440 ἀναιροῦσι
615 2413 622 2419 ”
651 2405 698 2432 καὶ
721 2406 835 2440 σχοινίον

53 2447 194 2482 ἐξάψαντες
207 2449 296 2478 εἷλκον
312 2451 356 2478 διὰ
369 2451 418 2486 τῆς
437 2451 550 2483 πόλεως.
565 2451 698 2483 Ἀκούσας
711 2451 740 2478 δέ
758 2453 771 2478 ὁ
786 2452 833 2487 βα-

54 2492 147 2526 σιλεὺς,
165 2495 265 2527 ἱππεὺς
278 2496 377 2527 ἐλάσας
399 2493 467 2531 ἧκεν
485 2497 524 2528 εἰς
541 2496 835 2529 Κωνσταντινούπολιν,

55 2536 88 2568 ὡς
105 2538 196 2571 κακῶς
219 2541 326 2577 δράσων
348 2541 379 2567 τὸ
395 2541 507 2576 πλῆθος.
535 2541 616 2568 Ἀλλὰ
630 2541 684 2568 τῶν
701 2542 749 2577 μὲν
764 2543 837 2576 ἐφεί-

89 2623 97 2639 ¹
115 2624 192 2653 Socr.
213 2627 261 2655 lib.
279 2636 308 2659 11,
323 2636 348 2655 c.
366 2629 407 2655 II.
446 2629 457 2644 ¹
474 2628 540 2656 ibid.
553 2636 578 2655 c.
598 2628 638 2660 I2.
660 2629 700 2656 l3.

888 1583 1004 1611 Paulum
1034 1584 1060 1610 in
1078 1582 1225 1610 ecclesiam
1244 1581 1418 1609 deduxerunt
1438 1581 1458 1600 ⁵-
1483 1580 1583 1607 Eodem
1608 1583 1677 1607 tem-

888 1636 954 1664 pore
967 1628 1126 1664 Theognius
1138 1628 1236 1655 Nicaeae
1246 1631 1274 1655 et
1285 1626 1447 1655 Theodorus
1471 1625 1611 1662 Heracleae
1621 1625 1676 1660 epi-

888 1675 977 1710 scopi,
993 1674 1096 1710 aliique
1122 1674 1246 1709 ejusdem
1273 1677 1355 1701 sectae
1374 1672 1535 1700 sacerdotes
1548 1671 1595 1707 qui
1619 1675 1675 1699 tum

888 1720 1131 1754 Constantinopoli
1146 1719 1340 1752 versabantur,
1356 1719 1385 1745 in
1398 1718 1452 1745 alia
1476 1718 1593 1746 ecclesia
1608 1724 1676 1744 con—

887 1767 1004 1802 gregati,
1022 1766 1171 1801 adjuvante
1195 1765 1359 1792 Arianorum
1379 1764 1565 1795 multitudine,
1591 1762 1676 1790 Mace-

888 1812 1002 1840 donium
1019 1811 1186 1839 ordinarunt
1207 1810 1487 1844 Constantinopoleos
1503 1810 1674 1844 episcopum.

888 1857 958 1886 Hinc
982 1865 1048 1885 vero
1075 1857 1179 1884 crebrae
1193 1856 1222 1884 in
1246 1856 1314 1884 urbe
1330 1856 1482 1883 seditiones
1500 1855 1675 1890 exstiterunt,

887 1904 969 1932 bellis
996 1903 1069 1931 haud
1106 1902 1259 1930 absimiles.
1286 1901 1368 1929 Plebe
1394 1901 1467 1928 enim
1499 1909 1531 1928 ex
1560 1905 1677 1935 utraque

887 1953 966 1984 parte
990 1949 1019 1976 in
1041 1957 1071 1977 se
1089 1952 1185 1976 mutuo
1210 1949 1346 1981 irruente,
1363 1947 1474 1983 plurimi
1497 1946 1674 1974 interierunt.

888 1983 1007 2030 Eratque
1023 1995 1120 2022 civitas
1134 1995 1214 2029 plena
1230 1994 1365 2020 tumultu:
1378 1992 1447 2019 adeo
1463 1996 1492 2019 ut
1509 1992 1670 2027 imperator.

888 2041 935 2077 qui
958 2045 1016 2069 tum
1040 2041 1196 2068 Antiochiae
1222 2040 1395 2071 morabatur,
1413 2047 1444 2066 ea
1464 2039 1497 2066 de
1521 2046 1550 2065 re
1573 2037 1676 2065 certior

889 2087 978 2114 factus
995 2087 1040 2119 sit,
1061 2087 1158 2121 iraque
1179 2085 1364 2113 inﬂammatus
1385 2084 1498 2111 Paulum
1514 2084 1612 2111 iterum
1627 2091 1675 2110 ex-

889 2131 962 2159 trudi
980 2132 1107 2167 jusserit.
1122 2131 1301 2166 lmperatoris
1327 2130 1455 2157 mandata
1475 2134 1620 2157 exsecutus
1634 2131 1676 2156 cst

888 2177 1075 2213 Hermogenes
1101 2178 1233 2212 magister
1248 2176 1387 2212 equestris
1413 2176 1526 2203 militia}.
1542 2175 1594 2207 Qui
1613 2183 1675 2203 cum

888 2231 920 2252 eo
938 2228 1061 2259 tempore
1087 2224 1191 2251 missus
1216 2226 1291 2251 esset
1311 2223 1338 2250 in
1359 2222 1515 2253 Thraciam,
1540 2221 1676 2248 transiens

887 2277 937 2304 per
949 2269 1231 2305 Constantinopolim,
1257 2268 1373 2296 Paulum
1401 2268 1514 2295 militari
1539 2276 1620 2295 manu
1642 2275 1676 2294 ex

887 2315 1005 2344 ecclesia
1024 2316 1129 2351 ejicere
1148 2315 1313 2344 conabatur.
1334 2315 1385 2343 Sed
1401 2323 1465 2342 cum
1480 2315 1557 2350 plebs
1572 2321 1675 2348 nequa-

889 2367 971 2395 quam
989 2360 1015 2387 id
1038 2360 1097 2387 ﬁeri
1123 2360 1306 2396 permitteret,
1331 2361 1386 2387 imo
1406 2359 1460 2387 vim
1478 2359 1502 2385 vi
1519 2358 1673 2393 repelleret.

888 2406 991 2434 milites
1007 2413 1073 2434 vero
1087 2407 1235 2434 violentius
1253 2406 1399 2438 instarent,
1416 2410 1445 2432 ut
1460 2404 1532 2439 quod
1548 2405 1668 2438 impera—

888 2455 946 2478 tum
966 2451 1054 2479 fuerat
1072 2452 1250 2486 perﬁceretur
1271 2461 1277 2479 :
1299 2451 1423 2479 seditiosi
1446 2450 1473 2477 in
1495 2450 1675 2483 Hermogenis

890 2496 1001 2523 domum
1019 2496 1167 2530 irruentes,
1186 2504 1246 2524 cam
1258 2497 1367 2532 quidem
1382 2494 1574 2526 incenderunt,
1585 2493 1673 2528 ipsum

892 2546 982 2569 autem
998 2541 1206 2574 interfecerunt,
1225 2545 1251 2569 et
1269 2542 1333 2569 fune
1349 2541 1467 2576 pedibus
1484 2540 1544 2575 ejus
1558 2539 1670 2570 innexo,

651 2709 784 2736 VALESII
802 2709 1075 2738 ANNOTATIONES.

93 2760 146 2801 (Z5)
166 2764 198 2801 οι
224 2764 400 2799 στρατιῶται
429 2766 611 2801 ἐνέπρησαν.
632 2765 730 2801 Procul
750 2765 834 2794 dubio

66 2796 227 2834 serihendum
256 2796 299 2828 est
322 2801 347 2826 οί
376 2796 538 2828 στασιῶτάιζ
564 2799 643 2833 Quod
669 2801 753 2828 miror
778 2808 832 2828 non

67 2832 278 2862 animadvertisse
295 2835 469 2871 interpretes.
489 2835 548 2863 Non
561 2832 633 2863 enim
652 2836 764 2869 milites,
785 2837 831 2864 sed

888 2769 985 2803 plebeii
1002 2769 1112 2796 domum
1125 2767 1304 2803 Hermogenis
1318 2763 1553 2803 Constantinopoli
1573 2763 1666 2803 incon;

888 2798 997 2835 derunt,
1015 2807 1043 2830 ut
1058 2811 1091 2831 ex
1105 2798 1411 2836 Soerateflllarcclliuo,
1424 2798 1540 2833 aliisque
1551 2801 1670 2825 constat.
