1898 3075
208 90 276 119 1039

947 93 1118 124 SOZOMENI

1773 108 1844 136 40w

207 149 314 194 deliciis
330 156 361 178 ac
377 150 503 179 solutiori
524 150 586 178 vita:
603 150 751 178 indulsisse
778 151 975 182 calumniantut

1047 157 1161 189 Παῦλον,
1181 159 1226 185 καὶ
1246 159 1292 185 ἐπὶ
1311 160 1474 196 Ἐκκλησίας
1486 162 1588 195 διδάξαι
1610 165 1746 201 λαμπρόν.
1768 165 1844 201 Πρὸς

210 188 374 224 Εκῖὶιοιιιιιιι
395 197 477 232 igitur
496 196 681 229 confessione,
699 197 814 225 Paulum
839 198 993 228 disertissi-

207 251 283 271 mum
300 243 386 271 fuisse
409 248 530 278 apparet,
547 246 573 269 et
593 243 621 269 ιιι
648 242 772 271 Ecclesia
803 252 865 271 cum
886 254 993 274 summa

207 291 290 318 laude
310 290 453 318 docuisse.
479 289 519 315 Ad
540 289 632 316 varios
655 293 745 316 autem
768 290 886 320 fortunae
910 301 993 322 casus

206 342 233 365 et
244 326 285 364 ad
297 335 510 370 colloquendum
528 341 590 361 cum
617 335 830 370 potentioribus,
847 345 901 365 non
918 344 992 367 recte

206 387 394 418 comparatum
410 382 486 408 illttm
503 380 599 413 fuisse,
614 389 660 408 res
675 382 740 416 ipsze
756 386 904 411 testantur.
924 385 991 412 Nul-

206 431 246 456 las
263 429 336 456 enim
350 426 574 454 adversariorum
592 426 707 455 insidias
724 427 869 460 discussit,
880 430 992 465 perinde

205 485 236 504 ac
254 476 344 503 facere
359 476 450 503 solent
467 475 485 502 ii
505 475 553 510 qui
567 475 592 501 in
607 474 765 509 ltujnsmodi
780 476 862 504 rebus
878 478 991 506 solertes

202 525 278 549 sunt.
308 521 365 547 lmo
392 527 457 547 vero
485 519 610 554 quamvis
638 520 808 548 multitudini
843 523 990 550 admodum

202 569 304 594 vharus
318 570 401 597 esset.
436 569 538 592 tanten'
553 565 650 592 fraude
665 573 762 593 eorum
791 568 836 602 qui
855 568 933 596 tidem
964 570 990 596 in

202 613 311 639 Nicaena
331 611 437 646 synodo
454 611 604 638 stabilitam
621 619 654 638 eo
679 616 801 647 tempore
816 613 988 648 reficiebant.

202 658 303 684 multas
319 656 432 692 pertulit
443 656 624 683 calamitates.
636 657 675 683 Ac
686 657 777 692 primo
787 658 896 693 quidem
910 661 988 695 quasi

205 703 326 737 turpiter
342 701 455 729 vixisset
480 701 667 734 insimulatus,
688 702 808 730 Ecclesia
830 704 989 733 Constanti-

203 748 360 779 nopolitana
375 747 478 781 eiectus
497 751 549 778 est,
562 746 682 776 Tandem
709 756 776 776 vero
800 750 827 777 in
857 752 988 781 exsilium

1048 203 1076 229 δὲ
1091 203 1139 235 τὰς
1157 206 1332 240 περιπετείας
1347 206 1393 233 τοῦ
1410 207 1478 242 βίου,
1492 209 1539 235 καὶ
1553 209 1602 242 τὰς
1620 211 1729 246 ὁμιλίας
1745 213 1800 240 τῶν
1813 215 1843 241 ὲν

1047 249 1171 285 δυνάμει,
1186 251 1295 285 φαύλως
1311 252 1392 279 αὑτὸν
1406 253 1553 289 ἐσχηκέναι
1569 258 1705 292 μαρτυρεί
1719 258 1755 285 τὰ
1770 260 1840 294 πρά-

1038 300 1151 330 γματα.
1165 297 1299 332 Οὐδεμίαν
1319 299 1372 333 γὰρ
1389 299 1534 335 ἐπιδουλὴν
1552 302 1606 328 τῶν
1627 303 1839 331 ἐπαναστάντων

1046 341 1129 377 αὐτῷ,
1144 343 1181 374 ὡς
1203 344 1275 375 εἰκὸς
1297 345 1360 377 τοὺς
1385 347 1448 382 περὶ
1469 347 1555 374 ταῦτα
1573 348 1687 382 δεινοὺς,
1704 350 1838 377 διέλυσεν.

1052 389 1131 415 Ἀλλὰ
1148 390 1195 416 καὶ¹
1212 391 1264 417 ὑπὸ
1286 391 1333 418 τοῦ
1355 393 1473 429 πλήθους
1496 394 1643 430 ὑπερφυῶς
1665 396 1836 431 φιλούμενος,

1045 435 1137 467 κακῶς
1159 436 1252 469 ἔπαθε,
1275 439 1410 475 σκαιωρίᾳ
1435 440 1490 467 τῶν
1515 441 1575 467 τότε
1600 442 1785 477 ἀναινομένων
1808 444 1838 469 τὸ

1045 481 1114 508 κατὰ
1130 481 1178 517 τὴν
1193 484 1222 509 ὲν
1237 484 1338 520 Νικαίᾳ
1361 486 1500 521 κρατῆσαν
1523 487 1622 522 δόγμα.
1648 489 1703 515 Καὶ
1726 489 1761 515 τὰ
1789 490 1836 524 μὲν

1045 527 1151 562 πρῶτα,
1165 528 1203 560 ὡς
1221 530 1258 565 μὴ
1272 528 1301 557 εὖ
1318 531 1458 566 βεϐιωκὼς
1473 533 1539 568 (69).
1555 534 1663 570 γραφὴν
1674 529 1833 570 ὑπομείνας,

1043 573 1174 609 ὲξεὸλήθη
1192 575 1241 609 τῆς
1260 577 1425 612 Ἐκκλησίας
1445 579 1766 612 Κωνσταντινουπόλεως.
1785 582 1833 608 Τε-

1042 619 1144 646 λευτῶν
1156 620 1183 647 δὲ
1201 622 1247 648 καὶ
1259 623 1407 658 ὑπερορίαν
1423 625 1506 651 οἰκεῖν
1526 626 1722 662 κατεδικάσθη.
1744 628 1769 653 εἰ
1790 629 1834 654 καὶ

1041 660 1306 699 τεθνάναιὲλεεινῶς
1321 668 1375 703 (70)
1388 669 1420 695 δι’
1435 671 1552 706 ἀγχόνης
1573 671 1693 706 λέγεται,
1703 660 1832 708 μηχανη-

1043 710 1167 744 σαμένων
1180 712 1255 747 αὐτῷ
1268 713 1347 747 φόνον
1363 714 1416 741 τῶν
1428 715 1587 744 ἐπιϐούλων.
1603 717 1684 744 Ἀλλὰ
1702 718 1768 744 τάδε
1786 719 1833 753 μὲν

1043 754 1155 792 ὕστερον
1175 758 1283 794 συνέϐη.

201 797 297 831 jussus
312 799 354 822 est
371 795 533 829 deportari:
556 796 603 824 ubi
621 797 703 823 etiam
722 804 772 832 per
791 797 907 827 insidias
926 808 1023 828 eorum
1045 804 1090 838 qui
1125 805 1225 833 caedem
1252 807 1276 834 ei
1299 809 1542 843 machinabantur,
1562 810 1718 839 crudeliter
1738 816 1830 840 stran-

200 842 310 877 gulatus
325 842 464 870 interiisse
479 841 591 870 dicitur.
609 841 711 870 Veruut
729 843 786 870 haec
800 845 911 879 quidem
931 849 1076 882 posteriori
1095 855 1217 886 tempore
1231 853 1414 889 contigerunt.

520 928 598 956 CAP.
618 928 661 957 IV.

200 994 238 1021 De
268 994 395 1021 seditione
414 1002 472 1029 qua:
491 1000 554 1036 orta
583 1000 623 1022 est
649 1001 756 1032 propter
776 996 861 1024 Pauli
877 999 987 1027 ordina-

534 1035 640 1058 tionem.

232 1096 309 1123 'l‘unc
322 1104 387 1123 vero
411 1097 508 1131 ingens
532 1097 665 1126 tumultus
682 1106 715 1126 ex
742 1099 793 1126 ltac
810 1100 984 1130 ordinatione

195 1148 285 1174 ortus,
304 1143 638 1178 Consmntinopolitanam
656 1144 807 1172 Ecclesiam
827 1149 982 1182 occupavit.

194 1187 262 1214 Nam
293 1187 415 1222 qttattdiu
441 1191 584 1222 superstes
611 1188 663 1215 fuit
693 1189 858 1224 Alexander,
887 1193 982 1221 Ariani

194 1233 303 1268 quidem
320 1240 415 1268 parum
440 1233 547 1260 fiducia:
563 1241 596 1260 ac
623 1234 757 1263 libertatis
777 1236 915 1266 habuere:
932 1247 983 1274 po-

192 1279 275 1314 pulus
291 1279 345 1314 97
359 1287 422 1306 vero
440 1279 538 1307 defixis
553 1280 580 1307 in
596 1280 672 1308 illum
687 1282 785 1314 oculis,
805 1290 901 1312 nutum
923 1285 982 1320 ejus

194 1325 371 1360 sequebatur,
389 1324 500 1359 Deoque
522 1325 619 1354 laudes
635 1326 756 1361 diccbat,
774 1330 893 1357 maxime
921 1336 983 1366 post

192 1371 363 1405 insperatam
376 1370 434 1397 Arii
455 1371 659 1399 calamitatem:
682 1381 763 1408 quem
787 1383 836 1409 per
858 1375 980 1404 divinam

193 1416 324 1443 ultionem
339 1423 372 1443 eo
386 1423 467 1450 quem
489 1416 610 1444 diximus
632 1418 713 1445 modo
737 1419 980 1454 imprecationibus

192 1461 342 1488 Alexandri
353 1461 519 1489 exstinctum
531 1462 617 1490 fuisse
626 1464 786 1492 credebant.
796 1465 862 1494 Post
874 1467 979 1494 obitunt

191 1512 284 1535 autem
298 1507 461 1540 Alexandri,
477 1508 555 1543 plebs
572 1509 599 1535 in
615 1509 683 1537 duas
699 1515 790 1545 partes
807 1511 908 1545 divisa,
932 1521 980 1548 pa—

1340 941 1463 968 ΚΕΦΔΛ.
1491 943 1526 968 Δ’.

1037 1007 1106 1041 Περὶ
1131 1006 1185 1041 τῆς
1205 1008 1367 1043 γενομένης
1394 1008 1532 1042 στάσεως
1555 1010 1603 1036 διὰ
1629 1011 1687 1045 τὴν
1705 1010 1830 1040 Πᾱύλου

1336 1044 1531 1077 χειροτονίαν.

1072 1110 1116 1137 Ἐν
1128 1110 1156 1137 δὲ
1169 1110 1208 1145 τῷ
1219 1110 1266 1136 νῦν
1285 1110 1328 1137 διὰ
1346 1110 1447 1145 ταύτην
1462 1111 1510 1145 τὴν
1529 1112 1694 1146 χειροτονίαν
1711 1113 1827 1148 μεγίστη

1035 1157 1139 1191 ταραχὴ
1152 1156 1201 1191 τὴν
1221 1156 1383 1191 Ἐκκλησίαν
1406 1157 1719 1190 Κωνσταντινουπόλεως
1737 1158 1825 1193 ἔσχεν.

1041 1203 1084 1229 Ἐν
1132 1203 1186 1238 γὰρ
1201 1204 1298 1238 περιῆν
1313 1202 1497 1237 Ἀλέξανδρος,
1510 1203 1541 1229 οὐ
1555 1203 1655 1239 πολλὴν
1669 1205 1827 1240 παρρησίαν

1032 1245 1100 1283 ἦγον
1123 1248 1180 1275 ὅσοι
1205 1248 1238 1275 τὰ
1259 1249 1364 1283 Ἀρείου
1391 1249 1536 1284 ἐφρόνουν·
1561 1250 1608 1276 καὶ
1625 1250 1693 1285 πρὸς
1710 1250 1793 1277 αὐτὸν
1812 1252 1827 1277 ὁ

1033 1294 1097 1326 λαὺς
1121 1294 1227 1329 βλέπων
1251 1284 1431 1329 ἧγοντο,⁴καὶ
1457 1294 1488 1321 τὸ
1513 1294 1589 1321 Θεῖον
1609 1284 1752 1327 ἐδόξαζονι
1779 1296 1826 1323 καὶ

1034 1340 1151 1375 μάλιστα
1175 1339 1244 1374 μετὰ
1270 1339 1318 1374 τὴν
1341 1339 1470 1374 ἀδόκητον
1493 1339 1598 1375 Ἀρείου
1621 1341 1777 1378 συμφορὰν,
1796 1342 1826 1368 ὃν

1032 1385 1118 1416 οὕτως
1131 1385 1286 1416 ἀποθανεῖν,
1305 1385 1342 1422 ὡς
1364 1386 1481 1421 εἴρηται,
1501 1386 1572 1413 κατά
1591 1387 1740 1421 θεομηνίαν
1765 1388 1826 1414 ἑπε-

1034 1439 1125 1457 στευον
1140 1433 1199 1463 ταῖς
1218 1431 1391 1467 Ἀλεξάνδρου
1409 1432 1518 1466 ἀρεταῖς
1529 1436 1553 1458 γ.
1575 1432 1651 1459 Ἐπεὶ
1666 1433 1695 1460 δὲ
1715 1434 1824 1460 ἐτελεύ-

1016 1460 1108 1510 Ιτησε,
1123 1475 1181 1510 διχῇ
1190 1460 1379 1510 γδιακριοὲνιτὸ
1399 1460 1564 1511 πλῆθοςξείς
1577 1477 1666 1511 ἐριδας
1679 1478 1824 1513 δογμάτων

1032 1520 1070 1549 εἰς
1094 1519 1124 1545 τὸ
1149 1519 1265 1554 φανερὸν
1287 1519 1449 1546 καθίσταντο
1469 1520 1516 1546 καὶ
1539 1521 1639 1556 μάχην.
1665 1522 1775 1557 Σπουδὴ
1794 1521 1824 1548 δὲ

191 1553 246 1580 lam
267 1552 300 1579 ad
317 1553 479 1588 opinionum
512 1555 708 1583 contentiones
737 1560 765 1584 et
790 1557 827 1584 ad
858 1565 975 1593 pugnam

1047 1564 1144 1598 γένετο,
1153 1552 1209 1597 τοῖς
1219 1552 1273 1600 ἤμὲν
1284 1566 1318 1592 τὰ
1333 1566 1437 1601 Ἀρείου
1452 1552 1756 1600 ζηλοῦσα-Μακεδόνων
1767 1552 1825 1600 γει-

194 1607 284 1634 usque
301 1600 435 1634 prorupit.
458 1599 491 1626 Et
507 1599 617 1628 Arianis
643 1602 754 1636 quidem
779 1603 900 1630 studium
928 1604 979 1632 fuit

191 1649 221 1672 ut
241 1645 419 1673 Macedonius
433 1645 632 1674 ordinaretur:
657 1646 838 1676 Homousiani
868 1654 976 1682 contra,

189 1697 301 1724 operam
315 1689 418 1718 dabant
435 1694 463 1718 ut
477 1690 579 1719 Paulus
593 1697 735 1720 crearetur
751 1694 899 1730 episcopus
913 1705 919 1723 :
937 1697 978 1723 id-

189 1742 243 1769 que
258 1735 368 1762 tandem
384 1736 534 1770 prmvaluit.
546 1736 682 1764 Caeterum
697 1741 761 1772 post
775 1739 975 1767 ordinationem

187 1780 278 1812 Pauli,
297 1788 360 1807 cum
381 1782 528 1816 imperator
555 1782 583 1808 in
612 1782 707 1810 urbem
729 1783 861 1818 venisset,
883 1785 976 1813 aberat

187 1826 260 1852 enim
281 1830 347 1853 tunc
372 1834 434 1853 cum
463 1826 540 1853 ﬁeret
560 1826 699 1855 ordinatio
712 1849 719 1861 ,
739 1829 766 1856 id
786 1829 887 1857 factum
914 1839 975 1866 per-

186 1871 303 1899 moleste
324 1871 398 1903 tulit,
422 1871 501 1906 quasi
528 1872 705 1908 episcopatus
732 1875 837 1902 homini
860 1876 974 1912 indigno

185 1917 354 1944 commissus
382 1917 494 1950 fuisset;
525 1925 628 1953 perque
657 1920 772 1947 insidias
802 1929 897 1948 eorum
927 1922 973 1956 qni

185 1959 273 1989 Paulo
288 1967 365 1990 erant
382 1963 494 1995 infensi,
511 1963 617 1998 synodo
634 1971 797 2000 convocata,
818 1967 895 1994 illum
911 1969 973 2002 qui-

184 2008 247 2036 dem
274 2008 401 2037 Ecclesia
419 2010 544 2045 expulit:
574 2010 694 2039 Eusebio
722 2019 789 2040 vero
807 2013 973 2041 Nicomedia:

183 2055 315 2089 episcopo
331 2055 422 2083 sedem
437 2055 775 2092 Constantinopolitanam
792 2058 917 2086 tradidit.

1033 1611 1214 1645 ροτονείσθαι”
1232 1612 1287 1642 τοῖς
1312 1611 1339 1637 δὲ
1364 1611 1504 1646 ὸμοούσιον
1519 1610 1558 1646 τῷ
1579 1611 1666 1646 lla.th
1687 1611 1733 1638 τδν
1757 1611 1824 1638 Υἱὸν

1031 1655 1188 1689 δοξάζουσι,
1207 1655 1310 1683 Παῦλον
1333 1657 1503 1683 ἐπισκοπεῖν·
1526 1657 1573 1683 καὶ
1593 1656 1672 1683 τοῦτο
1697 1657 1819 1692 ἐκράτει.

1030 1701 1106 1728 Μετὰ
1129 1701 1156 1728 δὲ
1179 1702 1227 1737 τὴν
1244 1702 1350 1729 Παύλου
1366 1703 1541 1737 χειροτονίαν,
1566 1703 1790 1738 παραγενόμενος
1808 1704 1824 1730 ὀ

1030 1747 1166 1781 βασιλεὺς,
1180 1747 1258 1783 ἔτυχε
1271 1747 1325 1782 γὰρ
1344 1748 1403 1774 τότε
1415 1747 1563 1783 ἀπόδημος,
1579 1748 1767 1783 ἐχαλέπαινεν,
1783 1749 1822 1781 ὡς

1028 1792 1129 1827 ἀναξίῳ
1142 1793 1192 1828 τῆς
1209 1793 1359 1829 ἐπισκοπῆς
1381 1794 1586 1829 ἐπιτραπείσης.
1608 1793 1653 1825 Ἐξ
1674 1794 1821 1830 ἐπιϐουλῆς

1027 1845 1057 1863 τε
1075 1837 1128 1864 τῶν
1148 1838 1215 1873 πρὸς
1234 1837 1340 1864 Παῦλον
1365 1837 1600 1873 ἀπεχθανομένων,
1626 1838 1735 1866 σύνοδον
1753 1839 1821 1866 καθ-

1029 1883 1099 1915 ίσας,
1115 1884 1160 1910 τὸν
1179 1883 1228 1918 μὲν
1244 1883 1387 1910 ἀπεώσατο
1400 1883 1449 1918 τῆς
1466 1883 1638 1918 Ἑκκλησίας·
1654 1885 1780 1919 Εὐσεὸίῳ
1790 1885 1820 1912 δὲ

1027 1929 1065 1964 τῷ
1083 1930 1265 1964 Νικομηδείας
1284 1931 1423 1965 ὲπισχόπῳ
1441 1930 1487 1957 τὸν
1508 1931 1819 1965 Κωνσταντινουτεόλεως

1027 1975 1120 2010 θρόνον
1135 1975 1285 2010 παρέδωκε.

766 2146 900 2174 VALESII
919 2147 1192 2177 ANNOTATIONES.

219 2221 276 2260 (62)
304 2221 352 2260 Ὡς
365 2223 414 2260 μὴ.
428 2221 463 2250 εὖ
483 2224 643 2258 βεϐιωκώς.
669 2225 822 2252 Accusatus
852 2225 971 2260 primum

183 2260 236 2295 esu
248 2255 350 2295 Paulus
366 2255 520 2295 'cpiscppus
533 2294 539 2295 ί
550 2267 565 2295 a
586 2255 745 2288 macedonia
773 2255 933 2295 presbytero
950 2262 970 2287 θ.

184 2290 238 2318 Sed
254 2291 359 2317 crimen
384 2290 458 2328 quod
469 2290 495 2319 ei
515 2294 699 2328 objiciebatur
722 2290 790 2322 adeo
817 2290 874 2322 leue
898 2300 970 2327 erat.

1025 2229 1276 2290 ecclesigsticarum,
1295 2229 1342 2265 qui
1359 2229 1393 2258 ad
1410 2229 1512 2258 calcem
1538 2229 1636 2258 harum
1658 2234 1812 2262 annotatio-

1025 2272 1090 2290 nutn
1105 2271 1120 2290 e
1139 2268 1209 2290 etur.

1025 2272 1090 2291 nunt
1105 2268 1209 2290 edetur.

1062 2298 1118 2333 (70)
1131 2299 1165 2324 Et
1176 2299 1224 2325 καὶ
1237 2299 1376 2327 τεθνάναι
1392 2299 1539 2332 ἐλεεινῶς.
1558 2299 1702 2328 Assentior
1728 2302 1810 2329 Cbri-

183 2329 213 2351 ut
245 2329 391 2370 acc-usat’or
424 2327 532 2370 interim
551 2327 621 2370 cum
649 2337 697 2370 reo
732 2330 968 2370 epmmunicaret,
987 2342 1008 2370 ι)
1024 2327 1210 2370 stephorsnno
1227 2338 1255 2362 et
1269 2334 1382 2370 Savilio,
1403 2335 1452 2370 qui
1469 2334 1503 2362 ad
1516 2327 1588 2362 iatus
1601 2327 1716 2362 suorum
1733 2327 1811 2363 codi-

184 2360 413 2406 qu'epiaglmogum
432 2365 547 2406 testatur
561 2363 914 2406 ﬁlbanasiusinnEpitlolq
932 2360 967 2392 ad
987 2360 1007 2370 ν
1021 2360 1318 2406 e...:.__emendatunt,’
1336 2360 1715 2406 ’ﬁ"xat’,’eté.”oi.'oa‘iaéii
1736 2360 1809 2398 Vaiét

182 2394 331 2433 solitarius.
345 2395 444 2433 vet-um
462 2396 489 2423 id
506 2398 622 2432 contigit
633 2403 762 2433 regnante
774 2394 966 2432 Constantino,

183 2433 212 2455 ut
242 2428 332 2456 fusius
359 2429 544 2459 demonstravi
572 2428 600 2459 in
620 2428 690 2461 libro
708 2442 726 2461 ιι
747 2428 964 2461 Observationum

1020 2411 1052 2431 ac
1069 2403 1122 2430 ubi.

908 2524 1097 2553 VARIORUM.

214 2599 371 2637 ‘Eusebius
400 2600 642 2637 rNicomediensis,
671 2602 807 2637 impotens
837 2603 966 2637 cupidine

179 2635 489 2669 Constantinopolitanze
511 2637 585 2664 sedis
612 2635 781 2669 invadendae,
806 2635 964 2665 Macedonio

179 2670 339 2705 presbytero
355 2678 420 2698 usus
431 2672 576 2698 calumniae
586 2672 699 2704 artiﬁce,
712 2671 825 2699 Paulum
840 2674 964 2700 accusari

179 2709 207 2732 et
227 2704 325 2732 deferri
339 2707 456 2733 curavit.
473 2705 576 2733 Tacent
591 2713 680 2734 autem
699 2708 880 2734 ecclesiastici
895 2708 963 2734 scri-

180 2743 273 2776 ptores
296 2747 354 2773 quae
381 2741 464 2776 fuerit
490 2741 536 2768 illa
564 2741 730 2772 criminatio,
755 2742 846 2776 aitque
873 2743 961 2769 solum

179 2775 369 2803 ’l‘lteodorelus
384 2775 497 2812 Paulum
512 2776 654 2804 seditionis
675 2775 855 2812 aliorumque
869 2777 962 2804 crimi-

177 2817 244 2838 num
261 2815 430 2840 aecusatum.
446 2811 534 2840 Unum
549 2812 720 2846 exploratum
737 2817 788 2846 est,
803 2819 835 2841 ex
851 2811 961 2840 Eusebii

1015 2605 1166 2632 ambitione
1182 2609 1273 2631 natam
1301 2603 1387 2631 fuisse
1409 2603 1588 2640 calumniam.
1620 2604 1733 2640 Agitata
1758 2605 1805 2632 fuit

1014 2640 1070 2666 haec
1088 2639 1262 2674 disceptatio,
1281 2643 1419 2674 praesente
1435 2638 1599 2671 Athanasio,
1617 2638 1681 2666 dum
1702 2641 1804 2669 scilicet

1013 2676 1046 2701 ab
1055 2675 1150 2702 exsilio
1162 2673 1268 2701 rediens
1276 2673 1513 2707 Constantinopoli
1529 2675 1721 2708 pertransit‘et,
1734 2682 1803 2702 anno

1012 2710 1074 2737 558.
1093 2709 1160 2736 Vide
1176 2710 1236 2743 ejus
1260 2709 1344 2743 Epist.
1366 2710 1399 2735 m1
1413 2709 1561 2742 solitarius,
1580 2714 1607 2736 et
1621 2717 1684 2744 quae
1702 2710 1740 2737 ibi
1753 2710 1800 2737 do-

1011 2745 1126 2772 ctissimi
1143 2744 1311 2771 Benedictini
1325 2748 1492 2770 annotarunt

1047 2784 1061 2803 1
1083 2780 1219 2814 ’Λρεταῖς.
1234 2779 1360 2808 Valesius
1380 2779 1478 2814 legisse
1490 2778 1599 2807 videtur
1628 2780 1721 2814 ἀραῖς.
