1898 3075
83 211 160 246 ιυιι’

386 269 510 298 ΚΕΦΑΛ.
535 270 572 296 Ε’.

79 316 152 351 Περὶ
175 315 232 351 τῆς
247 315 284 351 ἐνΔ
301 316 461 351 Ἀντιοχείᾳ
487 315 612 350 μετρικῆς
636 316 779 351 συνόδου,
807 316 874 349 ’ἥτις

116 349 237 377 imaeue
249 349 308 384 μὲν
324 349 508 384 Ἀθανάσιοικ
530 349 695 384 ("pm-timor
710 350 744 376 δὲ
759 351 874 378 ἀντεισ-

114 385 217 419 ήταγε·
231 383 279 411 καὶ
288 383 357 419 περὶ
371 383 430 410 τῶν
440 383 494 410 δύο
504 383 652 411 ἐκθέσεων
664 384 719 418 τῆς
733 387 870 417 πίστεως·

116 418 166 446 καὶ
178 418 249 453 περὶ
263 418 321 445 τῶν
337 419 605 452 συμφωνησάντων
617 420 729 452 αὐτοῖς.

116 464 170 490 Καὶ
184 465 198 490 ὁ
216 463 265 499 μὲν
283 463 347 490 τάδε
369 463 484 499 πράξας⁷
510 465 548 495 είς
568 464 732 500 Ἀντιόχειαν
753 465 803 499 τῆς
821 465 871 491 Συ-

79 511 140 545 ρίας
156 507 233 545 ἧκεν.
248 509 316 544 Ἤδη
331 508 359 535 δὲ
373 508 581 544 ἐξεργασθείσης
597 509 646 545 τῆς
664 509 757 537 ἐνθάδε
773 510 872 544 ἐκκλη-

80 555 149 586 σίας,
171 555 205 590 ἣν
223 554 332 588 μεγέθει
353 554 400 580 καὶ
427 553 518 580 κάλλει
544 555 679 590 ὑπερφυᾶ,
703 554 743 581 ἔτι
769 555 871 590 περιὼν

80 600 294 631 Κωνσταντίνος,
307 598 436 634 ὑπουργῷ
450 600 620 634 χρησάμενος
636 600 817 634 Κωνσταντίῳ
831 600 870 635 τῷ

79 645 165 676 παιδὶ,
182 645 331 679 οἰκοδομεῖν
346 644 457 679 ἤρξατο,
472 645 512 676 είς
533 645 627 680 καιρὸν
643 644 715 678 ἔδοξε
729 647 784 677 τοῖς
799 647 870 681 ἀμφὶ

77 691 123 717 τὸν
139 690 278 723 Εὑσέϐιον,
293 690 376 717 πάλαι
392 690 470 716 τοῦτο
495 690 684 723 σπουδάζουσι,
698 691 805 718 σύνοδον
824 699 869 725 γε-

76 736 183 762 νέσθαι.
200 736 232 762 Οἳ
247 736 278 770 δὴ
291 736 363 768 τότε,
378 735 425 762 καὶ
439 735 527 771 ἕτεροι
543 735 596 762 τῶν
610 736 644 762 τὰ
659 736 728 762 αὐτὰ
742 736 869 772 φρονούν-

74 790 128 808 των
151 782 244 813 αὐτοῖς
268 782 308 813 εἰς
327 781 486 817 ἐνενήκοντα
508 781 554 807 καὶ
573 781 642 808 ἑπτὰ
659 781 796 813 τελοῦντες
811 782 869 808 ἐπι-

75 826 194 858 σκόπους
217 831 228 845 !
245 846 253 858 ,
278 826 439 862 πολλαχόθεν
465 828 505 858 εἰς
527 826 692 862 Ἀντιόχειαν
718 827 865 862 συνῆλθον·

73 870 209 904 προφάσει
232 870 281 905 μὲν
300 870 337 902 ὡς
359 871 405 896 ἐπὶ
424 871 570 906 ἀφιερώσει
597 871 647 906 τῆς
674 870 801 905 νεουργοῦ
823 871 868 897 ὲκ-

571 216 730 244 HISTORIA
751 213 1026 242 ECCLESIASTICA.
1047 230 1080 234 —-
1100 214 1162 240 LIB.
1184 212 1228 239 ill.

1640 207 1707 236 ιοιε

1257 266 1331 294 CAP.
1348 266 1379 293 V.

925 315 964 342 De
980 314 1138 349 particulari
1169 314 1269 348 synodo
1291 313 1622 349 .4utiochiwucongregala,
1650 319 1708 349 qua:

957 346 1135 376 Athanasium
1149 346 1252 382 quidem
1269 348 1388 381 deposuit
1401 367 1408 379 ,
1434 346 1587 382 Gregorium
1601 353 1661 382 uero
1679 347 1708 372 in

958 384 1015 418 ejus
1029 384 1115 410 locum
1133 381 1280 410 substituit.
1297 382 1365 409 Item
1381 382 1412 408 de
1428 381 1531 418 duabus
1548 381 1610 415 ﬁdei
1628 388 1708 412 expa-

958 416 1109 449 s'itionibus,
1125 423 1149 444 et
1161 418 1267 452 quinam
1283 417 1337 443 illis
1354 416 1543 444 consenserint.

957 464 1006 491 llis
1024 463 1170 495 confectis,
1188 463 1336 498 imperator
1348 462 1521 489 Antiochiam
1540 460 1626 496 Syriae
1645 468 1708 494 pcr-

922 510 1025 538 rexit‘.
1047 509 1100 537 Ubi
1116 517 1178 536 cum
1197 509 1324 535 absoluta
1347 512 1422 536 esset
1442 508 1558 535 ecelesia
1577 507 1707 541 amplitu—

921 555 986 582 dine
1000 555 1080 582 simul
1096 562 1129 581 ac
1145 554 1352 588 pulchritudine
1366 554 1513 584 excellens,
1531 559 1611 587 quam
1636 551 1707 578 Con-

922 600 1059 628 stantinus
1070 600 1134 626 dum
1150 599 1177 626 in
1190 599 1259 626 vivis
1275 603 1360 632 esset,
1377 599 1541 626 administro
1557 605 1624 625 usus
1636 597 1707 623 Con-

922 645 1023 673 stantio
1048 645 1114 677 lilio,
1140 644 1278 671 aedificare
1298 648 1432 678 coeperat,
1451 643 1615 670 EUSellialllS
1635 643 1706 677 jam—

919 690 1024 726 pridem
1041 690 1093 717 hoc
1117 689 1308 722 molientibus,
1333 692 1517 723 opportunum
1543 689 1569 714 id
1598 693 1704 722 tempus

919 737 1007 763 visum
1021 735 1111 763 estad
1127 735 1262 771 synodum
1274 734 1465 770 colligendam.
1481 733 1527 761 isti
1544 734 1626 768 igitur
1641 742 1701 760 cum

923 781 985 809 aliis
1003 781 1127 816 ejusdem
1151 781 1290 817 opinionis
1307 780 1474 812 fautoribus,
1501 779 1583 807 simul
1609 786 1703 806 omnes

919 831 1022 861 septem
1038 830 1065 854 et
1082 827 1232 861 nonaginta
1247 825 1383 860 episcopi,
1398 824 1483 852 variis
1512 831 1544 851 ex
1563 824 1633 850 locis
1650 824 1705 850 Λιι-

917 873 1045 900 tiochiam
1062 876 1127 900 tunc
1142 872 1274 907 temporis
1290 874 1478 899 convenerunt
1500 879 1505 896 :
1532 869 1622 904 specie
1643 869 1705 903 qui-

74 916 206 952 κλησίας·
225 917 263 949 ὡς
284 916 312 944 δὲ
331 916 361 943 τδ
380 917 485 944 ἀποϐὰν
499 917 609 948 ἔδειξεν,
626 916 672 943 ἐπὶ
689 917 853 951 μεταποιήσε

916 918 977 945 dem
997 921 1026 944 ut
1044 918 1189 945 ecclesiam
1217 924 1314 944 recens
1336 916 1501 943 aedificatam
1521 914 1702 942 dedicarent:

72 963 128 989 τῶν
145 963 174 988 ὲν
189 962 291 999 Νικαιᾳ
306 962 449 995 δοξάντων.
468 963 574 997 Ἠγεῖτο
600 962 628 988 δὲ
646 961 796 996 τηνικαῦτα
813 961 863 996 τῆς

79 1007 238 1042 Ἀντιοχέων
251 1007 412 1042 Ἐκκλησίας
439 1007 580 1042 Πλάκητος
595 1007 650 1042 (7|)
666 1006 734 1041 μετὰ
757 1006 862 1042 Εὐφρό-

71 1060 137 1078 νιον.
156 1051 284 1087 Πέμπτον
300 1052 328 1079 δὲ
345 1053 403 1084 ἔτος
420 1052 516 1087 ἠνύετο
530 1052 583 1079 ἀπὸ
596 1052 644 1087 τῆς
659 1051 863 1080 Κωνσταντίνου

70 1095 120 1122 τοῦ
138 1096 265 1131 Μεγάλου
279 1096 417 1132 τελευτῆς.
433 1096 509 1123 Ἐπεὶ
526 1097 554 1123 δὲ
566 1097 665 1128 πάντες
679 1097 704 1123 ol.
719 1097 862 1124 ἐπίσκοποι

71 1140 215 1177 συνῆλθον,
238 1141 327 1178 παρῆν
348 1141 376 1168 δὲ
400 1142 447 1169 καὶ
471 1143 486 1168 ὁ
512 1142 637 1177 βασιλεὺς
661 1143 861 1176 Κωνστάντιος,

68 1187 239 1222 ἠγανάκτουν
253 1188 278 1214 οἱ
302 1187 420 1220 πλείους,
445 1189 492 1214 καὶ
517 1188 610 1220 δεινῶς
637 1188 793 1216 Ἀθανάσιον
816 1190 863 1216 έπ-

69 1231 197 1265 ῃτιῶντο,
225 1232 263 1263 ὡς
291 1232 426 1266 ἱερατικὸν
449 1232 609 1268 ὑπεριδόντα
623 1233 731 1269 θεσμὸν,
743 1233 773 1260 ὃν
787 1234 864 1260 αὐτοὶ

69 1276 162 1304 ἔθεντο
183 1283 208 1309 ι,
232 1277 279 1304 καὶ
301 1277 365 1313 πρὶν
382 1278 566 1314 ἐπιτραπῆναι
583 1279 658 1315 παρὰ
678 1279 796 1312 συνόδου,
814 1280 862 1315 τὴν

68 1319 270 1356 Ἀλεξανδρέων
285 1321 449 1357 Ἐκκλησίαν
464 1322 643 1350 ἀπολαϐόντα.
655 1324 704 1350 Ἐκ
717 1323 810 1350 τούτου
824 1324 861 1356 δὲ,

69 1366 119 1393 καὶ
131 1366 246 1394 θανάτου
260 1367 376 1394 πολιτῶν
391 1368 477 1396 αἴτιον
500 1369 580 1396 αὐτὸν
602 1369 703 1403 ἔλεγον,
727 1370 764 1401 ὡς
781 1370 862 1406 ἡνίκα

67 1413 110 1444 εἰς
120 1412 170 1448 τὴν
184 1405 261 1440 πόλιν
282 1412 365 1448 εισῄει
377 1414 496 1445 στάσεως
511 1414 666 1449 κινηθείσης
676 1423 683 1430 ·
703 1414 749 1441 καὶ
758 1415 863 1442 πολλῶν

69 1456 123 1491 μὲν
142 1457 349 1492 ἀναιρεθέντων,
366 1457 419 1484 τῶν
442 1457 470 1484 δὲ
497 1458 681 1493 δικαστηρίοις
701 1459 863 1494 παραδοθέν-

67 1510 135 1529 των.
150 1503 289 1538 Μεγίστης
305 1512 333 1530 τε
348 1503 474 1538 διαϐολῆς
486 1504 538 1531 ὑπὸ
550 1504 677 1531 τοιούτων
692 1505 778 1539 λόγων
792 1505 862 1532 κατὰ

74 1547 235 1575 ’Δθανασίου
261 1549 433 1584 ὑφανθείσης,
459 1549 626 1584 ἐψηφίσαντο
646 1551 793 1586 Γρηγόριον
813 1551 861 1585 τῆς

917 971 948 990 re
965 963 1026 997 ipsa
1043 966 1145 994 autem,
1163 963 1235 990 sicut
1249 963 1341 989 exitus
1360 961 1525 992 declaravit,
1544 964 1573 987 ut
1595 960 1702 987 decreta
1726 956 1733 963 ’

914 1007 1017 1034 Nicaani
1038 1007 1149 1034 concilii
1177 1007 1352 1042 abrogarent.
1377 1005 1494 1033 Praeerat
1519 1009 1586 1032 tunc
1602 1004 1699 1031 Antio-

914 1053 1010 1080 chensi
1042 1052 1174 1080 Ecclesiae
1212 1055 1274 1086 post
1310 1052 1501 1086 Euphronium
1541 1049 1698 1077 Flaccillus.

914 1099 1010 1126 Annus
1027 1101 1117 1125 autem
1129 1097 1244 1132 quintus
1256 1097 1419 1124 volvebatur
1433 1097 1468 1124 ab
1481 1097 1557 1123 obitu
1570 1096 1702 1124 Constan-

920 1143 970 1171 tini
1000 1143 1101 1179 Magni.
1133 1142 1201 1169 Cum
1219 1150 1284 1177 ergo
1303 1141 1423 1169 universi
1454 1141 1578 1177 episcopi
1601 1149 1700 1168 conve-

913 1190 1031 1221 nissent,
1062 1192 1089 1216 et
1117 1188 1269 1223 imperator
1286 1187 1343 1221 ipse
1370 1186 1553 1213 Constantius
1577 1185 1700 1217 adesset,

915 1236 1071 1271 complures
1090 1242 1184 1263 eorum
1201 1233 1340 1268 indignari
1359 1235 1514 1267 coeperunt,
1529 1235 1556 1259 et
1576 1231 1701 1260 Athana-

914 1283 986 1310 sium
999 1282 1121 1317 graviter
1135 1286 1278 1311 accusare,
1297 1278 1369 1313 quod
1398 1276 1596 1305 sacerdotalem
1614 1277 1699 1312 legem

914 1335 996 1363 quam
1010 1327 1062 1362 ipsi
1074 1326 1206 1357 tulerant,
1219 1324 1442 1358 contempsisset,
1451 1326 1478 1350 et
1486 1322 1698 1349 Alexandrinam

914 1373 1063 1400 Ecclesiam
1077 1372 1154 1406 prius
1169 1371 1327 1406 recepisset,
1347 1376 1428 1404 quam
1448 1367 1475 1394 id
1500 1367 1551 1402 ipsi
1573 1367 1690 1402 permis-

914 1425 973 1446 sum
992 1417 1089 1444 fuisset
1105 1424 1120 1443 a
1135 1415 1250 1452 synodo.
1264 1413 1342 1441 Unde
1354 1413 1412 1448 98
1426 1416 1454 1440 et
1467 1412 1574 1439 civibus
1587 1419 1698 1438 causam

914 1463 990 1490 necis
1007 1463 1085 1490 illum
1104 1462 1191 1489 fuisse
1214 1460 1356 1492 dicebant,
1386 1462 1533 1494 propterea
1552 1457 1625 1492 quod
1653 1457 1699 1483 illo

915 1510 941 1535 in
961 1508 1055 1536 urbem
1071 1506 1250 1543 ingrediente,
1271 1509 1345 1532 mota
1359 1507 1434 1533 esset
1448 1504 1556 1537 seditio,
1571 1507 1597 1531 et
1612 1503 1689 1530 multi

915 1554 1024 1590 quidem
1047 1552 1195 1585 interfecti,
1222 1560 1275 1579 non
1299 1551 1379 1586 pauci
1410 1557 1476 1578 vero
1507 1550 1541 1577 ad
1569 1549 1696 1585 judicum

73 1592 272 1628 ⁷Δλεξανδρέων
293 1593 454 1629 Ἐκκλησιας
467 1596 637 1630 προστατεῖν.
655 1596 702 1622 Ἐκ
723 1596 819 1622 τούτου
833 1596 857 1622 δὲ

916 1599 1060 1628 tribunalia
1072 1599 1198 1634 perducti
1211 1597 1339 1625 fuissent.
1348 1595 1512 1631 IIujusmodi
1525 1595 1698 1623 sermonibus

69 1637 238 1672 μεταϐάντες
253 1638 293 1670 είς
309 1638 358 1673 τὴν
371 1639 434 1674 περὶ
455 1638 502 1665 τοῦ
520 1639 652 1675 δόγματος
667 1640 790 1676 ζήτησιν,
803 1642 857 1673 τοῖς

916 1652 976 1672 cum
999 1644 1162 1679 gravissima
1199 1643 1333 1670 adversus
1367 1641 1548 1669 Athanasium
1580 1639 1698 1668 conﬂata

69 1683 122 1718 μὲν
139 1684 169 1710 ὲν
186 1684 288 1720 Νικαίᾳ
302 1684 407 1716 δόξασιν
422 1685 497 1712 οὐδὲν
516 1681 692 1721 ἐμέμψαντο·
709 1687 857 1722 γράμματα

916 1693 987 1717 esset
1002 1688 1151 1722 calumnia,
1167 1688 1349 1715 decreverunt
1367 1690 1396 1713 ut
1411 1685 1561 1721 Gregorius
1577 1686 1696 1712 Alexan-

67 1727 100 1754 δὲ
112 1727 295 1763 διεπέμψαντο
307 1730 363 1761 τοῖς
375 1730 444 1758 κατὰ
463 1731 539 1758 πόλιν
554 1732 722 1766 ἐπισκόποις,
745 1731 786 1764 οἷς
799 1734 860 1767 ἐδή-

68 1772 170 1807 λωσαν,
185 1773 223 1806 ὡς
238 1774 382 1801 ἐπίσκοποι
402 1775 477 1808 ὄντες
493 1777 542 1804 οὑκ
555 1777 739 1813 ἠκολούθησαν
750 1779 858 1814 Ἀρείῳ·

68 1818 130 1850 πῶς
143 1819 198 1854 γὰρ
217 1820 392 1856 πρεσϐυτέρῳ
407 1821 462 1848 ὄντι
475 1830 482 1855 ;
500 1822 661 1858 δοκιμασταὶ
675 1823 702 1849 δὲ
718 1824 858 1858 γενόμενοι

67 1864 120 1900 τῆς
135 1864 252 1897 πίστεως
277 1865 369 1899 αὑτοῦ,
386 1867 485 1902 μᾶλλον
513 1868 594 1896 αὐτὸν
612 1870 794 1905 προσήκαντο,
813 1879 858 1896 πι-

69 1910 177 1936 στεύειν
199 1911 228 1937 δὲ
254 1912 324 1946 σφᾶς
344 1913 413 1939 κατὰ
434 1913 484 1948 τὴν
506 1913 536 1947 ἐξ
554 1915 640 1950 ἀρχῆς
662 1915 859 1951 παραδοθεῖσαν

69 1955 173 1982 πίστιν.
188 1954 265 1983 Εἶναι
281 1957 310 1984 δὲ
325 1957 426 1992 ταύτην
443 1958 476 1993 ἣν
490 1959 626 1992 ὑπέταξαν
645 1961 678 1996 τῇ
694 1961 782 1987 αὐτῶν
798 1961 858 1988 ὲπι-

105 2034 114 2049 ¹
127 2033 207 2062 Socr.
223 2033 269 2062 lib.
285 2043 319 2068 ιι,
335 2042 359 2063 c.
371 2034 396 2064 8.

912 1735 998 1761 drinze
1013 1733 1143 1760 Ecclesia
1157 1732 1328 1767 praesideret.
1353 1731 1420 1759 Post
1433 1731 1491 1758 haec
1509 1730 1636 1758 conversi
1662 1730 1707 1757 ad

911 1779 1090 1814 quaestionem
1105 1778 1138 1806 de
1159 1777 1228 1811 ﬁde,
1248 1777 1317 1804 nihil
1340 1776 1449 1811 quidem
1467 1777 1494 1803 in
1514 1775 1632 1803 decretis
1647 1773 1698 1801 Ni-

886 1825 977 1852 'caeni
998 1823 1108 1851 concilii
1136 1823 1387 1858 reprehenderunt.
1413 1821 1532 1848 Litteras
1564 1828 1629 1848 vero
1661 1821 1696 1847 ad

912 1870 1081 1905 singularum
1106 1869 1217 1896 urbium
1241 1868 1389 1903 episcopos
1415 1867 1570 1899 miserunt,
1593 1866 1693 1901 quibus

912 1915 1072 1943 indicabant
1083 1923 1123 1947 se,
1134 1917 1228 1949 utpote
1240 1913 1394 1949 episcopos,
1412 1912 1508 1938 Arium
1520 1919 1694 1946 nequaquam

914 1965 1026 1990 secutos
1039 1969 1111 1989 esse.
1133 1959 1274 1993 Quomodo
1299 1959 1382 1992 enim,
1402 1957 1522 1989 aiebant,
1552 1957 1629 1984 illum
1645 1957 1693 1991 qui

672 2112 804 2139 VALESII
823 2112 1097 2142 ANNOTATIONES.

105 2155 163 2192 (7i)
177 2156 342 2192 Πλάκητος.
361 2155 410 2184 Hie
432 2157 577 2192 episcopus
601 2157 750 2185 Antiochia:
776 2157 853 2186 Flac-

908 2165 968 2196 erat
978 2160 1228 2196 Constantinopoli,
1242 2160 1269 2188 in
1282 2161 1413 2188 Chronico
1427 2160 1608 2196 Alexandrino
1621 2161 1692 2187 Φλα-

69 2191 153 2230 cilius
173 2190 334 2230 _diceba_tur,_
350 2195 380 2230 ut
402 2190 493 2230 notavi
520 2190 674 2230 ad_librum
699 2193 852 2230 secundum

916 2195 1044 2222 ιιλλιανοῦ
1057 2190 1188 2223 παλάτιόν
1205 2190 1306 2223 dicitur
1323 2205 1328 2222 :
1356 2195 1426 2230 apud
1445 2195 1607 2230 Procopium
1626 2203 1692 2222 vero

71 2225 206 2258 Socratis,
220 2227 308 2260 capite
320 2226 346 2252 8.

69 2261 163 2287 solent
184 2260 315 2288 scribere.
339 2260 384 2288 Sic
415 2261 546 2296 palatium
573 2261 754 2289 Flaccilliana:
776 2263 849 2297 quod

360 2225 437 2265 Quod
450 2234 547 2265 nomen
556 2227 642 2265 Graeci
654 2234 716 2265 eum
733 2228 814 2254 unico
833 2236 850 2265 κ

916 2238 934 2257 ιι
950 2230 1020 2258 libro
1034 2230 1123 2265 primo
1138 2230 1311 2258 Persicorum
1329 2225 1531 2257 Πλακιλλιαναί.

797 2352 976 2382 VARIORUM
980 2374 986 2380 .

106 2401 118 2415 ι
135 2398 337 2438 Ἔνενιήφιοντα
352 2399 401 2425 καὶ
415 2399 699 2442 ἑπτὰΙεὲνξεειξκᾴπιουςἶ
716 2400 788 2442 Idem
814 2405 857 2442 est

916 2409 998 2436 scopo,
1014 2408 1059 2428 aut
1076 2402 1209 2442 episcopus
1224 2403 1354 2442 a'synado
1366 2403 1510 2437 depositus,
1527 2403 1629 2442 nonnad
1643 2404 1696 2430 im»

70 2439 205 2470 numerus
216 2433 415 2470 episcoporum
431 2435 502 2470 apud
531 2434 664 2470 Hilarium
693 2435 721 2463 in
751 2436 798 2462 lib.
818 2435 855 2462 De

69 2467 191 2501 synodis.
209 2467 375 2504 Athanasius
393 2467 482 2504 autem
503 2473 531 2496 et
557 2469 685 2497 Socrates
704 2470 854 2504 nonaginta

70 2505 179 2529 tantum
200 2502 361 2530 convenisse
375 2503 496 2530 tradunt.

106 2542 120 2556 ε
148 2536 195 2569 Ὧς
208 2537 556 2573 -ζερατικὸνγὺπεριδόντα
578 2539 698 2573 θεσμὸν,
720 2539 756 2566 ὃν
771 2540 855 2566 αὐτοὶ

69 2571 186 2606 ἔθεντο.
208 2570 239 2597 Hi
255 2571 373 2606 episcopi
391 2570 520 2599 Arianam
542 2570 666 2601 haeresim
683 2570 758 2601 intus
779 2582 854 2601 com-

75 2605 161 2642 plexi,
175 2609 202 2631 ct
217 2611 307 2632 tamen
329 2605 490 2634 catholicam
507 2615 562 2642 pra:
578 2616 607 2635 se
617 2608 770 2636 doctrinam
783 2608 856 2636 ferre

71 2640 207 2671 volentes,
226 2647 352 2675 canones
369 2640 516 2675 quosdam—
528 2646 604 2669 tanto
633 2643 748 2670 artiﬁcio
762 2643 856 2670 edide-

72 2679 149 2711 runt,
164 2679 195 2700 ut
213 2673 396 2711 Athanasium
421 2676 530 2710 quidem
555 2677 680 2711 aliosque
698 2677 855 2704 Catholicos

71 2707 199 2740 ferirent,
212 2709 279 2743 ipsis
291 2710 398 2736 inierint
413 2707 506 2738 eorum
520 2707 730 2739 fabricatoribus
740 2711 856 2738 Nicaenae

72 2743 181 2780 synodo
204 2744 341 2771 adhaerere
366 2745 443 2780 yisis.
469 2745 502 2771 Hi
526 2750 590 2774 sunt
616 2746 752 2780 praecipue
774 2746 855 2780 hujus

72 2777 171 2815 synodi
185 2785 305 2815 canones
319 2778 479 2815 undecimus
489 2784 516 2806 et
531 2777 725 2807 duodecimus:
739 2777 855 2815 quorum

73 2813 150 2846 prior
163 2813 308 2847 episcopos
326 2813 386 2840 sine
413 2815 614 2848 metropolitani
631 2819 658 2841 et
681 2813 855 2848 comprovin-

73 2847 185 2874 cialium
205 2847 509 2883 episcoporumlitteris
527 2849 559 2876 ad
575 2847 766 2883 imperatorem
783 2850 857 2876 adire

74 2885 181 2914 vetans,
197 2882 267 2908 viam
282 2882 424 2918 posteriori
447 2883 592 2910 condendo
613 2882 718 2916 Stravit,
737 2891 791 2918 quo
808 2884 856 2910 dc-

74 2920 180 2944 crctum
197 2920 249 2950 cst,
269 2921 296 2943 ut
311 2917 445 2952 presbyter
460 2918 496 2945 rei
509 2918 635 2946 diaconus
648 2927 663 2944 α
678 2917 783 2953 proprio
802 2920 855 2952 epi-

527 2991 547 3016 δ

908 2441 1067 2470 peratorem,
1084 2437 1128 2472 sed
1140 2437 1175 2472 ad
1192 2437 1278 2471 majus
1298 2438 1481 2472 episcoporum
1503 2438 1642 2464 concilium
1662 2446 1690 2465 te

908 2475 1053 2503 conuertat,
1068 2471 1235 2506 ejusdemque
1255 2472 1353 2504 iudicio
1378 2472 1543 2506 subjiciatur.
1575 2472 1651 2504 Quod
1665 2473 1690 2499 si

908 2505 966 2539 quis
985 2506 1019 2547 ad
1034 2507 1231 2547 [imperatorem
1242 2507 1399 2547 aufugerit,
1424 2505 1449 2534 is
1468 2507 1542 2533 nulla
1556 2507 1629 2547 uenia

908 2547 973 2573 gnua
995 2540 1146 2576 habeatur:
1161 2540 1234 2567 Nihil
1255 2540 1329 2568 dubii
1353 2549 1418 2569 esse
1441 2545 1541 2576 potest,
1559 2542 1624 2575 quin
1644 2541 1690 2568 hic

908 2581 996 2602 canon
1015 2580 1111 2602 contra
1131 2575 1159 2602 S.
1176 2575 1354 2603 Athanasium
1369 2583 1418 2609 per
1439 2575 1542 2604 litteras
1571 2577 1688 2609 impera-

908 2609 992 2645 torias
1010 2610 1071 2637 sine
1087 2610 1212 2645 synodali
1229 2609 1338 2637 decreto
1349 2610 1408 2645 sedi
1422 2618 1479 2638 sua:
1494 2611 1691 2645 Alexandrina;-

907 2644 1077 2675 restitutum,
1094 2644 1220 2671 conditus
1236 2644 1326 2672 fuerit.
1354 2644 1423 2671 Hinc
1441 2653 1501 2672 cum
1520 2644 1551 2671 D.
1567 2645 1687 2679 Chryso-

908 2681 995 2714 stomo
1020 2679 1087 2706 vitio
1109 2683 1272 2714 verteretur,
1300 2679 1373 2714 quod
1396 2683 1458 2714 post
1477 2680 1684 2713 depositionem,

909 2713 1013 2746 absque
1027 2713 1139 2747 majoris
1151 2713 1246 2748 synodi
1259 2713 1430 2745 auctoritate,
1440 2721 1491 2740 suo
1508 2714 1595 2747 ipsius
1611 2713 1686 2740 arbi-

908 2747 960 2773 trio
974 2748 1002 2774 in
1029 2747 1211 2782 episcopalem
1234 2748 1326 2775 sedem
1350 2748 1504 2779 invasisset.
1534 2751 1628 2774 contra
1654 2755 1686 2774 ac

907 2781 1078 2809 Antiochcno
1091 2781 1142 2809 hoc
1157 2789 1261 2810 canone
1276 2786 1407 2810 statutum
1424 2782 1529 2815 fuerat;
1544 2782 1692 2816 respondit-

907 2816 962 2848 ille,
988 2817 1069 2843 islmn
1088 2825 1142 2844 non
1153 2816 1283 2844 Ecclesia:
1293 2817 1443 2848 catholicm,
1459 2816 1507 2844 sed
1521 2816 1689 2842 Arianorum

908 2858 969 2888 esse
985 2858 1126 2888 cntionem.
1148 2851 1239 2881 Socr..
1255 2852 1430 2888 lib._yi,rcap.
1447 2851 1490 2888 l8_.
1513 2850 1584 2888 Guil.
1602 2850 1686 2888 Deve-

908 2885 998 2919 regius
1015 2885 1041 2912 in
1056 2885 1150 2912 Codice
1161 2894 1291 2913 canonum
1303 2884 1426 2914 Ecclesia:
1440 2886 1581 2920 primitivw
1595 2884 1687 2912 nimii»

908 2924 976 2952 calo,
997 2920 1041 2947 lib.
1059 2927 1078 2953 I,
1092 2928 1151 2955 cap.
1166 2921 1192 2953 4,
1205 2929 1233 2948 n.
1248 2921 1273 2947 9.
