1898 3075
87 187 158 216 1045

587 189 745 216 HISTORIA
766 188 1040 217 ECCLESIASTICA.
1069 205 1103 209 —
1124 190 1186 218 LIB.
1208 190 1252 218 ΙΙΙ.

1641 193 1708 221 ΐθίῦ

87 252 198 275 σκοπος,
211 244 257 271 καὶ
273 243 407 279 Γεώργιος
418 246 432 271 6
444 246 600 277 Λαοδικείας
610 247 659 281 τῆς
678 247 753 282 παρὰ
767 247 872 282 Σύροις,

948 246 1041 273 cacius
1054 247 1100 280 qui
1117 247 1234 275 Eusebio
1248 247 1382 283 Pamphili
1404 253 1588 279 successerat,
1605 253 1632 275 et
1657 248 1709 274 Pa-

87 289 162 315 ἄλλοι
172 297 204 316 τε
216 288 307 315 πολλοὶ
324 290 551 323 μητροπολιτικὰς
563 291 608 317 καὶ
626 290 711 322 ἄλλως
724 291 804 326 ὲπισή
811 299 875 326 μους

93 333 259 369 Ἐκκλησίας
272 333 492 366 ἐπισκοποῦντες.

930 291 1066 325 trophilus
1084 291 1323 328 Scythopolitanus
1335 294 1390 329 99
1406 302 1468 321 cum
1489 293 1634 321 Theodoro
1650 293 1709 327 epi-

931 344 1015 371 seopo
1030 337 1178 368 Heracleas,
1200 347 1259 373 quze
1278 339 1424 366 Perinthus
1445 344 1524 366 antea
1540 339 1706 366 dicebatur:

89 379 232 408 Eudoxius
243 388 354 416 quoque
378 381 557 409 Germaniciat'
567 381 722 417 episcopus.
734 382 780 417 qui
793 386 895 416 postea,
917 382 996 417 pulso
1012 382 1181 417 Macedonio,
1200 385 1529 421 Constantinopolitanam
1555 385 1624 411 rexit
1659 383 1711 411 Ec-

86 426 200 453 clesiam
223 434 230 453 :

266 425 414 461 Gregorius
447 426 563 461 denique
590 427 637 461 qui
665 427 857 454 Alexandrinze
888 427 1017 454 Ecclesiae
1057 427 1160 455 electus
1191 429 1280 456 fuerat
1311 431 1466 465 episcopus.
1496 429 1571 462 Quos
1601 429 1710 463 quidem

88 479 176 498 unum
189 472 316 507 idemque
331 471 435 500 sentire
449 472 483 500 de
498 473 559 505 ﬁde,
578 480 674 500 omnes
694 480 727 500 eo
748 476 870 506 tempOre
891 471 1057 500 fatebantur.
1078 473 1148 506 Quin
1164 480 1190 502 et
1210 475 1322 503 Dianius
1341 476 1472 503 Caesarea:
1504 476 1531 502 in
1563 474 1707 509 Cappado-

87 518 132 544 cia
151 519 307 553 episcopus,
324 523 352 545 et
378 517 514 553 Georgius
538 517 680 546 Laodiceae
694 525 756 552 quae
779 521 820 544 cst
847 517 874 543 in
895 516 987 551 Syria,
1005 518 1108 553 aliique
1129 520 1221 554 plures
1255 521 1380 553 aderant,
1413 522 1459 556 qui
1485 521 1714 555 metropolitanas

88 569 138 592 aut
155 565 268 592 aliunde
285 565 407 593 illustres
415 565 554 593 Ecclesiae
570 565 810 592 administrabant.

389 609 515 636 ΚΕΦΛΛ.
536 609 581 643 q'.

89 654 162 688 Περὶ
174 655 321 682 Εὐσεόίου
333 654 388 681 τοῦ
406 654 568 689 Epeo-uror?
580 663 587 671 '
607 655 656 682 καὶ
667 655 707 688 ὡς
718 656 878 689 Γρηγόριος

125 689 291 716 κατέλαϐεν
309 689 546 724 Ἀλεξάνδρειαν,
571 690 746 723 Ἀθανάσιος
769 690 803 716 δὲ
822 699 878 724 φυ-

125 724 188 758 γὼν
200 725 244 756 είς
267 725 382 759 Ῥώμην
397 724 579 754 διασώζεται.

127 769 181 807 Σὺν
192 769 284 801 αὐτοῖς
299 769 328 796 δὲ
345 770 391 796 καὶ
407 769 534 801 Εὐσέϐιος
552 770 567 796 ὁ
583 769 698 804 ἐπίκλην
720 769 878 804 Ἐμεσηνόςε

88 814 120 845 ὃς
143 813 174 840 τὺ
201 814 249 848 μὲν
273 814 368 847 γένος,
395 813 424 846 ἐξ
444 814 572 848 Ἐδέσσης
595 814 645 849 τῆς
664 813 814 849 Ὀσροηνῶν
837 814 882 840 εὑ-

91 860 226 895 πατρίδης
241 860 364 896 ὑπῆρχεν
378 868 385 875 ·
417 861 447 886 ὲκ
467 860 528 886 νέου
551 860 580 886 δὲ
602 860 672 886 κατὰ
689 860 802 895 πάτριον
822 859 881 891 ἔθος

1256 610 1331 638 CAP.
1350 610 1392 637 Vl.

933 654 971 681 De
986 654 1097 682 Eusebio
1111 655 1233 682 Emiseno
1248 664 1256 682 :
1269 655 1430 690 etquomodo
1445 655 1585 690 Gregorius
1599 656 1717 682 Alexan-

966 690 1054 716 driam
1064 691 1210 725 jngressus
1231 695 1286 722 est;
1313 690 1475 717 Athanasius
1495 699 1552 717 vero
1578 691 1641 725 fuga
1659 690 1716 716 ela—

967 732 1041 758 psus,
1059 723 1169 752 Ηοὴιαηι
1184 725 1263 753 venit.

967 769 1103 797 Eusebius
1127 777 1238 804 quoque
1264 773 1446 805 cognomento
1473 769 1627 801 Emisenus,
1655 770 1719 798 huic

936 815 1040 851 synodo
1056 815 1185 843 interfuit
1211 816 1230 842 ¹.
1246 815 1298 848 Qui
1319 815 1405 842 nobili
1426 823 1526 850 genere
1543 819 1623 842 natus
1648 816 1718 849 apud

936 861 1066 889 Edessam
1083 862 1179 889 urbem
1202 860 1341 894 Osroenze,
1363 869 1376 887 a
1398 868 1483 896 puero
1505 860 1584 895 juxta
1602 860 1719 894 patriam

89 905 157 936 τοὺς
172 906 261 940 ἱεροὺς
287 905 413 938 ἐκμαθὼν
439 905 545 939 λόγους,
572 905 642 940 μετὰ
664 905 750 933 ταῦτα
774 906 821 932 καὶ
847 906 881 932 τὰ

950 908 1172 941 onsuetudinem,
1199 916 1292 936 sacras
1313 907 1471 943 Scripturas
1485 906 1581 934 didicit
1599 916 1605 933 ι
1627 910 1721 941 postea

92 952 158 985 παρ’
178 950 305 986 Ἓλλησιν
328 950 481 986 ὲξεδιδάχθη
503 951 691 986 παιδεύματα,
715 951 883 983 διδασκάλοις

91 998 150 1028 τοῖς
163 996 256 1023 ἐνθάδε
271 996 331 1023 τότε
350 994 408 1023 οὖσι
426 997 568 1032 φοιτήσας.
586 997 718 1032 Ὕστερον
739 998 767 1024 δὲ
784 998 883 1034 ἐξηγη-

92 1042 155 1073 ταῖς
177 1041 300 1077 Εὐσεὸίῳ
322 1041 360 1078 τῷ
385 1042 527 1078 Παμφίλου
542 1063 549 1075 ,
585 1044 633 1070 καὶ
659 1044 822 1080 Πατροφίλῳ
848 1045 884 1080 τῷ

93 1088 292 1123 προϊσταμένῳ
309 1088 509 1122 Σκυθοπόλεως,
528 1089 578 1121 τὰς
594 1088 670 1122 θείας
683 1089 789 1125 βίὸλους
804 1091 884 1126 ἠκρί-

93 1133 178 1160 ϐωσε.
191 1133 413 1170 Παραγενόμενός
428 1143 457 1161 τε
473 1136 512 1167 εὶς
524 1136 699 1171 Ἀντιόχειαν,
709 1137 769 1164 ἐπεὶ
781 1138 879 1172 συνέϐη

94 1179 247 1207 Εὐστάθιον
266 1179 460 1216 καθαιρεθῆναι
473 1181 517 1208 διὰ
532 1182 580 1218 τὴν
592 1182 682 1217 Κύρου
699 1184 882 1218 κατηγορίαν,

94 1225 238 1261 Εὑφρονίῳ
249 1225 289 1261 τῷ
306 1227 363 1262 μετ’
378 1227 459 1253 αὑτὸν
476 1228 565 1262 συνῆν.
581 1229 691 1262 Φεύγων
708 1228 735 1255 δὲ
748 1229 898 1264 tepidior,-

95 1271 212 1305 ἀφίκετο
242 1272 283 1303 είς
313 1271 533 1308 Ἀλεξάνδρειαν,
565 1273 719 1308 φιλοσόφοις
741 1275 796 1305 τοῖς
820 1274 884 1311 τῇδε

96 1318 231 1352 φοιτήσας
243 1317 309 1352 (75)”
336 1319 384 1345 καὶ
405 1317 439 1345 τὰ
452 1318 563 1346 ἐκείνων
575 1319 704 1354 ἀσκηθεὶς
722 1320 883 1356 μαθήματα,

96 1362 250 1396 ἐπανῆλθεν
274 1363 314 1394 είς
336 1363 510 1398 Ἀντιόχειαν,
533 1365 580 1392 καὶ
598 1365 733 1400 maer
748 1365 830 1392 πάλιν
846 1366 884 1401 τῷ

97 1409 171 1444 μετὰ
186 1408 334 1443 Εὐφρόνιον
348 1409 537 1444 συνδιέτριϐεν.
560 1410 603 1442 Ὠς
617 1410 645 1437 δὲ
666 1411 765 1446 συνέϐη
782 1412 884 1448 ταύτην

96 1455 194 1482 ἐνθάδε
208 1455 413 1490 συγκροτεῖσθαι
430 1456 548 1488 σύνοδον,
564 1457 609 1483 ἐπὶ
624 1457 669 1483 τὸν
685 1457 884 1494 Ἀλεξανδρείας

97 1500 256 1538 προεκλήθη
277 1501 371 1537 θρόνον
386 1502 439 1528 ὑπὸ
456 1503 586 1530 Εὑσεϐίου
603 1504 649 1530 τοῦ
665 1505 885 1532 Κωνσταντινου-

98 1548 206 1579 πόλεως
227 1548 387 1576 ἐπισκόπου.
404 1549 483 1583 ᾭετο
503 1548 557 1585 γὰρ
581 1550 661 1576 αὐτὸν
677 1548 706 1578 εὖ
726 1551 799 1586 μάλα
811 1552 886 1578 πολι-

97 1595 257 1630 τευόμενον,
274 1595 321 1622 καὶ
336 1595 425 1630 λέγειν
438 1595 583 1630 κράτιστον
596 1596 672 1630 ὄντα,
693 1596 790 1632 ῥᾳδίως
807 1606 889 1632 μετα-

100 1640 202 1675 στῆσαι
223 1641 286 1672 τοὺς
309 1640 473 1675 Αἰγυπτίους
497 1641 639 1679 τῆςίπερὶ
664 1642 821 1670 Ἀθανάσιον
845 1644 889 1670 εὑσ

99 1686 189 1717 νοίας.
211 1686 286 1713 Ἐπεὶ
300 1686 327 1713 δέ
342 1687 444 1722 ταύτην
461 1688 636 1723 παρῃτήσατο
649 1685 698 1722 τὴν
711 1688 888 1723 χειροτονίαν,

101 1732 283 1766 λογισάμενος
317 1731 355 1764 ὡς
389 1732 520 1768 εὐτρεπὲς
559 1733 669 1768 εὑρήσει
707 1734 784 1769 μῖσος
815 1733 891 1769 παρὰ

108 1776 340 1812 Ἀλεξανδρεῦσιν,
355 1778 405 1804 οὐκ
426 1778 599 1813 ἀνεχομένοις
622 1778 715 1813 ἕτερον
731 1779 792 1805 ἀντὶ
815 1779 894 1806 Ἀθα-

102 1822 198 1849 νασίου
228 1822 304 1854 ἰδεῖν,
339 1822 515 1858 ἐπιτρέπεται
545 1823 696 1858 Γρηγόριος
713 1829 724 1843 ο
756 1824 806 1859 τὴν
840 1825 894 1852 τῶν

110 1868 324 1904 Ἀλεξανδρέων,
349 1870 429 1901 αὐτὸς
452 1870 480 1896 δὲ
503 1871 551 1906 τὴν
578 1870 695 1906 Ἐμέσης
719 1871 893 1906 Ἐκκλησίαν.

110 1914 247 1941 Ἐνταῦθα
263 1916 356 1942 στάσιν
371 1916 520 1951 ὑπομείνας
532 1925 539 1932 ·
562 1917 717 1944 διεὸάλλετο
729 1917 782 1953 γὰρ
797 1918 890 1944 ἀσκεῖ-

105 1960 172 1987 σθαι
192 1960 241 1994 τῆς
264 1961 460 1996 ἀστρονομίας,
481 1960 496 1987 ὃ
516 1961 598 1997 μέρος
621 1962 891 1998 ἀποτελεσματικὺνά

104 2005 232 2037 καλοῦσι.
252 2006 340 2040 φυγὰς
356 2004 438 2040 ἦλθεν
453 2006 494 2037 είς
506 2006 665 2033 Λαοδίκειαν
679 2007 747 2042 πρὸς
757 2007 893 2042 Γεώργιον

104 2052 153 2079 τὸν
177 2051 271 2078 ἐνθάδε
285 2052 442 2085 ἐπίσκοπον,
468 2052 618 2088 ἐπιτήδειον
639 2053 714 2080 ὅντα.
745 2053 774 2080 '0
792 2053 832 2086 δὲ,
853 2055 893 2085 είς

112 2097 281 2133 Ἀντιόχειαν
303 2098 377 2133 αὺτῷ
404 2098 554 2130 συνελθὼν,
581 2098 650 2134 πρὸς
680 2099 821 2134 Πλάκητον
846 2101 894 2126 καὶ

105 2143 266 2178 Νάρκισσον
277 2142 341 2174 τοὺς
356 2143 532 2176 ἐπισκόπους,
546 2143 707 2170 ἐπανελθεῖν
720 2145 760 2175 εἰς
773 2145 894 2179 Ἔμεσαν

106 2187 325 2223 παρεσκεύασεν.
348 2188 470 2222 Ἐγένετο
490 2188 518 2215 δὲ
541 2187 722 2224 Κωνσταντίῳ
739 2188 778 2224 τῷ
791 2189 895 2224 βασιλεῖ

935 962 1000 982 vero
1025 955 1053 982 in
1069 954 1213 989 gentilium
1229 953 1384 989 disciplinis
1409 953 1552 980 institutus
1569 956 1610 979 est
1629 959 1644 978 a
1664 959 1722 977 ina-

935 999 1028 1035 gistris
1045 1000 1161 1034 quitum
1174 998 1201 1025 in
1219 1006 1251 1026 ea
1268 997 1379 1025 civitate
1400 996 1591 1028 morabantur;
1613 994 1723 1022 tandem

935 1053 1001 1073 vero
1021 1044 1221 1079 interpretibus
1242 1051 1310 1071 usus
1331 1043 1450 1070 Eusebio
1471 1041 1605 1076 Pamphili
1628 1046 1655 1068 et
1671 1040 1722 1066 Pa-

936 1091 1056 1126 trophilo
1071 1090 1301 1125 Scythopolitano
1316 1089 1459 1124 episcopo,
1481 1088 1513 1114 ad
1527 1093 1663 1115 summam
1679 1093 1724 1112 sa-

935 1145 1046 1165 crorum
1061 1136 1237 1164 Voluminum
1254 1135 1378 1163 notitiam
1395 1135 1527 1169 pervenit.
1547 1133 1612 1159 Inde
1626 1131 1724 1158 Antio-

935 1184 1025 1211 chiam
1039 1182 1190 1218 profectus,
1210 1188 1273 1208 cum
1294 1179 1455 1207 Eustathius
1475 1182 1587 1213 propter
1606 1184 1722 1204 accusa-

935 1229 1040 1256 tionem
1063 1228 1138 1262 Cyri,
1153 1227 1314 1262 episcopatu
1335 1228 1436 1253 exutus
1459 1224 1567 1255 fuisset,
1585 1230 1648 1249 cum
1668 1222 1725 1248 Eu-

936 1274 1052 1309 phronio
1067 1273 1204 1300 Eustathii
1217 1278 1377 1300 successore
1393 1270 1565 1297 familiariter
1581 1268 1658 1295 vixit.
1669 1267 1724 1294 Sed

936 1319 1000 1354 quia
1032 1317 1216 1345 sacerdotium
1244 1315 1424 1347 detrectabat,
1455 1314 1581 1348 migravit
1607 1312 1725 1339 Alexan-

936 1365 1036 1397 driam,
1051 1363 1231 1399 philosophos
1248 1362 1294 1397 qui
1310 1361 1366 1388 illic
1381 1363 1459 1387 erant
1476 1358 1632 1386 auditurus.
1650 1356 1724 1389 Quo-

935 1417 997 1438 rum
1011 1408 1163 1443 disciplinis
1185 1415 1247 1434 cum
1267 1406 1375 1434 abunde
1390 1404 1518 1432 excultus
1533 1405 1617 1434 esset,
1642 1401 1723 1429 rediit

937 1455 1126 1487 Antiochiam,
1153 1459 1234 1488 atque
1258 1453 1315 1480 illic
1332 1459 1393 1479 cum
1417 1449 1549 1477 Flaccillo
1573 1447 1726 1483 Euphronii

939 1508 1103 1531 successore
1119 1503 1244 1527 versatus
1255 1502 1307 1526 est.
1325 1497 1410 1524 Porro
1428 1503 1489 1523 cum
1505 1495 1575 1522 hanc
1590 1493 1726 1529 synodum

941 1548 1096 1576 Antiochia:
1113 1547 1171 1574 ﬁeri
1188 1545 1362 1581 contigisset,
1384 1542 1519 1570 Eusebius
1529 1539 1728 1568 Constantino-

944 1595 1084 1630 politanus
1100 1593 1247 1628 episcopus
1263 1591 1297 1617 ad
1316 1589 1512 1625 capessendam
1537 1585 1730 1613 Alexandrinae

944 1640 1075 1668 Ecclesia:
1107 1637 1374 1665 administrationem
1399 1641 1462 1662 eum
1493 1633 1653 1660 adhortatus
1675 1634 1728 1658 est.

945 1685 1126 1714 Existimabat
1142 1684 1229 1715 enim,
1245 1683 1337 1714 illum,
1356 1685 1450 1716 utpote
1466 1679 1566 1707 eximia
1584 1678 1730 1706 sanctitate

944 1737 970 1760 et
986 1738 1094 1759 summa
1109 1729 1267 1764 e10quentia
1283 1726 1441 1762 praeditum,
1463 1724 1654 1760 Egyptiarum
1671 1723 1732 1749 ani—

945 1785 1006 1805 mos
1022 1776 1103 1803 facile
1119 1779 1313 1803 revocaturum
1327 1779 1342 1799 a
1354 1771 1559 1804 benevolentia,
1580 1778 1631 1805 qua
1647 1769 1732 1797 Atha-

945 1822 1055 1850 nasium
1083 1819 1344 1854 complectebantur.
1373 1816 1428 1843 Sed
1448 1824 1511 1843 cum
1528 1815 1730 1842 ordinationem

946 1868 1017 1895 hanc
1045 1867 1211 1896 recusasset,
1236 1870 1329 1891 secum
1362 1862 1419 1897 ipse
1448 1865 1579 1896 reputans
1607 1860 1732 1886 futurum

947 1913 1029 1942 haud-
1049 1911 1150 1943 dubie,
1184 1913 1215 1936 ut
1237 1909 1264 1936 in
1281 1910 1405 1943 paratum
1430 1906 1502 1941 apud
1528 1904 1732 1933 Alexandrinos

945 1959 1037 1986 odium
1054 1957 1218 1986 incurreret,
1242 1953 1342 1988 quippe
1360 1951 1406 1986 qui
1423 1951 1527 1978 nullum
1541 1950 1596 1984 pati
1618 1953 1732 1983 possent

947 2006 973 2032 in
994 2005 1084 2030 locum
1110 1999 1255 2028 Athanasii
1278 1998 1457 2025 substitutum
1473 2005 1481 2023 :
1497 1995 1647 2030 Gregorius
1670 1994 1732 2028 qui-

946 2050 1008 2077 dem
1033 2045 1225 2075 Alexandrinae
1249 2043 1398 2079 praeﬁcitur
1421 2041 1558 2073 Ecclesiae,
1584 2041 1644 2074 ipse
1666 2047 1731 2067 vero

947 2097 1093 2124 Emisenaa.
1113 2093 1170 2120 Illic
1181 2091 1315 2120 seditione
1329 2088 1422 2124 populi
1443 2087 1597 2122 appetitus;
1615 2093 1730 2113 accusa-

948 2144 1030 2170 batur
1045 2141 1117 2168 cnim
1142 2138 1215 2174 quod
1240 2144 1299 2164 eam
1327 2135 1405 2170 100
1426 2133 1603 2161 astronomia:
1627 2135 1731 2165 partem

948 2188 1096 2217 excoleret,
1104 2181 1398 2220 quatApotelesmatice
1407 2182 1529 2209 vocatur,
1538 2178 1602 2212 fuga
1610 2177 1731 2211 elapsus,

107 2233 318 2269 κεχαρισμένος.
339 2234 447 2269 Ἀμέλει
461 2242 502 2260 τοι
527 2234 607 2269 ἡνίκα
628 2223 746 2269 Πέρσαις
766 2223 888 2270 ἐτέιστρω

949 2234 1112 2262 Laodiceam
1137 2230 1171 2257 ad
1201 2227 1347 2262 Georgium
1369 2225 1444 2252 illius
1460 2223 1534 2250 urbis
1558 2223 1731 2258 episcopum,

146 2280 155 2295 ¹
169 2280 246 2307 Socr.
257 2280 346 2313 lib.u,
363 2287 387 2307 c.
400 2280 425 2312 9,
445 2280 488 2306 10.

718 2325 850 2353 VALESH
868 2324 1148 2353 ANNOTATIORES.

148 2372 205 2407 (75)
220 2372 399 2407 Φιχιοσόφοις
419 2370 572 2407 τοῖςλτῇᾷε
593 2370 750 2407 φοιτήσας.
769 2369 826 2396 Non
843 2370 888 2407 dui

949 2370 1014 2405 quin
1028 2367 1204 2396 scribendum
1221 2365 1256 2392 sit
1287 2363 1433 2398 φοιτήσων.
1468 2361 1494 2388 id
1529 2361 1600 2388 enim
1634 2369 1732 2387 sensus

110 2405 228 2443 uagum.
244 2406 312 2434 Vide
327 2406 467 2434 Socratem
487 2405 515 2432 in
538 2405 609 2433 libro
632 2405 763 2438 secundo,
781 2412 840 2439 cap.
865 2405 892 2432 9.

832 2447 1021 2476 VARIORUM.

112 2499 169 2527 lioli
182 2498 317 2526 Lueiana'i
328 2498 452 2525 videatur
463 2497 534 2531 apud
548 2497 680 2524 Athenas.
692 2497 738 2524 lib.
751 2496 790 2524 De
798 2495 891 2531 synod.

112 2534 199 2561 Arim.
217 2538 243 2560 et
261 2533 376 2564 Selene"
394 2536 422 2560 et
437 2533 507 2566 apud
534 2532 623 2563 Sner.,
649 2532 694 2559 lib.
717 2539 747 2562 Il.
774 2539 834 2566 cap.
849 2531 892 2558 10.

113 2570 186 2595 Vere
203 2568 288 2596 fuisse
298 2567 411 2595 Lueiani
426 2567 477 2594 hoc
499 2567 649 2601 symbolum
667 2573 722 2593 non
737 2566 772 2593 ab
784 2566 894 2593 Arianis

113 2604 168 2638 ipsi
183 2603 311 2634 amotum,
341 2602 425 2629 multa
439 2600 584 2638 evincunt.
609 2601 695 2638 Ayide
717 2605 812 2638 autem
824 2600 895 2627 hanc

115 2635 276 2670 formulam,
295 2640 325 2664 ut
350 2644 407 2664 sua:
436 2636 498 2663 ﬁdei
525 2636 722 2670 expositionem
751 2635 896 2662 ediderunt

113 2673 224 2703 Ariani,
236 2672 308 2706 quod
319 2672 346 2698 in
362 2673 419 2706 ipsa
432 2669 637 2706 νοςνόμοοῦσιος
647 2677 702 2696 non
718 2669 895 2706 inveniretur,

114 2713 144 2735 et
161 2704 320 2741 verba'ejus
337 2704 468 2735 nonnulla
485 2705 581 2732 haeresi
598 2705 720 2741 ipsorum
751 2704 840 2730 favere
849 2704 895 2741 _vi-

115 2743 249 2769 derentur
261 2738 370 2776 {atque
391 2740 525 2776 imperitis
536 2738 750 2776 persuaderent,
764 2746 797 2776 se
813 2738 895 2776 πολυ-

117 2776 269 2812 opma-mg
292 2773 558 2812 Lticiani__Martyri_s
591 2773 670 2800 ﬁdem
700 2773 828 2812 tenuisse.

119 2807 226 2839 Erillus.
245 2810 307 2844 De].
324 2809 385 2836 Fid.
406 2807 521 2840 Nicwni,
536 2809 656 2844 Sectari,
674 2814 733 2844 cap.
752 2807 845 2844 l3,_n.
862 2807 896 2844 _4_,

120 2846 168 2880 qui
185 2853 200 2872 a
220 2841 341 2880 Luciano
357 2841 837 2880 Arianismi_suspicionelndepcllig
856 2841 898 2880 A_it

120 2875 220 2908 auctor
240 2879 413 2914 Dialogorum
426 2878 456 2905 de
476 2875 611 2911 Trinita'te,
627 2878 698 2904 inter
711 2875 798 2911 Opera
819 2875 847 2902 S.
862 2875 897 2902 A-

947 2494 1077 2525 thanasii,
1091 2492 1232 2520 inrreticos
1245 2490 1358 2518 Lueiani
1371 2487 1573 2515 confessionem
1586 2489 1678 2515 nmltis
1693 2487 1732 2515 la-

947 2530 1027 2557 ciniis
1042 2528 1230 2560 interpolasse.

984 2571 994 2584 υ
1017 2556 1189 2597 Γρηγὸριος.
1219 2559 1369 2597 Gregorius
1391 2558 1443 2597 iste
1470 2556 1636 2597 Cappadox,
1666 2557 1730 2583 olim

948 2592 1122 2626 Alexandrize
1152 2592 1249 2623 litteris
1275 2592 1449 2621 addiscendis
1464 2592 1576 2619 dederat
1599 2599 1730 2625 cperant;

949 2635 1121 2667 comiterque
1146 2631 1187 2667 ab
1202 2629 1360 2667 Athanasio
1377 2632 1404 2655 et
1428 2627 1633 2667 perhumaniter
1650 2632 1732 2652 cxce-

951 2673 1030 2703 ptus,
1047 2662 1129 2703 ειιὲμισ
1141 2665 1188 2692 lilii
1206 2669 1232 2703 et
1249 2663 1420 2703 amici-loco
1432 2662 1558 2703 habitus,
1588 2662 1731 2687 immemor

950 2695 1041 2734 ollicii,
1055 2695 1152 2729 fabula:
1166 2700 1230 2726 (τωεί
1243 2697 1349 2734 Arsenii
1360 2695 1518 2734 evulgandee
1530 2702 1638 2734 oper_a_m
1652 2700 1727 2721 suam

950 2730 1064 2765 locarat.
1079 2737 1120 2763 Cl.
1140 2734 1292 2765 Benedict.,
1313 2731 1522 2765 Vit.Atha1ms.,
1541 2737 1565 2763 p.
1587 2730 1631 2755 55.

984 2773 997 2792 ιι
1019 2771 1113 2805 Μέρος
1130 2768 1415 2805 ὰποτελεσματριόν.
1446 2764 1493 2805 Est
1504 2772 1538 2805 ea
1556 2770 1622 2802 pars
1640 2766 1730 2805 astro-

951 2797 1044 2842 logim,
1056 2797 1115 2840 quae
1129 2805 1201 2830 circa
1216 2803 1266 2830 vim
1280 2797 1307 2829 ct
1320 2801 1444 2828 cﬁectum
1461 2799 1600 2826 stellarum
1617 2798 1643 2824 in
1657 2797 1730 2832 geni—

951 2842 1019 2869 turis
1034 2843 1169 2867 versatur.
