1898 3075
210 172 279 201 ίθᾷτ

939 172 1109 202 ΞΟΖΟΜΕΝΙ

1772 178 1842 206 ιοιε

211 232 377 260 familiarem
397 240 490 265 suum,
518 240 548 260 se
564 232 692 260 contulit.
713 231 763 259 llic
785 239 841 259 una
858 239 923 260 eum
947 233 990 260 ille

1046 231 1135 257 τεύειν
1148 230 1270 266 ἔμελλεν,
1296 231 1378 258 αὑτὸν
1400 231 1527 266 ἐπήγετο.
1551 232 1667 266 Λέγεται
1683 232 1740 267 γὰρ
1754 233 1841 261 πολλὰ

209 278 351 313 profectus
370 277 542 305 Antiochiam
556 276 598 308 ad
613 276 773 304 Flaccillum
789 280 816 304 et
832 277 995 305 Narcissum

176 347 181 360 ι
208 325 368 360 episcopos,
383 323 499 359 perfecit
513 327 543 350 ut
555 322 675 350 Emisam
693 327 889 351 reverteretur.
907 323 996 351 Caete-

209 378 272 398 rum
287 370 452 398 Constantio
474 369 636 405 imperatori
663 373 758 404 gratus
771 368 824 396 fuit
848 369 994 405 imprimis.

209 414 292 442 Certe
310 413 531 448 quotiescunque
553 412 734 441 Constantius
745 413 851 440 bellum
868 413 996 442 illaturus

209 463 267 486 erat
284 459 387 491 Persis.
410 466 505 486 secum
525 458 603 486 illum
619 458 785 486 deducebat.
813 459 898 486 Aiunt
922 459 994 487 enim

208 505 293 532 multa
309 512 358 539 per
373 505 452 532 illum
467 511 483 531 a
497 504 552 532 Deo
571 504 642 532 facta
655 512 718 532 esse
735 505 881 537 miracula,
900 513 995 540 quem-

207 550 356 577 admodum
372 553 489 578 testatur
510 549 646 586 Georgius
667 549 851 582 Laodicenus,
869 550 916 586 qui
937 555 993 578 tum

207 597 270 629 ista,
285 599 342 622 tum
357 595 410 622 alia
424 595 543 630 plurima
556 596 591 623 de
605 596 653 624 illo
666 600 877 624 commemorat.
892 596 993 624 Verum

207 641 334 675 quamvis
356 641 420 668 talis
435 645 586 676 tantusque
611 642 653 669 vir
677 646 762 675 esset,
789 649 885 670 eorum
901 647 993 670 tamen

207 686 339 713 invidiam
360 693 419 714 non
437 685 542 721 effugit,
562 686 610 722 qui
634 687 751 715 aliorum
775 688 924 716 virtutibus
949 689 993 715 uri

207 732 307 759 solent.
324 730 393 759 Nam
414 736 442 760 et
455 732 514 766 ipse
533 732 710 761 insimulatus
725 738 778 765 est,
798 734 871 769 quod
885 733 994 770 opinio-

206 785 268 804 nem
287 777 401 805 Sabellii
414 781 576 806 sectaretur.
592 778 670 806 Tunc
685 783 776 806 autem
799 780 931 814 temporis
945 786 993 807 ea-

205 824 267 851 dem
286 831 348 851 cum
361 824 503 859 episcopis
519 825 565 859 qui
582 825 734 852 Antiochiae
749 830 935 853 convenerant
950 825 993 853 de«

205 869 304 897 crevit.
313 869 446 897 Maximus
454 878 520 897 vero
530 869 780 906 Hierosolymorum
801 871 948 906 episcopus
959 870 993 898 de

205 916 343 944 industria
358 916 480 944 abfuisse
502 916 605 943 dicitur
627 917 660 944 ab
685 916 738 944 hoc
763 916 901 948 concilio,
928 923 991 943 cum

205 963 297 998 ipsum
312 963 471 998 pmniteret.
484 962 557 997 quod
570 967 650 990 antea
666 962 693 989 in
710 961 836 989 fraudem
847 961 991 993 inductus,

205 1009 240 1036 iis
269 1009 316 1044 qui
336 1009 517 1036 Athanasium
540 1008 736 1043 deposuerant,
758 1008 990 1036 consensisset‘.

206 1054 260 1082 Sed
275 1063 365 1090 neque
387 1055 518 1082 Romana:
532 1055 610 1082 urbis
631 1055 790 1090 episcopus,
813 1062 903 1089 neque
919 1053 992 1081 alius

205 1099 353 1134 quispiam,
363 1099 421 1127 sive
432 1107 464 1126 ex
475 1098 564 1131 Italia,
574 1099 631 1127 sive
644 1106 675 1126 ex
687 1099 838 1134 provinciis
851 1099 922 1126 ultra
937 1098 991 1126 lta-

206 1143 268 1170 liam
287 1143 358 1176 sitis,
375 1143 440 1170 huic
455 1143 561 1179 synodo
572 1144 709 1171 interfuit.
726 1143 779 1170 Per
795 1144 866 1171 idem
883 1148 991 1178 tempus

203 1197 265 1217 cum
277 1189 305 1217 in
325 1188 484 1217 Occidentis
500 1189 613 1224 quidem
630 1190 757 1224 partibus
771 1189 871 1217 Franci
887 1189 991 1217 Gallias

203 1237 346 1262 vastarent
361 1243 367 1260 :
386 1233 508 1261 Orientis
522 1238 612 1261 autem
635 1234 793 1268 provinciae,
810 1242 842 1262 ac
855 1236 992 1270 praecipue

205 1277 270 1305 urbs
281 1278 428 1306 Antiochia
440 1281 502 1311 post
516 1278 665 1305 concilium
687 1278 725 1305 ibi
743 1278 914 1305 celebratum
929 1286 991 1314 gra-

203 1322 325 1350 vissimis
345 1327 426 1350 terra:
449 1323 572 1350 motibus
596 1326 816 1358 quassarentur:
840 1322 990 1359 Gregorius

203 1368 396 1396 Alexandriam
423 1368 500 1396 venit
523 1376 587 1396 cum
613 1368 717 1403 ingenti
743 1368 861 1395 militum
889 1376 990 1402 manu;

202 1414 304 1448 quibus
321 1415 480 1442 mandatum
506 1418 577 1446 erat,
600 1418 630 1442 ut
651 1419 779 1449 pacatum
795 1415 834 1442 illi
851 1423 883 1443 ac
903 1419 990 1443 tutum

203 1460 230 1486 in
246 1459 342 1487 urbem
362 1460 506 1487 introitum
521 1464 695 1494 praestarent.
713 1459 762 1488 His
776 1461 900 1489 subsidio
913 1466 992 1489 erant

202 1504 286 1531 etiam
299 1504 406 1536 Ariani,
424 1509 482 1531 tum
503 1505 537 1532 ad
552 1512 613 1532 eam
635 1512 692 1532 rem
707 1505 915 1540 perﬁciendam,
932 1510 990 1534 tum

203 1554 232 1577 ut
246 1550 427 1578 Athanasium
445 1551 514 1578 urbe
533 1551 701 1586 expellerent
723 1553 744 1578 ’.
762 1552 797 1578 At
814 1552 861 1580 ille
874 1553 989 1580 vereba-
1004 1565 1027 1596 ο

201 1601 258 1628 tur,
273 1604 308 1624 ne
320 1597 439 1631 populus
460 1597 550 1632 ipsius
570 1604 656 1624 causa
673 1596 811 1632 quidpiam
833 1597 899 1624 mali
914 1602 991 1632 pale-

203 1644 291 1668 rctur.
306 1641 393 1669 Nocte
407 1641 493 1676 igitur
509 1642 674 1669 adventante
693 1641 837 1669 collectam
857 1642 884 1668 in
901 1642 988 1669 eccle-

203 1683 245 1712 si‘a
260 1686 420 1715 celebravit.
436 1687 562 1722 Cumque
575 1687 632 1723 jam
658 1688 760 1716 milites
776 1688 924 1716 ecclesiam
938 1696 986 1715 oc-

1047 277 1081 303 δι’
1105 276 1187 303 αὐτοῦ
1210 277 1454 312 θαυματουργῆσαι
1479 277 1510 303 τὸ
1526 277 1624 310 Θεῖον,
1649 278 1687 309 ὡς
1704 282 1841 314 μαρτυρεῖ

1047 322 1182 357 Γεώργιος
1199 324 1213 349 ὁ
1228 322 1392 355 Λαοδικεὺς,
1417 322 1503 349 ταῦτα
1517 323 1565 349 καὶ
1579 323 1661 358 ἔτερα
1676 324 1741 358 περὶ
1755 325 1840 351 αξιπῦ

1046 367 1198 400 διεξελθών.
1220 367 1289 394 Ἀλλ’
1311 369 1326 394 ὁ
1341 368 1391 402 μὲν
1407 367 1509 403 καίπερ
1530 367 1650 400 τοιοῦτος
1668 367 1718 400 ὢν,
1743 369 1773 395 οὐ
1799 369 1839 395 δι-

1046 413 1131 447 έφυγε
1142 414 1188 440 τὸν
1204 414 1301 448 φθόνον
1315 413 1370 440 τῶν
1390 414 1517 442 ἀνιᾶσθαι
1537 415 1698 448 πεφυκότων
1717 415 1765 441 ἐπὶ
1778 417 1840 447 ταῖς
1860 440 1863 441 ,

1046 459 1133 486 ἄλλων
1149 460 1270 494 ἀρεταῖς.
1292 459 1438 495 ’Υπέμεινε
1452 460 1481 487 δὲ
1503 460 1552 487 καὶ
1565 461 1647 492 αὐτὸς
1667 461 1786 496 μέμψιν,
1801 461 1839 493 ὡς

1045 505 1080 531 τὰ
1095 505 1238 532 Σαϐελλιου
1251 505 1368 541 φρονῶν.
1388 505 1433 531 Ἐν
1446 505 1476 532 δὲ
1487 505 1526 540 τῷ
1541 505 1589 532 νῦν
1603 507 1639 532 τὰ
1651 506 1722 533 αὐτὰ
1735 507 1794 538 τοῖς
1810 507 1838 532 ὲν

1051 551 1200 587 Ἀντιοχείᾳ
1219 550 1392 578 συνελθοῦσιν
1412 550 1576 586 ἐψηφίσατο.
1599 551 1726 586 Μάξιμον
1745 551 1838 586 μέντοι

1044 597 1090 623 τὸν
1112 597 1308 633 Ἰεροσολύμων
1322 596 1482 629 ἐπίσκοπον,
1502 597 1628 631 ἐπίτηδες
1647 596 1756 630 λέγεται
1771 597 1837 624 ταύσ

1044 651 1093 677 την
1108 643 1260 676 ἀποφυγεῖν
1279 642 1328 677 τὴν
1351 642 1470 674 σύνοδον,
1494 641 1716 677 μεταμεληθέντα
1741 641 1837 668 καθότι

1044 687 1206 723 ἀπατηθεὶς,
1224 687 1369 723 σύμψηφος
1382 687 1490 722 ἐγένετο
1505 688 1562 718 τοῖς
1580 687 1741 714 Ἀθανάσιον
1769 686 1836 713 καθ-

1044 734 1159 760 ελοῦσιν.
1178 734 1215 761 Οὐ
1231 734 1284 769 μὴν
1296 733 1384 763 οὑδὲ-ὁ
1396 733 1441 760 τὸν
1455 733 1598 767 Ῥωμαίων
1612 733 1713 759 διέπων
1729 732 1834 767 θρόνον,

1043 778 1107 805 οἰοδὲ
1119 778 1173 805 τῶν
1190 776 1283 805 ἄλλων
1298 777 1416 809 Ἰταλῶν,
1439 778 1456 813 ἢ
1472 777 1526 804 τῶν
1540 777 1668 804 ἐπέκεινα
1689 776 1836 811 Ῥωμαίων

1043 825 1130 856 οὐδεὶς
1152 824 1245 851 ἐνθάδε
1262 823 1403 859 συνῆλθεν.
1418 823 1462 850 Ἐν
1476 823 1564 858 τούτῳ
1576 823 1616 856 δὲ,
1637 822 1773 857 Φράγκων
1788 822 1836 856 μὲν

1043 871 1108 902 τοὺς
1121 870 1189 905 πρὸς
1203 870 1279 896 δύσιν
1297 869 1420 900 Γαλάτας
1432 868 1566 904 δῃούντων
1579 876 1586 882 ·
1606 868 1657 903 τῆς
1671 868 1700 894 δὲ
1716 868 1788 903 πρὸς
1800 867 1837 894 ἕω

1043 916 1197 951 ἀρχομένης
1212 916 1265 942 ὑπὸ
1282 915 1418 950 μεγίστων
1432 913 1551 949 σεισμῶν
1565 913 1777 948 τινασσομένης,
1789 913 1836 938 καὶ

1044 961 1161 997 μάλιστα
1181 961 1230 996 τῆς
1261 961 1419 996 Ἀντιοχέων
1447 960 1551 989 πόλεως
1575 959 1643 994 μετὰ
1666 958 1717 993 τὴν
1741 957 1836 984 ἐνθάδε

1043 1007 1160 1038 σύνοδον,
1171 1004 1223 1042 ἦκε
1236 1006 1384 1042 Γρηγόριος
1399 1006 1439 1037 είς
1458 1004 1659 1040 Ἀλεξάνδρειαν
1673 1004 1722 1030 σὺν
1736 1003 1836 1038 πλήθει

1043 1052 1216 1089 στρατιωτῶν
1227 1057 1255 1085 θ,
1279 1052 1304 1078 οἳ
1327 1052 1450 1087 προνοεῖν
1475 1049 1721 1085 προσετάχθησαν,
1749 1049 1789 1080 ὡς
1804 1048 1836 1074 ἂν

1042 1098 1223 1129 ἀστασίαστος
1246 1097 1294 1124 καὶ⁶
1313 1096 1439 1131 ἀσφαλὴς
1456 1094 1530 1130 αὑτῷ
1549 1096 1566 1130 ὴ
1589 1094 1691 1126 εῐσοδος
1715 1093 1835 1128 γένοιτο.

1043 1143 1278 1178 Συνελαμὸἀνοντο
1300 1142 1328 1169 δὲ
1353 1142 1444 1172 αὐτοῖς
1467 1141 1514 1167 καὶ
1539 1141 1563 1167 οἱ
1578 1140 1612 1167 τὰ
1632 1139 1740 1175 ’Δρείου
1767 1146 1835 1173 φρο-

1043 1188 1151 1220 νοῦντες
1172 1188 1235 1223 περι
1250 1196 1280 1214 τε
1297 1187 1396 1219 ταῦτα,
1411 1188 1459 1213 καὶ
1473 1187 1547 1218 ὃπως
1564 1185 1723 1212 Ἀθανάσιον
1743 1184 1837 1216 ἐξελά-

1043 1242 1136 1260 σωσιν.
1156 1233 1186 1260 '0
1202 1233 1230 1259 δὲ
1246 1232 1350 1265 ἐδεδίει,
1366 1233 1403 1268 μή
1419 1241 1445 1259 τι
1466 1231 1499 1258 δι’
1516 1230 1598 1257 αὑτὸν
1619 1231 1634 1257 ὁ
1647 1230 1712 1261 λαὸς
1741 1228 1834 1255 πάθοι.

1043 1279 1098 1305 Καὶ
1114 1278 1164 1313 τῆς
1179 1278 1276 1309 νυκτὸς
1303 1277 1485 1312 ἐπιλαϐούσης
1506 1275 1685 1311 ὲκκλησίαζεν
1697 1283 1706 1290 ·
1733 1275 1786 1310 ἤδη
1806 1283 1836 1300 τε

1041 1324 1095 1351 τῶν
1112 1324 1286 1359 στρατιωτῶν
1304 1323 1514 1351 καταλαϐόντων
1530 1322 1580 1357 τὴν
1595 1320 1746 1356 ἐκκλησίαν
1767 1319 1835 1354 (74),

1041 1369 1124 1406 εὐχὴν
1135 1369 1312 1402 ἀποτελέσας,
1327 1369 1459 1405 πρότερον
1470 1368 1578 1403 ψαλμὸν
1589 1366 1704 1402 ῥηθῆναι
1719 1373 1837 1400 παρεκε-

1041 1416 1164 1442 λεύσατο.
1179 1415 1327 1451 Συμφώνου
1341 1415 1370 1442 δὲ
1386 1416 1435 1450 τῆς
1450 1413 1609 1450 ψαλμῳδίας
1628 1412 1792 1447 γενομένης,
1810 1411 1836 1436 οἱ

1042 1461 1208 1496 στρατιῶται
1222 1461 1291 1492 τέως
1305 1460 1450 1496 ἡσύχαζον,
1467 1460 1504 1492 ὡς
1517 1460 1567 1486 οὐκ
1582 1458 1712 1493 εὔκαιρον
1728 1457 1759 1483 ὃν
1772 1458 1836 1482 ἐπι-

1042 1505 1137 1533 θέσθαι
1150 1506 1219 1533 τότε.
1241 1506 1286 1534 Ἐν
1297 1506 1384 1541 τούτῳ
1402 1505 1430 1532 δὲ
1448 1505 1540 1536 διαδὺς
1555 1505 1607 1531 ὑπὸ
1629 1504 1692 1535 τοὺς
1715 1502 1836 1538 ψάλλον-

1042 1561 1101 1584 τας,
1116 1552 1210 1579 ἔλαθεν
1226 1551 1353 1585 ἐξελθὼν,
1371 1553 1418 1579 καὶ
1441 1553 1481 1583 είς
1507 1552 1557 1587 τὴν
1581 1549 1689 1585 Ῥώμην
1715 1547 1833 1583 ἀνήχθη.

1043 1597 1193 1633 Γρηγόριος
1207 1598 1236 1625 δὲ
1255 1598 1309 1625 τῶν
1328 1598 1524 1634 Ἀλεξανδρέων
1550 1596 1665 1631 κατέσχε
1681 1594 1778 1630 θρόνον
1791 1601 1798 1608 ·
1821 1594 1837 1618 ὁ

1041 1643 1071 1670 δὲ
1083 1643 1146 1676 λαδς
1157 1643 1322 1679 χαλεπήνας,
1335 1644 1385 1680 τὴν
1397 1643 1542 1679 ἐπώνυμον
1556 1641 1693 1669 Διονυσίου
1709 1640 1756 1667 τοῦ
1769 1639 1836 1674 τῇδε

1041 1690 1276 1725 ὲπισκοπήσαντος
1291 1690 1442 1726 ἐκκλησίαν
1457 1690 1621 1725 ἐνέπρησαν.

203 1736 364 1766 eupassent,
379 1732 438 1767 ipse
457 1733 594 1768 completa
613 1734 742 1761 oratione
756 1734 891 1769 psalmum
907 1734 986 1769 prius
1006 1736 1118 1763 recitari
1131 1736 1226 1771 jussit.
1249 1735 1318 1763 Dum
1340 1737 1462 1770 psalmus
1485 1736 1520 1763 ab
1553 1735 1682 1762 omnibus
1716 1738 1837 1760 canere-

202 1781 258 1810 tur,
285 1778 386 1806 milites
411 1779 515 1807 interea
541 1780 731 1814 quiescebant,
776 1780 999 1815 intempestivum
1020 1781 1072 1808 rati
1087 1789 1121 1809 eo
1152 1786 1276 1816 tempore
1292 1782 1424 1817 impetum
1447 1781 1549 1809 facere.
1568 1780 1647 1808 Tunc
1665 1787 1732 1807 vero
1746 1778 1836 1805 Atha-

201 1824 296 1853 nasius
319 1832 369 1860 per
385 1825 503 1853 mediam
526 1826 700 1861 psallentium
721 1828 830 1855 turbam
856 1829 985 1856 occultus
1002 1828 1104 1862 evasit,
1121 1832 1149 1855 et
1165 1827 1281 1855 Romam
1319 1829 1428 1864 navigio
1453 1827 1563 1856 delatus
1582 1831 1634 1854 est.
1669 1826 1731 1859 Quo
1758 1824 1835 1851 facto

201 1870 352 1906 Gregorius
373 1872 589 1900 Alexandrinam
605 1873 703 1901 sedem
721 1874 851 1901 obtinuit.
867 1874 988 1910 Populus
1007 1882 1072 1902 vero
1097 1874 1290 1910 indignatione
1323 1879 1494 1908 commotus,
1534 1873 1678 1902 ecclesiam
1709 1871 1834 1907 Dionysii

200 1917 339 1953 quondam
357 1917 430 1946 illius
443 1918 522 1947 urbis
536 1919 670 1955 episcopi,
683 1920 795 1948 nomine
811 1916 984 1955 appellatam,
1006 1920 1133 1948 incendio
1146 1921 1329 1956 consumpsit.
1685 1926 1689 1931 ‘

239 2007 247 2023 ⁸
261 2007 340 2036 Socr.
356 2007 403 2036 lib.
417 2016 438 2043 ι,
454 2016 479 2036 e.
497 2007 524 2035 8.
561 2009 572 2024 ³
588 2008 666 2037 Socr.
681 2008 729 2036 lib.
747 2017 777 2041 ιι,
799 2017 824 2036 c.
841 2008 884 2036 Η.

781 2085 916 2114 VALESH
934 2085 1209 2114 ANNOTATIONES.

237 2173 292 2210 (τε)
319 2174 405 2210 "Hd-nr
416 2181 448 2200 τε
469 2173 528 2210 29:»-
547 2173 748 2210 στρατιωτῶν·Δ
760 2175 990 2210 καταλαϐόντων

1042 2174 1114 2202 facta
1134 2179 1213 2210 sunt,
1228 2174 1274 2202 sed
1291 2174 1319 2201 in
1343 2173 1511 2210 ὲνθρονισμῴ
1529 2172 1651 2210 Georgii.
1675 2173 1748 2201 Vide
1772 2180 1830 2208 qua

199 2209 257 2244 τὴν
277 2209 455 2242 ἐκκλησίαν.
483 2207 547 2236 Haec
576 2207 631 2237 non
661 2209 690 2236 in
717 2208 835 2237 adventu
863 2209 987 2244 Gregorii

1041 2210 1133 2237 notavi
1150 2210 1183 2237 ad
1201 2209 1341 2237 Socratem
1355 2208 1469 2236 in'libro
1485 2216 1515 2241 ιι,
1530 2215 1590 2243 cap.
1604 2208 1648 2234 to.

920 2297 1110 2328 VARIORUM.

238 2391 250 2406 ε
278 2382 348 2413 Ἦκε
382 2385 551 2420 Γρητόριος
579 2387 622 2418 εἰς
666 2385 894 2420 Ἀλεξάνδρειαν
929 2386 989 2413 σὺν

201 2420 523 2461 ζιρήθειιοςτραζιωτᾶξν.
539 2419 577 2447 De
598 2421 754 2461 truculenta
772 2419 896 2461 Gregorii
915 2421 988 2449 sedis

200 2454 394 2490 Alexandrina:
410 2455 563 2490 invasione.
577 2455 717 2489 quomodo
732 2454 890 2483 incendium
904 2463 988 2490 passa

200 2494 243 2517 cst
259 2489 387 2521 ecclesia,
407 2489 527 2525 virgines
543 2489 696 2522 denudat-ae,
723 2491 851 2518 monachi
876 2489 988 2517 concul-

201 2525 268 2554 cati,
284 2525 452 2560 presbyteri,
466 2528 493 2552 et
508 2532 542 2560 er
555 2525 656 2560 populo
670 2526 748 2552 multi
764 2525 850 2560 plagis
862 2526 986 2556 lacerati,

203 2559 334 2594 mysteria
361 2560 475 2593 violata,
499 2559 645 2587 videantur
670 2559 843 2587 verba’Julii
871 2560 986 2587 Romani

202 2593 275 2628 apud
289 2593 481 2625 Athanasium,
499 2594 638 2629 Apologct.
653 2600 745 2621 contra
755 2595 883 2627 Arianos,
899 2603 926 2622 n.
942 2595 987 2627 50,

203 2633 230 2656 et
247 2629 334 2663 ipsius
347 2629 489 2657 Athanasii
507 2630 622 2664 epistola
637 2631 788 2665 encyclica,
804 2638 896 2665 quam,
914 2633 988 2664 post-

1040 2394 1122 2421 quam
1139 2393 1169 2413 se
1181 2393 1214 2413 ex
1231 2386 1329 2413 insano
1354 2386 1470 2413 militum
1496 2386 1615 2421 tumultu
1627 2384 1825 2421 proripuisset,

1039 2419 1073 2450 ad
1096 2428 1192 2448 omnes
1217 2421 1363 2455 episcopos
1391 2421 1425 2448 de
1451 2428 1546 2448 eorum
1572 2419 1684 2455 ﬂagitiis
1704 2421 1825 2455 scripsit.

1039 2455 1113 2482 Duas
1142 2454 1241 2482 fuisse
1262 2455 1391 2483 Ecclesiae
1426 2455 1620 2482 Alexandrinae
1657 2454 1824 2486 invasiones,

1039 2491 1154 2524 primam
1171 2498 1186 2516 a
1206 2489 1353 2525 Gregorio,
1371 2490 1522 2517 secundam
1544 2496 1565 2525 ar
1578 2489 1698 2525 Georgio
1716 2489 1823 2525 factam.

1039 2523 1189 2559 mitiusque
1209 2523 1299 2552 actum
1314 2532 1376 2552 cum
1390 2524 1583 2552 Alexandrinis
1599 2523 1712 2558 quando
1726 2523 1824 2558 Grego-

1038 2559 1096 2587 rius
1113 2560 1140 2586 in
1159 2567 1254 2587 eorum
1277 2559 1429 2586 Eeclesiam
1456 2567 1486 2587 se
1505 2559 1632 2591 intrusit,
1655 2565 1739 2592 quam
1764 2565 1822 2585 cum

1041 2594 1196 2656 Geoggius,
1229 2595 1328 2623 asserit
1353 2595 1415 2622 Ant.
1444 2594 1528 2629 Pagi,
1563 2593 1597 2621 ad
1629 2600 1736 2621 annum
1762 2592 1821 2624 διε,

1043 2637 1072 2656 n-
1135 2651 1140 2656 .

1043 2637 1072 2656 ll’
1097 2637 1140 2656 (ιο.
