1898 3075
25 158 128 188 1049

356 217 484 245 ΚΕΦΑΛ.
508 218 546 244 Z’.

23 261 126 294 ιιερὶ
138 261 197 288 τῶν
212 262 246 288 ἐν
263 261 358 297 Ῥώμῃ
382 263 431 290 καὶ
446 263 505 289 τῶν
520 262 679 297 ἀρχιερέων
699 263 753 297 τῆς
768 265 844 290 Κων-

78 297 254 332 σταντίνου
268 305 274 312 ·
300 297 341 330 ὡς
359 297 434 332 μετὰ
450 297 598 324 Εὑσέϐιον
615 297 707 324 πάλιν
724 298 844 331 Παῦλος

78 331 282 365 ἀποκατέστη
301 340 309 346 ·
335 332 384 359 καὶ
414 332 480 366 περὶ
507 332 562 366 τῆς
592 333 770 366 ἀναιρέσεως
790 334 843 360 τοῦ

79 366 298 402 ςτρατηλάτου
307 367 511 402 Ἑρμογένους²
522 367 570 393 καὶ
580 367 619 399 ὡς
626 367 658 398 ἐξ
669 368 843 402 Ἀντιοχείας

79 400 175 436 ἥκων
193 400 401 436 Κωνστάντιοςέ
421 402 475 427 τόν
491 410 523 428 τε
538 402 660 429 Παῦλον
671 400 842 436 μεθίστησι,

80 435 140 461 καὶ
155 436 232 470 πρὸς
245 435 302 468 τὴν
315 436 405 462 πόλιν
420 436 546 470 ὀργίλως
561 435 729 468 διατίθεται,
744 437 792 463 καὶ
803 437 844 469 ὡς

79 470 176 496 εἴασε
191 469 244 506 τον
260 470 446 506 Μακεδόνων
460 469 637 505 ἀμφιϐόλως,
660 471 707 498 καὶ
733 471 844 506 ἀνεχώ-

77 512 168 538 ρησε
183 503 276 531 πάλιν
292 506 336 537 εὶς
357 503 544 540 Ἀντιόχειαν.

81 545 154 575 ὀδε
171 548 221 583 μὲν
235 549 292 580 τοῖς
316 548 370 576 ἀπὸ
392 549 442 584 τῆς
463 549 587 581 ἐναντίας
601 550 735 585 αἱρέσεως
747 550 781 576 τὰ
797 550 843 584 βε-

32 593 221 628 δουλευμένα
242 592 406 627 κατώρθωτο
418 612 426 625 ,
451 593 650 629 καθῃρημένων
668 594 722 621 τῶν
741 596 843 632 σπουδῇ

34 638 264 674 προϊσταμένων
277 637 330 665 ἀνὰ
341 638 390 674 τὴν
409 638 446 665 ἔω
460 639 507 665 τοῦ
523 640 552 665 ἐν
563 639 666 674 Νικαίᾳ
683 640 845 675 βεσαιωθένς

33 691 97 714 τος
111 683 257 718 δόγματος.
274 683 557 718 Προκατειλημμένων
577 693 606 710 τε
630 685 685 711 τῶν
710 685 844 721 ἐπισημο-

34 729 145 756 τάτων
169 728 288 764 θρόνων,
317 729 521 764 Ἀλεξανδρείας
542 730 592 764 τῆς
611 730 671 757 κατ’
695 731 843 765 Αἴγυπτον,

35 775 102 802 καὶ
118 774 282 810 Ἀντιοχείας
293 775 344 810 τῆς
358 776 386 802 ἐν
402 775 498 811 Συρίᾳ,
511 776 558 802 καὶ
566 776 617 811 τῆς
632 777 707 812 παρά
721 777 767 804 τὸν
787 777 844 804 Ἑλ-

35 819 204 855 λήσποντον
242 820 376 855 βασιλίδος
413 820 534 853 πόλεως,
569 822 746 857 πειθομένους
773 821 845 858 εῐχον

35 865 117 897 τοὺς
140 864 194 892 ἀνὰ
212 865 271 891 τόδε
294 865 325 892 τὸ
349 865 466 901 ὑπήκοον
490 867 664 899 ἐπισκόπους.
701 868 731 894 '0
751 868 838 904 δὲτὴν

45 911 206 947 Ῥωμαίων
225 911 386 946 Ἐκκλησίαν
404 912 600 946 ἐπιτροπεύων,
621 913 667 939 καὶ
681 914 705 939 οἱ
727 914 779 940 ἀνὰ
793 913 843 949 τὴν

559 159 718 189 HISTORIA
739 160 1011 189 ECCLESIASTICA.
1032 174 1066 181 —-
1085 161 1148 188 LIB.
1171 160 1214 188 ΠΙ.

1613 160 1680 190 1050

1159 217 1234 252 ιοι
1254 215 1330 244 CAP.
1359 215 1415 244 vn.

897 264 935 291 De
946 264 1073 298 episcopis
1090 263 1163 290 urbis
1188 263 1274 289 Romw
1287 267 1311 289 et
1328 260 1638 298 Constantinopolitana’,
1655 266 1678 287 cl

931 296 1061 333 quomodo
1083 303 1140 332 post
1165 302 1276 333 mortem
1292 297 1398 333 Eusebii
1421 296 1524 333 Paulus
1549 296 1577 322 in
1604 303 1681 333 suam

931 330 1016 360 sedem
1045 330 1181 359 restitutus
1196 336 1244 359 est.
1262 331 1328 358 IIem
1348 332 1379 358 de
1402 333 1472 358 aede
1496 330 1677 361 Hermogenis,

930 368 1054 402 magistri
1068 367 1194 402 militum,
1212 371 1238 393 et
1253 367 1382 402 quomodo
1399 366 1570 402 constantius
1587 365 1681 391 Antio-

932 399 992 429 chia}
1004 402 1153 434 adveniens,
1169 399 1284 436 Paulum
1296 401 1400 436 quidem
1408 401 1494 435 ejecit,
1506 399 1604 436 civibus
1615 407 1678 436 vero

932 437 1046 471 graviter
1061 436 1218 464 succensuit.
1241 434 1338 462 Deinde
1358 434 1544 462 Macedoniam
1560 435 1587 462 in
1602 434 1681 461 dubio

932 471 1091 506 relinquens,
1108 471 1276 497 Antiochiam
1295 478 1412 497 reversus
1428 475 1477 497 est.

931 549 1010 576 Hunc
1028 548 1054 575 in
1073 548 1183 575 modum
1205 548 1322 575 consilia
1341 555 1434 574 eorum
1450 547 1497 582 qui
1513 547 1680 575 contrariam

897 594 1022 621 haeresim
1036 593 1198 624 tuebantur,
1215 592 1320 620 felicem
1337 599 1496 620 successum
1515 591 1681 623 habuerunt,

897 639 1031 674 depositis
1048 639 1187 673 episcopis
1202 639 1250 672 qui
1274 646 1321 672 per
1335 637 1456 665 Orientis
1472 637 1630 672 provincias
1648 637 1680 662 ti-

897 684 958 711 dem
973 685 1001 711 in
1015 684 1126 711 Nicena
1141 683 1247 718 synodo
1270 683 1419 710 stabililam
1441 682 1618 716 pertinaciter
1633 681 1681 708 dc~

897 730 1054 758 tendebant.
1069 729 1186 765 Jamque
1203 728 1346 764 occupatis
1358 728 1541 755 nobilissimis
1557 727 1679 759 sedibus,

897 776 1068 804 Alexandriae
1082 775 1189 804 scilicet
1205 782 1266 811 qum
1281 778 1324 802 est
1342 774 1370 801 in
1382 773 1511 808 Egypto,
1529 773 1682 800 Antiochia:

898 824 925 851 in
941 823 1030 859 Syria.
1045 827 1073 851 et
1087 823 1165 851 urbis
1178 823 1259 857 regiae
1270 829 1332 856 qua:
1354 821 1387 848 ad
1402 820 1608 854 Hellespontum
1630 819 1682 846 sita

897 872 951 902 est,
970 876 1067 896 omnes
1081 876 1176 896 earum
1190 867 1307 903 partium
1328 867 1472 902 episcopos
1487 865 1539 893 sibi
1557 868 1683 899 parentes

896 913 1046 941 habebant.
1067 913 1170 941 Verum
1200 913 1332 940 Romana
1356 911 1472 939 antistes
1490 909 1629 941 Ecclesia},
1656 913 1684 936 et

41 957 133 985 δύσιν
144 957 237 993 ἱερεῖς,
248 956 327 992 ὓϐριν
340 957 443 984 οἰκείαν
452 958 539 984 ταῦτα
551 958 674 993 ἡγοῦντο.
693 959 750 993 Ἐφ’
760 959 842 987 ἇπασι

905 960 1020 988 miversi
1037 967 1087 994 per
1108 959 1282 987 Occidentem
1303 958 1459 986 sacerdotes
1477 957 1534 984 haec
1553 964 1607 984 non
1632 963 1678 983 se-

41 1002 109 1038 γὰρ
125 1002 182 1029 τῶν
195 1003 224 1029 ἐν
237 1002 340 1038 Νικαίᾳ
352 1003 570 1038 συνεληλυθότων
585 1004 614 1037 ἐξ
632 1005 719 1040 ἀρχῆς
729 1006 780 1041 τὴν
794 1006 846 1041 ψῆ-

42 1056 105 1082 φον
121 1048 330 1081 ἐπαινέσαντες,
354 1049 436 1075 εἰσέτι
453 1049 499 1076 νῦν
521 1050 551 1076 οὐ
573 1050 691 1077 διέλιπον
706 1048 758 1078 ὧδε
777 1060 845 1087 φρο-

39 1092 182 1125 νοῦντες·
199 1094 364 1128 ἀφικόμενύν
378 1103 407 1120 τε
423 1094 462 1125 ὡς
474 1095 572 1126 αὐτοὺς
589 1095 757 1128 Ἀθανάσιον,
772 1097 846 1131 φιλο-

39 1138 162 1174 φρόνως
178 1139 310 1172 ἐδέξαντο,
331 1140 377 1166 καὶ
401 1140 470 1175 πρὸς
491 1141 589 1173 αὐτοὺς
611 1141 660 1177 τὴν
684 1144 746 1169 κατ’
763 1143 845 1170 αὑτὸν

39 1181 146 1211 εἷλκον
161 1185 249 1219 δίκην.
272 1185 333 1211 Ἐπὶ
349 1185 453 1217 τούτοις
470 1185 497 1212 δὲ
516 1186 642 1221 χαλεπῶς
659 1187 748 1222 φέρων
762 1188 845 1215 Εὐσέ-

42 1229 122 1262 ϐιος,
146 1230 264 1265 ἔγραψεν
284 1231 395 1266 Ἰουλίῳ,
420 1231 491 1257 ὥστε
512 1232 593 1258 αὐτὸν
608 1232 734 1266 γενέσθαι
748 1234 845 1269 κριτὴν

40 1275 107 1303 τῶν
123 1276 172 1303 ἐπὶ
192 1276 344 1311 ’Δθανασίῳ
358 1276 490 1310 δοξάντων
505 1278 533 1303 ἐν
556 1277 646 1313 Τύρῳ.
663 1278 734 1304 Ἀλλ’
750 1280 764 1305 ό
783 1279 842 1314 μὲν,

42 1322 119 1357 πρὶν
137 1322 233 1357 μαθεῖν
248 1321 298 1357 τὴν
313 1321 422 1348 Ἰουλίου
436 1322 559 1358 γνώμην,
577 1323 608 1349 οὐ
625 1323 714 1358 πολλῷ
731 1324 843 1360 ὕστερον

40 1367 102 1402 τῆς
125 1367 155 1394 ἐν
172 1367 323 1403 Ἀντιοχείᾳ
345 1367 496 1402 γενομένης
516 1368 636 1400 συνόδου,
658 1369 842 1404 ἐτελεύτησεν.

43 1415 81 1441 Οἱ
98 1413 130 1441 δὲ
148 1413 177 1439 ἐν
193 1412 400 1440 Κωνσταντίνου
416 1412 492 1439 πόλει
513 1413 562 1448 τὴν
578 1413 734 1441 ἐκτεθεῖσαν
749 1416 778 1442 ἐν
792 1415 844 1442 Νι-

44 1459 121 1495 καίᾳ
142 1458 221 1490 δόξαν
236 1457 417 1493 ζηλώσαντες,
443 1458 484 1490 εἰς
515 1458 564 1494 τὴν
580 1459 726 1495 ἐκκλησίαν
740 1461 843 1496 ἤγαγον

44 1504 173 1531 Παῦλον.
192 1504 238 1531 'Ev
254 1504 292 1539 τῷ
307 1503 382 1539 αύτῷ
395 1504 423 1530 δὲ
440 1503 705 1539 συλλαμϐανομένων
718 1505 773 1533 τῶν
790 1506 844 1534 ἀπὸ

896 1013 947 1033 eus
964 1005 1161 1034 contumeliam
1186 1005 1240 1033 sibi
1260 1005 1389 1040 privatim
1418 1004 1521 1031 illatam
1541 1009 1683 1037 accepere.

895 1050 964 1078 Nam
986 1058 1049 1078 cum
1068 1051 1235 1079 sententiam
1265 1057 1360 1077 eorum
1388 1050 1436 1084 qui
1467 1048 1538 1084 apud
1567 1048 1684 1075 Nicaeam

896 1096 1054 1132 congregati
1069 1102 1143 1128 sunt,
1158 1096 1215 1130 jam
1229 1095 1292 1122 inde
1305 1095 1338 1122 ab
1355 1095 1434 1122 initio
1451 1095 1479 1121 in
1491 1094 1620 1120 omnibus
1636 1101 1683 1127 ap—

895 1142 1071 1177 probassem,
1088 1149 1176 1176 usque
1189 1141 1216 1167 in
1229 1140 1302 1167 hunc
1314 1140 1387 1167 diem
1405 1139 1431 1166 in
1448 1139 1541 1166 eadem
1556 1138 1684 1173 opinione

895 1189 1116 1221 perseverarunt.
1129 1185 1223 1220 Itaque
1238 1183 1420 1211 Athanasium
1434 1182 1467 1210 ad
1485 1191 1514 1210 se
1527 1182 1683 1209 venientem

894 1229 1024 1257 benevole
1038 1234 1218 1263 exceperunt,
1239 1232 1266 1256 et
1281 1235 1372 1255 causa;
1390 1228 1466 1255 illius
1481 1227 1614 1261 judicium
1631 1225 1682 1253 sibi

895 1275 1084 1303 vindicarunt.
1105 1276 1171 1308 Quae
1186 1282 1250 1302 cum
1267 1274 1403 1302 Eusebius
1413 1273 1508 1308 iniquo
1519 1272 1619 1307 animo
1631 1271 1684 1298 l‘er-

894 1325 946 1354 ret,
961 1321 1072 1355 scripsit
1093 1320 1127 1348 ad
1143 1320 1258 1352 Julium,
1278 1325 1309 1347 ut
1334 1321 1393 1354 ipse
1411 1319 1498 1354 judex
1518 1326 1580 1346 esse
1598 1317 1683 1345 vellet

894 1374 990 1394 eorum
1016 1374 1077 1401 qua
1101 1371 1197 1393 contra
1226 1365 1406 1393 Athanasium
1435 1363 1544 1391 decreta
1574 1362 1684 1390 fuerant

895 1411 996 1448 Tyri‘.
1031 1411 1130 1439 Verum
1156 1412 1212 1443 ille,
1237 1411 1399 1446 priusquam
1424 1409 1490 1437 Julii
1520 1408 1683 1436 sententiam

895 1458 1088 1493 comperisset,
1103 1458 1184 1493 paulo
1199 1461 1263 1492 post
1284 1456 1418 1492 synodum
1440 1454 1593 1482 Antiochiae
1611 1454 1683 1481 cele-

895 1504 1011 1537 bratam,
1036 1511 1069 1531 ex
1092 1503 1144 1530 hac
1167 1503 1229 1530 luce
1251 1502 1390 1537 migravit.
1415 1501 1446 1528 lli
1463 1508 1529 1528 vero
1545 1499 1590 1535 qui
1612 1499 1684 1534 apud

45 1549 97 1577 τοῦ
120 1550 243 1577 ἐναντίου
264 1550 393 1585 πλήθους,
414 1551 443 1577 ἐν
460 1550 540 1585 ἑτέρᾳ
555 1551 689 1587 ἐκκλησίᾳ
706 1553 842 1580 συνελθόν·

905 1549 1158 1584 lonstantinopolim
1184 1547 1302 1576 Nicaeum
1331 1547 1395 1575 ﬁdei
1426 1546 1683 1582 patrocinabantur,

45 1603 97 1628 τες
122 1596 147 1622 οἱ
170 1596 242 1630 ἀμφὶ
262 1595 387 1629 ΘεόγνιΟν
417 1596 462 1622 τὸν
485 1596 603 1628 Νικαίας
628 1597 775 1625 ἐπίσκοπον
798 1599 845 1626 καὶ

45 1641 190 1676 Θεόδωρον
210 1641 256 1668 τὸν
275 1641 456 1677 Ἡρακλείας,
478 1641 566 1678 ἕτεροί
589 1651 620 1669 τε
642 1645 666 1670 ot
689 1644 723 1671 τὰ
741 1644 845 1672 τούτων

47 1686 217 1722 φρονοῦντες
230 1706 238 1719 ,
275 1687 301 1714 οἳ
332 1687 427 1723 ἔτυχον
455 1688 634 1722 ἐνδημοῦντες
647 1709 654 1722 ,
683 1689 845 1717 Μακεδόνων

47 1731 262 1766 ἐχειροτόνησαν
277 1732 589 1765 Κωνσταντινουπόλεως
606 1733 764 1762 ἐπίσκοπον.
786 1735 845 1762 Ἐν.

47 1776 150 1803 τεῦθέν
173 1785 203 1803 τε
219 1777 316 1812 συχναὶ
339 1777 410 1804 κατὰ
430 1778 480 1812 τὴν
493 1778 572 1806 πόλιν
585 1779 709 1813 ἐγένοντο
723 1780 844 1813 στάσεις,

47 1821 184 1856 πολέμοις
208 1823 348 1858 ἐμφερεῖς.
372 1823 421 1855 Εἰς
438 1824 518 1850 ἐαυτὺ
537 1824 591 1860 γὰρ
608 1824 778 1860 ἑκατέρωθεν
798 1824 845 1852 τοῦ

47 1867 174 1904 πλήθους
199 1869 418 1904 συμπίπτοντος,
450 1870 572 1897 πλεῖστοι
601 1870 766 1898 διώλλυντο⁸
798 1871 846 1898 καὶ

48 1914 178 1950 ταραχῆς
189 1915 206 1949 ἠ
219 1914 296 1946 πόλις
315 1915 457 1948 ἀνάπλεως
469 1914 503 1951 ἦν
513 1924 520 1931 ·
543 1916 582 1948 ὡς
598 1917 645 1943 καὶ
661 1916 772 1952 βασιλέα
784 1917 846 1944 τότε

49 1960 81 1986 ἐν
92 1960 246 1995 ’Δντιοχείᾳ
254 1959 330 1993 ὄντα,
339 1961 401 1987 τάδε
417 1962 523 1997 μαθεῖν,
536 1962 582 1989 καὶ
597 1961 664 1997 πρὸς
678 1963 762 1999 ὀργὴν
773 1971 847 1998 κινη-

50 2005 145 2038 θέντα,
165 2005 316 2041 προστάξαι
333 2006 413 2033 πάλιν
429 2007 631 2034 ἀπελαύνεσθαι
646 2008 761 2039 Παῦλον.
783 2009 846 2044 Διη-

51 2052 161 2078 κονεῖτο
172 2051 200 2077 δὲ
217 2053 272 2084 τοῖς
285 2052 414 2086 pactum:
435 2053 645 2088 προστάγμασιν
667 2053 845 2090 Ἑρμογένης,

52 2097 68 2123 ὸ
81 2097 133 2133 τὴν
148 2098 264 2133 ἱππικὴν
285 2099 401 2134 δύναμιν
420 2099 655 2134 ἐπιτετραμμένος
675 2100 826 2135 στρατηγός
837 2107 844 2113 ⁸

50 2143 81 2175 ὃς
105 2143 153 2170 ἐπὶ
176 2144 287 2180 Θρᾴκην
299 2144 360 2171 τότε
386 2144 566 2177 ἀποσταλεὶς,
583 2144 690 2181 παριὼν
704 2145 749 2172 διὰ
767 2145 846 2172 Κων-

52 2190 312 2222 σταντινουπόλεως,
329 2191 454 2223 ἐϐιάζετο
470 2191 577 2218 Παῦλον
596 2192 642 2218 διὰ
667 2191 843 2226 στρατιωτῶν

52 2235 182 2268 ἐξελάσαι
205 2237 254 2271 τῆς
274 2236 431 2271 ἐκκλησίας.
451 2236 528 2263 Ἐπεὶ
545 2236 574 2263 δὲ
584 2236 613 2263 τὺ
627 2237 728 2272 πλῆθος
738 2237 768 2264 οὐ
782 2246 844 2264 συν·
859 2227 882 2255 D

52 2280 162 2315 εχώρει,
175 2280 213 2316 πῆ
224 2281 254 2307 δὲ
267 2281 314 2307 καὶ
325 2280 442 2315 ἠμύνετο
454 2290 461 2296 ·
479 2281 628 2316 βιαιότερόν
639 2290 671 2308 τε
686 2282 844 2318 ἐπεχείρουν

51 2326 78 2352 οἱ
104 2326 270 2362 στρατιῶται
299 2326 434 2353 ἐπιτελεῖν
459 2326 491 2353 τὸ
516 2327 700 2363 προσταχθὲν,
725 2327 844 2354 καταλα-

53 2371 149 2402 ϐόντες
173 2372 223 2406 τὴν
246 2372 426 2407 Ἑρμογένους
448 2372 537 2399 οἰκίαν
560 2373 585 2398 οἱ
611 2372 777 2408 στρατιῶται
801 2373 845 2400 ἐν-

54 2417 181 2452 έπρησαν
204 2417 272 2451 (75),
294 2417 341 2444 καὶ
357 2417 437 2443 αὐτὸν
461 2417 603 2452 ἀναιροῦσι
624 2425 631 2431 ”
659 2417 706 2444 καὶ
730 2418 844 2452 σχοινίον

54 2464 204 2498 ἐξάψαντες
217 2462 305 2490 εἷλκον
321 2463 365 2490 διὰ
377 2464 427 2498 τῆς
445 2463 559 2495 πόλεως.
574 2463 708 2495 Ἀκούσας
720 2464 750 2490 δὲ
767 2465 780 2490 ὁ
795 2464 842 2499 βα-

55 2508 156 2540 σιλεὺς,
174 2509 273 2539 ἱππεὺς
287 2508 386 2539 ἐλάσας
407 2505 475 2543 ἧκεν
493 2509 533 2540 εἰς
549 2508 844 2540 Κωνσταντινούπολιν,

56 2553 91 2585 ὡς
110 2552 206 2585 κακῶς
228 2554 335 2589 δράσων
357 2553 388 2580 τὸ
404 2553 516 2589 πλῆθος.
544 2553 625 2580 Ἀλλὰ
639 2554 693 2580 τῶν
710 2554 758 2589 μὲν
773 2554 846 2588 ἐφεί-

91 2640 100 2656 ¹
120 2640 200 2668 Socr.
222 2639 270 2667 lib.
288 2648 317 2672 ιι,
333 2648 357 2668 c.
375 2641 416 2668 Μ.
455 2641 549 2668 ‘ibid.
562 2648 588 2667 c.
607 2641 647 2672 l2,
669 2641 709 2668 15.

896 1596 1012 1624 Paulum
1041 1596 1068 1622 in
1086 1594 1233 1622 ecclesiam
1252 1592 1425 1621 deduxerunt
1446 1593 1466 1612 '-
1491 1592 1591 1619 Eodem
1616 1595 1684 1618 tem-

895 1648 962 1676 pore
975 1640 1133 1675 Theognius
1145 1639 1244 1667 Nicaeae
1254 1643 1282 1667 et
1293 1638 1455 1666 Theodorus
1479 1637 1618 1672 Heracleae
1629 1636 1684 1671 epi-

896 1686 985 1721 scopi,
1001 1686 1104 1722 aliique
1130 1686 1254 1721 ejusdem
1281 1689 1363 1713 sectae
1382 1684 1543 1712 sacerdotes
1556 1683 1603 1719 qui
1627 1687 1683 1710 tum

896 1732 1139 1766 Constantinopoli
1154 1731 1347 1763 versabantur,
1364 1730 1393 1757 in
1406 1730 1460 1756 alia
1484 1729 1601 1757 ecclesia
1616 1736 1683 1756 con-

895 1778 1012 1813 gregati,
1030 1778 1179 1812 adjuvante
1203 1776 1367 1804 Arianorum
1387 1775 1573 1807 multitudine,
1599 1774 1684 1802 Mace-

896 1823 1010 1852 donium
1027 1823 1194 1850 ordinarunt
1215 1821 1495 1856 Constantinopoleos
1511 1822 1682 1855 episcopum.

896 1869 966 1898 Hinc
991 1876 1056 1897 vero
1083 1868 1187 1896 crebrae
1201 1868 1231 1895 in
1254 1867 1321 1895 urbe
1338 1867 1490 1895 seditiones
1507 1867 1683 1901 exstiterunt,

896 1915 976 1944 bellis
1003 1915 1077 1943 haud
1115 1914 1267 1942 absimiles.
1294 1913 1376 1941 Plebe
1402 1913 1475 1940 enim
1507 1920 1539 1940 ex
1567 1916 1685 1946 utraque

896 1965 974 1996 parte
998 1961 1028 1988 in
1049 1968 1079 1989 se
1097 1964 1194 1988 mutuo
1218 1960 1354 1992 irruente,
1371 1959 1482 1994 plurimi
1506 1958 1682 1985 interierunt.

896 1996 1015 2042 Eratque
1031 2007 1128 2034 civitas
1143 2006 1222 2041 plena
1239 2006 1373 2032 tumultu:
1387 2004 1455 2031 adeo
1472 2008 1500 2031 ut
1517 2004 1678 2038 imperator.

896 2054 943 2089 qui
966 2057 1024 2081 tum
1049 2053 1204 2080 Antiochiae
1230 2052 1403 2083 morabatur,
1421 2059 1452 2078 ea
1472 2050 1506 2078 de
1529 2057 1558 2076 re
1582 2049 1684 2076 certior

897 2099 987 2126 factus
1003 2099 1049 2131 sit,
1069 2099 1166 2133 iraque
1187 2097 1372 2124 inﬂammatus
1393 2096 1507 2123 Paulum
1522 2096 1621 2122 iterum
1635 2103 1683 2121 ex-

897 2144 970 2171 trudi
988 2144 1115 2179 jusserit.
1131 2143 1309 2178 lmperatoris
1335 2142 1464 2169 mandata
1483 2145 1629 2168 exsecutus
1642 2143 1685 2167 est

897 2189 1083 2225 Hermogenes
1110 2190 1242 2224 magister
1256 2188 1395 2223 equestris
1421 2188 1535 2214 militiae.
1551 2186 1602 2219 Qui
1621 2194 1683 2214 cum

896 2243 929 2264 eo
946 2240 1070 2271 tempore
1095 2236 1199 2263 missus
1224 2238 1299 2263 esset
1319 2234 1347 2262 in
1368 2234 1523 2265 Thraciam,
1549 2233 1684 2260 transiens

896 2289 946 2316 per
957 2281 1240 2316 Constantinopolim,
1266 2280 1382 2308 Paulum
1409 2280 1523 2307 militari
1547 2287 1629 2306 manu
1651 2286 1684 2305 ex

897 2328 1013 2355 ecclesia
1032 2328 1138 2362 ejicere
1156 2328 1321 2356 conabatur.
1343 2327 1394 2355 Sed
1410 2334 1473 2354 cum
1489 2327 1566 2361 plebs
1581 2333 1683 2359 nequa-

897 2379 980 2406 quam
997 2372 1024 2399 id
1047 2372 1106 2399 tleri
1132 2372 1315 2407 permitteret,
1340 2372 1395 2399 imo
1415 2371 1469 2398 vim
1487 2370 1682 2404 virs-pelleret.

897 2418 999 2445 milites
1016 2425 1081 2445 vero
1096 2418 1244 2446 violentius
1261 2418 1408 2449 instarent,
1425 2422 1454 2443 ut
1469 2416 1541 2451 quod
1557 2416 1677 2449 impera-

897 2467 955 2490 tum
974 2463 1064 2490 fuerat
1081 2463 1259 2498 perﬁceretur
1280 2472 1286 2490 :
1308 2463 1432 2490 seditiosi
1454 2462 1482 2488 in
1504 2461 1684 2494 Hermogenis

899 2508 1010 2535 domum
1028 2508 1176 2541 irruentes,
1195 2515 1254 2535 eam
1267 2508 1376 2542 quidem
1391 2505 1682 2539 incenderunt,ipsum

901 2557 991 2581 autem
1007 2553 1215 2585 interfecerunt,
1233 2557 1259 2580 et
1277 2553 1342 2580 fune
1358 2552 1476 2587 pedibus
1493 2551 1552 2586 ejus
1567 2551 1679 2581 innexo,

660 2721 793 2748 VALESH
812 2721 1084 2749 ANNOTATIONES.

93 2779 149 2812 (75)
172 2779 205 2805 Ol
233 2777 409 2812 στρατιῶται
438 2778 620 2812 ἐνέπρησαν.
641 2777 739 2805 Procul
759 2777 843 2805 dubio

64 2813 235 2842 scribendum
266 2816 308 2840 cst
331 2813 356 2838 ot
385 2812 543 2841 στασιῶται.
573 2812 652 2845 Quod
677 2813 762 2840 miror
787 2820 842 2840 non

64 2848 287 2876 animadvertisse
304 2847 478 2884 interpretes.
498 2847 557 2875 Non
570 2848 642 2875 enim
661 2847 773 2881 milites,
794 2848 840 2875 sed

897 2780 995 2815 plebeii
1010 2778 1313 2815 domumrllermogeuis
1327 2775 1563 2815 Constantinopoli
1582 2776 1676 2815 inccn-

897 2810 1006 2847 dcruut,
1024 2819 1052 2842 ut
1067 2822 1100 2842 ex
1114 2810 1420 2847 Sacralcfll‘larcclliuo,
1433 2810 1549 2845 aliisque
1561 2813 1679 2837 constat.
