1898 3075
237 160 301 190 1051

960 159 1130 188 SOZOMENI

1795 162 1873 190 105⁷2

233 234 281 260 per
309 225 449 253 civitatem
477 225 630 250 traxerunt.
654 221 714 254 Quo
739 221 846 253 audito,
871 221 1017 256 imperator

1081 230 1149 252 me.
1166 221 1384 256 δεδακρυμένους
1399 220 1472 256 αὐτῷ
1495 220 1556 248 ἰδὼν
1574 220 1798 256 ὗπαντωμένους,
1817 222 1871 246 καὶ

235 270 313 305 ιο²
326 276 460 305 equorum
477 267 560 295 ccleri
577 267 777 301 permutatione
793 268 867 294 vcnit
881 266 1019 293 Constan-

233 315 390 350 tinopolim,
421 321 454 341 eo
473 313 566 339 animo
592 316 622 339 ut
646 311 753 346 plebem
783 312 853 338 male
879 311 1017 338 multaret.

233 360 286 388 Sed
302 367 364 387 cum
379 358 443 386 illos
465 358 562 385 ﬂentes
584 365 616 384 ac
640 358 780 392 supplices
799 357 851 384 sibi
871 364 1020 384 occurrere

233 405 363 437 vidisset,
383 404 453 440 ipsis
479 403 589 437 quidem
614 403 734 438 pepercit
757 411 764 429 ε
788 409 905 429 annona:
927 406 1018 429 tamen

232 451 317 481 illius,
342 457 423 484 quam
445 453 521 484 pater
543 448 631 483 ipsius
654 448 856 476 Constantinus
869 447 1019 482 quotannis

232 496 266 523 de
281 495 392 530 publico
410 503 444 523 ex
464 495 575 522 tributis
591 493 700 530 Egypti
730 494 835 520 civitati
855 494 1016 525 donaverat,

233 537 371 566 dimidiam
396 538 508 565 circiter
532 541 636 572 partem
660 538 766 565 civibus
793 537 904 568 ademit,
936 541 1013 564 ratus

231 584 349 611 fortasse
361 583 577 615 multitudinem,
594 587 688 618 utpote
700 583 756 610 οιίο
768 590 800 610 ac
813 583 922 610 deliciis
932 583 1019 610 abun-

231 631 354 662 dantem,
369 629 403 657 ad
417 629 568 656 seditiones
583 629 732 664 proclivem
749 635 820 656 esse.
840 627 909 655 Iram
927 632 1018 660 autem

231 683 310 703 suam
336 675 364 703 in
391 675 506 702 Paulum
530 679 653 706 vertens,
678 681 741 702 eum
763 681 796 701 ex
819 674 930 701 civitate
955 673 1021 707 pelli

228 721 323 755 jussit.
345 721 398 748 Sed
415 726 441 748 et
466 720 627 748 Macedonio
642 720 761 755 graviter
776 719 946 750 succensuit.
960 723 1018 746 tum

231 767 304 801 quod
319 766 500 801 Hermogenis
510 766 634 802 magistri
647 766 762 793 militum
774 770 802 793 et
814 766 930 792 aliorum
943 772 1019 792 com-

232 813 351 846 plurium
367 812 450 839 caadis
465 819 577 839 causam
594 812 766 847 praebuisset,
789 815 846 838 tum
862 811 935 846 quod
955 815 1020 839 ante

1070 266 1273 298 ἀντιϐολοῦντας
1286 274 1292 281 ·
1308 267 1380 301 ἀμφὶ
1392 266 1420 293 δὲ
1432 266 1462 292 τὺ
1475 267 1562 301 ἥμισυ
1577 266 1624 293 τοῦ
1636 267 1713 293 σίτου
1725 266 1776 301 τὴν
1788 266 1871 292 πόλιν

1069 312 1205 347 ἀφείλετο,
1222 312 1251 338 ὃν
1266 313 1280 339 ὁ
1302 312 1392 347 πατὴρ
1407 312 1490 338 αὐτοῦ
1508 313 1723 344 Κωνσταντῖνος,
1746 311 1869 338 ἑκάστου

1069 357 1146 389 ἔτους
1159 357 1214 384 ἀπὸ
1228 357 1274 384 τοῦ
1289 357 1418 392 δημοσίου
1433 358 1490 388 τοῖς
1506 356 1629 388 πολίταις
1651 358 1812 392 ἐδωρήσατο
1832 358 1869 383 ὲκ

1069 402 1124 429 τῶν
1139 403 1293 437 Αἰγυπτίων
1308 403 1399 438 φόρων
1410 410 1418 417 ο
1443 402 1586 429 ὑπολαΰὼν
1602 403 1666 434 ῐσως
1679 402 1733 429 ὑπὸ
1755 402 1870 437 τρυφῆς

1072 449 1119 476 καὶ
1132 448 1273 484 ῥᾳστώνης
1287 449 1349 480 τοὺς
1366 448 1480 480 πολλοὺς
1493 447 1659 483 ἀργοῦντας,
1679 449 1809 483 ἑτοίμους
1823 449 1869 478 εἰς

1070 494 1178 526 στάσεις
1194 491 1273 520 εἶναι.
1291 493 1394 528 Τρέπει
1407 492 1436 519 δὲ
1448 492 1503 527 -τὴν
1520 493 1604 528 ὀργὴν
1619 494 1665 520 ἐπὶ
1681 493 1800 524 Παῦλον,
1817 493 1869 519 καὶ

1068 538 1119 573 τῆς
1136 539 1238 570 πόλεως
1253 538 1423 573 ἀπελαθῆναι
1447 537 1613 573 προσέταξεν
1633 538 1724 566 αὐτόν.
1752 539 1791 564 Οὐ
1809 539 1867 574 μὴν

1069 585 1137 611 ἀλλὰ
1165 584 1212 611 καὶ
1238 585 1306 620 πρὸς
1330 584 1495 611 Μακεδόνων
1517 584 1716 619 ἐχαλέπαινεν,
1744 585 1783 616 ὡς
1813 587 1868 619 τῆς

1069 630 1236 665 ἀναιρέσεως
1251 628 1299 656 τοῦ
1314 627 1468 664 στρατηγοῦ
1491 628 1538 655 καὶ
1562 628 1664 664 ἑτέρων
1690 627 1799 655 πολλῶν
1820 629 1867 654 αζ-

1068 683 1145 702 τιον’
1170 675 1217 702 καὶ
1233 675 1274 701 ὅτι
1290 675 1355 709 πρὶν
1376 674 1457 701 αὐτὸν
1479 674 1624 709 ἐπιτρέψαι
1650 674 1858 709 ἐχειροτονήθη·

1069 721 1131 748 οὔτε
1152 720 1180 747 δὲ
1203 720 1439 755 ἐπιψηφισάμενος
1460 721 1494 755 τῇ
1516 719 1600 746 αὑτοῦ
1618 719 1783 754 χειροτονίᾳ,
1800 719 1865 746 οὔτε

1069 767 1325 802 ἀποχειροτονήσας,
1351 765 1507 792 καταλιπὼν
1532 764 1618 796 οὕτως
1632 765 1802 801 ἀνέστρεψεν
1823 767 1866 798 εἰς

1076 811 1248 846 Ἀντιόχειαν.
1282 811 1327 837 Ἐν
1355 810 1443 845 τούτῳ
1469 810 1497 836 δὲ
1524 810 1548 836 οῑ
1574 810 1625 844 τῆς
1647 809 1755 845 ’Δρείου
1783 808 1867 844 δόξης

232 858 320 892 ipsius
341 865 508 885 consensum
525 858 670 885 ordinatus
691 857 798 885 luisset.
824 856 1017 884 Verumtamen

1081 857 1245 888 ιπουδασταὶ,
1269 857 1436 891 μετέστησαν
1451 855 1613 891 Γρηγόριον,
1633 855 1671 887 ὡς
1685 855 1778 890 ἁμελῆ
1794 855 1866 890 πρὸς

232 910 283 929 nec
298 903 448 938 approbata
471 903 547 930 illius
573 903 764 936 ordinatione,
788 910 839 930 nec
873 903 1017 936 abrogata,

1081 901 1200 929 πύστασιν
1217 901 1264 928 τοῦ
1281 901 1383 928 οίκείου
1406 901 1557 936 δόγματος,
1577 901 1624 928 καὶ⁸
1639 899 1867 935 Ἀλεξανδρεῦσιν

232 946 308 973 illum
324 947 360 974 ita
373 947 544 982 relinquens,
556 948 730 975 Antiochiam
742 947 868 975 revertit.
881 947 948 974 Dum
963 947 1021 975 haec

232 996 361 1027 aguntur,
374 993 466 1019 Ariani
478 993 616 1028 dogmatis
628 993 750 1020 fautores
758 992 920 1027 Gregorium
932 998 1020 1020 trans-

233 1038 366 1070 tulerunt,
381 1042 476 1073 utpote
495 1039 617 1066 desidem
639 1039 666 1065 in
685 1037 874 1065 conﬁrmanda
894 1039 1019 1073 ipsorum

232 1082 370 1113 doctrina.
385 1087 412 1111 et
424 1084 543 1111 invisum
560 1083 755 1112 Alexandrinis
772 1088 885 1118 propter
904 1084 1018 1111 calami-

231 1132 302 1156 tates
318 1137 378 1163 quaa
406 1137 439 1157 eo
467 1130 632 1157 adventante
657 1130 761 1156 civitati
788 1130 958 1162 acciderant,
983 1137 1017 1157 ac

1071 946 1259 982 άκαταθύμιον
1274 946 1319 974 διὰ
1332 947 1366 974 τὰ
1380 946 1521 981 πμσάντα
1537 947 1571 981 τῇ
1585 945 1662 972 πόλει
1675 945 1787 980 χαλεπὰ
1800 946 1867 980 περὶ

1069 994 1118 1026 τὴν
1128 993 1210 1021 αὐτοῦ
1222 993 1336 1025 εἴσοδον,
1348 993 1396 1020 καὶ
1407 993 1453 1020 τδν
1461 992 1626 1027 ἐμπρησμὸν
1638 990 1688 1027 τῆς
1699 991 1865 1026 ἐκκλησίας.

1077 1039 1149 1065 ’Δντὶ
1162 1038 1191 1065 δὲ
1205 1037 1301 1065 τούτου
1318 1038 1457 1071 πέμπεται
1474 1037 1620 1072 Γεὼργιος,
1635 1035 1664 1067 ὃς
1677 1035 1708 1062 τὸ
1722 1035 1773 1070 μὲν
1786 1035 1866 1069 γένος

1068 1083 1102 1121 ἦν
1119 1083 1304 1118 Καππαδόκης
1316 1091 1323 1098 ·
1344 1083 1382 1114 ὡς
1398 1083 1559 1118 δραστήριος
1575 1082 1604 1108 δὲ
1618 1080 1805 1116 ἐθαυμάζετο,
1819 1081 1867 1106 καὶ

1071 1129 1135 1164 περὶ
1146 1128 1225 1155 τοῦτο
1239 1127 1269 1154 τὸ
1282 1127 1371 1163 δόγμα
1384 1126 1536 1158 σπουδαῖος,

232 1174 368 1209 praecipue
397 1175 433 1203 ob
465 1175 620 1202 incendium
633 1176 756 1202 ecclesia:
772 1176 790 1201 ί.
811 1175 840 1202 in
858 1175 942 1210 hujus
961 1179 1051 1204 antem
1072 1175 1163 1202 locum
1181 1174 1283 1201 missus
1294 1179 1337 1201 est
1350 1173 1496 1208 Georgius,
1508 1173 1551 1200 vir
1564 1172 1676 1200 natione
1686 1171 1837 1208 Cappadox
1855 1179 1863 1197 :

232 1219 280 1256 qui
295 1224 322 1247 et
338 1223 450 1255 propter
484 1219 649 1248 industriam
672 1220 887 1256 suspiciebatur,
909 1225 934 1248 et
971 1221 1044 1255 quod
1064 1219 1206 1248 studiosus
1219 1219 1359 1255 opinionis
1375 1220 1498 1254 ipsorum
1513 1222 1638 1247 assertor
1652 1222 1738 1247 esset.

541 1298 619 1326 CAP.
637 1298 703 1326 Vlll.

233 1353 273 1382 De
297 1353 479 1382 Orientalibus
505 1355 633 1389 episcopis
657 1356 703 1388 qui
724 1356 830 1389 expulsi
853 1355 969 1389 fuerant.
992 1361 1018 1383 et

285 1390 329 1416 uid
339 1397 386 1423 pro
401 1390 455 1416 illis
472 1390 607 1422 scripserit
621 1389 710 1416 Julius
725 1389 857 1417 Romanus
868 1391 1016 1423 episcopus.

286 1424 302 1450 .‘t
312 1425 442 1458 quomodo
458 1424 560 1451 Paulus
576 1429 652 1459 atque
665 1424 828 1451 Athanasius
841 1425 938 1452 litteris
949 1424 1018 1453 Julii

267 1459 373 1495 muniti.
385 1461 457 1486 sedes
469 1460 701 1495 suas_receperint.
719 1459 785 1486 Item
799 1462 831 1486 de
841 1459 937 1487 litteris
949 1468 1015 1495 quas

270 1493 385 1521 Orientis
400 1494 515 1528 episcopi
528 1493 602 1520 Julia
618 1494 818 1528 rescripserunt.

266 1548 353 1577 Porro
372 1550 541 1577 Athanasius
561 1549 727 1577 Alexandria
742 1550 886 1585 profugus,
903 1550 1018 1578 Romam

1365 1297 1492 1325 ΚΕΦΛΛ.
1513 1297 1555 1325 Η’.

1068 1356 1137 1390 Περὶ
1143 1355 1202 1394 rd»:
1207 1356 1250 1388 εἰς
1264 1354 1378 1394 Ῥῴμην
1383 1353 1681 1394 ᾀπεέαᾷξντωνςὲᾴξιξν
1688 1353 1861 1394 ἀρχιερέων·

1103 1388 1152 1417 καὶ
1171 1388 1220 1418 ola
1240 1390 1305 1423 περὶ
1317 1388 1422 1416 αὐτῶν
1442 1390 1564 1422 Ἰούλιος
1581 1390 1597 1415 ὁ
1615 1388 1730 1422 Ῥώμης
1746 1388 1862 1423 γράφει.

1103 1426 1157 1452 Kal
1171 1426 1211 1457 ὼς
1221 1422 1331 1451 ἔλαϐον
1344 1423 1430 1457 αὖθις
1444 1423 1614 1458 γράμμασιν
1633 1423 1766 1449 Ἰουλίου
1784 1422 1863 1458 Hal?-

1102 1462 1158 1493 λος
1179 1460 1226 1486 καὶ
1249 1459 1425 1491 Ἀθανάονιος
1448 1457 1525 1490 τοὺς(
1534 1458 1628 1490 ἰδίους
1649 1458 1777 1491 θρόνους
1792 1465 1798 1470 ’
1814 1457 1863 1483 καὶ

1103 1492 1151 1522 οἵα
1166 1496 1193 1522 οὶ
1208 1493 1262 1527 τῆς
1273 1494 1311 1520 ἕω
1323 1493 1471 1528 ἀρχιερεῖς
1484 1493 1560 1527 πρὸς
1576 1493 1700 1520 Ἰούλιον
1711 1493 1861 1526 ἔγραψαν.

1104 1550 1263 1582 Ἀϐανάσιος
1276 1550 1303 1577 δὲ
1323 1549 1431 1584 φεύγων
1449 1549 1482 1576 ὲκ
1504 1549 1553 1584 τῆς
1570 1548 1777 1584 Ἀλεξανδρείας
1789 1569 1797 1581 ,
1822 1549 1863 1579 εἰς

231 1593 307 1621 venit
318 1594 340 1621 ¹.
359 1593 459 1621 Eodem
478 1599 601 1629 tempore
614 1593 714 1622 Paulus
732 1603 841 1630 quoque
859 1594 1017 1622 Constanti-

1081 1596 1182 1632 Ρώμην
1197 1596 1319 1630 ἀφίκετο.
1346 1596 1414 1623 Κατ’
1437 1595 1503 1622 αὐτὸ
1525 1595 1554 1622 δὲ
1575 1594 1674 1629 συνέϐη
1691 1594 1740 1621 καὶ
1755 1593 1865 1620 Παῦλον

232 1639 365 1673 nopoleos
386 1639 546 1674 episcopus,
567 1645 594 1667 et
613 1639 758 1668 Marcellus
779 1640 904 1676 Ancyrae,
920 1648 954 1668 eo
970 1649 1017 1668 ac-

231 1683 327 1716 cessit,
352 1687 380 1711 et
396 1684 528 1719 Asclepas
545 1684 624 1712 Gazae
646 1694 653 1713 :
671 1686 716 1720 qui
736 1693 799 1712 cum
822 1687 1019 1714 adversaretur

232 1728 352 1761 Arianis,
364 1736 379 1756 a
398 1729 565 1765 quibusdam
583 1731 730 1758 contrariae
753 1731 882 1759 factionis
899 1732 1018 1758 homini-

232 1772 284 1800 bus
301 1778 447 1802 accusatus
464 1775 536 1809 quod
553 1775 640 1803 altare
660 1775 854 1810 subvertisset,
875 1777 1018 1812 depositus

233 1818 333 1846 fuerat.
355 1819 384 1846 In
401 1819 461 1855 eius
483 1824 574 1848 autem
598 1821 686 1848 locum
708 1822 873 1857 subrogatus
891 1821 1016 1855 Quintia.

233 1872 296 1896 nus,
316 1864 478 1893 Gazaaorum
500 1865 652 1894 Ecclesiam
670 1868 751 1895 rexit.
769 1867 871 1895 Lucius
886 1872 1018 1903 pmtcrea

232 1909 450 1944 Adrianopoleos
465 1911 610 1946 episcopus
623 1913 660 1939 ob
680 1913 753 1940 aliud
774 1914 878 1940 crimen
897 1914 1019 1942 Ecclesia

232 1962 282 1982 sua
308 1956 455 1991 spoliatus,
486 1956 579 1984 Roma:
607 1958 734 1993 degebat.
756 1957 908 1993 Episcopus
936 1959 1019 1994 igitur

233 2000 373 2030 Romanus
383 2010 445 2030 cum
460 2003 632 2038 singulorum
645 2011 745 2032 causas
759 2005 944 2039 cognovisset,
961 2013 1018 2032 om-

232 2054 337 2082 nesque
348 2048 375 2074 in
386 2047 501 2076 Nicaznte
509 2049 569 2076 ﬁdei
580 2048 734 2076 doctrinam
749 2050 953 2078 consentientes
978 2058 1020 2078 re-

233 2092 360 2126 perisset,
373 2097 502 2129 tanquam
513 2095 583 2121 idem
591 2102 654 2122 cum
667 2095 727 2130 ipso
739 2095 901 2126 sentientes,
911 2097 938 2123 in
948 2103 1020 2123 com-

235 2137 390 2165 munionem
404 2140 516 2173 recepit.
531 2139 564 2166 Et
575 2134 705 2174 quoniam
715 2143 827 2174 propter
842 2141 918 2168 sedis
931 2141 1019 2176 digni-

234 2186 317 2210 tatem
330 2184 451 2211 omnium
463 2192 529 2212 cura
545 2185 578 2212 ad
593 2185 682 2220 ipsum
696 2185 848 2220 spectabat,
861 2194 938 2213 suam
953 2187 1014 2213 cui-

233 2235 287 2262 que
309 2227 460 2256 Ecclesiam
478 2230 610 2257 restituit.
634 2231 752 2266 Scripsit
766 2231 848 2258 etiam
872 2232 1019 2259 Orientali-

234 2272 285 2300 bus
301 2274 449 2309 episcopis,
465 2275 668 2310 reprehendens
690 2284 739 2304 eos
757 2277 831 2311 quod
848 2277 874 2303 in
893 2278 1018 2312 supradi-

232 2322 340 2345 ctorum
368 2320 463 2347 causis
494 2327 550 2348 non
583 2326 657 2349 recte
680 2321 861 2357 iudicassent,
888 2327 916 2350 et
943 2323 1016 2358 quod

236 2362 420 2391 Ecclesiarum
440 2368 541 2393 statum
565 2367 721 2398 turbarent,
745 2374 778 2395 eo
801 2368 874 2402 quod
899 2368 1016 2396 decretis

232 2409 344 2436 concilii
370 2409 471 2438 Nicmni
497 2412 612 2440 minime
635 2413 854 2448 acquiescerent.
873 2413 1017 2449 Simulque

269 2500 276 2515 '
291 2499 368 2528 Socr.
385 2501 431 2529 lib.
447 2508 477 2533 ll,
495 2509 521 2529 c.
543 2501 585 2528 Η.
624 2502 715 2530 ‘ibid.
730 2509 754 2530 c.
768 2502 812 2534 l5,
831 2501 874 2530 16.

1069 1644 1115 1670 τὸν
1130 1642 1441 1674 Κωνσταντινουπόλεοκ
1457 1642 1605 1668 ἐπίσκοπον
1623 1641 1802 1676 συνδραμεῖν,
1816 1640 1864 1666 καὶ

1069 1688 1228 1724 Μάρκελλον
1241 1687 1286 1714 τδν
1305 1687 1450 1722 Ἀγκύρας,
1465 1688 1512 1714 καὶ
1528 1686 1686 1722 Ἀσκληπᾶν
1698 1686 1745 1712 τὸν
1757 1685 1862 1718 Γάζης,

1069 1734 1098 1766 ὃς
1111 1733 1230 1765 ἐναντίος
1244 1733 1281 1759 ὣν
1295 1734 1351 1765 τοϊς
1369 1733 1487 1769 Ἀρείου,
1503 1732 1613 1768 γραφὴν
1627 1731 1780 1766 ὑπομείνας
1791 1731 1863 1766 πρὸς

1069 1779 1230 1816 ἑτεροδόξων
1248 1779 1330 1806 τινῶν
1345 1778 1383 1810 ὡς
1402 1778 1596 1814 (θυσιαστήριον
1611 1777 1768 1812 ἀνατρέψας
1789 1776 1862 1812 (76),

1069 1825 1219 1862 καθῃρέθη.
1239 1825 1309 1852 Ἀλλ’
1333 1825 1393 1852 ἀντὶ
1412 1824 1506 1851 τούτου
1533 1824 1583 1860 μὲν
1604 1823 1786 1859 ἐπιτρέπεται
1813 1823 1862 1857 τὴν

1070 1871 1192 1903 Γαζαίων
1217 1871 1380 1906 Ἐκκλησίαν
1406 1871 1564 1901 Κυντιανός.
1587 1869 1643 1896 Καὶ
1664 1869 1782 1900 Λούκιος
1798 1868 1829 1895 δὲ
1850 1869 1862 1894 ό

1075 1915 1321 1951 ’Δδριανουπόλεως
1334 1915 1494 1947 ἐπίσκοπος.
1505 1915 1548 1941 ἐπ’
1562 1914 1636 1950 ἄλλῳ
1646 1913 1860 1949 κατηγορηθεὶς,

1068 1962 1117 1989 καὶ
1128 1961 1177 1996 τῆς
1192 1961 1237 1988 ὑπ’
1249 1961 1329 1988 αὐτὸν
1344 1960 1508 1995 Ἐκκλησίας
1521 1959 1688 1995 ἀφαιρεθεὶς,
1708 1960 1738 1986 ὲν
1764 1958 1859 1993 Ῥώμῃ

1069 2008 1155 2043 διῆγε.
1174 2005 1274 2034 Μαθὼν
1287 2006 1316 2034 δὲ
1335 2007 1350 2033 6
1367 2007 1511 2042 Ῥωμαίων
1527 2006 1677 2037 ἐπίσκοπος
1691 2004 1725 2032 τά
1742 2005 1860 2032 ἑκάστου

1069 2053 1153 2088 ὲγκλή
1158 2061 1237 2088 ματα,
1251 2052 1345 2088 ἐπειδὴ
1361 2053 1465 2084 πάντας
1480 2051 1661 2087 ὀμοὼοὖντας
1674 2047 1738 2086 εὗρε
1755 2051 1821 2086 περὶ
1832 2050 1860 2076 τὸ

1069 2098 1157 2133 δόγμα
1173 2098 1224 2132 τῆς
1241 2099 1269 2124 ὲν
1283 2097 1386 2132 Νικαιᾳ
1403 2097 1523 2127 συνόδου,
1540 2097 1577 2128 ὡς
1596 2096 1742 2131 ὁμοδόξους
1763 2096 1859 2126 αὐτοὺς

1069 2143 1111 2174 είς
1129 2143 1271 2169 κοινωνίαν
1285 2143 1454 2178 προσήκατο,
1474 2139 1526 2168 υἷα
1544 2141 1572 2168 δὲ
1586 2141 1635 2175 τῆς
1649 2141 1760 2167 πάντων
1780 2139 1857 2175 κηδε-

1072 2188 1166 2222 μονίας
1192 2187 1267 2223 αὐτῷ
1291 2187 1483 2223 προσηκούσης
1500 2187 1557 2222 (77)
1583 2187 1627 2213 διὰ
1648 2186 1699 2221 τὴν
1716 2185 1796 2218 ἀξίαν
1814 2184 1857 2211 τοῦ

1071 2233 1177 2268 θρόνου,
1201 2233 1310 2268 ἑκάστῳ
1321 2233 1372 2268 τὴν
1388 2233 1457 2260 ἰδίαν
1471 2232 1636 2268 Ἐκκλησίαν
1651 2232 1787 2259 ἀπέδωκε.
1807 2230 1857 2256 Καὶ

1070 2278 1126 2309 τοῖς
1140 2277 1193 2305 ἀνὰ
1204 2277 1253 2313 τὴν
1267 2278 1306 2304 ἔω
1319 2278 1480 2310 ἐπισκόποις
1501 2277 1617 2313 ἔγραψε,
1632 2276 1809 2311 μεμφόμενος
1823 2275 1856 2306 ὡς

1068 2323 1120 2350 οὐκ
1132 2323 1220 2358 ὀρθῶς
1235 2323 1460 2358 βουλευσαμένοις
1475 2323 1539 2357 περὶ
1550 2323 1613 2354 τοὺς
1625 2322 1737 2357 άνδρας,
1752 2321 1800 2348 καὶ
1813 2321 1856 2351 τάς

1076 2368 1239 2405 Ἐκκλησίας
1253 2370 1426 2404 ταράττουσι,
1439 2369 1478 2404 τῷ
1496 2368 1534 2404 μὴ
1549 2368 1680 2403 ἐμμένειν
1694 2368 1752 2399 τοῖς
1765 2367 1794 2394 ἑν
1811 2366 1855 2392 Νι-

1071 2414 1136 2450 καίᾳ
1158 2413 1276 2447 δόξασιν.
1313 2414 1434 2449 ὐλίγους
1457 2414 1486 2441 δὲ
1513 2414 1546 2440 tu
1571 2413 1682 2440 πάντων
1708 2413 1751 2444 εἰς
1777 2412 1855 2448 ῥητήν

833 2578 966 2606 VALESII
986 2577 1257 2607 ANNOTATIONES.

269 2645 325 2679 (76)
350 2645 398 2678 Ὧς
420 2645 636 2679 θυσιαστήριον
658 2645 840 2680 ἀνατρέψας.
857 2645 884 2672 ln
900 2646 1016 2680 cpistola

235 2678 412 2707 Orientalium
434 2681 518 2715 _apud
544 2678 684 2707 Serdicam
717 2678 925 2715 episcoporum,
958 2688 1019 2714 quas

234 2714 350 2755 habetur
364 2750 370 2755 _
382 2716 408 2755 in
433 2713 610 2755 Fragmcn'tis'
629 2713 741 2755 ililarii;
761 2713 832 2755 ider
850 2715 883 2742 de
903 2713 1018 2755 Asclepa

234 2750 352 2776 refertur
364 2750 408 2778 his
424 2750 516 2777 verbis
534 2757 539 2775 :
559 2749 610 2776 Sed
628 2751 656 2776 in
671 2750 776 2776 civitate
789 2749 868 2776 Gazw
878 2749 1019 2783 provincia:

234 2784 389 2812 l’nla'stlna:
407 2789 465 2818 post
482 2784 595 2811 reditum
611 2792 687 2811 suum
700 2785 824 2819 Asclepas
842 2785 927 2811 altare
946 2793 1017 2810 com-

233 2820 339 2850 minuit,
355 2820 503 2854 multasque
515 2819 656 2846 seditiones
670 2820 764 2852 effecit.

267 2854 323 2888 (77)
366 2854 422 2887 Τῆς
452 2853 572 2880 πάντων
609 2854 786 2888 κηδεμονίας
815 2853 895 2886 αὺτῷ
925 2860 1016 2887 προσ-

1070 2648 1215 2681 ηκούσης.
1241 2647 1396 2676 Notandum
1418 2651 1461 2676 est
1482 2648 1534 2674 hoc
1557 2648 1749 2675 testimonium
1773 2646 1851 2675 Grazrl

1070 2682 1246 2718 scriptorisL
1265 2683 1299 2710 de
1329 2687 1463 2718 potestate
1494 2681 1611 2709 Romani
1643 2682 1785 2717 pontiﬁcis
1813 2689 1852 2716 per

1072 2716 1214 2745 universas
1227 2716 1374 2745 Ecclesiae.
1391 2718 1465 2745 idem
1481 2724 1593 2752 quoque
1613 2716 1719 2744 notavit
1732 2718 1851 2751 antiqua-

1072 2752 1139 2785 rius,
1152 2752 1198 2786 qui
1214 2751 1336 2780 codicem
1355 2751 1534 2779 Fuketianum
1550 2752 1707 2786 descripsit.
1723 2752 1766 2779 Ad
1787 2752 1850 2778 hunc

1070 2787 1143 2814 enim
1158 2785 1246 2822 locum
1265 2787 1291 2822 in
1308 2788 1432 2822 margine
1446 2785 1589 2814 adnotavit
1608 2785 1665 2822 haec
1680 2787 1765 2814 verba
1783 2795 1790 2813 :
1807 2786 1850 2819 Ση-

1072 2822 1184 2856 μεὶιυσαι
1200 2821 1230 2848 τὸ
1246 2821 1352 2857 ἀξίωμα
1370 2821 1414 2848 τοῦ
1432 2822 1540 2856 Ῥώμης
1554 2821 1716 2848 ἐπισκόπου.
