1899 3077
212 143 283 171 1055
941 141 1110 169 8οΖ()ΜΕΝ1
1783 139 1847 166 1036

213 205 334 238 ipsorum
357 202 513 234 resisteret,
539 200 677 228 contraria
697 199 907 228 denuntiabant.
924 199 993 227 Nam

1062 209 1073 226 ν
1096 200 1199 236 Νικαίᾳ
1225 198 1416 232 συνελθοῦσιν,
1448 200 1524 227 οὐδὲν
1550 199 1623 234 αὺτῷ
1648 197 1848 234 ἀντέγραψαν,

213 252 239 275 et
254 249 399 284 episcopos
422 247 542 275 Orientis
563 246 611 281 qui
634 246 708 281 ipsos
733 250 812 273 aetate
830 245 993 273 antecessis-

1059 244 1148 276 πολλὰς
1173 245 1222 279 μὲν
1236 245 1324 276 αἰτίας
1348 245 1420 280 ἔχειν
1448 245 1488 275 εις
1511 244 1677 279 παραίτησιν
1691 242 1850 276 ἀναγκαίῃ

212 298 291 325 sent.
309 294 467 327 neutiquam
496 292 698 319 eontradixisse
727 292 911 324 affirmabant,
929 295 996 318 tunc

1059 290 1102 316 τῶν
1120 289 1309 326 γεγενημένων
1324 291 1503 326 δηλώσαντεςΙ
1516 289 1715 323 ἀπολογεῖσθαι
1742 288 1774 314 δὲ
1800 287 1844 313 νῦν

211 347 272 366 cum
287 338 456 366 Novatianus
478 337 603 365 Ecclesia
621 337 744 365 Romana
762 338 868 373 eiectus
886 341 939 365 est.
960 336 996 364 De

1059 337 1119 372 iﬁép
1133 337 1235 364 τούτων
1252 337 1378 373 περιττὸν
1399 336 1531 369 εἰπόντες,
1555 336 1592 367 ὡς
1613 334 1689 366 ἅπαξ
1807 334 1848 359 ἐπὶ

212 384 246 412 iis
270 389 360 411 autem
383 390 444 417 quae
465 386 607 417 gesserant
632 386 727 410 contra
758 383 869 410 decreta
899 381 996 417 synodi

1059 383 1132 409 τᾶσιν
1150 383 1252 410 ἀδικεῖν
1267 383 1471 417 ὑπονοηθέντες.

212 429 343 461 Nicaenaa,
371 429 440 456 nihil
465 430 489 457 ei
516 430 738 464 reseripserunt:
757 430 858 457 multas
882 429 991 464 quidem
1012 435 1042 456 se
1058 429 1159 457 habere
1171 438 1270 458 causas
1282 430 1487 466 signiﬁcantes,
1522 436 1627 464 easque
1654 426 1846 460 necessarias,

212 477 311 511 quibus
328 476 430 505 factum
442 485 521 505 suum
532 477 711 505 defenderent
726 486 733 505 :
750 478 996 512 impraesentiarum
1017 483 1081 503 Vero
1114 477 1282 512 superﬂuum
1302 478 1486 509 arbitrantes,
1518 483 1614 504 earum
1639 482 1737 503 rerum
1757 473 1847 501 defen-

212 523 317 551 sionem
342 523 504 555 instituere,
535 531 598 550 eum
625 523 789 558 generaliter
811 523 840 550 in
868 522 997 550 omnibus
1017 521 1118 556 injuste
1134 530 1164 551 se
1175 523 1295 559 gessisse
1313 527 1505 558 arguerentur.

481 570 560 606 ιοιε
585 569 662 598 car.
689 570 735 597 IX.

217 617 354 651 Quomodo
377 617 474 650 ejectus
500 620 539 642 est
562 615 683 648 Paulus,
708 615 814 650 ejusque
840 616 895 642 loco
913 615 1002 642 Mace-

249 653 343 679 donius
359 653 386 678 in
396 651 482 678 sedem
493 650 814 684 Constantinopolitanum
831 650 965 677 inductus.

251 696 283 723 Et
304 696 377 723 Julio
399 695 507 730 quidem
527 695 701 729 scripserunt
722 694 756 721 ad
777 695 850 721 hunc
879 694 999 722 modum.

217 742 296 778 Apud
324 742 519 776 imperatorem
558 745 648 767 autem
677 739 868 767 Constantium
905 747 1001 767 rursus

216 787 375 815 c-alumniati
395 791 460 814 sunt
482 786 628 821 episcopos
641 786 703 813 illos
722 793 790 820 quos
807 785 999 820 deposuerant.

1353 570 1536 603 “omne.

1056 617 1155 649 Ὅπως
1180 615 1312 650 ἐξηλάθη
1339 615 1460 648 Παῦλος
1488 614 1537 641 καὶ
1553 614 1749 650 γἈθανάσιος
1763 634 1770 644 ,
1799 615 1843 640 καί

1088 651 1270 685 ἀντεισήχθη
1281 650 1463 682 Μακεδόνιος
1477 650 1520 682 εις
1529 649 1586 683 τὴν
1598 650 1841 676 Κωνσταντίνοτκ

1096 695 1196 730 Ἰουλίῳ
1217 695 1265 730 μὲν
1277 693 1322 722 οὖν
1336 694 1425 721 τοιάδε
1442 693 1573 728 ἔγραψαν.
1590 693 1663 728 Πρὸς
1683 693 1714 719 δὲ
1732 692 1842 727 βασιλέα

1053 740 1242 767 Κωνστὰντιον
1259 739 1381 766 διέϐαλον
1405 737 1483 770 αὖθις
1497 738 1559 770 τοὺς
1585 737 1657 773 πρὸς
1673 737 1768 763 αὐτῶν
1785 736 1843 762 καί)-

1052 786 1216 823 ῃρημένους.
1226 786 1256 812 ὐ
1269 786 1307 817 δὲ,
1321 786 1350 812 ὲν
1367 785 1516 819 Ἀντιοχείᾳ
1529 784 1589 810 τότε
1602 783 1765 818 διατρίϐων,
1781 782 1842 817 γρά-

217 832 266 860 ilic
283 833 366 867 igitur
377 837 433 859 tum
449 831 581 866 temporis
595 830 747 858 Antiochiae
763 830 865 866 degens
876 851 883 863 ,
907 830 1004 858 scribit

1059 840 1099 866 ρει
1110 831 1236 866 Φιλίππῳ
1249 831 1287 865 τῷ
1303 830 1417 866 ὑπάρχῳ
1434 829 1489 865 (8‘2)
1505 830 1534 855 ὲν
1555 828 1841 856 Κωνσταντινούπὸλει

217 877 343 912 Philippo
369 875 496 911 praefecto
523 876 652 911 praetorio
678 876 726 911 qui
750 881 816 903 tunc
843 876 1000 903 Constanti-

219 923 312 958 nopoli
347 923 524 954 morabatur,
560 926 589 948 ut
624 921 738 948 Paulum
778 921 888 956 quidem
929 920 997 948 urbe

217 967 385 1003 expelleret,
412 967 571 995 Macedonio
585 974 650 993 vero
667 966 818 994 Eeclesiam
835 966 1003 994 restitueret.

219 1012 366 1040 Praefectus
396 1019 461 1040 vero
490 1013 536 1047 qui
562 1013 649 1047 plebis
673 1012 820 1040 tumultum
850 1011 1003 1046 metuebat,

218 1062 366 1093 antequam
403 1061 570 1092 praeceptum
600 1057 775 1092 imperatoris
809 1058 1004 1093 evulgarctur,

217 1104 250 1131 ad
263 1103 403 1138 publicum
428 1103 578 1135 balneum,
605 1103 726 1138 amplum
752 1103 899 1131 admodum
924 1107 1006 1138 atque

217 1149 345 1180 illustre,
375 1147 450 1182 quod
481 1147 638 1183 Zeuxippus
670 1147 790 1181 dicitur,
822 1155 1003 1184 progressus.

219 1193 334 1220 Paulum
359 1192 393 1219 ad
408 1200 438 1220 se
457 1192 573 1224 accivit,
587 1192 666 1227 quasi
687 1192 724 1220 de
747 1194 863 1228 negotiis
887 1194 1006 1227 publicis

217 1246 280 1266 cum
300 1246 333 1266 eo
349 1242 471 1265 acturus.
488 1236 612 1272 Cumque
635 1238 681 1265 ille
707 1239 799 1265 statim
830 1239 1003 1271 advenisset,

219 1283 362 1318 Philippus
372 1283 546 1318 imperatoris
560 1283 667 1311 litteras
681 1284 706 1310 ei
716 1283 847 1315 ostendit,
865 1285 1000 1318 simulque

220 1329 291 1356 clam
308 1335 355 1362 per
367 1328 497 1362 palatium
514 1327 586 1362 quod
616 1327 735 1354 vicinum
754 1331 796 1354 est
813 1327 926 1360 balneo,
943 1335 1004 1355 eum

221 1374 256 1400 ad
268 1381 342 1400 mare
367 1373 465 1400 deduci
491 1373 639 1408 prmeepit:
657 1377 685 1400 et
710 1373 820 1408 navigio
848 1373 1005 1408 impositum

222 1417 449 1446 Thessalonicam
475 1419 564 1450 misit,
587 1427 621 1446 ex
640 1426 694 1454 qua
715 1419 782 1446 urbe
799 1419 918 1453 majores
945 1419 1006 1454 ejus

221 1464 275 1491 orti
289 1471 351 1492 esse
373 1464 546 1492 dicebantur.
563 1463 596 1490 Et
616 1463 736 1492 Orientis
758 1464 866 1499 quidem
883 1465 1006 1499 partibus

221 1517 337 1545 prorsus
359 1510 386 1537 ei
412 1509 555 1537 interdixit
571 1519 578 1537 :
595 1509 627 1536 in‘
650 1508 790 1545 Illyricum
807 1517 871 1537 vero
891 1513 918 1537 et
936 1510 1006 1545 ulte:
1020 1499 1042 1529 C

221 1554 308 1581 riores
347 1554 502 1588 provincias
538 1554 635 1589 pedem
682 1553 785 1581 inferre
824 1561 998 1589 nequaquam

222 1599 372 1634 prohibuit.
391 1598 525 1634 Egressus
545 1598 644 1626 deinde
662 1606 695 1626 ex
713 1599 856 1634 praetorio,
871 1599 905 1626 ad
920 1599 1009 1626 eccle-

221 1644 290 1671 siam
321 1644 453 1678 perrexit,
475 1651 568 1671 secum
589 1644 615 1670 in
637 1651 721 1671 curru
741 1644 880 1672 sedentem
904 1644 1008 1672 habens

222 1688 422 1716 Macedonium.
440 1689 475 1716 At
500 1689 618 1724 populus
634 1699 640 1716 :
655 1689 698 1717 bis
724 1691 797 1717 enim
819 1690 902 1718 rebus
925 1691 1008 1725 gestis

221 1734 434 1762 innumerabiles
464 1734 492 1761 in
520 1742 604 1761 unum
629 1739 838 1762 convenerant:
861 1735 1007 1763 ecclesiam

222 1779 314 1806 statim
336 1779 493 1814 complevit.
511 1779 616 1814 Quippe
633 1780 734 1815 singuli
755 1784 810 1807 tam
827 1788 861 1807 ex
879 1781 988 1808 Arianis
1000 1801 1007 1813 ,

222 1832 303 1859 quam
319 1832 352 1852 ex
368 1824 444 1851 Pauli
468 1824 622 1852 fautoribus
634 1845 641 1857 ,
657 1833 717 1852 eam
741 1833 876 1860 occupare
901 1833 1008 1853 summo

222 1871 314 1897 studio
347 1870 561 1897 contendebant.
597 1863 746 1906 Postquam
775 1871 921 1905 praefectus
954 1879 1008 1899 una

224 1921 285 1942 Cum
310 1915 468 1944 Macedonio
489 1916 521 1943 ad
541 1915 615 1944 fores
642 1917 762 1944 accessit
785 1916 923 1950 ecclesiae,
946 1924 1007 1944 cum

222 1961 299 1996 plebs
328 1969 343 1988 a
366 1961 501 1989 militibus
527 1966 556 1989 ut
586 1962 719 1989 transitus
747 1962 813 1997 ipsis
842 1963 1009 1998 praeberetur

221 2007 349 2042 impulsa,
370 2007 542 2035 retrocedere
560 2015 615 2035 non
645 2012 754 2042 posset,
785 2012 878 2042 utpote
901 2009 1009 2036 refertis

221 2052 401 2080 ulterioribus
436 2053 647 2080 locisnnilites
685 2053 809 2080 arbitrati
839 2053 944 2088 plebem
975 2053 1009 2081 de

222 2097 355 2124 industria
371 2098 499 2125 resistere
510 2117 517 2129 ,
531 2098 664 2143 pluri'os
680 2097 780 2132 gladiis
797 2098 1006 2125 obtruncarunt.

222 2141 298 2168 Multi
314 2142 395 2168 etiam
414 2149 428 2168 a
446 2149 476 2169 se
493 2141 616 2170 vicissim
635 2143 731 2170 obtriti
755 2143 929 2170 interierunt.
951 2143 1007 2171 Hae

222 2187 329 2213 ratione
344 2186 495 2221 perfectum
511 2191 553 2214 est
568 2188 595 2214 id
615 2188 689 2222 quod
710 2188 833 2221 jusserat
848 2189 1008 2224 imperator,

222 2235 248 2258 et
270 2232 447 2259 Macedonius
469 2231 602 2259 ecclesias
617 2233 744 2260 obtinuit.
764 2233 802 2260 Ac
825 2233 929 2261 Paulus
945 2235 1008 2269 qui-

221 2277 283 2304 dem
316 2281 416 2311 praeter
448 2278 679 2311 exspectationem
704 2279 1008 2314 Constantinopolitana

221 2321 343 2349 Ecclesia
359 2323 493 2357 spoliatus
509 2328 550 2351 est
564 2324 591 2350 in
607 2323 680 2351 hunc
695 2325 817 2351 modum.
837 2326 1007 2354 Athanasius

221 2374 287 2393 vero
301 2367 363 2400 fuga
371 2367 480 2402 elapsus
491 2388 499 2400 ,
519 2376 580 2396 sese
593 2369 750 2396 occultabat
759 2390 766 2402 ,
782 2371 869 2398 minas
878 2371 1008 2399 Constan-

221 2412 252 2438 tii
273 2411 466 2441 reformidans.
502 2413 609 2442 Etenim
642 2415 790 2449 imperator
832 2421 947 2444 mortem
985 2418 1009 2445 ei

221 2456 341 2484 minatus
357 2457 453 2490 fuerat,
481 2463 572 2487 motus
585 2459 731 2487 calumniis
761 2460 924 2488 Arianorum
935 2482 942 2494 ,
961 2462 1008 2497 qui

221 2501 371 2531 seditiones
389 2505 424 2531 ab
435 2505 482 2531 illo
491 2506 604 2533 excitari
615 2506 743 2533 dicebant
753 2525 760 2538 ,
773 2514 859 2541 eoque
871 2508 897 2534 in
913 2509 1008 2535 urbem

222 2546 394 2580 ingrediente
418 2549 519 2576 multos
545 2554 702 2585 peremptos
729 2550 824 2578 fuisse.
851 2551 921 2578 illud
945 2559 1008 2579 vero

222 2591 359 2626 praecipue
374 2593 532 2629 imperatori
546 2595 628 2622 bilem
655 2595 757 2629 movit,
771 2596 844 2630 quod
870 2604 1007 2625 annonam

1055 876 1131 908 δντι,
1149 876 1230 902 πάλιν
1253 875 1411 910 Μακεδονίῳ
1426 875 1476 909 τὴν
1499 873 1660 909 Ἐκκλησίαν
1681 872 1839 904 ἀποδοῦναι,

1055 922 1160 948 Παῦλον
1175 922 1203 948 δὲ
1217 921 1341 954 ἐξελάσαι
1361 921 1409 956 τῆς
1430 920 1543 951 πόλεως.
1561 919 1657 951 Δείσας
1675 919 1706 945 δὲ
1733 918 1784 954 τὴν
1799 919 1840 944 τοῦ

1055 967 1172 1002 πλήθους
1187 966 1293 1002 κίνησιν
1305 967 1318 992 ὁ
1331 965 1452 1000 ὕπαρχος
1462 985 1470 997 ,
1485 965 1550 1000 πρὶν
1564 964 1702 991 ἔκπυστον
1717 964 1840 998 γενέσθαι

1054 1012 1103 1048 τὴν
1127 1011 1256 1047 βασιλέως
1280 1011 1444 1046 πρόσταξιν,
1466 1009 1620 1046 προσελθὼν
1644 1009 1685 1041 είς
1714 1009 1839 1044 δημόσιον

1055 1057 1165 1092 λουτρὸν
1190 1053 1212 1090 ᾧ
1237 1056 1323 1091 ὄνομα
1344 1055 1512 1088 Ζεύξιππος,
1531 1054 1680 1090 περιφανὲς
1709 1054 1739 1080 δὲ
1769 1052 1840 1079 τοῦτο

1055 1103 1101 1130 καὶ
1119 1103 1246 1138 μέγιστον
1257 1121 1264 1134 ,
1285 1103 1322 1133 ὼς
1338 1102 1400 1137 περὶ
1416 1102 1512 1128 κοινῶν
1528 1100 1700 1136 πραγμάτων
1717 1099 1839 1126 κοινωσό-

1057 1157 1136 1184 μενος
1152 1169 1159 1181 ,
1195 1147 1393 1183 μετεκαλέσατο
1419 1146 1523 1173 Παῦλον
1540 1155 1547 1162 ·
1573 1144 1793 1180 παραγενομένῳ
1815 1143 1839 1170 δὲ

1056 1194 1136 1225 εὐθὺς
1145 1214 1152 1227 ,
1167 1193 1214 1220 τοῦ
1228 1193 1359 1228 βασιλέως
1378 1192 1498 1224 ἐπέδειξε
1510 1192 1540 1218 τὺ
1554 1192 1671 1226 γράμμα
1680 1199 1687 1205 ·
1710 1189 1800 1225 λάθρα
1813 1198 1837 1215 τε

1055 1240 1100 1266 διὰ
1112 1239 1165 1265 τῶν
1194 1238 1334 1273 βασιλείων
1355 1237 1393 1273 τῷ
1415 1236 1519 1272 λουτρῷ
1543 1235 1758 1271 παρακειμένων
1771 1255 1779 1267 ,
1799 1235 1838 1260 ἐπὶ

1056 1285 1192 1312 Θάλασσαν
1206 1284 1285 1310 αὐτὸν
1299 1283 1413 1318 ἀχθῆναι
1426 1281 1580 1317 προστάξας
1589 1302 1596 1313 ,
1622 1282 1662 1312 είς
1682 1281 1778 1307 πλοῖον
1794 1281 1836 1306 ἐπ-

1056 1330 1166 1357 εόίϐασε
1180 1349 1187 1362 ,
1212 1329 1258 1356 καὶ
1277 1330 1317 1360 εἰς
1339 1328 1537 1362 Θεσσαλονίκην
1556 1326 1677 1362 ἐπεμψεν
1689 1345 1698 1358 ,
1720 1325 1782 1352 ὅθεν
1798 1325 1837 1350 καὶ

1054 1377 1117 1407 τοὺς
1129 1375 1275 1411 προγόνους
1291 1375 1361 1409 ἔχειν
1374 1373 1492 1407 ἐλέγετο,
1508 1372 1645 1404 παντελῶς
1660 1380 1690 1398 τε
1709 1371 1759 1406 τὴν
1775 1371 1837 1397 κατὰ

1055 1422 1104 1458 τὴν
1122 1422 1158 1448 ἕω
1175 1421 1330 1456 ἀρχομένην
1349 1420 1459 1455 φεύγειν
1475 1419 1652 1445 κατεδίκασεν
1670 1418 1755 1444 αὐτόν
1766 1425 1773 1432 ·
1795 1417 1836 1442 Ίλ-

1057 1468 1156 1504 λυριῶν
1180 1468 1209 1494 δὲ
1236 1468 1283 1494 καὶ
1307 1467 1356 1502 τῆς
1381 1459 1508 1493 ἐπέκεινα
1535 1465 1587 1500 γῆς
1613 1464 1768 1491 ἐπιϐαίνειν
1794 1463 1835 1488 οὐκ

1058 1514 1204 1541 ἐκώλυσεν.
1229 1512 1358 1546 Ἐξελϐὼν
1382 1512 1411 1538 δὲ
1438 1513 1470 1538 ὲκ
1495 1511 1543 1537 τοῦ
1563 1509 1760 1544 δικαστηρίου,
1781 1516 1836 1533 συν-

1057 1560 1202 1595 οχούμενον
1223 1557 1297 1594 αὺτῷ
1318 1557 1482 1584 Μακεδόνων
1499 1556 1568 1591 ἔχων
1581 1575 1588 1587 ,
1610 1555 1656 1581 ἐπὶ
1674 1554 1726 1589 τὴν
1746 1553 1835 1587 ἐκκλη-

1059 1606 1119 1632 σίαν
1132 1605 1185 1640 ᾔει.
1198 1604 1234 1630 Τὸ
1250 1604 1279 1630 δὲ
1295 1603 1394 1638 πλῆθος
1404 1611 1411 1618 ·
1429 1603 1480 1638 ήδη
1494 1601 1549 1636 γὰρ
1562 1601 1664 1628 τούτων
1675 1599 1836 1634 γενομένων,

1058 1652 1156 1686 ἄφατοι
1179 1649 1377 1684 συνελέγησαν*
1401 1647 1481 1679 εὐθὺς
1503 1647 1552 1682 τὴν
1584 1645 1735 1680 ἐκκλησίαν
1761 1643 1835 1677 ἐπλή-

1059 1703 1163 1731 ρωσαν·
1179 1695 1288 1722 ἕκαστοι
1305 1694 1359 1729 γὰρ
1374 1693 1475 1728 αὐτὴν,
1491 1692 1517 1719 οἴ
1538 1700 1568 1718 τε
1589 1692 1643 1718 ἀπὸ
1664 1691 1717 1725 τῆς
1738 1689 1834 1724 Ἀρείου

1058 1741 1204 1776 αἱρέσεως,
1221 1740 1286 1766 οἵτε
1301 1739 1406 1765 Παῦλον
1423 1731 1609 1768 ἐπαινοῦντές,
1623 1734 1835 1771 προκαταλαϐεῖν

1058 1785 1240 1812 ἐσπούδασαν.
1263 1784 1338 1810 Ἐπεὶ
1354 1784 1383 1810 δὲ
1403 1783 1471 1818 πρὸς
1488 1783 1548 1813 ταῖς
1567 1781 1662 1817 θύραις
1678 1780 1731 1815 τῆς
1745 1779 1834 1812 ἐκκλησ

1059 1831 1120 1863 σίας
1136 1830 1244 1864 ἐγένετο
1262 1831 1276 1856 ὁ
1298 1828 1419 1865 ὕπαρχος
1429 1848 1437 1860 ,
1455 1829 1504 1855 σὺν
1524 1826 1599 1862 αὑτῷ
1615 1827 1642 1853 δὲ
1658 1827 1706 1853 καὶ
1721 1823 1834 1853 Μακεδό-

1057 1884 1132 1909 νιος,
1153 1876 1184 1902 τὸ
1209 1875 1238 1901 δὲ
1263 1874 1364 1910 πλῆθος
1387 1873 1460 1904 ὅπως
1482 1873 1572 1904 αὐτοῖς
1593 1871 1712 1906 πάροδος
1733 1870 1833 1903 γένηται

1059 1923 1126 1957 πρὸς
1145 1921 1198 1948 τῶν
1222 1919 1394 1956 στρατιωτῶν
1421 1918 1591 1953 ὠθούμενον,
1609 1917 1764 1951 ὑποχωρεῖν
1790 1914 1832 1940 οὐκ

1059 1967 1191 2002 ἠδύνατο,
1209 1966 1256 1993 τοῦ
1280 1966 1374 2001 πρόσω
1401 1963 1584 1999 σεσαγμένον,
1611 1961 1789 1991 ὑπολαϐόντες
1811 1959 1831 1984 οί

1060 2012 1223 2047 στρατιῶται
1236 2011 1325 2038 ιέκονστ)⁹
1342 2011 1379 2045 μὴ
1394 2009 1480 2037 εἴκειν
1495 2010 1540 2036 τὸν
1556 2009 1645 2043 ὄχλον,
1659 2006 1771 2037 πολλοὺς
1786 2004 1831 2034 τοῖς

1060 2056 1148 2092 ξίφεσι
1163 2057 1367 2091 διεχειρίσαντο.
1384 2055 1478 2082 Πολλοὶ
1489 2054 1518 2081 δὲ
1533 2054 1580 2080 καὶ
1593 2053 1639 2079 ὑπ’
1649 2051 1770 2087 summ
1785 2057 1829 2076 πα-

1059 2101 1183 2136 τούμενοι
1203 2101 1397 2136 διεφθάρησαν.
1420 2101 1457 2126 Τὸ
1477 2099 1504 2125 δὲ
1522 2099 1628 2134 βασιλεῖ
1650 2097 1731 2129 δόξαν
1757 2095 1830 2124 οὕτως

1060 2147 1167 2181 ἐγένετο
1178 2165 1185 2178 ,
1200 2146 1248 2173 καὶ
1265 2146 1313 2177 τὰς
1336 2145 1496 2180 Ἐκκλησίας
1511 2143 1649 2179 παρέλαϐε
1665 2141 1827 2170 Μακεδόνιος.

1066 2191 1096 2217 '0
1112 2191 1161 2226 μὲν
1176 2191 1208 2225 δὴ
1232 2190 1338 2222 Παῦλος
1356 2187 1494 2225 ἀδοκήτως
1509 2187 1560 2216 ὧδε
1578 2189 1627 2223 τῆς
1648 2189 1677 2214 έν
1700 2188 1828 2214 Κωνσταν-

1060 2236 1207 2263 τινουπόλει
1228 2236 1390 2271 Ἐκκλησίας
1406 2235 1541 2271 ἀφῃρέθη.
1560 2234 1719 2264 Ἀθανάσιος
1736 2232 1762 2258 δὲ
1775 2229 1828 2265 osa-

1064 2291 1124 2316 γων,
1145 2283 1251 2318 ἀφανὴς
1269 2280 1312 2316 ἦν,
1328 2281 1417 2312 δείσας
1432 2281 1481 2316 τὴν
1500 2279 1691 2319 Κωνσταντίου
1707 2277 1750 2305 τοῦ
1765 2276 1827 2310 βασι-

1061 2329 1127 2358 λέως
1143 2328 1266 2362 ἀπειλήν.
1276 2327 1388 2362 Θανάτῳ
1399 2328 1453 2362 γὰρ
1467 2326 1547 2353 αὐτὸν
1558 2325 1672 2361 ζημιοῦν
1687 2323 1825 2359 ἠπείλησεν,

1061 2374 1228 2408 αἰτιωμένων
1240 2373 1294 2399 τῶν
1321 2372 1480 2408 ἑτεροδόξων
1503 2372 1541 2401 ὡς
1562 2372 1671 2402 στάσεις
1693 2369 1824 2405 ἐργάζοιτο,

1062 2419 1108 2445 καὶ
1122 2419 1251 2450 εἰσιόντος
1262 2418 1344 2445 αὑτοῦ
1361 2413 1455 2445 πολλοὶ
1466 2418 1624 2453 τεθνήκασι.
1637 2417 1673 2443 Τὸ
1686 2416 1714 2442 δὲ
1728 2414 1825 2450 μάλιστα

1060 2463 1128 2499 πρὸς
1142 2463 1225 2498 ὀργὴν
1244 2463 1289 2489 τὸν
1311 2463 1422 2498 βασιλέα
1439 2463 1553 2497 κινῆσαν
1567 2461 1601 2498 ἦν
1614 2483 1622 2495 ,
1645 2462 1687 2489 ὃτι
1703 2461 1746 2488 καὶ
1763 2465 1823 2488 σιτη-

1061 2509 1150 2544 ρέσιον
1168 2509 1260 2543 ἔλεγον
1276 2509 1356 2535 αὑτὸν
1380 2509 1519 2535 πωλοῦντα
1535 2507 1740 2543 ἀποκερδαίνειν
1751 2525 1757 2537 ,
1771 2504 1782 2529 ὃ
1799 2499 1823 2533 δὴ

1061 2553 1184 2589 βασιλεὺς
1198 2555 1398 2586 Κωνσταντῖνος
1414 2555 1469 2586 τοῖς
1480 2555 1508 2581 ὲν
1527 2553 1716 2586 Ἀλεξανδρείᾳ
1726 2547 1821 2582 πτωχοῖς

1061 2599 1224 2634 ἐδωρήσατο.

221 2643 303 2686 quam
331 2638 478 2674 imperator
495 2640 695 2668 Constantinus
729 2641 897 2686 pauperibus
929 2643 1006 2671 urbis
1024 2644 1196 2672 Alexandria!
1213 2643 1379 2676 donaverat,
1403 2644 1478 2670 illum
1513 2643 1670 2672 vendidisse
1706 2639 1819 2668 dicebant.

222 2689 250 2711 et
268 2684 295 2710 in
315 2692 394 2712 suum
407 2687 525 2714 vertisse
539 2685 741 2720 compendium.

823 2745 958 2773 VALESll
975 2745 1248 2774 ANNOTATIONES.

260 2786 314 2826 (82)
335 2788 445 2826 [pnigea
474 2789 609 2826 Φιλίππῳ
633 2790 673 2822 τῷ
690 2790 824 2826 ρπιὶρχῳ.
852 2789 919 2817 Vide
945 2799 1005 2826 quae

225 2823 316 2850 notavi
330 2824 363 2850 ad
390 2823 488 2850 librum
504 2824 654 2862 secundum
684 2823 806 2852 Socratis
823 2832 881 2860 cap.
900 2826 942 2854 16.
954 2823 1003 2854 tibi

1061 2792 1135 2818 hunc
1153 2799 1272 2827 errorem
1291 2791 1445 2822 Sozomcni,
1469 2793 1513 2827 qui
1527 2792 1550 2820 ei
1564 2799 1626 2819 cum
1641 2791 1748 2819 Socrate
1761 2792 1818 2814 com-

1057 2827 1148 2854 munis
1160 2831 1212 2866 est,
1227 2826 1315 2866 fusius
1331 2827 1455 2867 refutari.
