1899 3077
252 119 320 146 1059

964 115 1134 145 SOZOMENI

1820 120 1881 147 1060

252 179 337 214 igitur
356 177 389 205 ad
409 184 469 206 eam
488 184 546 205 rem
567 176 709 212 eliguntur
724 175 846 210 episcopi
868 184 874 202 :
892 174 1033 202 Nart-iSsus

1098 176 1140 202 καὶ
1158 176 1270 211 Μάρκος
1286 177 1300 203 ὸ
1319 176 1482 212 Ἀρεθούσης
1500 177 1549 212 τῆς
1565 177 1675 212 Συρίας.
1690 177 1747 204 Καὶ
1767 186 1883 213 παραγε-

251 225 397 259 episcopus
422 222 574 257 lrenopolis
597 222 624 248 in
647 220 755 252 Cilicia,
771 219 935 248 Theodorus
953 220 1038 247 Hera-

251 270 318 296 clea:
333 270 360 296 in
378 267 509 299 Thracia,
521 272 548 294 et
568 266 678 294 Marcus
697 265 839 293 Arethusae
857 273 917 299 quae
944 271 987 292 cst
1011 266 1036 292 in

252 315 343 350 Syria.
354 315 403 347 Qui
420 321 481 340 cum
497 313 523 339 in
535 312 641 339 Italiam
654 312 806 343 venissent,
819 317 879 339 acta
895 312 975 348 106
988 319 1036 339 sua

252 360 399 388 defendere
415 362 572 392 cceperunt,
588 361 617 384 et
631 357 795 392 imperatori
809 358 974 392 persuadere
988 364 1037 384 co-

252 406 309 433 nati
326 409 400 435 sunt.
416 404 566 431 Orientalis
586 402 684 439 synodi
698 402 802 437 justam
827 404 912 430 luisse
927 407 1038 430 senten-

251 451 326 477 tiam.
343 449 395 476 Sed
412 456 473 475 cum
491 448 525 475 ab
544 448 579 476 iis
593 448 749 482 exigeretur
764 451 793 474 ut
808 447 887 474 fidem
901 455 978 475 suam
991 454 1039 474 ex-

250 499 393 530 ponerent,
407 494 550 521 formulam
566 493 679 528 quidem
695 493 756 519 fidei
770 501 831 528 quas
844 493 994 520 Antiochia:
1004 493 1038 520 ab

249 540 317 575 ipsis
336 539 425 567 fuerat
447 539 636 574 promulgata,
656 538 834 565 occultarunt
848 546 854 563 :
870 537 951 564 aliam
972 545 1037 565 vero

248 584 449 619 professionem
468 584 562 611 libello
577 583 805 618 comprehensam
826 583 995 616 obtulerunt,
1011 587 1037 610 et

248 631 335 666 ipsam
354 639 369 658 a
389 630 441 658 fide
464 629 627 658 in‘Nicamo
645 629 764 656 concilio
780 629 956 664 comprobata
968 629 1036 656 nihil

248 677 340 704 secius
356 676 569 710 discrepantem.
590 674 685 710 Itaque
694 675 847 706 Constans,
862 682 925 701 cum
946 675 1037 702 anim-

248 722 402 750 adverteret
424 730 473 750 eos
494 721 598 757 injuste
621 721 767 749 insidiatos
782 728 844 748 esse
857 721 941 748 Paulo
955 726 1038 757 atque

1092 221 1201 256 νόμενοι
1218 223 1257 254 είς
1281 220 1396 250 Ἰταλίαν
1408 242 1415 254 ,
1430 224 1487 253 τοῖς
1501 223 1547 249 ὑπ’
1570 222 1661 249 αὐτῶν
1677 224 1883 258 πεπραγμένοις

1092 267 1270 303 ἰσχυρίζοντο,
1284 269 1331 295 καὶ
1348 268 1394 295 τὸν
1415 267 1526 303 βασιλέα
1543 267 1648 294 πείθειν
1659 268 1814 304 ἐπειρῶντο
1826 291 1833 301 ,
1850 271 1882 296 δι-

1090 314 1172 340 καίαν
1197 311 1266 341 εἶναι
1302 314 1354 349 τῆς
1386 313 1545 348 ἀνατολικῆς
1572 313 1682 340 συνόδου
1707 314 1759 350 τὴν
1785 315 1880 350 κρίσιν,

1097 358 1305 393 Ἀπαιτούμενοι
1323 359 1353 385 δὲ
1369 359 1458 393 λέγειν
1474 360 1548 390 ὅπως
1570 359 1736 386 πιστεύσωσι
1749 380 1758 392 ,
1771 360 1825 396 τὴν
1840 362 1882 396 μὲν

1092 403 1248 430 ἐκτεθεῐσαν
1264 405 1329 439 παρ’
1344 404 1434 431 αὐτῶν
1455 405 1484 430 ἐν
1504 404 1655 440 ’Δντιοχείᾳ
1667 405 1880 440 ἀπεκρύψαντο·

1091 449 1187 484 ἑτέραν
1199 449 1227 475 δέ
1241 448 1378 485 ἔγγραφον
1390 449 1534 484 ὁμολογίαν
1549 449 1724 482 ἐκδεδώκασι,
1741 451 1792 477 καὶ
1803 451 1882 483 οὕτως

1091 496 1248 531 ἀπᾴδουσαν
1261 495 1315 533 τῆς¹
1327 497 1355 523 ἐν
1366 495 1469 531 Natat;
1483 496 1709 531 δοκιμασθείσης.
1723 497 1846 523 Συνιδὼν
1859 498 1881 524 δὲ

1090 541 1222 573 Κώνστας
1253 541 1291 572 ὡς
1315 541 1415 572 ἀδίκως
1440 540 1640 568 ἐπεϐούλευσαν
1668 543 1726 574 τοῖς
1745 542 1880 578 ἀνδράσιν.

1091 587 1140 614 οὐκ
1157 586 1338 622 ἐγκλημάτων
1353 586 1457 618 ἕνεκεν,
1475 587 1535 613 οὐδὲ
1552 586 1610 622 βίου
1621 607 1629 619 ,
1647 587 1881 623 ἀποστρεφόμενοι

1090 632 1140 668 τὴν
1155 633 1222 668 πρὸς
1234 632 1334 664 αὐτοὺς
1349 632 1492 659 κοινωνίαν
1502 651 1509 664 ,
1519 632 1557 663 ὡς
1572 633 1599 660 αἱ
1613 633 1792 670 ademptast;
1803 631 1880 669 εἶχον,

1092 678 1160 705 ἀλλὰ
1189 678 1237 713 τῆς
1261 678 1326 714 περὶ
1344 678 1375 704 τὸ
1403 679 1492 715 δόγμα
1518 679 1688 713 διαφωνίας,
1713 681 1881 715 ἀπέπεμψαν

1091 724 1201 756 τούτους
1213 723 1269 759 (86)
1280 745 1286 756 ,
1303 725 1340 760 μὴ
1360 724 1508 757 πείσαντας
1527 726 1592 761 περὶ
1608 722 1645 752 ὧν
1657 726 1851 764 ἐληλύθεισαν.

247 768 411 800 Athanasio,
427 775 478 795 nec
498 768 533 795 ob
548 767 665 795 erimina
682 770 730 794 aut
753 767 789 794 ob
820 767 882 794 vita:
913 769 1125 802 turpitudinem,
1150 775 1180 797 ut
1204 770 1386 805 depositionis
1414 772 1551 800 sententia
1580 772 1756 804 continebat,
1781 772 1832 798 sed
1852 772 1881 798 ob

247 813 449 841 dissensionem
484 813 554 845 fidei,
583 813 694 840 illorum
718 813 941 840 communionem
969 821 1033 843 esse
1061 822 1215 850 avet-satos,
1236 817 1264 845 in
1287 818 1406 853 patriam
1424 825 1472 846 eos
1489 818 1608 852 remisit,
1625 825 1688 846 eum
1713 817 1881 853 persuadere

250 860 441 894 nequivissent
458 859 483 886 id
497 858 576 893 cujus
593 860 679 894 gratia
698 863 840 886 venerant.

574 904 652 931 CAP.
667 904 712 930 XI.

249 950 286 976 De
302 951 405 984 prolixa
422 949 484 984 ﬁdei
503 949 618 984 formula
633 954 658 976 et
672 951 703 975 de
718 949 758 975 his
779 957 838 984 qua:
859 955 920 977 acta
933 958 993 978 sunt
1010 953 1036 979 in

283 988 383 1019 synodo
406 985 555 1012 Serdiceusi
566 993 574 1016 ;
585 990 608 1011 et
621 985 753 1019 quomodo
771 985 919 1013 Orientales
932 986 1036 1014 Julium

283 1021 431 1047 Romanum
445 1021 604 1054 episcopum,
620 1025 643 1046 et
658 1021 770 1056 [Iasium
788 1019 939 1053 Ilispauum
957 1023 1036 1056 Δερσ-

285 1056 394 1095 ruerint.
409 1064 437 1082 eo
452 1055 520 1089 quod
549 1063 608 1080 cum
635 1055 782 1081 Athanasio
797 1059 822 1081 et
845 1057 948 1083 caeteris
964 1055 1036 1084 com-

284 1095 472 1117 muntcasscnl.
503 1098 508 1111 ι

284 1136 391 1170 Elapsis
413 1135 512 1163 deinde
539 1135 629 1162 tribus
653 1135 746 1167 annis,
766 1134 865 1164 rursus
881 1137 1036 1166 Orientales

245 1182 367 1218 episcopi
385 1181 466 1208 aliam
494 1181 556 1208 fidei
582 1180 731 1208 formulam
748 1181 781 1208 ad
797 1181 957 1211 Occidentis
979 1184 1037 1218 epi-

245 1235 345 1264 scopos
361 1227 507 1259 miserunt,
523 1234 585 1262 quae
600 1227 783 1263 μακρόστιχος
794 1217 878 1264 ἶνιιιεο
892 1217 1034 1264 cognomi-

245 1278 340 1308 natur,
362 1280 395 1300 eo
418 1273 490 1308 quod
505 1273 649 1307 prolixiori
667 1280 795 1300 sermone
820 1274 978 1309 conscripta
1001 1275 1036 1302 sit

244 1327 325 1355 quam
345 1319 502 1354 superiores
520 1319 540 1345 ¹.
559 1319 588 1345 In
606 1319 658 1345 hac
676 1319 841 1347 substantiae
856 1320 967 1354 quidem
987 1319 1036 1348 Dei

244 1367 348 1394 nullam
363 1365 532 1392 mentionem
549 1364 650 1391 fecere.
663 1363 717 1392 Eos
733 1373 799 1392 vero
815 1366 862 1400 qui
880 1366 974 1392 dicunt
993 1365 1037 1393 Fi-

244 1413 312 1440 lium
329 1420 362 1439 ex
377 1411 476 1444 nihilo,
493 1416 539 1438 aut
555 1418 587 1437 ex
605 1411 690 1437 altera
707 1411 859 1446 hypostasi,
877 1420 931 1439 non
946 1416 1035 1439 autem

245 1466 278 1485 ex
298 1457 354 1484 Deo
370 1466 376 1483 :
394 1462 420 1484 ct
444 1462 552 1491 tempus
569 1461 616 1483 aut
638 1458 770 1485 smculutu
787 1457 936 1492 aliquando
951 1457 1037 1485 fuisse

245 1510 308 1530 cum
332 1503 356 1530 is
374 1510 429 1529 non
447 1505 532 1532 esset,
550 1502 836 1528 excommunicartmt.
855 1501 929 1529 Hanc
954 1509 1037 1536 porro

244 1549 445 1585 expositiOnem
457 1555 520 1574 cum
531 1546 673 1573 Eudoxius
686 1546 832 1581 episcopus
843 1546 1033 1579 Germaniciaa,

1353 935 1358 939 η
1389 906 1514 932 ΚΕΦΔΛ.
1536 905 1587 932 lA’.

1089 951 1159 986 Περὶ
1183 951 1236 986 τῆς
1259 951 1467 986 μακροστίχου
1487 951 1649 983 ἐκθέσεως·
1667 950 1718 977 καὶ
1741 951 1881 986 περὶτῶν

1123 985 1296 1020 ἑνΣαρδιέιῇ
1310 986 1431 1018 συνόδῳ
1447 986 1654 1020 γεγενημένων
1665 993 1671 1000 ·
1688 986 1730 1018 ὡς
1744 985 1880 1013 καθεῖλεν

1123 1024 1150 1048 ol
1167 1021 1222 1055 τῆς
1241 1021 1315 1054 ἑῴας
1336 1022 1459 1048 Ἰούλιον
1478 1021 1531 1047 τὸν
1554 1020 1684 1054 Ῥώμης,
1703 1021 1756 1047 καὶ
1780 1021 1880 1047 Ὅσιοι·

1124 1057 1177 1083 τὸν
1199 1056 1331 1083 Σπιίνιον
1360 1056 1547 1087 ἐπίσκοπον,
1574 1056 1615 1088 ὡς
1635 1056 1811 1087 Ἀθανασίῳ
1838 1056 1881 1082 καὶ

1123 1091 1185 1124 τοῖς
1200 1090 1319 1123 λοιποῖς
1335 1091 1593 1124 κοινωνήσαντας.

1125 1137 1217 1173 Τριῶν
1232 1136 1261 1163 δὲ
1272 1136 1322 1172 ἤδη
1338 1136 1492 1171 γενομένων
1512 1135 1644 1164 ἐνιαυτῶν
1660 1135 1685 1166 ι,
1700 1135 1788 1163 πάλιν
1801 1136 1826 1161 οί
1841 1136 1880 1161 ἐπὶ

1087 1184 1136 1219 τῆς
1154 1183 1192 1210 ἓω
1213 1182 1377 1214 ἐπίσκοποι,
1410 1183 1467 1214 τοῖς
1492 1182 1542 1209 ἀνὰ
1564 1182 1613 1217 τὴν
1629 1181 1706 1210 δύσιν
1731 1181 1834 1216 ἑτέραν
1849 1183 1880 1208 δι-

1087 1229 1243 1264 επέμψαντο
1265 1227 1383 1264 γραφὴν,
1403 1228 1437 1262 ἢν
1455 1227 1638 1263 μακρόστιχον
1661 1226 1776 1254 ἔκθεσιν
1791 1228 1880 1261 ὀνομά-

1087 1275 1188 1308 ζουσιν,
1209 1275 1247 1306 ὼς
1264 1274 1307 1302 διὰ
1324 1274 1452 1300 πλειόνων
1474 1273 1605 1309 ῥημάτων
1624 1281 1652 1299 τε
1670 1273 1720 1299 καὶ
1742 1273 1880 1308 ὀνομάτων

1087 1321 1162 1356 παρὰ
1188 1321 1237 1352 τὰς
1263 1321 1401 1356 προτέρας
1426 1320 1620 1354 συγκειμένην.
1635 1319 1691 1345 Καὶ
1719 1319 1823 1350 οὐσίας
1839 1319 1880 1353 μὲν

1086 1367 1115 1393 ἐν
1137 1367 1222 1402 ταύτῃ
1248 1365 1317 1392 Θεοῦ
1344 1367 1454 1401 μνήμην
1483 1366 1532 1392 οὐκ
1559 1365 1735 1400 ἐποιήσαντο.
1765 1364 1836 1396 Τοὺς
1857 1365 1880 1390 δὲ

1086 1412 1214 1446 λέγοντας
1228 1412 1257 1444 ἐξ
1279 1412 1328 1438 οὐκ
1350 1412 1435 1438 ὄντων
1449 1412 1495 1439 τὸν
1511 1411 1593 1442 Υῑὸν,
1608 1411 1624 1446 ἢ
1648 1410 1679 1443 ἐξ
1699 1411 1806 1446 ἑτέρας
1823 1411 1881 1436 ὐπο-

1087 1459 1224 1490 στάσεως,
1243 1458 1293 1484 οὐκ
1319 1458 1351 1484 ὲκ
1374 1457 1442 1484 Θεοῦ
1455 1477 1462 1489 ,
1481 1457 1528 1484 καὶ
1544 1457 1584 1483 ὅτι
1612 1454 1646 1491 ἦν
1670 1464 1739 1483 ποτε
1757 1457 1879 1491 χρόνοςῆ

1086 1504 1152 1532 αἰὼν
1168 1504 1211 1530 ὅτε
1227 1505 1277 1530 οὐκ
1294 1502 1328 1539 ἦν
1341 1525 1347 1535 ,
1366 1503 1566 1538 ἀπεκήρυττον.
1580 1502 1708 1534 Εὐδοξίου
1727 1502 1775 1533 δὲ.
1793 1502 1824 1533 ὃς
1838 1502 1880 1535 τῆς

1086 1549 1285 1584 Γερμανικείας
1301 1544 1452 1580 ἐπίσκοπος
1469 1547 1514 1583 ἦν,
1527 1548 1686 1583 Μαρτυριου
1709 1555 1739 1576 τε
1757 1548 1808 1574 καὶ
1829 1548 1880 1573 Μα-

244 1601 270 1623 et
282 1594 429 1630 Martyrius
444 1601 476 1620 ac
493 1593 671 1621 Macedonius
686 1593 862 1626 detulissent,
875 1592 1033 1622 Occidentis

1098 1595 1206 1622 ιεδονίου
1235 1595 1452 1630 διακομισάντων
1486 1593 1586 1628 ταύτην
1617 1594 1666 1628 τὴν
1690 1593 1830 1629 γραφὴν,
1855 1593 1879 1618 οὐ

244 1641 404 1667 sacerdotes
419 1640 561 1674 suscipere
573 1639 720 1665 noluerunt
732 1648 738 1665 :
752 1639 870 1666 decretis
884 1640 956 1666 enirn
969 1648 1033 1675 syn-

242 1686 290 1713 odi
308 1685 424 1713 Niczenaa
439 1693 470 1712 se
488 1688 635 1712 contentos
654 1691 716 1712 esse
734 1684 873 1716 dicebant,
895 1693 944 1712 nec
966 1693 1030 1720 pra:-

245 1737 319 1760 terea
334 1732 482 1768 quidquam
497 1730 637 1758 curiosius
652 1737 714 1758 esse
729 1730 938 1764 inquirendum.
949 1731 989 1758 Cu
996 1739 1032 1757 m-

244 1786 298 1814 que
318 1778 457 1806 Constaus
480 1778 621 1812 Augustus
638 1776 664 1804 id
681 1776 807 1804 beneficii
831 1776 891 1804 loco
911 1784 926 1804 a
949 1776 1032 1804 fratre

244 1831 295 1851 suo
319 1823 499 1858 postulasset.
515 1826 546 1849 ut
570 1822 753 1849 Athanasium
775 1822 803 1849 in
831 1822 922 1849 sedem
952 1830 1030 1850 suam

242 1870 409 1902 restitueret,
427 1877 476 1896 nec
492 1872 583 1896 tamen
602 1869 703 1896 litteris
723 1869 783 1896 suis
801 1869 951 1903 quidquam
967 1876 1032 1903 pro-

244 1915 350 1947 liceret,
373 1914 573 1942 obsistentibus
599 1914 706 1941 scilicet
735 1914 872 1941 ltmrctica:
903 1914 1045 1942 factionis»

243 1960 405 1988 hominibus
425 1970 431 1986 :
450 1960 621 1987 Athanasius
639 1968 705 1988 vero
726 1967 758 1987 ac
771 1959 875 1987 Paulus
899 1960 1034 1987 Constan—

242 2010 296 2034 tem
316 2006 467 2037 adeuntes,
487 2007 623 2042 synodum
643 2006 701 2033 ﬁeri
724 2006 888 2042 flagitarent,
905 2011 1034 2041 tanquam

244 2052 348 2079 idcirco
373 2052 485 2080 insidiis
514 2053 628 2088 appclili
655 2057 683 2079 nt
711 2056 793 2080 recta:
818 2052 880 2080 ﬁdei
906 2052 1034 2079 doctrina

243 2097 467 2131 subverteretur;
492 2105 524 2124 ex
550 2097 690 2124 communi
718 2104 859 2124 consensu
889 2096 1036 2131 utriusque

243 2140 418 2175 imperatoris
439 2142 555 2176 placuit.
572 2146 602 2169 ut
626 2146 680 2169 tam
706 2142 828 2170 Orientis
854 2150 937 2177 quam
955 2141 1035 2169 Occi-

1087 1640 1284 1676 προσεδέξαντο
1311 1641 1334 1666 οἱ
1363 1640 1414 1666 ἀνὰ
1433 1639 1482 1677 τὴν
1505 1639 1580 1665 δύσιν
1608 1639 1701 1672 ἱερεῖς.
1723 1637 1880 1673 ’Δρκεῖσθαι

1085 1687 1139 1722 γὰρ
1154 1686 1258 1721 ἔφασαν
1274 1687 1328 1716 τοῖς
1344 1686 1373 1711 ἐν
1388 1684 1491 1719 Νικαίᾳ.
1505 1683 1595 1716 δόξασι
1608 1703 1616 1714 ,
1631 1683 1679 1709 καὶ
1700 1682 1781 1718 παρὰ
1799 1682 1881 1708 ταῦτα

1086 1731 1327 1766 πολυπραγμονεῖν
1351 1730 1427 1757 οὐδὲν
1449 1729 1541 1757 λοιπὸν
1556 1728 1640 1764 ᾤοντο
1663 1728 1727 1755 δεῖν.
1752 1728 1836 1754 Ἐπεὶ
1858 1728 1880 1754 δὲ

1084 1778 1217 1809 Κώνστας
1242 1778 1256 1804 ὀ
1270 1777 1396 1812 βασιλεὺς
1419 1775 1477 1811 ᾔτει
1500 1775 1581 1810 χάριν
1595 1774 1642 1801 τὸν
1659 1774 1795 1808 ἀδελφὺν,
1814 1773 1880 1800 ὥστε

1083 1823 1146 1854 τοὺς
1161 1823 1232 1858 ἀμφὶ
1254 1823 1299 1850 τὸν
1331 1822 1492 1849 Ἀθανάσιον
1512 1821 1576 1852 τοὺς
1597 1820 1715 1851 οἰκείους
1731 1819 1881 1846 ἀπολύεῖν

1083 1868 1192 1904 Θρόνους
1203 1888 1210 1900 ,
1230 1868 1277 1895 καὶ
1295 1868 1410 1903 γράφων
1427 1866 1502 1894 οὐδὲν
1518 1867 1599 1901 ήνυεν
1611 1885 1618 1896 .
1637 1865 1880 1899 ἀντιπραττόντων

1082 1913 1137 1940 τῶν
1150 1913 1205 1940 ἀπὸ
1218 1913 1267 1948 τῆς
1283 1912 1405 1943 ἐναντίας
1420 1911 1552 1946 αἱρέσεως
1561 1918 1568 1925 ”
1584 1911 1609 1936 οἱ
1621 1910 1649 1936 δὲ
1664 1910 1730 1945 περὶ
1741 1909 1790 1936 τὸν
1801 1909 1879 1936 Ἀθα-

1084 1959 1176 1985 νάσιον
1189 1958 1236 1984 καὶ
1263 1957 1369 1984 Παῦλον
1379 1977 1387 1989 ,
1408 1955 1564 1991 προσιόντες
1579 1955 1654 1990 αὐτῷ
1669 1954 1804 1989 γενέσθαι
1823 1954 1878 1981 σύν-

1085 2006 1145 2032 οδον
1161 2005 1276 2040 ἐζήτουν
1287 2024 1295 2037 ,
1308 2004 1347 2035 ὡς
1359 2004 1406 2030 ἐπὶ
1426 2002 1586 2037 καθαιρέσει
1606 2002 1661 2028 τῶν
1677 2001 1769 2037 ὀρθῶν
1780 2002 1879 2037 δογμά-

1082 2058 1137 2077 των
1151 2050 1408 2081 ἐπιϐουλευῡέντες,
1428 2048 1502 2080 εδοξε
1525 2048 1625 2082 γνώμῃ
1649 2047 1704 2074 τῶν
1733 2047 1876 2082 βασιλέων,

1083 2097 1147 2129 τοὺς
1162 2096 1208 2131 ἀφ’
1219 2096 1352 2132 ἑκατέρας
1367 2094 1520 2130 ἀρχομένης
1535 2093 1703 2124 ἐπισκόπους
1715 2113 1723 2124 ,
1738 2094 1781 2124 εἰς
1797 2093 1877 2128 ῥητὴν

1086 2142 1194 2177 ἡμέραν
1213 2141 1376 2168 καταλαϐεῖν
1399 2140 1448 2176 τὴν
1469 2139 1579 2175 Σαρδώ·
1600 2139 1679 2170 πόλις
1701 2139 1731 2166 δὲ
1747 2139 1822 2174 αὕτη
1839 2140 1876 2165 Ὶλθ

243 2186 335 2214 dentis
366 2187 483 2221 partium
509 2187 632 2223 episcopi
655 2189 809 2215 constituto
829 2189 871 2216 die
889 2187 1030 2215 Serdicam

1101 2187 1195 2222 υριῶν.
1210 2186 1386 2216 Συνελθόντες
1400 2185 1428 2212 δὲ
1453 2184 1561 2220 πρῶτον
1583 2182 1627 2214 ἐις
1641 2183 1780 2211 Φιλίππου
1804 2184 1875 2210 πόλιν

307 2275 384 2302 Socr.
405 2275 453 2302 lib.
471 2282 501 2308 ιι,
517 2283 542 2303 c.
560 2276 603 2309 {9,
616 2276 661 2304 ΞΟ.

825 2353 958 2382 VALESII
978 2352 1255 2381 ANNOTATIONES.

284 2410 336 2446 (86)
361 2411 550 2446 Ὰπέπεμψαν
563 2412 698 2447 τούτους.
716 2411 896 2440 Scrihendum
914 2416 955 2439 est
968 2420 1032 2447 pro-

245 2447 290 2474 cul
313 2447 396 2474 dubio
418 2447 575 2483 ἀπέπεμψε.
598 2446 733 2482 Loquitur
747 2448 820 2474 enim
835 2448 869 2475 de
883 2447 1033 2475 Constante

1087 2412 1223 2446 Augusto,
1248 2412 1295 2446 qui
1317 2411 1421 2446 legatos
1444 2411 1506 2446 illos
1533 2409 1728 2446 inrorientem
1760 2410 1872 2438 remisit.

1060 2452 1064 2455 ‘
1086 2444 1167 2474 Certe
1178 2444 1355 2482 Nicephorui
1363 2446 1446 2473 habet
1459 2445 1553 2472 ὀπίσω.
1566 2444 1723 2480 ἀνέπεμπε.

972 2535 1162 2565 VARIORUM.

279 2595 292 2614 ε
311 2593 400 2628 Τριῶν
413 2593 448 2621 δὲ
459 2590 524 2628 ’ἤδη
540 2594 708 2628 γενομένων
721 2590 874 2628 ἐνιαυτῶνζ.
889 2591 1030 2628 VSVynOtlus

243 2627 409 2656 Antioohena
421 2629 596 2659 Arianorum,
610 2627 638 2654 in
651 2635 702 2662 qua
719 2627 822 2661 prolixa
835 2627 896 2654 fidei
912 2627 1029 2654 formula

243 2665 427 2700 promulgata,
440 2668 500 2700 qum
513 2663 694 2700 μακρόστιχος
710 2663 792 2696 Vulgo
809 2662 1029 2700 cognominatur!

243 2696 306 2726 ante
320 2696 424 2727 anitum
438 2696 491 2726 545
514 2696 654 2725 celebrata
666 2705 719 2724 uou
745 2701 796 2724 est.
815 2696 877 2723 Vid.
888 2701 982 2724 annot.
999 2697 1032 2723 ad

243 2734 321 2762 Socr.
336 2735 354 2763 l'.
375 2742 406 2767 ll,
419 2742 444 2761 c.
466 2734 509 2761 l9.
531 2733 600 2759 'lres
616 2733 680 2759 anui
698 2739 751 2758 non
769 2735 833 2767 sunt
845 2732 1032 2767 computandi,

243 2770 276 2796 ab
288 2770 458 2797 Antiochena
483 2768 588 2803 synodo
617 2767 643 2794 iu
664 2767 797 2793 Eucaeniis
826 2766 942 2803 habilaL
959 2768 1031 2801 quod

242 2805 409 2832 existimavit
426 2800 576 2835 Baronius;
600 2803 646 2830 sed
664 2810 678 2828 a
706 2807 829 2836 tempore
845 2807 900 2835 quo
921 2800 1031 2827 Narcis-

245 2847 303 2876 sus,
317 2839 490 2872 Theodorus,
508 2838 591 2866 Maris
611 2843 636 2866 ct
651 2838 758 2866 Marcus
778 2836 968 2864 Aretltnsanus
983 2845 1029 2863 no-

1084 2600 1144 2619 vam
1160 2592 1221 2619 fidei
1237 2591 1394 2622 formulam,
1408 2595 1538 2624 tanquam
1556 2588 1869 2624 Antiochizeeontlitatn.

1084 2628 1117 2654 ad
1134 2628 1311 2654 Constantem
1332 2623 1483 2661 Augustqu
1497 2625 1688 2661 pertulissent.
1705 2623 1776 2650 Nam
1788 2623 1870 2661 capite

1086 2663 1248 2697 praecedenti
1263 2667 1315 2689 tam
1335 2657 1465 2697 Socrates
1478 2657 1564 2697 quam
1578 2658 1764 2697 Sozomeuus.
1777 2666 1827 2697 no_n
1840 2657 1870 2682 de

1086 2693 1256 2725 hntiorhena
1275 2697 1380 2732 synodo
1395 2697 1422 2723 in
1435 2693 1597 2732 -Ευιξίιξιιίὶς3
1618 2694 1667 2732 sed
1688 2693 1868 2732 de_legati_one

1087 2732 1208 2761 Narcissi
1225 2736 1253 2760 et
1264 2727 1400 2760 so'ciorum
1413 2737 1568 2758 sermonem
1589 2729 1702 2757 habent.
1717 2727 1803 2756 Porro
1817 2727 1868 2753 hac

1087 2767 1185 2802 legatio
1211 2775 1283 2795 anno
1311 2766 1362 2794 δὴ
1384 2767 1477 2794 missa.
1505 2766 1567 2793 Ant.
1587 2764 1651 2799 Pagi
1670 2764 1706 2791 ad
1726 2771 1793 2793 ann;
1807 2761 1864 2793 διι.

1085 2810 1111 2829 n.
1128 2803 1150 2830 2.
