1899 3077
247 119 315 148 ωὒὸ

245 177 314 204 eello
344 176 541 212 suﬂ'ragaretur
555 196 561 207 .

246 227 290 250 rat
307 232 313 250 :
336 221 519 250 Gaudentium
534 227 615 252 vero,
638 219 711 254 quod
735 220 868 248 adversus
882 220 1028 256 Cyriacum

246 269 419 297 decessorem
433 274 513 295 suum
528 266 664 294 contraria
676 266 770 293 omnia
789 266 902 293 molitus
920 266 1028 298 fuisset,

245 318 274 341 et
287 321 335 342 eos
357 313 461 341 foveret
474 312 520 347 qui
545 312 579 338 ab
599 311 666 346 ipsis
683 311 801 346 depositi
824 311 943 339 fuerant.
968 310 1032 338 Haec

246 359 292 386 tibi
309 350 506 388 decrevissent,
523 355 630 384 cunctis
646 355 750 390 ubique
772 356 910 390 episcopis
928 363 974 390 per
989 356 1032 382 lit-

245 409 318 430 teras
348 401 554 438 significarunt,
576 406 606 429 ut
632 409 721 436 neque
747 402 779 429 ad
810 401 1030 428 communionem

245 449 306 476 illos
322 448 507 479 admitterent,
526 455 576 474 nec
596 447 727 482 epistolas
741 447 774 473 ad
791 447 853 474 illos
868 445 1030 477 scriberent,

245 502 295 522 nec
311 494 344 521 ab
361 494 457 521 iisdem
475 494 593 528 scriptas
608 494 777 528 acciperent.
795 492 833 520 De
845 492 900 519 Deo
916 499 981 519 vero
994 491 1031 518 ita

245 541 347 567 sentire
372 539 518 574 jubebant,
537 543 618 574 prout
635 539 662 566 in
692 538 809 566 formula
826 538 946 573 ipsorum
972 537 1030 572 epi-

245 585 323 613 stola:
342 585 488 619 subjuucla
508 585 690 620 perscriptum
709 590 778 612 erat.
797 584 825 611 lu
843 592 896 619 qua
912 583 1037 612 Consob-

958 118 1126 147 SOZOMENI

600 182 681 210 quem
717 178 795 201 antea
829 174 1028 203 condemnave-

1084 175 1266 210 ψηφισάμενοι
1277 195 1291 207 ,,
1301 176 1355 206 τοῖς
1370 175 1506 210 πανταχοῦ
1527 176 1685 208 ἐπισκόποις
1697 177 1768 212 δῆλα
1785 177 1879 211 ἐποίη-

1814 121 1879 147 ιοοι

1084 229 1134 246 σαν
1148 227 1155 234 ·
1179 219 1248 246 ὥστε
1275 220 1342 255 μήτε
1371 220 1529 255 προσίεσθαι
1553 222 1592 253 είς
1615 223 1762 248 κοινωνίαν
1777 241 1785 253 ,
1814 222 1879 256 μήτε

1082 265 1199 301 γράφειν
1218 266 1329 298 αὐτοῖς,
1350 266 1417 301 μήτε
1446 265 1480 293 τὰ
1513 268 1580 302 παρ’
1596 267 1688 294 αὐτῶν
1712 267 1878 302 γραφόμενα

1083 311 1218 345 δέχεσθαι.
1242 311 1309 346 Περὶ
1335 311 1362 337 δὲ
1387 310 1434 337 τοῦ
1454 311 1521 338 Θεοῦ
1546 311 1667 345 δοξάζειν
1686 313 1820 339 ἐκέλευον
1833 334 1840 344 ,
1854 313 1878 339 ὃν

1083 357 1184 392 τρόπον
1195 357 1326 391 ὑφηγεῖτο
1341 357 1357 392 ἡ
1373 358 1405 392 τῇ
1418 357 1508 384 αὐτῶν
1527 357 1655 394 ἐπιστολῇ
1668 359 1879 392 ὑποτεταγμένης

1087 402 1200 437 γραφή’
1234 402 1391 437 Ὀμοουσίου
1420 403 1470 438 μὲν
1498 403 1608 438 μνήμην
1638 405 1675 438 μὴ
1704 404 1877 438 ποιουμένη-

1085 447 1315 483 ἀποκηρύττουσα
1334 447 1361 474 δὲ
1376 447 1440 479 τοὺς
1453 447 1581 483 λέγοντας
1599 450 1673 484 τρεῖς
1689 447 1764 475 εἶναι
1782 449 1877 480 Beati;-

1085 493 1102 528 ἢ
1125 493 1173 520 τδν
1193 493 1313 528 Χριστὸν
1331 493 1368 529 μὴ
1400 490 1471 520 εἶναι
1491 493 1573 521 Θεόν·
1597 494 1614 529 ἦ
1629 494 1677 521 τὸν
1703 494 1793 520 αὐτὸν
1817 492 1879 519 εἶναι

1086 538 1195 574 Πατέρα
1212 540 1258 565 καὶ
1275 539 1337 566 Υίὺν
1361 539 1409 566 καὶ
1435 539 1513 574 ἅγιον
1539 539 1671 576 Πνεῦμα,
1687 541 1705 576 ἢ
1732 540 1879 574 ἀγέννητον

1089 582 1135 609 τὸν
1152 583 1232 610 Υίόν·
1250 583 1266 618 ἢ
1281 583 1322 610 ὃτι
1335 580 1369 618 ἦν
1383 591 1448 609 ποτε
1466 583 1561 619 χρόνος
1577 584 1593 619 ἦ
1610 584 1678 612 αίὼν
1691 585 1739 611 ὅτε
1757 584 1812 610 οὐκ
1827 581 1867 619 ἦν.

245 631 382 659 stantialis
397 631 506 666 quidem
525 631 601 658 nulla
623 631 705 658 ﬁebat
725 630 855 658 mentio:
872 630 954 657 alieni
985 636 1050 656 vero
1069 629 1103 656 ah
1118 629 1239 656 Ecclesia
1257 629 1509 664 pronuntiabantur
1540 629 1570 661 ii,
1604 631 1652 665 qui
1670 630 1804 658 dicerent
1828 635 1878 658 tres

244 686 306 706 esse
321 678 401 711 Deos,
414 682 441 706 et
462 677 604 705 Christum
631 685 685 705 non
701 685 763 706 esse
785 677 881 709 Deum,
917 681 965 703 aut
991 675 1118 703 eumdem
1133 683 1193 703 esse
1212 675 1321 703 Patrem
1356 680 1383 703 et
1404 675 1503 703 Filium
1520 679 1548 704 et
1570 675 1706 712 Spiritum
1734 682 1876 709 sanctum;

245 728 292 751 aut
306 723 405 752 Filium
420 732 483 752 esse
496 725 649 759 ingenitum
668 733 674 751 :
689 728 736 751 aut
751 728 858 760 tempus
874 723 916 751 vel
938 723 1068 751 saeculum
1086 722 1238 757 aliquando
1254 722 1342 750 fuisse
1357 730 1420 750 cum
1436 729 1490 750 non
1506 726 1590 750 esset.

513 770 594 804 103
612 769 687 796 CAP.
708 768 764 796 xu.

246 815 382 847 Quomodo
397 823 429 842 ex
446 815 555 841 adverso
579 813 675 841 Hosius
693 818 718 840 et
730 814 822 848 reliqui
835 814 948 847 episcopi
965 820 1029 838 con-

280 850 404 880 sidenles,
427 850 601 883 deposuerunt
623 849 742 876 Orientis
759 850 903 882 episcopos,
923 855 1029 880 compo-

282 885 337 911 sita
349 885 412 918 ﬁdei
428 885 557 918 [ονηιιιία.

281 930 320 956 Ex
334 931 417 957 altera
438 938 503 957 vero
522 935 597 965 parte
621 929 779 964 congregati
792 929 838 963 qui
859 936 919 954 cum
949 927 1032 954 llosio

246 979 334 1007 erant,
350 976 511 1003 innocentes
531 976 755 1010 pronuntiarunt,
771 974 888 1010 primum
913 974 1033 1014 Athana-

246 1021 328 1054 sium,
342 1028 373 1048 eo
391 1021 463 1055 quod
478 1021 601 1061 episcopi
625 1019 697 1055 apud
722 1019 824 1055 Tyrum
840 1019 948 1046 collecti
964 1019 1032 1046 insi-

245 1067 306 1094 dias
332 1066 357 1093 ci
385 1066 488 1100 injuste
516 1066 683 1094 struxissent
701 1074 708 1092 :
727 1065 827 1093 deinde
851 1064 1010 1091 Marcellum
1025 1084 1032 1095 ,

245 1117 339 1147 utpote
362 1113 408 1147 qui
431 1112 574 1148 professus
597 1117 670 1140 esset
688 1120 718 1140 se
743 1119 797 1139 non
824 1113 860 1139 ita
883 1111 987 1140 sentire
1004 1116 1033 1138 ut

244 1162 421 1186 accusatores
435 1158 495 1192 ejus
512 1158 729 1186 insimulabant:
745 1158 888 1193 Asclepam
905 1158 968 1185 item
979 1177 985 1189 ,
1000 1164 1033 1184 eo

245 1202 318 1237 quod
334 1202 443 1229 Eusebii
457 1202 591 1237 Pamphili
608 1202 780 1237 aliorumque
796 1202 945 1229 multorum
961 1202 1033 1237 judi-

244 1256 308 1276 cum
320 1248 458 1276 sententia
481 1249 670 1284 episcopatum
687 1257 767 1277 suum
784 1253 987 1284 recuperasset,
1005 1253 1033 1276 et

245 1295 302 1322 haec
330 1302 394 1321 vera
417 1302 480 1322 esse
502 1295 572 1322 actis
595 1294 774 1330 iudicialibus
800 1295 1030 1330 comprobasset:

245 1340 359 1368 Lucium
375 1340 506 1375 denique,
526 1349 558 1368 eo
583 1341 655 1376 quod
677 1345 854 1368 accusatores
875 1340 948 1367 illius
970 1339 1032 1375 fuga

244 1393 274 1414 se
289 1385 494 1414 subduxissent.
508 1385 540 1412 Et
562 1385 594 1412 ad
613 1386 783 1421 singulorum
801 1385 940 1413 Ecclesias
962 1385 1032 1413 scri-

244 1435 369 1465 pserunt,
382 1434 410 1457 ut
426 1438 474 1458 cos
490 1438 539 1465 pro
552 1431 690 1466 episcopis
704 1431 762 1458 suis
776 1431 910 1458 haberent
927 1439 959 1458 ac
970 1438 1032 1465 pro-

242 1477 350 1511 pediem
365 1480 573 1510 exspectarent;
596 1475 756 1510 Gregorium
772 1483 836 1503 vero
852 1475 1030 1507 Alexandriae,

247 1521 377 1548 Basilium
394 1521 520 1556 Ancyrae,
541 1527 568 1549 et
587 1521 767 1554 Quintianum
782 1521 870 1553 Gazae,
889 1529 922 1548 ne
944 1521 1029 1548 nomi-

244 1572 340 1594 narent
360 1567 469 1602 quidem
488 1568 645 1602 episcopos,
665 1575 715 1594 nec
729 1567 810 1594 ullam
826 1575 888 1594 cum
903 1567 938 1594 iis
955 1575 1029 1593 com-

244 1612 455 1638 municationem
480 1612 629 1644 haberent,
652 1619 702 1639 nec
724 1612 836 1639 omnino
859 1611 1029 1640 Christianos

243 1662 398 1685 censerent.
415 1657 588 1685 Theodorum
602 1665 667 1685 vero
678 1666 712 1685 ex
728 1657 855 1690 Thracia,
872 1657 1028 1685 Narcissum

244 1703 397 1737 lrenopolis
421 1703 597 1738 episcopum,
623 1704 755 1731 Acacium
786 1704 918 1732 Caesareae
944 1704 1029 1732 Palae~

243 1748 332 1779 stium,
352 1747 566 1781 Menophautum
589 1747 704 1782 Ephesi,
723 1748 866 1776 Ursacium
885 1748 1028 1784 Singidnui

244 1791 357 1824 Moesiae,
371 1796 398 1819 et
413 1791 554 1819 Valentem
566 1792 663 1820 Μαι-εκ
679 1793 706 1820 in
720 1792 872 1825 Pannonia,
882 1793 1029 1829 Georgium

243 1837 361 1872 denique
374 1836 534 1872 episcopum
555 1837 713 1871 Laodiceae,
729 1838 880 1874 episcopali
899 1839 1030 1875 dignitate

243 1887 387 1916 exuerunt,
410 1882 474 1910 licet
501 1883 545 1910 hic
570 1887 726 1918 postremus
753 1892 808 1912 una
831 1892 893 1912 cum
916 1886 1029 1920 reliquis

243 1927 364 1955 Orientis
393 1929 530 1963 episcopis
563 1929 597 1956 ad
631 1930 779 1957 concilium
811 1939 867 1958 non
897 1932 1027 1959 venisset.

243 1973 328 2001 Porro
350 1974 418 2002 istos
442 1975 599 2002 sacerdotio
616 1979 644 2002 et
659 1976 853 2004 communione
873 1977 1028 2012 privarunt,

243 2027 278 2047 eo
292 2019 363 2054 quod
387 2019 489 2047 Filium
515 2015 646 2048 a‘Patris
672 2022 827 2049 substantia
853 2027 1029 2057 separarent,

243 2071 344 2098 eosque
368 2065 413 2099 qui
435 2064 471 2091 ob
498 2065 622 2092 haaresim
639 2066 699 2092 Arii
722 2066 884 2100 jamdudum
913 2067 1031 2101 depositi

247 2111 364 2143 fuerant,
386 2111 586 2146 suscepissent,
603 2115 630 2139 et
648 2112 682 2139 ad
707 2112 823 2140 altioren
843 2113 927 2140 divini
952 2113 1032 2140 mini-

246 2156 320 2184 sterii
347 2156 461 2191 gradum
485 2158 696 2193 prommisseut.
720 2157 771 2186 His
795 2159 829 2186 de
852 2160 945 2186 causis
967 2167 1029 2186 eum

1382 767 1508 794 ΚΕΦΔΔ.
1527 767 1577 794 1Β’.

1089 813 1135 845 Ὠς
1150 814 1178 839 οὶ
1205 813 1272 847 περὶ
1293 813 1422 840 Ἰούλιον
1435 812 1485 839 καὶ
1512 813 1566 839 τὸν
1583 813 1691 840 Ὀσιον
1708 809 1878 841 ’ἐπίσκοποι

1119 848 1213 874 πάλιν
1238 849 1432 880 καθίσαντες,
1453 847 1524 880 τοὺς
1546 847 1638 880 ἐῴους
1663 848 1814 876 καθεῖλον
1835 849 1878 882 ἀμ-

1119 883 1228 916 χιερεῖς
1240 904 1246 915 ,
1265 882 1448 916 ποιήσαντες
1463 883 1512 910 καὶ
1527 883 1648 909 ἔκθεσιν
1663 883 1813 916 πίστεως.

1118 927 1164 954 Ἐν
1177 927 1254 963 μέρει
1266 936 1295 954 τε
1310 929 1357 955 καὶ
1371 929 1395 954 ot
1410 929 1482 964 ἀμφὶ
1495 929 1540 956 τὸν
1553 929 1647 956 Ὂσιον
1658 930 1671 949 ιι
1687 930 1873 962 συνελθόντες,

1084 971 1188 1004 ἀθώους
1203 973 1345 1008 ἀπέφηναν
1363 981 1370 988 ·
1390 973 1550 1000 Ἀθανάσιον
1565 974 1625 1009 μὲν,
1643 974 1682 1006 ὡς
1700 975 1808 1007 ἀδίκως
1823 977 1877 1002 sm-

1084 1018 1262 1046 ϐουλευθέντα
1278 1019 1354 1055 παρὰ
1365 1019 1419 1047 τῶν
1433 1021 1462 1047 ὲν
1481 1020 1562 1056 Τύρῳ
1578 1020 1764 1048 συνελθόντων
1778 1031 1784 1037 ·
1804 1023 1877 1057 Μάρ-

1085 1063 1177 1090 κελλον
1211 1064 1239 1090 δὲ
1253 1085 1260 1097 ,
1285 1065 1323 1097 ὡς
1350 1065 1387 1100 μὴ
1414 1065 1478 1093 τάδε
1504 1067 1612 1101 φρονεῖν
1633 1066 1846 1102 ὁμολογήσαντα
1864 1068 1878 1094 ἃ

1083 1109 1238 1137 διεὸάλλετο
1251 1119 1259 1127 ’
1276 1111 1434 1146 Ἀσκληπᾶν
1447 1112 1477 1138 δὲ
1488 1131 1495 1144 ,
1522 1111 1560 1144 ὡς
1573 1111 1705 1138 Εὑσεϐῐου
1734 1112 1784 1139 τοῦ
1804 1113 1877 1148 Παμ-

1085 1155 1161 1190 φίλου
1179 1156 1225 1182 καὶ
1240 1156 1345 1183 πολλῶν
1355 1157 1443 1184 ἄλλων
1456 1155 1593 1184 δικαστῶῦ
1604 1157 1688 1193 ψήφῳ
1700 1158 1753 1193 τὴν
1769 1159 1877 1184 ἐπισκο-

1085 1201 1321 1236 πὴν“ἀπολα6όντα
1332 1210 1338 1217 ’
1354 1203 1401 1230 καὶ
1412 1203 1453 1229 δτι
1467 1195 1530 1230 τᾶδε
1543 1203 1630 1238 ἀληοῆ
1647 1204 1690 1238 εἴη
1700 1223 1708 1236 ,
1724 1204 1877 1239 ὑπόμνημα

1082 1247 1133 1282 τῆς
1146 1247 1225 1283 δίκης
1242 1248 1414 1280 ἐπιδείξαντα
1423 1248 1491 1283 (90)·
1505 1249 1618 1276 Λούκιον
1629 1250 1657 1276 δὲ
1670 1250 1709 1281 ὡς
1720 1250 1780 1277 τῶν
1797 1251 1876 1277 αὐτοῦ

1084 1293 1244 1328 κατηγόρων
1259 1294 1407 1328 φυγόντων.
1421 1294 1476 1320 Καὶ
1497 1294 1564 1329 πρὸς
1578 1295 1629 1329 τὴν
1645 1295 1766 1322 ἑκάστου
1787 1305 1877 1330 παροι-

1083 1339 1284 1374 κίανιέγραψαν
1296 1359 1302 1371 ,
1318 1340 1416 1370 αὐτοὺς
1428 1340 1499 1375 ἔχειν
1518 1340 1685 1372 ἐπισκόπους
1700 1342 1750 1367 καὶ
1766 1342 1876 1377 προσδυ-

1084 1386 1305 1421 κᾷν·Γρηγόριον
1319 1385 1346 1412 δὲ
1362 1386 1406 1412 τὸν
1423 1387 1451 1412 ἐν
1464 1386 1661 1422 Ἀλεξανδρείᾳ,
1673 1387 1720 1413 καὶ
1737 1387 1877 1413 Βασίλειον

1083 1430 1128 1457 τὸν
1150 1431 1178 1457 ἐν
1190 1430 1330 1467 Ἀγκύρᾳ,
1345 1431 1391 1457 καὶ
1411 1431 1560 1458 Κυντιανὸν
1580 1431 1626 1458 τὸν
1652 1433 1681 1459 ὲν
1697 1432 1774 1468 Γάζῃ
1787 1454 1795 1466 ,
1812 1433 1876 1468 μηδὲ

1084 1477 1253 1508 ἐπισκόπους
1269 1477 1433 1512 ὀνομάζειν,
1465 1477 1532 1512 μηδὲ
1558 1478 1700 1505 κοινωνίαν
1727 1479 1794 1505 τινὰ
1813 1480 1875 1514 πρὸς

1084 1522 1182 1554 αὐτοὺς
1197 1523 1282 1558 ἔχειν,
1300 1523 1367 1558 μηδὲ
1387 1524 1567 1559 Χριστιανοὺς
1588 1525 1724 1559 ἡγεῖσθαι,
1743 1525 1876 1551 Καθεῐλον

1083 1567 1111 1594 δὲ
1123 1569 1173 1603 τῆς
1193 1569 1344 1604 ἐπισκοπῆς
1355 1568 1490 1604 Θεόδωρον
1505 1569 1550 1595 τὸν
1564 1569 1669 1606 Θρᾷκα,
1688 1571 1737 1597 καὶ
1751 1571 1875 1606 Νάρκισ-

1085 1622 1130 1640 σον
1145 1613 1190 1640 τδν
1210 1614 1413 1649 Εἶρηνοπόλεως
1427 1615 1576 1642 ἐπίσκοπον
1588 1637 1596 1648 ,
1617 1616 1664 1642 καὶ
1679 1616 1814 1643 Ἀκὰκιον
1833 1617 1876 1643 τὸν

1082 1658 1253 1694 Καισαρείας
1273 1660 1321 1694 τῆς
1340 1659 1540 1695 Παλαιστίνης,
1561 1661 1606 1687 καὶ
1622 1661 1807 1696 Μηνόφαντον
1834 1662 1877 1687 τὸν

1079 1702 1202 1738 Ἐφέσου,
1219 1705 1266 1731 καὶ
1281 1704 1432 1740 Οὺρσάκιον
1442 1705 1489 1731 τὸν
1501 1705 1662 1740 Σιγγιδὼνου
1681 1706 1732 1741 τῆς
1743 1707 1868 1738 Μυσίας,

1079 1749 1126 1775 καὶ
1151 1749 1288 1777 Οὐάλεντα
1316 1750 1361 1777 τὸν
1396 1750 1515 1785 Μυρσῶν
1545 1751 1594 1786 τῆς
1622 1751 1774 1783 Παννονίας
1792 1771 1800 1783 ,

1079 1794 1215 1829 Γεώργιον
1231 1795 1276 1822 τὸν
1287 1796 1460 1828 Λαοδικείας,
1476 1797 1500 1823 εί
1511 1797 1558 1823 καὶ
1573 1796 1610 1832 μὴ
1618 1798 1649 1832 τῇ
1666 1797 1770 1833 συνόδῳ
1786 1798 1874 1834 ταύτῃ

1080 1841 1246 1876 παρεγένετο
1265 1841 1313 1868 σὺν
1330 1842 1386 1872 τοῖς
1398 1841 1450 1867 ἀπὸ
1475 1841 1525 1876 τῆς
1548 1841 1586 1868 ἕω
1601 1843 1773 1873 ἐπισκόποις.
1787 1843 1875 1877 ’Δφεί-

1080 1886 1156 1913 λοντο
1177 1886 1205 1913 δὲ
1218 1887 1329 1919 τούτους
1351 1887 1400 1922 τῆς
1417 1887 1566 1924 ἱερωσύνης
1590 1888 1637 1914 καὶ
1652 1887 1700 1923 τῆς
1716 1890 1872 1920 κοινωνίας,

1828 1755 1875 1779 καὶ

1081 1931 1119 1963 ὡς
1132 1932 1179 1958 τὸν
1194 1932 1258 1959 Υἱὸν
1272 1932 1436 1968 χωρίζοντας
1453 1932 1499 1959 τοῦ
1512 1933 1617 1967 Πατρός
1629 1933 1679 1968 τῆς
1694 1934 1793 1966 οὐσίας
1804 1954 1812 1966 ,
1829 1936 1873 1960 καὶ

1081 1977 1144 2009 τοὺς
1167 1977 1251 2005 πάλαι
1273 1978 1484 2014 καθαιρεθέντας
1499 1978 1543 2005 διὰ
1564 1978 1613 2014 τὴν
1631 1979 1739 2014 Ἀρείου
1766 1980 1872 2016 αἰρεσιν

1080 2022 1263 2058 δεξαμένους,
1289 2024 1336 2050 καὶ
1357 2025 1396 2056 είς
1422 2023 1563 2058 ἀξιώματα
1589 2025 1676 2059 μείζω
1701 2024 1873 2061 λειτουργίας

1081 2068 1149 2094 Θεοῦ
1167 2069 1341 2104 παραγόντας
1357 2069 1423 2105 (91).
1439 2069 1488 2095 Διὰ
1502 2069 1590 2096 ταῦτά
1604 2078 1635 2096 τε
1652 2070 1752 2101 αὐτοὺς
1765 2071 1871 2106 ἀποκη-

1083 2113 1231 2149 ρύξαντες,
1259 2115 1306 2141 καὶ
1326 2115 1376 2150 τῆς
1396 2115 1509 2142 καθόλου
1528 2115 1691 2150 Ἐκκλησίας
1714 2116 1870 2152 ἀλλοτρίους

1081 2160 1286 2195 ψηφισάμενοι,
1311 2161 1433 2196 ἔγραψαν
1451 2163 1506 2193 τοῖς
1534 2162 1671 2197 πανταχοῦ
1699 2163 1869 2194 ἐπισκόποις,

843 2215 979 2242 VALESll
999 2215 1273 2244 ANNOTATIONES.

278 2266 333 2310 (99)
359 2267 546 2310 Ὗὶτιιίμνημα¹
557 2268 618 2310 τῆς.
630 2269 716 2310 δίκης
730 2271 934 2310 ἐπεδείξαντο.
953 2271 1028 2310 _Scri-

1084 2275 1203 2310 prelibus
1223 2275 1444 2302 animadversum
1467 2282 1521 2302 non
1554 2275 1649 2303 fuisse.
1674 2272 1759 2303 Certe
1785 2277 1866 2303 codex

242 2301 360 2342 bendum
385 2301 437 2328 est
448 2301 548 2363 (procul
576 2301 656 2344 dubio
686 2301 871 2339 ἐπιδείξαντα,
897 2310 925 2333 ut
947 2307 1026 2335 docet

242 2336 358 2363 emstula
378 2344 445 2363 svno
469 2344 508 2363 ica
535 2339 643 2363 conciln
669 2338 850 2363 Serdiconsis.
880 2342 968 2363 Alule
988 2344 1024 2363 ita

242 2336 358 2377 epistql‘a
378 2336 508 2377 synodica
518 2339 643 2377 Aconcilii
669 2336 850 2377 §erdicensis.
864 2336 968 2377 'Atque
988 2344 1025 2369 ita

243 2371 306 2406 legit
323 2370 490 2405 Nicephorus
515 2371 655 2400 Callistus.
673 2373 756 2401 Miror
775 2381 866 2403 tamen
884 2377 911 2404 id
923 2370 1025 2405 'intcr-

1078 2311 1171 2336 Allalii
1191 2310 1293 2337 diserte
1312 2311 1446 2344 scripturn
1466 2310 1546 2337 habet
1561 2310 1744 2343 ἐπιδείξαντα.

1097 2344 1170 2406 ό(91)
1206 2345 1407 2379 Παραπύντας.
1455 2344 1546 2372 Malim
1583 2345 1708 2372 scribere
1748 2354 1867 2381 προαγα-

1078 2388 1096 2413 γ
1112 2387 1187 2411 ντας.

968 2433 1157 2464 VARIORUM.

277 2471 290 2490 ¹²
381 2474 463 2512 μέρει
485 2476 581 2512 τεκαὶ
605 2478 631 2512 οἱ
647 2477 722 2512 ἀμφὶ
744 2478 799 2505 τὸν
820 2479 938 2507 ”οσιον.
959 2479 1028 2508 Huic

241 2509 586 2549 concil_i0__occ1dentalium
608 2509 729 2540 Serdicae
749 2520 821 2549 anno
842 2514 893 2541 547
911 2522 1028 2549 congre-

240 2548 304 2578 gato
322 2544 414 2571 Julius
437 2545 644 2585 epLRomanus
668 2548 784 2582 negotiis
800 2549 927 2585 detentus
942 2544 1029 2577 inter-

240 2586 302 2605 esse
328 2587 391 2617 _non>
409 2582 497 2614 potuit
508 2590 522 2617 7:
539 2582 642 2614 legatos
666 2586 757 2609 tamen
783 2583 859 2610 misit
884 2585 930 2617 qui
954 2585 1029 2612 vices

241 2620 306 2653 suas
328 2614 482 2653 impleri-nt,
500 2616 695 2644 Archidamum
712 2621 739 2653 et
763 2614 943 2653 Philoxen'um
967 2627 1030 2653 prc-

240 2649 565 2688 sbyteros,_quihuscitin
589 2657 647 2678 erat
671 2652 781 2688 quidam
804 2652 861 2680 Leo
885 2649 1024 2681 diaconus.

240 2682 347 2722 l:ri_m_as
370 2682 511 2711 obtinebat
539 2685 566 2712 in
593 2682 698 2722 synodo
718 2694 833 2721 magnus
853 2689 898 2715 ille
913 2688 1023 2716 Hosius.

240 2717 297 2756 Qui
310 2720 462 2756 intererant
485 2721 587 2751 caeleri,
608 2717 643 2748 'cx
663 2717 800 2756 Hispaniis
812 2730 902 2755 erant,
917 2723 1023 2756 Galliis,

241 2730 291 2750 unt
311 2730 462 2747 mtcrerum
485 2730 587 2751 caeteri,
611 2730 643 2748 cx
663 2730 708 2749 ms
730 2730 800 2749 anus
812 2730 902 2755 erant,
917 2730 1021 2756 uanus,

241 2753 314 2792 Italia
327 2754 503 2792 ,_Camparnia
515 2776 530 2792 ,γ
538 2756 666 2792 Calabria
680 2777 686 2789 ,
705 2730 818 2791 Xpulia,
835 2757 940 2789 Africa,
957 2757 1021 2784 Sar-

240 2788 500 2826 diniali’annoniis,
523 2791 625 2825 Mysiis,
651 2788 767 2826 utraque
784 2788 878 2824 Dacia,
897 2788 1022 2819 Macedo-

240 2823 295 2857 uia,
312 2824 466 2860 Thessalia,
489 2823 602 2859 Achaia,
627 2823 864 2861 Epiro,"fhracia,
879 2827 1021 2861 Rhodope,

1077 2483 1234 2516 Palaestina,
1260 2482 1371 2515 Arabia,
1387 2482 1483 2519 Creta,
1503 2488 1532 2511 et
1552 2482 1682 2519 Egypto.
1701 2483 1822 2517 Quinam
1837 2492 1864 2511 er

1077 2519 1200 2552 qualibet
1224 2518 1336 2553 regione
1362 2518 1511 2550 adfuerint,
1536 2526 1591 2545 non
1615 2519 1642 2545 in
1669 2525 1802 2553 promptu
1829 2526 1864 2546 est

1078 2560 1231 2580 recensere.
1259 2553 1378 2579 Aderant
1407 2553 1471 2579 item
1501 2553 1680 2584 Athanasius,
1712 2554 1861 2581 Marcellus.

1079 2588 1226 2622 Asclepas,
1252 2595 1302 2614 nec
1326 2595 1381 2614 nun
1407 2588 1453 2614 alii
1471 2588 1612 2622 episcopi,
1636 2589 1806 2616 Arianorum
1826 2590 1860 2615 fu-

1079 2630 1141 2649 rore
1152 2621 1167 2654 ,⁷
1176 2623 1239 2649 dolo
1251 2642 1258 2653 ,
1279 2621 1388 2657 insidiis
1410 2621 1500 2657 patrio
1515 2621 1653 2649 exturbati
1669 2624 1741 2650 solo.
1763 2624 1861 2650 Emine-

1081 2657 1126 2684 bat
1141 2657 1211 2684 inter
1227 2658 1297 2684 alios
1322 2656 1424 2684 Lucius
1448 2657 1733 2692 Adrianopolitanus,
1756 2663 1861 2685 catenas

1078 2692 1278 2719 circumferens
1299 2692 1377 2725 queis
1399 2699 1451 2718 non
1471 2693 1556 2719 semel
1583 2692 1673 2718 fuerat
1696 2694 1861 2719 constrictus

1076 2731 1103 2754 et
1117 2731 1257 2754 oneratus.
1272 2725 1449 2754 Ventitahant
1466 2733 1493 2754 et
1503 2727 1560 2758 alii,
1576 2727 1675 2761 plagis,
1688 2728 1772 2759 fame,
1784 2727 1859 2754 variis

1076 2762 1278 2788 calamitatibus
1292 2761 1392 2788 afﬂicti.
1406 2761 1447 2788 Cl.
1463 2762 1591 2789 monachi
1607 2761 1791 2794 Benedictini,
1813 2761 1861 2795 l’it.‘

1075 2797 1202 2823 Albanas.
1209 2816 1216 2829 ,
1232 2805 1293 2831 pag.
1309 2796 1352 2823 40.
1595 2807 1597 2809 ·
