1899 3077
69 180 135 207 1081

566 183 725 212 HISTORIA
746 182 1020 213 ECCLESIASTICA.
1040 200 1073 206 ——
1090 184 1154 213 LIB.
1176 183 1221 213 ΠΙ.

1636 185 1703 212 £089

69 235 235 264 συνοικοῦσα
246 238 324 272 γυνὴ,
333 238 396 270 τοὺς
410 248 442 265 πε
448 239 474 275 ρ),
484 241 660 276 σωφροσύνης
674 241 769 276 λόγους
781 242 856 269 ἀκού-

929 249 987 275 ent,
1004 251 1051 271 eos
1065 245 1099 271 ab
1113 244 1235 271 Ecclesia
1253 243 1391 271 catholica
1409 243 1514 270 alienos
1527 251 1589 271 esse
1606 244 1703 271 decre-

69 290 143 310 σασα
159 282 254 316 αὑτοῦ,
269 284 412 316 συνουσίας
431 286 575 321 ἀπέσχετο,
593 284 626 323 ἧς
640 290 773 322 γαμεταῖς
786 288 864 323 θέμις

69 328 142 364 πρὸς
169 328 251 360 ἰδίους
267 329 367 364 ἄνδρας
387 333 540 358 κοινωνεῖν·
564 333 626 365 τοὺς
647 333 676 360 δὲ
699 335 864 369 παρανόμως

70 375 298 407 συνουσιάζοντας
308 375 441 410 ἀλλήλοις,
453 377 554 412 ἀσθενῆ
568 378 707 413 ἀποφῆναι
720 379 768 414 τὴν
782 379 863 407 αὐτοῦ

70 420 166 447 πειθώ.
176 421 226 447 Τδν
240 421 271 457 δὴ
283 421 415 453 τοιοῦτον,
424 423 472 457 τῆς
486 423 555 450 κατὰ
567 423 625 450 τόδε
640 425 670 450 τὸ
684 425 768 460 κλίμα
781 426 861 461 ἀκρι-

70 466 136 497 ϐοῦς
144 468 310 502 μοναστικῆς
319 468 430 503 ἀγωγῆς
439 469 559 504 ἀρχηγὸν
567 470 694 504 γενέσθαι
702 471 789 506 λόγος.
797 472 866 507 Θρᾴ-

71 519 127 538 ιιιοι
143 512 171 538 δὲ
183 513 231 539 καὶ
247 513 380 549 Ἰλλυριοὶ,
394 514 441 541 καὶ
454 515 510 541 ὅσοι
523 515 571 550 τὴν
589 517 758 552 καλουμένην
773 517 864 552 Εὐρώ-

71 566 126 592 πην
133 557 263 590 οἰκοῦσιν,
274 559 297 584 εὶ
309 559 355 585 καὶ
365 559 508 595 ἀπείρατοι
517 560 556 587 ἔτι
568 562 721 596 μοναχικῶν
732 563 864 590 συνοικῶν

69 596 151 638 ἦσαν,
175 603 232 630 ἀλλ’
244 605 274 630 οὗ
290 605 429 637 παντελῶς
443 606 595 641 φιλοσόφων
613 607 717 642 ἀνδρῶν
732 606 858 644 ἠτύχουν.

77 647 256 685 Ἐγνωρίξετο
271 650 298 676 δὲ
310 650 370 677 τότε
384 652 449 686 παρ’
469 651 560 684 αὐτοῖς
577 653 713 688 Μαρτῖνος
728 652 749 685 1,
768 653 797 685 ὃς
810 653 865 680 ἀπὸ

71 695 213 731 Σαϐωρίας
231 696 285 731 (15)
306 697 355 732 τῆς
368 697 514 729 Παννονίας
531 698 665 732 ἐπίσημος
679 696 712 733 ἦν
726 698 756 724 τὸ
768 699 846 732 γένος
856 707 862 714 δ

71 742 102 767 ιν
121 741 213 772 ὅπλοις
237 741 265 767 δὲ
284 741 419 777 λαμπρῶς
449 743 694 778 στρατευσάμενος,
724 744 770 770 καὶ
800 752 864 770 συν-

70 787 269 823 ταγματάρχης
288 788 406 823 ἐγένετο.
437 789 612 824 Προτιμὴσας
630 789 659 815 δὲ
675 789 706 816 τὸ
723 789 803 822 θεῖον,
820 790 865 816 τὸν

71 831 218 866 φιλόσοφον
237 831 331 868 μετῄει
347 832 413 867 βίον.
443 833 565 869 Διὲτριὸε
584 834 613 860 δὲ
637 833 671 860 τὰ
686 834 782 869 πρῶτα
800 834 864 869 παρ’

77 877 235 914 Ἰλλυριοῖς·
263 878 324 905 ἐπεὶ
347 878 377 905 δὲ
393 879 541 914 προθύμως
566 880 636 913 ὑπὲρ
658 879 706 906 τοῦ
730 880 864 914 δόγματος

70 923 282 958 ἀγωνιζόμενος,
295 924 372 955 τινὰς
390 924 445 950 τῶν
455 925 550 952 ἐνθάδε
565 926 722 953 ἐπισκόπων
739 927 865 961 ἐερώρασε

70 969 107 995 τὰ
135 968 239 1002 Ἀρείου
253 969 426 1004 φρονοῦντας,
450 969 654 1002 ἐπιϐουλευθεὶς
672 971 719 997 καὶ
737 970 866 1001 πολλάκις

71 1014 192 1050 δημοσίᾳ
212 1014 375 1050 τυπτηθεὶς,
401 1014 538 1050 ἐξηλάθη·
565 1017 612 1042 καὶ
635 1017 675 1048 εἰς
700 1017 866 1043 Μεδιόλανον

72 1058 170 1091 ἐλθὼν,
183 1060 245 1087 καθ’
260 1061 356 1087 ἑαυτὸν
371 1060 514 1096 διέτριϐεν.
536 1062 715 1098 ’Υπεχώρησέ
734 1072 764 1090 τε
779 1062 865 1094 ἐνθεν,

71 1106 314 1140 ἐπιϐουλευόμενος
328 1107 404 1141 παρὰ
411 1107 554 1140 Αὑξεντίου
570 1108 616 1135 τοῦ
632 1108 793 1139 ἐπισκόπου,
806 1107 866 1134 οὐδὲ

72 1152 157 1179 αὐτοῦ
177 1152 262 1186 ὑγιῶς
275 1152 382 1188 ἔχοντος
404 1155 468 1190 περὶ
481 1154 529 1190 τὴν
543 1154 633 1181 πίστιν
650 1155 704 1182 τῶν
719 1155 748 1181 ἐν
764 1155 867 1190 Νικαίᾳ

71 1197 267 1224 συνελθόντων.
295 1198 350 1225 Καὶ
374 1199 419 1226 ἐπί
441 1208 502 1226 τινα
521 1200 616 1235 χρόνον
642 1200 731 1236 ῥίζαις
749 1200 867 1235 βοτανῶν

69 1243 254 1278 ἀρκούμενος,
268 1245 350 1280 νῆσον
366 1245 475 1280 ᾤκησεν
491 1246 525 1281 ἣν
539 1246 725 1281 Γαλληναρίαν
741 1246 866 1273 καλοῦσι.

70 1289 170 1325 Μικρὰ
191 1290 220 1316 δὲ
235 1289 303 1325 αὕτη
319 1291 366 1318 καὶ
381 1291 518 1326 ἀοίκητος,
534 1292 563 1318 ἐν
579 1291 619 1326 τῷ
638 1291 802 1327 Τυρρηνικῷ
817 1301 868 1318 πε-

69 1335 150 1369 λάγει
163 1336 288 1371 κειμένη.
307 1337 402 1372 Χρόνῳ
418 1337 446 1363 δὲ
462 1337 574 1372 ὕστερον
589 1339 637 1364 καὶ
651 1337 804 1372 ἐπισκοπὴν
819 1338 868 1363 ἐπ-

68 1382 180 1418 ετράπη
188 1383 240 1417 τὴν
251 1384 281 1409 ὲν
294 1383 480 1418 Ταρρακίναις
495 1383 643 1418 ἐκκλησίαν
656 1384 721 1419 (16).
731 1383 794 1409 Ἐπὶ
808 1391 869 1410 τοσ-

67 1427 151 1455 οῦτον
171 1428 200 1454 δὲ
216 1428 451 1464 θαυματουργίαις
460 1429 601 1465 προελθεῖν
611 1430 790 1465 παραδέδοται
800 1429 868 1464 (17),

67 1474 111 1506 ὡς
123 1474 222 1510 νεκρὸν
236 1476 342 1510 ἐγεῖραι
359 1475 535 1502 πιστεύεσθαι
547 1495 554 1507 ,
566 1475 634 1502 ἄλλα
649 1485 678 1502 τε
694 1477 795 1511 σημεῖα
808 1477 869 1501 ὲπι-

69 1520 183 1547 τελέσαι
205 1521 403 1548 Ἀποστολικῶν
426 1521 456 1548 οὐ
480 1521 641 1556 λειπόμενα.
671 1522 749 1548 Κατὰ
761 1521 821 1548 τόδε
838 1521 869 1547 τὸ

916 293 1027 322 verunt,
1040 290 1094 317 nisi
1109 297 1193 325 supra
1212 290 1285 317 dicta
1305 290 1434 324 dogmata
1460 289 1619 323 singillatim
1638 298 1704 317 can-

916 335 1087 363 demnarent.
1107 335 1145 362 Ex
1160 343 1193 362 eo
1209 343 1273 362 vero
1286 340 1410 370 tempore
1424 336 1501 362 aiunt
1517 334 1703 369 Eustathium,

917 384 947 408 ut
962 381 1120 408 ostenderet
1138 388 1166 408 se
1182 389 1235 408 non
1252 381 1417 416 arrogantia:
1429 388 1525 412 causa.
1540 381 1588 408 sed
1605 381 1706 408 divina:

915 426 1071 461 disciplinac
1086 426 1178 454 studio
1197 426 1249 454 ista
1268 427 1458 455 introduxisse
1474 431 1502 454 et
1519 428 1677 454 exercuisse
1697 435 1703 452 :

917 476 1020 499 mutata
1034 476 1122 504 veste,
1135 473 1230 500 eodem
1248 481 1302 507 quo
1318 474 1434 500 car-teres
1451 474 1612 501 sacerdotes
1629 474 1704 500 cultu

916 518 1047 552 deinceps
1063 518 1090 544 in
1105 518 1244 552 publicum
1261 518 1442 553 processisse.
1462 518 1538 545 Talis
1556 523 1706 552 tantusque

915 570 978 590 cum
997 566 1070 590 esset
1087 563 1114 589 in
1131 562 1260 589 citeriore
1273 563 1338 594 vita,
1354 563 1381 589 in
1396 563 1576 590 sermonibus
1594 571 1706 598 quoque

916 608 1092 636 admirationi
1110 608 1172 635 fuit.
1189 609 1222 636 Et
1240 613 1329 635 tamen
1354 610 1378 636 si
1401 617 1496 636 verum
1520 609 1614 636 dicere
1631 610 1704 639 licet.

916 663 972 682 non
997 654 1144 681 admodum
1161 654 1268 680 valebat
1284 654 1450 688 eloquentia.
1470 654 1564 689 Neque
1581 655 1652 681 enim
1679 655 1706 681 in

915 703 975 727 arte
996 699 1103 726 dicendi
1132 707 1192 727 sese.
1214 703 1385 726 exercuerat.
1405 699 1502 726 Verum
1529 699 1637 734 ingenio
1656 699 1707 726 fuit

916 752 1030 780 prorsus
1046 745 1177 777 mirabili,
1197 749 1223 771 ct
1239 744 1273 771 ad
1289 744 1509 778 persuadendum
1528 746 1705 779 aptissimus;

916 791 985 818 adeo
1006 793 1035 818 ut
1056 790 1169 819 multos.
1188 794 1242 816 tam
1267 790 1353 823 viros,
1371 797 1453 824 quam
1479 790 1607 816 mulieres
1633 797 1707 823 qua:-

917 843 989 866 stum
1004 844 1119 873 corpore
1133 836 1276 868 facientes,
1288 837 1321 863 ad
1336 836 1489 863 modestam
1510 836 1709 869 casdorcmque

918 884 1001 910 vitam
1017 882 1181 909 traduxerit.
1202 881 1324 916 Denique
1339 889 1400 908 cum
1417 882 1459 907 vir
1474 881 1586 915 quidam
1608 884 1635 907 et
1651 888 1710 906 mu-

919 929 968 956 lier
981 929 1059 963 juxta
1075 928 1204 956 Ecclesiae
1221 929 1303 955 ritum
1324 928 1512 961 virginitatem
1531 927 1708 961 proﬁtentes,

917 978 1115 1001 accnsarentur
1137 974 1209 1008 quod
1235 974 1318 1000 simul
1343 973 1489 1004 cubarent,
1514 973 1572 1007 ipse
1596 979 1708 1006 operam

916 1020 993 1047 dedit
1011 1026 1039 1046 ut
1053 1027 1101 1046 eos
1118 1019 1151 1046 ab
1164 1019 1323 1053 hujusmodi
1337 1018 1540 1046 consuetudine
1555 1021 1708 1044 revocaret.

917 1065 994 1098 Quod
1015 1073 1077 1093 cum
1103 1065 1249 1099 impetrare
1267 1065 1301 1091 ab
1323 1065 1366 1091 eis
1388 1072 1441 1091 non
1468 1064 1614 1098 potuisset,
1633 1063 1710 1096 inge-

918 1113 1023 1139 muisse
1049 1111 1164 1143 dicitur,
1190 1118 1223 1137 ac
1246 1110 1351 1137 dixisse
1380 1121 1388 1136 :
1416 1110 1560 1136 mulierem
1591 1108 1711 1142 legitime

917 1163 1031 1193 nuptam
1052 1158 1124 1190 viro,
1141 1157 1244 1184 auditis
1270 1156 1419 1190 aliquando
1442 1154 1620 1182 sermonibus
1639 1160 1710 1187 quos

918 1205 977 1239 ipse
1003 1204 1037 1229 de
1062 1203 1190 1230 castitate
1211 1202 1366 1231 habuisset.
1388 1209 1402 1227 a
1421 1207 1574 1234 congressu
1593 1199 1642 1225 viri
1664 1198 1709 1231 qui

919 1249 1082 1277 mulieribus
1098 1249 1220 1282 legitime
1236 1248 1329 1282 nuptis
1351 1248 1502 1282 permissus
1521 1251 1575 1277 est,
1594 1245 1711 1280 posthac

920 1295 1106 1327 abstinuisse;
1125 1294 1200 1328 ipsos
1215 1300 1280 1320 vero
1296 1293 1342 1328 qui
1362 1293 1505 1328 illegitime
1521 1292 1573 1319 sibi
1589 1292 1707 1318 invicem

921 1341 1113 1371 miscerentur,
1138 1338 1303 1372 eloquentia:
1333 1345 1390 1364 suae
1418 1337 1604 1363 infirmitatem
1628 1343 1709 1362 coar-

919 1392 1013 1419 guere.
1037 1384 1114 1410 llune
1141 1384 1225 1418 igitur
1249 1384 1275 1409 in
1301 1383 1357 1409 illis
1384 1382 1521 1408 tractibus
1549 1380 1712 1407 monastirze

919 1430 1071 1464 disciplime
1101 1434 1245 1456 auctorem
1278 1428 1366 1455 fuisse
1399 1428 1554 1462 perhibent.
1589 1427 1712 1453 Thraces

922 1479 1016 1503 autent
1032 1480 1059 1502 et
1077 1475 1173 1508 Illyrii,
1198 1478 1225 1502 et
1248 1475 1407 1509 quicunque
1422 1473 1558 1506 Europam
1577 1472 1712 1504 incolunt,

920 1522 1048 1555 quamvis
1064 1522 1284 1548 monastiearum
1301 1519 1545 1554 cnttgrt-gationltm
1562 1517 1650 1544 adhuc
1665 1525 1713 1544 ex-

69 1565 208 1600 ὑπήκοον,
222 1567 250 1592 ἰν
266 1565 305 1600 τῷ
322 1566 383 1592 τότε
402 1566 448 1593 καὶ
471 1566 582 1602 Ἱλάριον
595 1566 721 1600 γενέσθαι
736 1566 851 1601 παρειλή

928 1571 1012 1593 )erles
1029 1571 1134 1596 essent.
1151 1567 1220 1592 viris
1246 1569 1338 1592 tatnen
1358 1564 1532 1598 philosophis
1556 1570 1610 1590 non
1632 1565 1714 1590 erant

69 1619 177 1646 φαμεν,
193 1610 276 1645 ἄνδρα
304 1611 353 1646 βίῳ
369 1611 416 1637 κα).
431 1611 502 1646 λόγῳ
518 1611 660 1638 θεσπέσιον
672 1619 680 1626 ·
695 1611 725 1642 ὃς
740 1611 869 1646 Μαρτίνῳ

69 1658 125 1692 τῆς
137 1657 227 1692 φυγῆς
241 1656 404 1691 ἐκοινώνησε
424 1657 468 1684 διὰ
493 1657 541 1692 τὴν
557 1657 621 1693 περὶ
640 1657 670 1683 τὸ
683 1657 770 1692 δόγμα
785 1666 868 1683 σπου-

69 1702 133 1736 δήν.
159 1702 276 1737 ’Δινδρῶν
294 1702 343 1737 μὲν
359 1700 405 1729 οὖν
421 1702 495 1737 πέρι,
518 1702 542 1729 οἳ
562 1703 623 1729 τότε
641 1703 670 1728 ὲν
684 1703 810 1738 εὐσεϐείᾳ
823 1703 870 1729 καὶ

71 1749 296 1783 ἑκκλησιαστικῷ
315 1749 409 1783 θεσμῷ
428 1749 617 1783 ἐφιλοσόφουν,
641 1749 704 1775 τάδε
729 1749 814 1782 ἔγνων
833 1749 870 1781 ὼς

72 1793 244 1829 συνέγραψα.
263 1793 425 1829 ’Υπερφυῶς
438 1794 466 1820 δὲ
484 1794 576 1820 πολλοὶ
588 1794 638 1838 καὶ
649 1793 721 1828 μάλα
734 1794 870 1829 ἐλλόγιμοι

71 1839 148 1866 κατὰ
162 1839 208 1865 τὸν
223 1840 303 1866 αὑτὸν
320 1840 416 1874 χρόνον
440 1840 470 1866 ἐν
493 1841 553 1871 ταῖς
573 1839 749 1874 Ἐκκλησίαις
762 1840 870 1876 διέπρε-

69 1893 137 1912 nov.
161 1885 374 1921 Ἐπισημότατοι
388 1886 416 1912 δὲ
432 1887 460 1912 ἐν
473 1886 578 1918 τούτοις
593 1886 728 1920 ἐγένοντο,
740 1886 871 1918 Εὐσέϐιος

68 1931 87 1957 ὁ
105 1931 156 1965 τὴν
177 1931 295 1967 Ἐμέσης
315 1932 465 1967 ἱερωσύνην
487 1932 699 1968 ἐπιτροπεύσας,
724 1932 771 1959 καὶ
793 1933 872 1964 Τῖτος

69 1978 87 2004 ὁ
103 1977 239 2012 Βόστρης,
259 1977 307 2003 καὶ
324 1978 467 2013 Σεραπίων
483 1979 496 2004 ὁ
516 1978 661 2013 Θμουαίος,
683 1979 824 2010 Βασίλειός
841 1987 871 2005 τε

70 2024 87 2050 ὁ
109 2023 260 2058 Ἀγκύρας,
273 2024 321 2049 καὶ
336 2023 460 2055 Εὑδόξιος
478 2024 492 2049 ὁ
506 2023 700 2059 Γερμανικίας,
726 2025 772 2051 καὶ
790 2024 870 2051 ’Λκά-

71 2077 136 2100 auo;
153 2069 168 2095 ὁ
187 2069 366 2104 Καισαρείας,
387 2070 434 2096 καὶ
450 2069 584 2104 Κύριλλος
607 2069 637 2100 ὃς
651 2069 706 2095 τῶν
726 2069 872 2105 Ἱεροσολύ-

73 2125 138 2150 μων
159 2115 253 2151 θρόνον
270 2115 463 2150 ἐπετρόπευσε.
490 2115 628 2150 Σύμϐολον
643 2115 692 2150 τῆς
707 2115 797 2142 αὐτῶν
810 2124 873 2142 παι-

71 2159 149 2191 δείας
162 2158 229 2194 (18),
247 2159 265 2186 ἃ
280 2159 481 2194 συνεγράψαντο
495 2159 542 2186 καὶ
553 2159 774 2192 καταλελοίπασι,
790 2160 874 2187 πολλά

73 2213 104 2231 τε
120 2205 170 2231 καὶ
182 2203 262 2238 λόγου
282 2203 355 2236 ἄξια.

921 1613 1030 1647 penitus
1055 1612 1196 1639 destituti.
1224 1611 1291 1638 Nam
1323 1616 1388 1637 tune
1416 1609 1562 1644 temporis,
1594 1608 1713 1635 celebris

921 1658 992 1692 apud
1010 1658 1071 1685 illos
1084 1657 1135 1684 fuit
1154 1657 1289 1684 Martinus
1308 1666 1314 1683 :
1335 1656 1381 1691 qui
1398 1655 1531 1685 Sabariat,
1547 1654 1620 1688 quod
1633 1653 1714 1688 oppi-

920 1703 984 1730 dum
1006 1706 1048 1730 est
1068 1702 1230 1732 Pannnnim,
1248 1701 1333 1728 nobili
1360 1708 1461 1736 genere
1481 1704 1573 1731 ortus,
1593 1699 1713 1733 primmn

920 1749 1031 1783 quidem
1052 1748 1198 1783 splendide
1213 1747 1351 1779 militavit,
1367 1751 1394 1774 et
1418 1745 1529 1772 ordines
1557 1745 1646 1772 duxit.
1660 1743 1712 1771 Sed

920 1801 983 1821 cum
1006 1793 1053 1820 Dei
1072 1793 1178 1820 cultum
1199 1793 1330 1819 omnibus
1354 1792 1437 1818 rebus
1460 1790 1637 1825 praetulisset,
1655 1789 1715 1824 phi-

921 1839 1092 1874 losophicam
1112 1839 1195 1865 vitam
1224 1843 1344 1866 sectatus
1371 1841 1423 1864 est.
1452 1837 1590 1863 llabitavit
1622 1841 1713 1862 autent

922 1886 1000 1912 initio
1021 1885 1132 1920 quidem
1158 1885 1229 1919 apud
1256 1884 1374 1919 Illyrios.
1392 1883 1493 1910 Verum
1518 1890 1567 1916 pro
1586 1881 1713 1909 doctrina

921 1931 982 1959 ﬁdei
998 1931 1061 1958 forti
1077 1931 1168 1957 animo
1185 1931 1344 1961 decertans,
1361 1935 1503 1964 postquam
1526 1927 1709 1962 deprehendit

922 1977 1056 2012 quosdam
1085 1977 1195 2003 illarum
1226 1976 1344 2011 partium
1379 1976 1525 2010 episcopos
1554 1974 1712 2008 opinionem

921 2023 979 2050 Arii
1002 2022 1111 2054 fovere;
1129 2021 1247 2048 insidias
1265 2029 1374 2056 passus,
1396 2029 1428 2048 ac
1452 2028 1642 2055 smpenumero
1663 2028 1713 2054 pu-

922 2069 995 2096 blice
1013 2068 1185 2100 verberatus,
1204 2067 1266 2094 inde
1291 2068 1423 2102 expulsus
1447 2071 1499 2094 est.
1516 2067 1643 2101 Cumque
1663 2066 1715 2093 Me-

923 2115 1064 2143 diolauutn
1086 2115 1221 2145 venisset.
1243 2114 1282 2141 ibi
1306 2114 1447 2141 solitarius
1469 2113 1546 2140 vixit.
1573 2112 1627 2139 Sed
1651 2119 1712 2139 cum

924 2160 1077 2188 Auxentius
1094 2161 1255 2194 episcopus,
1273 2159 1319 2194 qui
1335 2163 1362 2186 et
1376 2160 1435 2194 ipse
1450 2159 1484 2186 de
1495 2157 1548 2185 ﬁde
1566 2161 1581 2184 τί
1595 2157 1714 2184 Nicamis

925 2207 1055 2234 Patribtts
1077 2207 1250 2241 promulgata
1268 2214 1321 2233 non
1346 2209 1419 2233 recte
1435 2205 1582 2235 sentiebat.
1595 2205 1620 2231 ei
1643 2203 1714 2231 iusi-

74 2250 169 2278 diatus
188 2250 297 2284 fuisset,
316 2250 378 2278 inde
394 2250 538 2279 abscessit.
558 2251 589 2278 Et
605 2252 631 2279 in
649 2251 767 2279 insulam
782 2259 863 2287 quam
880 2252 1059 2279 Gallinariam
1079 2256 1177 2280 vocant
1199 2251 1346 2286 profectus,
1368 2251 1425 2278 illic
1441 2249 1602 2286 aliquandiu
1621 2249 1713 2276 vitam.

684 2327 818 2357 VALESII
837 2329 1113 2357 ANNOTATIONES.

112 2386 351 2421 (15)Σαό’ωρίας.
379 2384 406 2412 ln
430 2385 526 2413 codice
551 2385 652 2413 Leonis
678 2386 769 2413 Allatii
795 2386 865 2413 scri--
883 2389 903 2415 D
919 2388 1001 2415 unius
1032 2387 1108 2414 verbi
1134 2387 1286 2419 adiectione
1306 2386 1428 2421 supplevi
1454 2393 1487 2413 ex
1518 2385 1715 2418 manuscriptis

75 2427 155 2457 ptum
183 2427 226 2448 est
240 2421 474 2457 νΣαμαριαςκδοιι
499 2422 701 2457 restituendum
716 2426 759 2448 est
777 2422 866 2448 21%.—

76 2455 151 2492 ρίας,
172 2456 247 2490 quod
265 2457 315 2483 l'uit
330 2455 459 2492 oppidum
481 2457 589 2490 insigne
609 2455 764 2492 Pannonizr,
790 2457 869 2490 cujus

77 2491 180 2527 praeter
196 2496 310 2527 cteteros
323 2491 448 2527 meminit
458 2492 618 2518 Anunianus
630 2491 815 2518 Marcellinus.

114 2527 174 2560 (l6)
198 2526 258 2560 Τὴν
270 2527 306 2553 ἐν
318 2526 520 2559 Ταρῤιιιιήγαις
534 2526 714 2558 ἐκκλησίαν.
729 2527 776 2553 Sic
789 2526 871 2553 etiam

77 2562 182 2597 legitur
199 2562 272 2596 apud
297 2561 491 2597 NiCephorum.
507 2561 597 2597 Codex
619 2561 785 2588 Fukctianus
803 2563 873 2588 scri—

78 2596 156 2631 ptum
177 2598 259 2632 habet
282 2596 479 2632 Ταρῤακίναις.
508 2596 690 2632 Scribi-udum
718 2602 782 2630 puto
807 2597 874 2622 Του-

77 2630 216 2666 ρονίκαις.
233 2630 430 2665 Quod'postea
457 2631 560 2658 librarii
583 2631 610 2658 in
629 2632 806 2665 Τουροκίναις
828 2633 874 2659 de-

87 2673 228 2693 nu’tvaruul
235 2688 240 2694 .

77 2676 449 2737 νηκὲἲὲἐίυματοιφτίαις
463 2701 671 2736 παραδέδοται.
689 2700 768 2728 llune
784 2701 872 2728 locum

919 2423 1061 2450 codicibus
1089 2422 1193 2449 Fukctii
1219 2428 1245 2449 et
1271 2422 1373 2448 Allatii.
1402 2421 1454 2449 Sed
1482 2427 1508 2448 ct
1538 2421 1714 2455 θαυματουρ-

920 2458 982 2488 -κίας
995 2458 1100 2484 mallem
1111 2458 1241 2487 srrihere,
1255 2461 1281 2483 et
1293 2462 1379 2482 totum
1394 2457 1482 2482 locum
1502 2456 1536 2482 ita
1548 2457 1693 2482 restituere
1707 2464 1712 2481 :

928 2492 990 2519 Ἐπὶ
1005 2493 1171 2518 τοσοῦτονδὲ
1185 2491 1409 2526 θαυματουργίας
1434 2491 1576 2526 προελθεῖν
1595 2490 1715 2526 παραδέ-

921 2528 1006 2559 δοται,
1031 2527 1069 2558 ὡς
1096 2527 1193 2562 νεκρὸν
1207 2528 1323 2562 ἐγεῖραι,
1340 2526 1458 2559 ἄλλατε,
1486 2533 1553 2558 etc.,
1579 2530 1714 2560 expuncta

925 2570 990 2590 voce
1007 2563 1195 2589 πιστεύεσθαι.

962 2597 1017 2632 (18)
1039 2598 1178 2632 Σύμϐολα
1202 2597 1254 2630 τῆς
1282 2596 1381 2623 αὐτῶν·
1405 2596 1550 2625 παιδείας.
1571 2595 1599 2632 ln
1622 2595 1715 2632 codice

928 2630 1087 2660 Fuketiand
1095 2633 1227 2667 scriptum
1243 2633 1332 2659 inveni
1349 2631 1492 2666 σύμϐολον,
1505 2630 1576 2665 quod
1590 2639 1643 2656 non
1657 2631 1713 2656 dis-

931 2669 1022 2703 phcct.

808 2777 960 2805 VARIORU
965 2778 998 2804 Μ.

121 2831 130 2848 ι
168 2828 328 2862 Μαρτῖνος.
360 2828 453 2855 Sancti
480 2826 590 2854 Martini
623 2826 711 2853 Vitam
745 2831 874 2852 accurate

81 2865 196 2898 scripsit
227 2863 362 2898 Sulpitius
391 2864 520 2889 Severus.
553 2862 628 2889 Scdit
658 2862 872 2898 iiut-pist-oliatu

83 2896 243 2928 Turoneusi
262 2896 351 2926 annos
369 2897 415 2931 26,
434 2906 542 2925 menses
560 2897 586 2931 4,
612 2898 670 2925 dies
689 2896 733 2929 Ξῖ,
751 2897 874 2930 obiitque

928 2835 1000 2852 anno
1016 2826 1080 2853 Chr.
1094 2826 1157 2859 400,
1170 2825 1220 2859 dici
1230 2824 1374 2851 undecimo
1384 2822 1556 2855 Novembris,
1571 2825 1600 2848 ut
1613 2819 1715 2858 Pagius

929 2865 1044 2889 testatur
1058 2861 1091 2888 ad
1109 2868 1173 2887 ann.
1189 2858 1251 2893 575,
1271 2867 1296 2886 η.
1313 2859 1338 2885 6.
