1899 3077
105 139 116 166 1
123 139 175 169 089

602 141 763 170 IIISTOIilA
782 142 1059 171 ECCLESIASTICA.
1074 159 1108 163 ——-
1126 144 1190 172 LIB.
1211 145 1254 171 III.

1661 147 1730 176 1090

101 201 196 233 αὐτοῖς
212 200 337 227 παιδείαν
356 201 524 236 ἡκρίϐωσαν.
547 202 658 238 Ἐπίσης
682 204 710 231 δὲ
736 204 889 236 Παυλωνᾶν,

946 206 1056 240 psiSse;
1071 206 1226 240 tuultosque
1239 206 1369 234 habuisse
1388 207 1550 242 discipulos,
1568 207 1614 242 qui
1629 207 1730 234 doctri-

102 246 152 272 καὶ
170 246 283 281 Ἀρανὰδ
301 247 357 280 (27)
373 248 531 274 ἐπαινοῦσιν
543 249 590 275 ἐπὶ
604 249 772 285 εὐγλωττίᾳ·
787 251 854 284 φασὶ
865 251 893 276 δὲ

100 292 158 318 τῶν
175 293 259 327 ὑγιῶν
273 292 416 327 δογμάτων
428 294 587 329 διαμαρτεῖν
608 296 718 327 αὐτούς.
733 297 789 323 Οὐκ
805 297 894 330 ἀγνοῶ

100 337 140 368 δὲ,
159 337 197 369 ὡς
209 337 255 364 καὶ
275 338 358 365 πάλαι.
386 339 598 374 ἐλλογιμώταται
619 341 714 368 τοῦτον
729 341 774 369 τὸν
794 342 893 376 τρόπον

100 384 179 420 παρὰ
209 385 363 420 Ὀσροηνοῖς
387 386 519 420 ἐγένοντο,
546 387 723 423 Βαρδησάνης
739 397 779 420 τε,
797 388 826 420 ὃς
845 388 893 423 τὴν

106 431 170 465 ταρ*
197 430 278 457 αὐτοῦ
304 431 474 467 καλουμένην
503 432 608 468 αἵρεσιν
633 435 823 469 συνεστήσατο,
846 435 892 461 καὶ

105 475 250 511 ’Λρμόνιος
261 477 274 502 ὁ
286 477 458 512 Βαρδησάνου
471 479 535 510 παῖς
545 487 552 493 ·
571 479 600 505 ὃν
619 488 686 514 φασι
698 480 742 506 διὰ
756 480 810 507 τῶν
828 480 892 515 παρ’

101 521 218 556 ’Ἕλλησι
233 521 319 556 λόγων
335 522 460 557 ἀχθέντα,
483 524 590 559 πρῶτον
613 526 721 561 μέτροις
741 527 787 553 καὶ
801 527 892 561 νόμοις

100 568 231 601 μυσικοῖς
249 567 298 603 τὴν
315 568 428 603 πάτριον
444 568 535 604 φωνὴν
553 570 716 604 ὑπαγαγεῖν,
738 572 786 598 καὶ
803 573 892 607 χοροῖς

98 612 281 646 παραδοῦναι,
311 614 438 651 καθάπερ
464 617 511 642 καὶ
532 615 580 642 νῦν
606 617 735 649 πολλάκις
760 619 784 644 ot
812 618 892 653 Σύροι

98 659 258 694 ψάλλουσιν,
272 660 301 685 οὐ
314 662 368 692 τοῖς
377 661 404 687 Ἀ
410 661 519 696 ρμονίου
529 662 750 698 συγγράμμασιν,
760 663 828 690 ἀλλὰ
837 666 892 695 τοῖς

100 705 196 740 μέλεσι
209 706 354 741 χρώμενοι.
373 708 448 734 Ἐπεὶ
467 709 521 743 γὰρ
536 711 566 736 οὐ
587 711 758 738 παντάπασιν
774 709 892 747 ἐκτὸςῆν

97 751 151 786 τῆς
161 751 291 786 πατρῴας
306 752 448 787 αἱρέσεως,
464 754 510 780 καὶ
519 751 556 780 ὧν
572 755 634 790 περὶ
643 755 742 790 ψυχῆς,
759 756 892 789 γενέσεώς

96 805 130 822 τε
160 798 207 824 καὶ
231 797 332 832 φθορᾶς
345 797 480 832 σώματος,
494 801 541 826 καὶ
553 801 772 834 παλιγγενεσίας,
785 802 811 828 οἱ
827 803 892 836 παρ’

98 843 217 878 Ἕλλησι
229 844 437 878 φιλοσοφοῦντες
454 844 621 878 δοξάζουσιν,
639 844 682 873 οἷά
699 855 730 880 γε
744 847 796 874 ὑπὸ
808 847 891 882 λύραν

95 887 116 915 ἃ
136 889 324 925 συνεγράψατο
338 890 454 923 συνθεὶς,
472 892 587 918 ταυτασὶ
610 893 659 923 τὰς
682 893 760 926 δόξας
782 895 838 925 τοῖς
852 894 888 920 οὶ-

96 935 186 966 κείοις
209 936 357 970 προσέμιξε
379 937 549 972 γράμμασιν.
573 937 645 964 Ἰδὼν
663 939 691 965 δὲ
712 939 831 974 Ἐφραὶμ
846 948 892 974 κη-

95 978 248 1014 λουμένους
262 981 324 1012 τοὺς
338 981 442 1016 Σύρους
452 981 490 1017 τῷ
504 982 597 1008 κάλλει
609 982 662 1010 τῶν
676 984 827 1019 ὀνομάτων,
844 985 891 1012 καὶ

95 1024 139 1060 τῷ
154 1025 250 1061 ῥυθμῷ
263 1026 312 1061 τῆς
326 1027 468 1062 μελῳδίας,
484 1029 531 1054 καὶ
553 1028 624 1055 κατὰ
640 1029 720 1056 τοῦτο
731 1029 890 1064 προσεθιζο-

98 1071 198 1106 μένους
225 1071 325 1107 ὀμοίως
345 1072 419 1108 αὑτῷ
444 1073 577 1107 δοξάζειν,
603 1074 705 1110 καίπερ
734 1075 892 1111 Ἑλληνικῆς

97 1117 225 1148 παιδείας
239 1118 363 1152 ἄμοιρος,
376 1119 476 1154 ἐπέστη
494 1121 526 1155 τῇ
553 1120 703 1155 καταλήψει
717 1120 771 1147 τῶν
794 1121 893 1156 Ἁρμο-

102 1162 158 1190 ,αἱου
188 1163 296 1198 μέτρων
310 1172 317 1179 ·
340 1165 387 1191 καὶ
410 1166 477 1201 πρὸς
493 1166 527 1192 τὰ
539 1166 607 1202 μέλη
621 1166 675 1193 τῶν
686 1167 791 1194 ἐκείνου
799 1176 891 1203 γραμ-

99 1207 205 1242 μάτων,
219 1209 315 1244 ἐτέρας
330 1211 440 1245 γραφὰς
454 1211 620 1247 συνᾳδούσας
632 1214 688 1243 τοῖς
702 1213 892 1248 ἐκκλησιαστι-

98 1254 160 1285 κοῖς
184 1254 300 1289 δόγμασι
328 1255 492 1290 συνέθηκεν·
518 1258 597 1283 ὁποῖα
616 1257 691 1292 αὐτῷ
710 1258 847 1294 πεπόνητο
862 1259 892 1286 ἐν

99 1298 183 1330 Θείοις
193 1299 288 1334 ὕμνοις
300 1301 347 1327 καὶ
359 1302 506 1337 ἐγκωμίοις
515 1303 628 1329 ἀπαθῶν
648 1303 752 1339 ἀνδρῶν
769 1304 837 1339 (28).
847 1304 892 1339 Ἐξ

99 1344 208 1371 ἐκείνου
224 1354 253 1371 τε
268 1345 349 1380 Σύροι
365 1347 435 1373 κατὰ
449 1347 494 1373 τὸν
504 1348 585 1383 νόμον
595 1348 645 1383 τῆς
664 1349 806 1384 Ἁρμονίου
821 1349 893 1386 ᾠδῆς

98 1391 135 1416 τὰ
155 1390 202 1417 τοῦ
237 1391 356 1427 Ἐφραὶμ
381 1392 537 1427 ψάλλουσιν.
565 1388 674 1426 ἹῘλίκος
700 1394 748 1429 μὲν
774 1393 820 1422 οὖν
843 1396 892 1431 τὴν

100 1436 184 1470 φύσιν
202 1437 334 1471 ἐγεγόνει,
348 1438 395 1464 καὶ
419 1439 450 1465 ὲκ
471 1439 565 1466 τούτου
582 1440 778 1476 τεκμαίρεσθαι
793 1441 891 1477 χρεών.

99 1480 158 1508 Ἦν
175 1482 204 1508 δὲ
219 1484 320 1510 καὶτὸν
336 1483 404 1519 βίον,
421 1485 450 1517 ἐξ
476 1486 584 1519 ἀγαθῶν
597 1486 686 1521 ἔργων
702 1487 749 1513 κα)⁵
761 1487 893 1523 ἀκριϐοῦς

945 259 1008 277 nam
1025 251 1087 286 ejus
1104 252 1228 279 studiose
1243 253 1364 279 aemulati
1379 257 1456 280 sunt.
1474 252 1548 280 Inter
1569 260 1639 286 quos
1653 254 1731 281 nobi-

946 296 1044 323 lissimi
1069 290 1149 331 120
1171 297 1283 324 fuerunt
1299 297 1388 330 Abba,
1412 298 1561 329 Zcuohius,
1582 297 1730 328 Ilabraaui,

947 342 1037 369 Maras
1048 347 1132 377 atque
1144 342 1295 378 Syineones
1307 353 1313 371 :
1327 343 1429 378 quibus
1445 343 1519 378 Syri,
1533 348 1560 371 et
1573 343 1731 378 quicunque

945 389 1019 424 apud
1034 389 1120 424 Syros
1130 389 1322 424 exquisitioris
1335 390 1468 417 doctrinm
1478 389 1595 417 studiosi
1609 389 1729 420 fuerunt,

945 443 1109 470 magnopere
1136 436 1299 470 gloriantur.
1327 436 1384 464 Nec
1417 444 1497 463 secus
1526 436 1674 462 Paulcnam
1703 439 1731 462 et

944 481 1053 508 Arauad
1072 482 1238 515 eloquentia:
1259 489 1342 509 causa
1358 482 1520 509 celebrant:
1535 489 1582 508 eos
1607 485 1696 508 tamen
1715 488 1730 506 a

945 535 1008 564 vera
1026 526 1088 554 ﬁdei
1102 527 1227 554 doctrina
1254 527 1397 555 aberrasse
1415 527 1520 554 dicunt.
1541 526 1598 554 Nec
1622 527 1729 561 ignoro,

944 573 1009 600 olim
1025 580 1136 607 quoque
1154 572 1227 606 apud
1263 574 1403 600 Osroenos
1425 572 1510 599 fuisse
1536 572 1609 599 viros
1631 572 1732 599 doctis-

944 619 1042 651 simos,
1057 618 1239 645 Bardesanem
1263 617 1378 650 scilicet,
1389 618 1437 652 qui
1455 617 1579 645 haeresim
1595 625 1627 644 ex
1645 617 1730 651 ipsius

944 665 1055 692 nomine
1067 663 1230 699 appellatam
1242 663 1377 696 condidit,
1386 667 1413 690 et
1423 663 1598 690 llariuonium
1608 663 1729 696 ejusdem

943 711 1110 739 Bardesanis
1141 710 1249 737 ﬁlium:
1280 710 1325 743 qui
1356 717 1420 736 cum
1450 709 1553 736 Graecis
1576 709 1730 743 disciplinis

943 757 1051 791 egregie
1068 756 1213 783 institutus
1232 754 1340 785 fuisset,
1359 754 1463 788 primus
1482 754 1602 787 patrium
1621 760 1727 780 sermo-

942 809 1005 828 nem
1019 801 1114 828 metris
1129 807 1161 827 ac
1172 800 1292 827 modulis
1303 799 1454 833 subjecisse
1469 798 1581 829 dicitur,
1596 801 1623 824 et
1637 798 1729 825 choris

943 846 1093 874 tradidisse
1108 853 1114 871 :
1134 853 1189 880 qua
1202 845 1310 872 ratione
1324 844 1385 880 Syri
1400 844 1548 871 etiamnum
1574 843 1730 878 frequenter

943 892 1077 926 psallunt.
1091 899 1147 918 non
1161 891 1331 919 carminibus
1362 890 1396 917 ab
1427 888 1578 916 Ilartuouio
1604 889 1726 923 scriptis.

942 937 991 965 sed
1009 937 1134 964 numeris
1151 937 1212 971 ejus
1233 936 1369 964 utentes'.
1401 934 1468 961 Nam
1492 942 1555 961 cum
1573 942 1587 961 a
1616 940 1730 968 paterna

944 982 1043 1014 haeresi
1068 989 1125 1009 non
1154 981 1268 1009 omnino
1288 981 1394 1008 alienus
1413 984 1498 1013 esset,
1527 987 1618 1015 neque
1644 980 1730 1008 abiis

945 1036 1006 1063 qua:
1029 1028 1064 1055 de
1080 1027 1182 1059 anima,
1195 1030 1222 1054 et
1236 1027 1270 1055 de
1287 1031 1351 1054 ortu
1365 1031 1449 1061 atque
1463 1026 1576 1052 interitu
1593 1025 1730 1061 corporis,

943 1075 1031 1109 deque
1052 1073 1270 1108 regeneratione,
1297 1072 1454 1100 Graecorum
1482 1071 1637 1106 philosophi
1668 1077 1732 1098 sen-

943 1122 1028 1154 tiunt,
1046 1122 1154 1156 scripta
1171 1128 1220 1148 sua
1237 1120 1271 1147 ad
1297 1120 1363 1155 lyrae
1379 1124 1492 1146 cantutn
1511 1117 1678 1153 composuit,
1702 1120 1730 1145 et

942 1168 1088 1203 opiniones
1115 1167 1177 1194 illas
1205 1166 1338 1201 operibus
1364 1166 1423 1192 suis
1443 1164 1572 1192 inseruit.
1598 1163 1729 1198 Ephraim

942 1222 1019 1246 vero,
1033 1221 1096 1240 cum
1113 1212 1198 1249 Syros
1213 1217 1240 1240 et
1256 1213 1404 1240 verborum
1430 1210 1569 1246 elegantia
1590 1213 1618 1236 et
1633 1209 1730 1237 modu-

945 1260 1057 1288 lationis
1078 1258 1268 1286 concinnitate
1292 1258 1423 1286 deliuitos
1441 1256 1556 1288 videret,
1578 1262 1666 1290 eaque
1686 1262 1728 1282 ra-

943 1307 1017 1334 tione
1031 1305 1162 1342 paulatim
1190 1304 1301 1336 adduci.
1334 1307 1363 1330 ut
1394 1303 1464 1330 idem
1486 1309 1548 1329 cum
1580 1300 1730 1328 Harmonio

943 1352 1090 1383 sentirent,
1110 1351 1190 1386 ipse,
1218 1350 1293 1378 licet
1308 1348 1410 1376 Graeca:
1426 1346 1591 1374 eruditionis
1619 1353 1728 1380 expers,

943 1406 1054 1434 operam
1071 1397 1147 1425 dedit
1170 1401 1199 1424 ut
1224 1395 1369 1423 Ilarnionii
1394 1400 1525 1421 numeros
1552 1391 1730 1427 intelligentia

944 1449 1141 1479 assequeretur
1156 1452 1162 1470 :
1178 1446 1206 1469 et
1221 1443 1299 1476 juxta
1319 1447 1449 1468 numeros
1470 1439 1636 1473 scriptorum
1660 1437 1730 1464 Har.

944 1491 1043 1523 monii,
1067 1489 1140 1517 alios
1157 1488 1317 1523 composuit
1341 1486 1441 1517 libros.
1466 1484 1665 1512 ecclesiastica:
1680 1485 1730 1511 do-

102 1528 242 1561 πολιτείας
256 1530 399 1565 ἐπιφανὴς,
413 1532 459 1557 καὶ
473 1532 588 1566 ἡσυχίας
610 1534 650 1564 είς
672 1533 742 1566 ἄγαν
761 1534 889 1570 ἐραστής.

945 1538 1038 1565 ctrina:
1051 1535 1269 1564 consentientes.
1287 1532 1450 1568 Cujusmodi
1481 1535 1547 1559 sunt
1566 1538 1610 1562 ea,
1625 1538 1685 1565 qua:
1702 1530 1730 1558 in

100 1575 206 1609 Σεμνὸς
220 1575 259 1607 δὲ,
275 1576 320 1602 καὶ
334 1576 383 1608 τὰς
412 1576 537 1609 διαϐολὰς
563 1578 609 1605 ἐπὶ
623 1580 749 1607 τοσοῦτον
764 1580 893 1607 εὐλαϐού-

103 1629 197 1654 μενος,
213 1620 250 1652 ὡς
266 1621 354 1657 πάσης
372 1623 501 1656 γυναικὸς
520 1624 567 1650 καὶ
593 1625 677 1660 αὐτὴν
694 1625 743 1660 τὴν
765 1625 829 1653 θέαν
842 1635 894 1660 φυ-

98 1666 258 1694 λάττεσθαι,
277 1668 361 1702 Λόγος
380 1669 446 1702 γοῦν
461 1679 526 1696 ποτε
544 1672 659 1705 γυναῖκά
669 1681 728 1699 τινα
743 1673 830 1708 ἀμελῆ
847 1673 893 1700 τὸν

102 1712 172 1746 βίον,
192 1713 288 1749 ἀναιδῆ
305 1714 332 1740 δὲ
350 1715 414 1746 ἴσως
426 1716 471 1742 τὸν
485 1716 597 1750 τρόπον,
614 1717 630 1751 ἢ
647 1718 733 1753 αὐτὴν
749 1718 795 1745 τὸν
810 1719 894 1754 ἄνδρα

101 1759 252 1794 πειρῶσαν,
268 1760 343 1794 ἦὲπὶ
371 1760 459 1796 μισθῷ
479 1761 557 1788 τοῦτο
574 1762 663 1795 ἄλλοις
681 1764 892 1797 σπουδάζουσαν,

102 1805 230 1840 ἐπίτηδες
260 1806 288 1832 ἐν
317 1807 447 1842 στενωπῷ
480 1808 688 1843 ἀντιπρόσωπον
721 1810 891 1845 ὑπαντῆσαι,

101 1851 349 1886 ἀσκαρδαμυκτὶὲς
358 1853 438 1880 αὐτὸν
456 1853 616 1888 βλέπουσαν.
629 1855 680 1881 Τὸν
691 1855 719 1881 δὲ
733 1856 892 1890 ἐπιτιμῆσαι

101 1898 183 1932 αὐτῇ,
199 1899 245 1924 καὶ
262 1899 300 1930 είς
317 1900 369 1934 γῆν
385 1901 450 1936 ὁρᾷν
472 1901 737 1937 παρακελεύσασθαι.
757 1902 810 1928 Καὶ
824 1902 891 1935 πῶς,

101 1943 155 1978 ἔφη
170 1945 185 1978 ή
201 1945 280 1980 γυνὴ,
294 1945 354 1980 ἥτις
367 1947 417 1973 οὐκ
427 1947 481 1974 ἀπὸ
494 1948 555 1983 γῆς,
568 1947 626 1974 ἀλλ’
639 1949 671 1974 ὲκ
683 1948 729 1974 σοῦ
741 1947 891 1982 ὲγενόμην;

100 1989 271 2026 δικαιότερον
299 1992 353 2028 γὰρ
379 1990 460 2024 εἶναι,
479 1994 508 2020 σὲ
527 1995 574 2029 μὲν
600 1995 639 2026 εἰς
656 1995 707 2028 γῆν
722 1994 787 2028 ὁρᾷν
799 1994 844 2028 ἀφ’
859 1991 893 2029 ἦς

101 2036 175 2070 ἔχεις
191 2037 240 2072 τὴν
253 2037 374 2071 γένεσιν
393 2040 442 2075 ἐμὲ
461 2040 499 2072 δὲ,
521 2041 561 2072 εἰς
575 2041 605 2067 σὲ
621 2040 681 2067 ὅθεν
693 2041 760 2075 εἰμί.
781 2040 893 2074 Θαυμά-

101 2091 153 2114 σας
165 2082 194 2108 δὲ
207 2083 237 2109 τὸ
251 2083 361 2117 γύναιον
370 2085 498 2121 Ἐφραὶμ,
508 2087 548 2118 είς
562 2085 731 2121 σύγγραμμα
742 2085 771 2112 τὸ
786 2086 892 2121 συμὸὰν

100 2129 298 2164 ἐσχημάτισεν,
308 2130 374 2168 ὅπερ
381 2131 474 2167 Σύρων
484 2132 568 2166 λόγιοι
575 2133 604 2159 ὲν
614 2133 669 2164 τοῖς
679 2132 831 2163 σπουδαίοις
839 2132 892 2159 τῶν

100 2174 187 2201 αὑτοῦ
199 2174 285 2209 λόγων
306 2177 447 2212 τετάχασι.
473 2177 589 2212 Λέγεται
613 2178 678 2212 γοῦν
704 2177 735 2203 τὸ
753 2178 817 2213 πρὶν
835 2176 889 2213 (⁸29)

944 1583 1055 1619 hymnis
1074 1586 1102 1609 et
1120 1582 1148 1609 in
1163 1580 1299 1609 encomiis
1313 1583 1473 1608 sanctorum
1490 1577 1613 1604 virorum
1630 1577 1664 1604 ab
1683 1576 1731 1603 illo

944 1633 1010 1657 sunt
1024 1629 1176 1656 elaborata.
1188 1626 1227 1654 Ex
1240 1634 1273 1654 eo
1287 1630 1411 1661 tempore
1427 1623 1488 1659 Syri
1503 1623 1584 1658 juxta
1600 1629 1730 1649 numeros

944 1676 1116 1704 canticorum
1143 1672 1296 1704 Harmonii,
1324 1672 1427 1706 scripta
1455 1669 1585 1705 Ephraitn
1614 1668 1730 1703 psallere

944 1723 1044 1750 solent.
1057 1721 1199 1754 Quantum
1214 1719 1296 1754 igitur
1311 1717 1421 1752 ingenio
1432 1716 1558 1748 valuerit,
1572 1715 1635 1742 hinc
1648 1714 1730 1742 etiam

945 1769 1012 1795 licet
1036 1767 1185 1802 conjicere.
1210 1765 1290 1798 Quod
1309 1771 1373 1792 vero
1398 1765 1432 1790 ad
1454 1763 1538 1789 vitam
1563 1762 1670 1793 attinet,
1696 1767 1731 1788 ex

948 1814 1031 1842 bonis
1049 1813 1181 1848 opt-ribus
1196 1816 1224 1839 et
1238 1817 1332 1838 severa
1349 1809 1558 1837 conversatione
1573 1815 1626 1835 non
1640 1807 1730 1833 minus

945 1864 1085 1895 spectatus
1104 1858 1167 1885 fuit.
1189 1857 1255 1884 Erat
1278 1856 1379 1891 quietis
1398 1854 1622 1886 amantissimus;
1639 1853 1730 1887 gravis

944 1909 1098 1941 praeterea,
1123 1908 1152 1931 et
1181 1902 1336 1930 calumnias
1359 1905 1504 1935 tantopere
1536 1903 1672 1930 metuens,
1701 1904 1731 1925 ut

943 1951 1070 1986 cujusvis
1090 1949 1216 1976 mulieris
1238 1948 1279 1975 vel
1298 1948 1388 1975 solum
1413 1949 1554 1980 aspectum
1581 1944 1727 1979 refugeret.

944 1997 1046 2024 Fertur
1065 2003 1132 2024 sane
1147 1995 1291 2022 mulierem
1317 1992 1463 2027 quamdam
1492 1991 1632 2018 solutioris
1655 1991 1727 2022 vita,

943 2048 971 2071 et
986 2043 1110 2070 morihus
1126 2042 1244 2068 fortasse
1261 2039 1485 2070 inverecundam,
1499 2038 1558 2064 sive
1571 2044 1620 2064 sua
1633 2041 1729 2070 sponte

943 2092 1097 2125 permotam
1121 2091 1151 2114 ut
1165 2087 1302 2114 hominem
1319 2088 1451 2117 tentaret,
1474 2083 1532 2110 sive
1550 2083 1585 2110 ab
1603 2083 1664 2110 aliis
1681 2089 1728 2109 ωας

944 2140 1023 2170 cepta
1040 2134 1167 2162 mercede
1182 2133 1215 2160 ad
1231 2133 1285 2160 hoc
1300 2131 1434 2167 agendum
1451 2130 1608 2165 impulsam,
1635 2128 1669 2156 de
1686 2128 1728 2155 in-

943 2179 1049 2207 dustria
1064 2179 1089 2206 ei
1108 2179 1135 2206 in
1150 2178 1295 2213 angiportu
1311 2176 1429 2211 quodam
1451 2174 1615 2202 ex‘adverso
1630 2181 1728 2201 occur~

99 2221 230 2257 ἀκρατῶς
244 2222 330 2258 ὀργῆς
341 2223 421 2259 ἔχων,
434 2225 480 2258 ἀφ’
495 2222 526 2251 οἷ)
540 2225 588 2260 τὴν
602 2225 766 2260 μοναστικὴν
780 2225 889 2260 ἀγωγὴν

945 2226 1025 2258 risse,
1041 2225 1155 2253 intentis
1170 2223 1259 2252 oculis
1278 2230 1341 2251 cum
1359 2224 1545 2250 contuentem.
1570 2219 1649 2247 Illum
1663 2225 1730 2246 vero

141 2340 262 2369 'Euseh.
280 2341 350 2368 Hist.
371 2342 419 2369 lib.
440 2350 477 2375 tv,
493 2350 517 2370 c.
531 2343 572 2372 50.

686 2430 822 2460 VALESII
838 2431 1114 2461 ANNOTATIONES.

141 2544 193 2579 (27)
222 2544 389 2580 Παυλωνᾷν
413 2539 463 2572 καὶ
486 2544 619 2580 Ἆρονὰδ.
645 2544 694 2580 Sic
707 2544 789 2580 etiam
815 2549 893 2572 vocat

99 2581 272 2614 Nicephorus
288 2580 337 2606 hos
355 2579 488 2614 Ephraami
503 2579 666 2614 discipulos.
687 2579 715 2606 In
734 2579 827 2607 codice
851 2584 892 2606 ta-

99 2613 336 2650 Iucn'Fulgetiano
356 2613 490 2649 scriptum
515 2613 605 2642 inveni
633 2615 749 2650 Ἀρανᾷν
770 2614 792 2640 δ’
813 2615 892 2641 ἐπαι-

99 2650 203 2676 νοῦσιν.
231 2648 317 2676 Porro
338 2648 474 2678 Paulonas
500 2651 569 2677 idem
588 2654 630 2677 est
657 2648 690 2677 ac
716 2649 824 2675 Paulus.
846 2650 891 2676 Sic

99 2685 173 2711 enim
190 2684 251 2719 Syri
266 2684 359 2711 Grtcca
376 2686 486 2712 nomina
496 2685 660 2718 detorquere
670 2688 890 2718 censuevcraut;

99 2719 175 2746 verbi
209 2719 297 2753 gratia
342 2720 524 2747 Maxiutonam
557 2719 691 2746 vocabant
729 2719 889 2753 episcopum

100 2754 355 2789 Hierosolymorum
376 2755 422 2789 qui
438 2755 518 2789 vulgo
535 2754 668 2781 Maximus
688 2754 840 2784 dicebatur,
860 2759 889 2781 ut

101 2793 220 2816 testatur
245 2788 423 2823 Epiphanius.
447 2788 496 2816 Sic
513 2789 664 2823 Ilesychatn
687 2789 814 2815 dicebant
837 2796 886 2820 pro

101 2823 239 2859 Ilesyehio
253 2823 324 2851 beati
341 2824 488 2852 Hilarionis
503 2824 646 2859 discipulo.
664 2825 735 2851 sicut
756 2831 838 2857 supra
853 2825 893 2857 vi:

100 2860 204 2887 dimus.
221 2858 307 2886 Porro
321 2867 383 2886 cum
399 2859 442 2887 his
458 2858 717 2894 duobus'l'lphractui
732 2859 886 2892 discipulis,

942 2545 990 2580 qui
1008 2553 1024 2571 a
1036 2548 1112 2572 recto
1134 2544 1196 2572 ﬁdei
1212 2544 1320 2572 tramite
1343 2547 1527 2575 recesserunt,
1543 2539 1728 2569 numerandus

941 2584 999 2607 erat
1015 2580 1096 2607 etiam
1113 2581 1219 2614 Apollo.
1384 2614 1388 2615 γ
1446 2614 1449 2615 ν
1481 2613 1488 2615 _
1517 2612 1529 2615 _
1587 2610 1597 2615 -
1677 2610 1692 2615 ..

977 2614 1031 2650 (28)
1048 2615 1102 2641 Kal
1119 2610 1276 2650 ἐγκωμίοις
1292 2614 1414 2642 ἀπαθῶν
1435 2612 1576 2650 ἀνδρῶνκ
1587 2610 1615 2650 In
1633 2610 1728 2637 codice

940 2646 1039 2677 Leonis
1056 2646 1145 2677 Allatii
1171 2646 1302 2685 scriptum
1331 2654 1373 2678 est
1399 2646 1508 2683 ἀγαθῶν
1530 2646 1652 2681 ἀνδρῶν,
1672 2652 1726 2672 non

942 2686 1023 2711 male.

977 2720 1032 2755 (29)
1044 2720 1213 2755 Λέγεταιντὸ
1225 2720 1307 2753 πρίν.
1331 2719 1360 2746 In
1376 2719 1469 2747 codice
1488 2715 1727 2755 Fukctijtnqscri-

941 2750 1122 2815 Etum'inveni
1151 2750 1258 2788 λέγεται
1269 2755 1322 2789 γὰρ
1347 2755 1376 2781 τὺ
1398 2754 1463 2794 πρὶν
1489 2751 1614 2787 ἀκρατῶς
1639 2750 1725 2792 ὀργῆς

954 2798 1020 2815 νων.
1036 2794 1089 2815 etc.
1107 2790 1198 2815 Ouare
1213 2791 1347 2815 assentior
1362 2789 1612 2815 Cltrtstonhorsono
1630 2789 1656 2811 ct
1670 2787 1723 2811 Sa-

954 2798 1020 2824 χων,
1036 2794 1089 2817 etc.
1107 2790 1198 2821 Quare
1213 2787 1347 2816 assentior
1362 2787 1656 2824 Christophorsonoct
1670 2787 1723 2824 sa-

941 2821 1016 2857 v'i'lio,
1033 2825 1080 2859 qui
1096 2825 1122 2850 iu
1133 2825 1254 2858 margine
1267 2832 1378 2852 suorum
1390 2821 1514 2851 codicqu
1528 2821 1725 2849 ctucudarunt:

941 2859 1049 2893 λέγεται
1063 2859 1127 2893 γοῦν
1142 2860 1171 2886 τὸ
1188 2860 1262 2895 πρὶν,
1275 2864 1329 2887 etc.
