1899 3077
73 134 148 164 H29

582 136 748 164 HISTORIA
761 136 1041 166 ECCLESIASTICA.
1063 155 1097 160 —
1117 139 1181 167 LIB.
1203 139 1247 167 IV.

1634 141 1703 170 I130

71 197 179 230 Λύσιν,
212 195 319 228 πλείους
350 196 366 231 ἢ
395 196 547 232 τριακόσιοι
582 198 765 232 συνελέγησαν
791 198 846 234 (65)

930 201 1030 235 )pinari
1048 201 1126 236 licet,
1154 210 1188 231 eo
1203 201 1298 231 venire
1313 201 1558 229 detrectantibus‘.
1573 201 1612 229 Ex
1629 201 1708 231 Occi-

75 242 242 275 ’Λξιούντων
253 242 282 268 δὲ
292 242 347 268 τῶν
355 241 409 268 ἀπὸ
417 242 466 278 τῆς
477 242 535 270 Ἕω
545 244 737 276 καταδικάζειν
752 245 865 272 Ἀθανα-

69 288 144 320 σίου,
164 287 202 319 ὡς
216 287 250 314 ἂν
263 287 402 319 παντελῶς
415 286 563 324 ἀπελαθείη
578 289 628 324 τῆς
650 289 863 325 Ἀλεξανδρείας,

70 334 98 361 οι
114 333 167 368 μὲν
183 333 269 363 ἄλλοι,
283 333 300 370 ἢ
313 333 378 366 δέει,
395 333 411 368 ἢ
431 333 534 369 ἀπάτῃ,
552 334 569 369 ἢ
593 334 691 370 ἀγνοίᾳ
710 335 764 361 τῶν
780 334 864 361 ὅντων

71 379 216 414 συνῄνουν.
234 378 319 405 Μόνοι
328 378 368 410 δὲ,
382 378 519 410 Διονύσιος
534 380 549 405 ὸ
561 379 663 411 ’Δλὸας
682 379 831 411 ἐπίσκοπος
839 383 863 412 ⁸,

74 425 195 456 Ἰταλίας
221 424 250 450 δὲ
278 424 326 459 ἣδε
357 425 374 459 ή
406 424 590 460 μητρόπολις,
621 425 668 451 καὶ
698 424 827 456 Εὐσέϐιος
850 425 864 451 ὁ

67 471 241 506 Μαρκέλλων
260 471 310 505 τῆς
328 471 478 506 Λιγυρίας,
498 471 629 504 Παυλῖνος
651 472 665 498 ὁ
689 471 842 507 Τριὸέρεως
854 491 862 504 ,

67 517 119 543 καὶ
143 516 266 548 Ῥοδανὸς
291 516 365 552 (64),
400 517 447 543 καὶ
468 517 608 553 Λούκιφερ
630 517 798 554 ἀνέκραγον,
817 518 864 544 καὶ

68 562 263 599 ἐμαρτύραντο
290 563 329 598 μὴ
355 563 455 599 χρῆναι
476 563 526 590 ὡδὶ
556 563 656 599 ῥᾳδίως
681 563 863 590 καταδικάσαι

74 608 238 634 ’Δθανασίου
258 616 266 623 ·
292 607 360 643 μηδὲ
387 607 442 644 γὰρ
464 609 529 644 ἄχρι
557 609 674 641 τούτου,
702 610 726 636 εἰ
748 608 862 643 γένοιτο,

69 653 218 689 στήσεσθαι
237 654 268 680 τὸ
282 654 367 680 κακόν
380 662 386 668 ·
402 654 539 689 χωρήσειν
553 654 582 681 δὲ
599 654 649 691 τὴν
657 654 803 690 ἐπιϐουλὴν
817 654 863 681 καὶ

67 700 132 726 κατ’
150 700 240 726 αὐτῶν
258 699 311 727 τῶν
332 699 420 735 ὀρθῶς
440 700 504 735 περὶ
523 699 589 726 Θεοῦ
614 699 799 735 δεδογμένων·
817 700 864 726 ἐπὶ

69 746 230 781 καθαιρέσει
253 755 282 773 τε
297 747 346 781 τῆς
363 748 392 773 ὲν
413 747 517 782 Νικαίᾳ
534 747 664 779 πίστεως,
682 747 767 773 ταῦτα
781 755 863 773 σπου-

67 792 201 823 δάζεσθαι
226 793 301 828 παρὰ
324 792 372 818 τοῦ
396 792 529 828 βασιλέως
553 793 601 819 καὶ
621 792 676 820 τῶν
694 794 728 820 τὰ
757 792 862 828 ’Δρείου

69 838 252 873 φρονούντων.
282 839 336 865 Καὶ
363 839 389 865 οἱ
419 839 479 874 μὲν,
507 836 560 865 ὦδε
595 839 860 875 παῤῥησιασάμενοι,

68 885 220 921 ὑπερορίας
237 887 308 921 φυγῇ
324 885 559 921 κατεδικάσθησαν
572 893 578 900 ·
598 886 646 912 σὺν
659 885 764 917 τούτοις
778 886 863 912 δὲκαὶ

73 931 203 967 Ίλάριος.
236 931 334 967 Ἀληθῆ
365 931 394 957 δὲ
417 931 464 958 τοῦ
497 932 525 958 έν
548 932 706 967 Μεδιολάνῳ
734 932 863 966 συλλόγου

67 977 160 1003 αἰτίαν
182 974 251 1003 εἶναι
277 977 311 1011 ἦν
327 977 431 1010 ἔλεγον,
454 977 599 1003 έπιστοῦτο
616 978 633 1012 ἡ
658 977 803 1008 ἀπόϐασις.
826 977 862 1003 Ub

67 1023 161 1058 πολλῷ
186 1023 240 1058 γὰρ
266 1023 379 1059 ὕστερον
400 1024 416 1059 ἡ
434 1024 463 1049 ἐν
483 1024 621 1059 Ἀριμήνῳ
646 1023 693 1050 κα)¹
717 1023 863 1059 Σελευκείᾳ

67 1069 178 1100 σύνοδος
198 1069 341 1104 συνελέγη,
359 1070 405 1096 καὶ
426 1070 544 1105 ἑκατέρα
558 1070 628 1096 κατὰ
640 1070 694 1096 τῶν
715 1070 743 1095 ἐν
761 1069 863 1105 Νικαίᾳ

66 1115 236 1150 δεδογμένων
253 1115 425 1150 νεωτερίζειν
437 1116 625 1152 ἐπεχείρησεν,
639 1116 677 1148 ὡς
688 1116 788 1142 αὐτίκα
801 1116 863 1142 ἐπι-ι

67 1160 157 1193 δείξω.
188 1161 348 1193 Ἀθανάσιος
364 1161 393 1188 δὲ
416 1162 577 1197 πειθόμενος
596 1161 820 1188 ὲπιὸουλεύεσθαι
833 1163 862 1188 ἐν

66 1208 123 1239 τοῖς
140 1206 298 1242 βασιλείοις,
320 1206 401 1238 αὐτὸς
417 1206 466 1241 μὲν
485 1207 556 1242 πρὸς
571 1207 685 1242 βασιλέα
695 1206 783 1233 ἐλθεῖν
800 1207 861 1234 οὔτε

67 1253 236 1289 ἐθάρρησεν,
251 1252 313 1279 οὔτε
329 1253 480 1280 λυσιτελεῖν
492 1253 663 1288 ἐδοκίμασεν.
685 1253 862 1288 Ἐπιλεξάμε-

67 1307 110 1330 vo;
137 1299 165 1324 δὲ
188 1298 242 1325 τῶν
266 1298 295 1325 ὲν
315 1297 446 1333 Αἰγύπτῳ
471 1299 629 1325 ἐπισκόπων
649 1298 746 1331 πέντε,
772 1295 809 1325 ὧν
827 1297 861 1334 ἦν

67 1344 210 1379 Σεραπίων
224 1344 239 1370 ὁ
255 1343 390 1378 Θμουαῖος
401 1363 409 1376 ,
427 1343 497 1380 ἀνὴρ
517 1345 546 1375 ἐς
560 1344 595 1371 τὰ
610 1344 727 1379 μάλιστα
742 1344 789 1371 τὸν
804 1345 862 1380 βίον

67 1389 223 1421 θεσπέσιος,
249 1389 296 1416 καὶ
319 1390 408 1424 λέγειν
430 1389 528 1424 δεινὸς,
551 1391 656 1425 πέμπει
675 1391 714 1422 ὡς
738 1391 860 1426 βασιλέα,

69 1436 138 1471 πρὸς
151 1435 234 1462 Δύσιν
247 1435 307 1462 τότε
322 1435 372 1470 τῆς
385 1436 539 1471 ἀρχομένης
553 1435 861 1472 διάγοντα.Συμπέμπει

66 1482 94 1508 δὲ
105 1483 198 1513 αὐτοῖς
210 1481 257 1508 καὶ
266 1482 315 1516 τῆς
329 1482 374 1508 ὑπ’
388 1482 468 1508 αὐτὸν
481 1481 645 1517 Ἐκκλησίας
658 1482 860 1518 πρεσϐυτέρους

66 1529 152 1563 τρεῖς.
173 1528 391 1561 καταλλάξοντας
418 1528 492 1563 αὑτῷ
509 1528 554 1555 τὸν
576 1528 739 1564 κρατοῦντα,
761 1530 808 1556 καὶ.
827 1530 860 1565 ἢν

67 1574 131 1607 δέοι,
157 1575 225 1609 πρὸς
246 1575 295 1606 τὰς
311 1574 437 1606 διαϐολὰς
457 1574 512 1601 τῶν
536 1575 666 1602 ἐναντίων
687 1575 857 1611 ἀπολογησο-

69 1622 178 1656 μένους,
193 1621 241 1648 καὶ
255 1621 289 1648 τὰ
300 1621 368 1649 ἄλλα
390 1621 554 1656 πράξοντας,
574 1621 628 1657 ὅπη
642 1622 675 1648 ἀν
693 1623 726 1658 τῇ
745 1622 859 1658 Ἐκκλη-

68 1668 112 1702 dig.
132 1668 182 1694 καὶ
195 1667 269 1703 αὐτῴ
287 1667 387 1703 ἄριστα
409 1667 591 1701 γινώσκωσιν.
614 1667 857 1694 ’Λποπλευσάντων

67 1712 95 1739 δὲ
118 1713 221 1746 αὐτῶν,
246 1713 305 1747 μετ’
325 1712 355 1739 οὐ
382 1712 449 1738 πολὺ
474 1712 627 1747 γράμματα
651 1712 698 1739 τοῦ
725 1713 858 1747 βασιλέως

67 1758 175 1791 ἐδέξατο
189 1763 201 1782 1
213 1778 221 1790 ,
239 1758 374 1785 καλοῦντα
396 1758 477 1785 αὑτὸν
492 1759 532 1790 εἰς
548 1758 582 1785 τὰ
598 1758 730 1793 βασίλεια.
752 1759 814 1786 Ἐπὶ
827 1759 855 1785 δὲ

66 1805 152 1840 τούτῳ
166 1805 248 1837 αὐτὸς
271 1804 430 1836 Ἀθανάσιος
445 1806 491 1832 καὶ
514 1807 528 1832 ὁ
545 1805 608 1837 λαὸς
624 1806 673 1841 τῆς
694 1806 856 1840 Ἐκκλησίας

66 1850 266 1886 ἐταράχθησαν,
288 1850 335 1877 καὶ
363 1850 505 1885 ὲναγὼνιοι
527 1848 613 1886 ἦσαν,
634 1851 695 1877 οὗτε
714 1851 855 1878 πείθεσθαι

66 1895 104 1931 τῷ
118 1895 234 1930 βασιλεῖ,
245 1896 390 1931 έτεροδόξῳ
402 1896 470 1929 ὄντι,
484 1896 604 1930 ἀσφαλὲς
617 1896 783 1931 νομίζοντες,
793 1896 855 1923 οὕτε

66 1942 188 1968 ἀπειθεῖν
202 1942 353 1970 ἀκίνδυνον.
374 1942 500 1978 Ἐκράτει
517 1943 546 1969 δὲ
560 1943 635 1978 ὅμως
652 1943 759 1980 μένειν·
777 1943 824 1970 καὶ
842 1943 857 1969 ὁ

65 1988 99 2015 τὰ
121 1988 274 2024 γράμματα
289 1989 416 2024 κομίσας.
434 1988 574 2024 ἄπρακτος
588 1989 747 2025 ἀνέστρεφε.
769 1989 814 2024 Τῷ
827 1989 855 2016 δὲ

65 2033 250 2069 ἐπιγενομένῳ
274 2034 358 2070 θέρει,
378 2034 600 2070 παραγενόμενος
612 2033 706 2070 ἕτερος
728 2035 761 2061 έκ
776 2034 855 2070 βασι-

66 2077 130 2110 λέως
142 2079 192 2105 σὺν
208 2079 264 2111 τοῖς
276 2080 305 2106 ἐν
320 2079 358 2115 τῷ
373 2079 444 2106 ἔθνει
460 2080 584 2115 ἄρχουσι,
598 2081 764 2115 κατήπειγεν
774 2080 856 2107 αὐτὸν

101 2136 108 2151 ¹
124 2134 203 2164 Socr.
221 2136 269 2163 lib.
289 2144 319 2164 ιι.
336 2144 361 2164 c.
376 2136 422 2164 36.

916 244 1073 275 dentalibus
1092 252 1185 275 autem
1210 247 1347 283 episcopis
1370 247 1465 282 plures
1485 254 1567 282 quam
1593 249 1706 275 trecenti

916 289 1039 317 adfuere.
1062 290 1130 318 Cum
1158 297 1249 320 autem
1272 292 1426 320 Orientales
1442 292 1626 320 Athanasium
1641 300 1708 321 con-

915 334 1040 362 demnari
1064 336 1181 370 vellent,
1199 344 1254 373 quo
1282 337 1394 372 penitus
1424 337 1589 365 Alexandria
1615 338 1708 374 expel-

914 380 1031 415 leretur,
1045 382 1139 409 caateri
1149 383 1260 418 quidem
1275 391 1372 411 omnes
1384 383 1487 419 partim
1503 388 1575 411 metu
1583 404 1594 416 .,
1607 384 1706 418 partim

915 424 1012 453 fraude
1036 431 1064 454 et
1078 428 1250 463 ignoratione
1276 437 1369 457 rerum
1397 429 1521 462 inducti,
1540 437 1706 458 consensum

914 470 1101 505 praebuerunt.
1118 472 1175 500 Soli
1193 473 1344 510 Dionysius
1358 474 1438 511 ιω
1452 476 1600 511 episcopus
1616 476 1703 508 Albae,

914 521 976 547 qua
991 516 1152 551 metropolis
1170 522 1212 545 est
1234 517 1328 551 Ilaliae,
1346 518 1482 547 Eusebius
1498 519 1684 548 Vercellarum
1697 541 1706 553 ,

914 567 976 595 qua:
1005 561 1071 589 urbs
1100 567 1143 591 est
1174 563 1305 599 Liguriae,
1339 565 1473 594 Paulinus
1509 565 1705 599 Trevirorum.

914 606 1067 636 Rhodanus
1091 616 1123 636 ac
1156 609 1269 638 Lucifer
1297 611 1505 640 reclamarent:
1522 617 1706 641 contestantur

914 660 970 680 non
996 654 1033 681 ita
1057 659 1160 683 temere
1187 656 1374 684 damnandum
1410 665 1472 685 esse
1498 658 1704 686 Athanasium:

914 697 996 732 idque
1022 698 1046 726 si
1067 698 1158 734 ﬁeret,
1185 700 1287 727 malum
1316 701 1371 727 illic
1385 709 1440 728 non
1464 701 1639 736 quieturum:
1658 702 1706 729 sed

914 743 1048 772 adversus
1075 753 1106 772 ea
1126 753 1188 780 qum
1215 746 1249 774 de
1268 746 1324 774 Deo
1348 751 1424 774 recte
1453 747 1565 775 decreta
1592 752 1704 779 essent,

914 798 1123 825 progressurum
1146 800 1206 820 esse
1234 792 1371 821 fraudem.
1399 792 1493 828 Neque
1510 794 1565 821 alio
1589 794 1706 823 consilio

915 836 1108 870 imperatorem
1121 842 1147 865 ct
1159 838 1275 866 Arianos
1293 839 1345 866 ista
1359 839 1463 869 moliri.
1479 847 1559 873 quam
1576 845 1606 866 ut
1619 839 1705 868 Nicae-

879 876 900 902 Β
914 889 978 908 nam
996 882 1076 910 fidem
1094 884 1265 911 subvertant.
1280 884 1313 911 Et
1339 885 1364 911 hi
1379 885 1491 919 quidem
1513 893 1575 912 cum
1590 886 1616 912 in
1632 886 1704 914 hunc

915 927 1026 954 modum
1041 928 1125 956 libere
1146 931 1279 964 prolocuti
1297 935 1405 962 essent,
1418 931 1444 958 in
1461 931 1589 958 exsilium
1605 931 1705 966 depor-

916 973 963 1000 tati
975 978 1038 1000 sunt
1054 983 1061 1002 :
1081 982 1198 1010 cumque
1215 976 1258 1003 his
1277 977 1358 1003 etiam
1377 975 1509 1004 Hilarius.
1526 976 1603 1004 Hane
1614 981 1704 1004 autem

914 1025 1006 1046 veram
1047 1019 1131 1047 fuisse
1172 1028 1285 1049 causam
1316 1021 1529 1049 Mediolancnsis
1575 1022 1706 1056 concilii,

914 1071 996 1098 quam
1023 1066 1104 1093 modo
1121 1066 1195 1097 dixi,
1217 1067 1308 1094 exitus
1337 1067 1375 1094 rei
1406 1067 1569 1095 declaravit.
1597 1066 1706 1095 Etenim

914 1110 988 1137 haud
1017 1112 1104 1139 multo
1135 1116 1198 1147 post
1227 1113 1349 1148 synodus
1378 1113 1492 1140 Arimini
1520 1118 1547 1140 et
1573 1112 1706 1141 Seleucia:

913 1162 1081 1194 congregata
1108 1162 1168 1186 est:
1191 1167 1306 1193 quarum
1329 1166 1445 1194 utraque
1469 1165 1567 1186 contra
1592 1168 1624 1187 ea
1645 1168 1707 1195 qua:

913 1203 940 1229 in
962 1203 1068 1238 synodo
1095 1204 1205 1231 Nicmna
1233 1205 1382 1232 constituta
1408 1205 1533 1238 fuerant,
1553 1207 1706 1234 novitatem

913 1248 1045 1277 inducere
1083 1252 1215 1282 tentavit,
1249 1251 1330 1278 sicuti
1367 1258 1428 1277 mox
1461 1250 1703 1279 demonstrabitur.

912 1295 1001 1322 Porro
1015 1297 1184 1325 Athanasius
1194 1317 1201 1328 ,
1215 1306 1276 1323 eum
1292 1304 1454 1332 persuasum
1467 1297 1580 1325 haberet
1592 1298 1706 1326 insidias

913 1342 966 1369 sibi
979 1342 1006 1369 in
1025 1343 1128 1378 palatio
1143 1344 1315 1378 comparari,
1333 1344 1390 1378 ipse
1403 1344 1513 1378 quidem
1534 1345 1570 1371 ad
1587 1345 1704 1379 impera-

913 1387 981 1414 toris
1005 1387 1166 1415 eomitatum
1193 1388 1333 1423 proficisci
1353 1396 1403 1416 nec
1423 1396 1508 1417 ausus
1528 1393 1586 1422 est.
1613 1398 1664 1417 nee
1690 1398 1706 1418 e

913 1439 942 1459 re
959 1440 1009 1459 sua
1029 1432 1089 1460 fore
1104 1434 1284 1462 existimavit.
1310 1434 1402 1463 Lectis
1419 1443 1484 1463 vero
1502 1435 1536 1462 ad
1564 1444 1624 1463 eam
1649 1445 1704 1464 rem

913 1479 1034 1514 quinque
1045 1480 1198 1515 episcopis,
1215 1489 1248 1508 ex
1259 1489 1378 1516 quorum
1394 1489 1510 1509 numero
1525 1481 1577 1510 fuit
1590 1481 1706 1518 Serapio

913 1524 1112 1558 'I‘hmuitanus,
1135 1526 1177 1553 vir
1208 1527 1367 1554 admirabili
1387 1527 1451 1554 vita:
1473 1528 1658 1556 sanctimonia
1679 1535 1705 1557 et

913 1570 1022 1598 dicendi
1037 1572 1114 1606 copia
1140 1572 1273 1607 prmditus
1286 1593 1294 1606 ,
1308 1573 1341 1600 ad
1360 1573 1554 1608 imperatorem
1579 1575 1607 1602 iu
1627 1576 1706 1603 Occi-

913 1617 1004 1644 dentis
1018 1618 1142 1652 partibus
1166 1622 1222 1645 tum
1249 1618 1394 1654 degentem
1411 1627 1459 1648 eos
1484 1620 1571 1654 misit,
1588 1628 1705 1656 cumque

913 1665 954 1692 his
970 1668 1028 1692 tres
1041 1673 1148 1700 quoque
1168 1665 1298 1693 Ecclesiae
1317 1673 1374 1693 sua:
1388 1666 1566 1702 presbyteros
1582 1667 1703 1702 direxit,

910 1711 958 1745 qui
973 1711 1149 1745 imperatoris
1167 1711 1289 1738 animum
1308 1719 1372 1747 erga
1400 1712 1489 1747 ipsum
1504 1714 1662 1748 placarent,
1677 1719 1705 1742 et

911 1757 1131 1785 adversariorum
1156 1757 1319 1790 calumniis,
1343 1758 1367 1785 si
1382 1766 1452 1793 opus
1479 1759 1563 1792 foret,
1589 1768 1704 1796 respuu-

910 1803 1023 1837 derent;
1042 1807 1142 1830 cuncta
1162 1803 1281 1838 denique
1301 1809 1412 1839 agerent
1425 1824 1432 1836 ,
1449 1813 1510 1839 quae
1525 1810 1551 1833 et
1573 1805 1704 1835 Ecclesia:

910 1854 936 1876 et
949 1849 1000 1884 ipsi
1023 1849 1181 1877 conducere
1205 1849 1406 1877 existimarent.
1430 1851 1481 1883 Qui
1503 1859 1565 1878 cum
1581 1860 1597 1880 e
1622 1860 1702 1888 portu

911 1896 1080 1928 solvissent,
1106 1896 1178 1923 haud
1199 1897 1287 1923 multo
1316 1901 1378 1931 post
1398 1896 1575 1931 imperatoris
1596 1902 1702 1936 accepit

911 1942 1029 1975 litteras,
1043 1942 1145 1977 quibus
1162 1942 1197 1970 ad
1220 1942 1354 1978 palatium
1368 1943 1546 1971 evocabatur.
1563 1944 1600 1972 Ea
1615 1954 1660 1975 res
1675 1951 1702 1976 et

909 1987 1090 2015 Athanasium
1115 1988 1222 2022 ipsum,
1237 1992 1264 2015 et
1281 1988 1412 2023 populum
1431 1988 1563 2017 Ecclesiae
1581 1992 1700 2022 Alexan-

909 2035 996 2062 drinae
1015 2034 1137 2070 graviter
1150 2035 1341 2069 conturbavit,
1360 2043 1514 2072 magnaque
1526 2037 1700 2067 all‘eeitsolli—

910 2080 1175 2116 eitudinezquippe
1205 2082 1251 2116 qui
1289 2089 1340 2110 nec
1374 2082 1534 2118 imperatori
1568 2085 1699 2114 Arianam

654 2205 789 2234 VALESII
814 2206 1089 2235 ANNOTATIONES.

97 2249 153 2285 (65)
171 2250 299 2291 Πλειορς
322 2250 341 2285 ἢ
352 2250 514 2291 τριακόσιοι
531 2251 757 2292 ευνίε.ζέπησαν,
776 2251 846 2292 Idem

930 2253 1086 2292 iolanensis
1107 2253 1204 2292 synodi
1235 2258 1312 2289 gesta
1324 2256 1488 2292 qdescribit.
1518 2257 1586 2292 Ejus
1613 2260 1697 2288 verba

69 2292 208 2320 numerus
232 2286 422 2320 episcoporum
455 2286 501 2320 qui
531 2285 727 2314 Mediolanensi
755 2287 850 2315 conci—

68 2319 101 2346 lio
122 2318 441 2355 interfueruntflegitur
463 2318 540 2355 apud
572 2319 713 2348 Socratem
736 2322 763 2349 in
779 2323 850 2350 libro

67 2356 297 2391 secundmeapite
312 2355 356 2387 56,
377 2356 422 2382 ubi
440 2355 502 2383 vide
523 2363 584 2391 quin
599 2357 702 2383 notavi.
721 2356 850 2385 Celebra-

67 2393 119 2428 _tum
139 2395 181 2428 est
198 2390 415 2428 ho_c_conci_li_um
435 2398 508 2428 anno
533 2390 689 2428 antequam
712 2391 848 2428 Georgius

64 2425 100 2485 {ph
107 2425 443 2487 sedeng55Alexandrinam
469 2426 626 2457 invasisset,
649 2426 702 2454 hoc
717 2431 760 2456 est
775 2425 848 2456 anno

104 2465 161 2486 risu
239 2479 246 2486 .

104 2460 161 2486 risti
183 2460 246 2486 555.

97 2493 152 2529 (64)
173 2494 229 2533 K_al
241 2495 407 2533 Δψυδανός.
422 2495 599 2533 Βὴρςινειηίιιιη
616 2501 697 2525 vocat
711 2497 847 2533 Sulpitius

66 2526 180 2557 Severus
197 2530 224 2557 iu
241 2530 310 2558 libro
327 2526 449 2558 secundo
471 2531 598 2559 Historia:
613 2541 707 2566 sacra,
728 2526 773 2562 ubi
791 2533 847 2561 Me-

905 2292 972 2330 suut
988 2299 996 2316 :
1013 2288 1178 2330 R'hodanium
1202 2288 1304 2325 quoque
1320 2290 1469 2330 Elusamrrn
1479 2288 1636 2326 antiititem.
1652 2297 1697 2330 qui

905 2328 1014 2363 ’πρίω-α.
1032 2324 1132 2355 lenior.
1156 2333 1209 2352 non
1239 2330 1293 2352 tam
1310 2327 1366 2363 suis
1393 2328 1492 2355 uiribus
1509 2336 1589 2363 quam
1616 2324 1698 2358 Ηίία-

903 2359 938 2384 rii
958 2359 1084 2386 societate
1115 2368 1167 2386 non
1191 2366 1307 2388 cesserat
1328 2362 1447 2394 Arionis,
1462 2359 1554 2390 audiam
1580 2366 1696 2394 conditio

902 2394 1052 2431 implicuit;
1072 2399 1231 2423 cumtamen
1249 2404 1338 2423 omnes
1358 2398 1447 2431 parati
1468 2404 1554 2426 essent
1572 2401 1695 2428 Athana-

905 2429 974 2469 sium
985 2438 1002 2455 α
1014 2431 1197 2457 communione
1206 2429 1373 2470 suspendere,
1388 2433 1472 2470 modo,
1481 2439 1509 2460 ut
1521 2435 1554 2462 de
1564 2436 1617 2470 ﬁde
1626 2437 1696 2464 inter

902 2464 1039 2499 episcopos
1056 2470 1230 2499 quwreretur.
1243 2464 1291 2494 Sic
1303 2467 1377 2494 enim
1389 2475 1451 2495 eum
1465 2469 1554 2496 locum
1564 2464 1694 2499 'scriben-

901 2499 965 2525 dum
983 2507 1095 2527 censeo.
1114 2500 1249 2528 Baronius
1263 2506 1354 2529 tamen
1368 2502 1395 2529 in
1421 2503 1569 2532 Annalibus
1586 2514 1619 2534 ex
1633 2514 1692 2534 ma-

900 2535 1043 2570 nuscripto
1064 2535 1158 2564 codice
1178 2537 1317 2570 emendat,
1343 2537 1504 2566 Tolosanum
1532 2541 1690 2571 antistitem.

783 2610 964 2640 VARIORUM
969 2634 976 2640 .

96 2658 108 2672 ι
124 2655 280 2693 Διονύσιος
291 2657 624 2693 d_'A.16a¢7§:tl¢mozoc.
637 2657 783 2693 Dionysius
799 2658 844 2686 hic

63 2694 228 2728 merueratus
244 2691 316 2728 haud
333 2692 415 2728 dubie
434 2691 647 2720 Mediolanensis
663 2691 763 2728 praesul
777 2693 841 2721 fuit.

64 2722 123 2762 Erat
137 2726 272 2762 t:t_men_in
289 2726 484 2754 Mrdiolanensi
499 2722 671 2762 episcopatu'
687 2729 765 2760 urbs,
792 2736 842 2756 no-

899 2659 1092 2722 μηῖροπόιεως
1104 2662 1159 2688 τῶν
1170 2662 1300 2696 Γαλλιῶν,
1318 2668 1344 2690 et
1355 2663 1396 2690 sie
1405 2670 1502 2692 omnes
1515 2665 1690 2694 mss.’l‘lieod.

899 2701 924 2723 et
963 2697 1063 2723 annius
1092 2697 1199 2723 Iesum:
1216 2699 1282 2723 editi
1300 2705 1365 2723 vero
1385 2699 1516 2723 Παυλῖνηε
1540 2701 1555 2723 ὁ
1571 2702 1622 2723 τῆς
1638 2710 1689 2723 ωη-

897 2704 912 2723 e

963 2697 1063 2736 ennius
1092 2697 1199 2736 legunt;
1211 2699 1282 2736 editi
1300 2705 1365 2736 vero
1385 2699 1516 2732 Παυλῖνος
1540 2701 1555 2727 ὁ
1571 2702 1622 2736 τῆς
1637 2710 1689 2736 μη-

896 2731 1050 2767 τροπόλεως
1077 2731 1127 2767 τῆς
1155 2733 1280 2765 Ἰταλίας,
1308 2733 1381 2761 sicut
1411 2731 1550 2762 testantur
1583 2731 1687 2763 labdaii

63 2758 131 2797 utine
140 2760 208 2797 Alba
223 2759 362 2796 Pompeia,
375 2770 437 2797 quae
449 2758 615 2790 forte-causa
625 2763 677 2790 fuit
688 2758 841 2791 Salo-meno
894 2758 1074 2794 Benedictini.

64 2791 218 2833 Ill'ionysium
233 2791 307 2833 Λιᾴῶ
319 2791 480 2833 episcopum
498 2806 669 2832 nuncupare.
685 2798 738 2833 (CI.
752 2798 840 2826 Bene-

929 2806 951 2838 ¥_
964 2802 1234 2838 ’Aaaulsoa'u'rmr
1256 2804 1291 2831 δὲ
1321 2807 1435 2836 αὐτῶν,
1459 2806 1524 2838 μετ’
1552 2807 1587 2833 οὐ
1608 2806 1688 2834 πολὺ

63 2826 298 2875 ίίίξίιξιίιιξζιζιοι-.-ἰη
312 2826 441 2875 fdi/ranas.
458 2833 534 2875 Alpot.
553 2833 585 2860 de
594 2826 671 2875 litt-Qa,
682 2826 749 2875 pag.
766 2833 842 2875 .322.)

930 2826 1288 2875 μέρᾆὲᾷἓὶῧζέὶιὰἷλέοῖξ
1305 2826 1438 2873 έὲἕέιῖὲοἶ
1459 2826 1687 2875 ’ὢῖειιιῖἔηῖἶῶἶ

64 2862 137 2896 Apud
152 2864 285 2892 Athanas.
311 2867 380 2893 ibid.
400 2875 461 2893 mox
477 2862 603 2896 habetur"
621 2862 775 2901 Παυλῖνόςὸ
795 2862 845 2904 τῆς

177 2911 314 2941 Parnm.
332 2911 389 2942 Gn.
407 2913 512 2944 LXVII

900 2872 981 2898 minit
996 2872 1166 2909 Athanasius
1184 2878 1231 2901 aut
1246 2875 1325 2910 hujus
1347 2872 1503 2912 legationis.
1522 2872 1569 2902 a'ut
1581 2877 1686 2905 littera-

1483 2920 1519 2950 36
