1899 3077
52 160 126 187 ιιδς

503 157 668 188 HISTORIA
687 159 973 191 ECCLESIASTICA.
990 177 1026 182 —
1039 162 1104 192 LIB.
1125 163 1171 191 ιν.

1613 169 1681 196 1154

51 219 143 254 μιεῖον
162 217 193 242 τὺ
209 216 273 252 πρὶν
290 216 391 243 ὑδάτων
417 214 558 252 ἐτύγχανε.
575 217 686 253 Συνῄδει
702 217 729 244 δὲ
744 218 838 252 οὐδεὶς1

895 223 920 247 et
942 210 1061 260 obscuro
1085 220 1206 256 quodam
1232 220 1386 253 domicilio,
1417 222 1489 257 quod
1515 222 1578 250 olim
1605 232 1682 260 aqua:

38 265 68 312 Ιἢ
86 263 153 299 παρ’
173 259 215 294 οἷς
236 262 383 294 ἐλάνθανε,
410 262 456 288 καὶ
479 262 633 298 θεράπαινα
655 263 742 299 τούτῳ
760 264 843 299 πιστὴ

36 308 183 346 έδοκοϋσα,
201 309 239 341 ὡς
259 308 293 336 ἂν
315 308 389 344 αὐτῷ
411 308 558 344 διακονοίη.
583 309 687 344 Πολλῆς
712 310 739 336 δὲ
760 309 843 346 οὔσης

35 342 40 353 ⁸
52 359 172 394 σπουδῆς
184 359 241 390 τοῖς
263 342 425 392 ἐτεροδόξοις
449 342 592 393 ζωγρῆσαι
606 357 652 384 τὸν
666 342 759 393 ’ἄνδρα
773 378 781 391 ,
798 342 842 385 aia.

50 405 137 437 εἰκὸς,
151 404 200 431 ἐπὶ
223 403 320 439 δώροις
338 403 356 438 ἧ
375 403 553 438 ὑποσχέσεσιν
570 403 682 438 ἔμελλεν
696 403 777 430 αὐτὸν
791 412 841 430 κα-

50 450 202 487 ταμηνύειν
215 450 231 485 ἡ
243 449 405 485 θεράπαινα.
414 449 659 485 Προαναφήναντος
671 450 699 476 δὲ
712 450 759 476 τοῦ
773 449 841 476 Θεοῦ

49 497 99 533 τὴν
122 497 269 532 ἐπιϐουλὴν
282 516 289 529 ,
307 495 413 530 φθάσας
431 496 545 532 ἑτέρωθι
564 497 716 532 μετῴκησε.
746 497 801 523 Καὶ
824 497 841 531 ἡ

50 544 206 580 θεράπαινα
226 543 362 578 τιμωρίαν
381 542 501 574 ἔδωκεν,
523 543 562 575 ὡς
587 542 671 579 ψευδῆ
698 543 840 578 μηνύσασα

50 590 122 617 κατὰ
136 590 191 616 τῶν
208 588 346 623 δεσποτῶν
357 609 364 620 ,
382 588 407 614 οἳ
425 588 456 623 δὴ
473 588 667 626 πεφεύγεισαν.
681 589 719 615 Οὐ
741 588 795 623 γὰρ
810 588 841 615 τὸ

50 635 132 670 τυχὸν
148 633 287 661 ἐποιοῦντο
301 633 427 669 ἔγκλημα
443 634 468 660 οί
487 633 537 668 τῆς
559 633 683 666 ἐναντίας
707 633 841 670 αἱρέσεως

50 680 122 718 κατὰ
136 680 191 708 τῶν
206 680 410 715 ὑποδεχομένων
431 680 447 715 ἢ
470 679 645 715 κρυπτόντων
657 680 816 707 ’Δθανάσιον
832 689 838 695 ·

50 726 107 754 ἀλλ’
135 726 174 758 ὡς
191 726 312 758 ἀπειθεῖς
338 726 502 761 προστάξεσι
529 725 661 760 βασιλέως
675 746 682 757 ,
710 726 840 761 καὶπερὶ

51 771 189 798 πολιτείαν
217 771 446 807 ἁμαρτάνοντας,
470 772 509 803 εἰς
536 772 710 807 δικαστήριον
736 769 838 800 εἷλκον.

49 818 104 846 Καὶ
126 817 318 853 παραπλησίου
333 817 355 844 δ’
382 815 428 844 οὖν
452 817 499 844 καὶ
515 817 610 844 ἄλλοτε
628 818 674 845 ἐπὶ
687 817 839 854 Ἀθανασίῳ

50 863 204 899 συμϐάντος
217 864 257 895 εἰς
276 863 360 899 ἀκοὴν
374 861 466 899 ἦλθον.
491 864 566 891 Ἐπεὶ
579 864 633 900 γὰρ
651 864 721 891 κατὰ
736 865 836 892 τοιαύ-

48 919 97 946 την
120 910 212 936 αἰτίαν
229 910 266 942 ὼς
285 911 331 937 ἐπὶ
358 911 495 945 Αἴγυπτον
520 911 627 945 φεύγων
644 911 773 938 ἀνέπλεεν
789 912 835 938 ἐπὶ

48 955 93 982 τὸν
107 955 218 988 Νεῖλον,
239 956 416 991 μηνυσάντων
429 956 507 983 τοῦτο
527 956 616 988 τινῶν,
630 957 741 984 ἐδίωκον
756 957 838 985 αὑτὸν

48 1002 72 1028 οξ
86 1001 293 1037 συλληψόμενοι.
311 1001 464 1038 Προμαθὼν
489 1002 517 1029 δὲ
541 1002 633 1029 θεόθεν
655 1003 705 1038 τὴν
734 1003 836 1036 δίωξιν,

49 1047 190 1082 ἐξήγγειλε
203 1049 259 1079 τοῖς
274 1047 453 1082 συμπλέουσι,
470 1048 518 1075 καὶ
532 1049 711 1084 ἀναστρέφειν
731 1050 777 1076 ἐπὶ
788 1049 838 1084 τὴν

48 1093 254 1128 Ἀλεξάνδρειαν
285 1093 438 1121 ἐκέλευσεν.
470 1095 515 1122 Ἐν
548 1095 577 1122 δὲ
604 1095 642 1131 τῷ
670 1095 836 1128 καταπλεῖν.

49 1139 233 1172 ἀναπλέοντας
249 1140 313 1172 τοὺς
332 1140 492 1172 ἐπιϐούλους
514 1140 692 1176 παραμείψας
702 1162 710 1174 ,
727 1141 773 1168 ἐπὶ
787 1142 837 1177 τὴν

49 1185 125 1211 πόλιν
141 1185 269 1221 διεσώθη,
286 1185 333 1212 καὶ
348 1186 386 1218 ὡς
401 1187 430 1213 ὲν
445 1186 531 1222 ὁμίλῳ
547 1187 594 1214 καὶ
609 1187 706 1223 πλήθει
722 1188 837 1223 οἰκημά-

49 1241 118 1263 των,
132 1232 335 1268 ἀσφαλέστερον
352 1233 506 1261 ἐλάνθανεν.
522 1234 570 1260 Ἐκ
583 1233 615 1269 δὴ
630 1234 683 1261 τῶν
698 1235 836 1268 τοιούτων,

49 1279 94 1305 καὶ
123 1278 230 1305 πολλῶν
260 1278 348 1306 ἄλλων
379 1279 480 1315 ὁμοίως
507 1281 742 1316 προμηνυομένων
773 1282 837 1318 παρ’

50 1323 147 1356 αὐτοῦ,
164 1323 320 1351 διεϐάλλετο
347 1324 422 1360 παρὰ
436 1325 491 1352 τῶν
513 1326 641 1352 ἐναντίων
662 1326 793 1362 Ἐλλήνων
808 1336 838 1353 τε

50 1369 96 1396 καὶ
121 1369 285 1405 ἑτεροδόξων
298 1391 305 1403 ,
325 1370 362 1402 ὼς
384 1371 510 1406 γοητείας
537 1371 623 1398 ταῦτα
649 1372 790 1408 κατορθῶν
812 1379 835 1400 ει.

51 1415 133 1449 Λόγος
158 1413 224 1446 οὖν,
242 1416 308 1442 ποτὲ
336 1415 477 1451 προϊόντος
502 1415 584 1443 αὐτοῦ
609 1417 661 1444 ἀνὰ
676 1418 725 1453 τὴν
749 1416 837 1452 πόλιν,

52 1460 157 1496 συμϐὰν
174 1461 260 1494 οὕτως
273 1461 458 1497 ἐφιπταμένην
477 1463 580 1498 κρῶξαι
594 1464 730 1500 κορώνην.
745 1465 838 1500 Παρα-

52 1506 130 1541 τυχὺν
148 1506 179 1533 δὲ
195 1507 298 1542 πλῆθος
317 1506 466 1542 Ἑλλήνων,
480 1505 524 1534 οἷα
538 1509 577 1540 είς
602 1509 687 1544 γόητα
711 1510 838 1536 ἀποσκῶ-

894 264 982 292 fuerat
1000 266 1214 301 receptaculum.
1239 266 1295 294 Nec
1319 267 1464 302 quisquam
1484 269 1546 303 ejus
1562 270 1600 296 rei
1616 278 1681 298 con-

894 312 969 339 scius
982 311 1043 344 fuit,
1062 316 1161 347 prazter
1172 321 1219 341 eos
1236 314 1305 349 apud
1322 321 1391 349 quos
1407 314 1541 347 latitabat,
1558 317 1682 344 etancil-

892 357 964 390 Iam,
983 364 1044 392 quae
1062 361 1144 385 tanta:
1159 358 1220 386 lidei
1238 359 1296 387 visa
1317 363 1378 392 est,
1400 363 1429 387 ut
1445 359 1483 387 illi
1501 360 1680 389 ministraret.

892 402 978 431 Porro
1005 411 1066 431 cum
1100 404 1194 432 Ariani
1229 412 1292 433 eum
1322 406 1414 433 vivum
1449 407 1682 442 comprehendere

893 449 968 476 omni
987 449 1078 478 studio
1098 451 1266 485 niterentur,
1288 452 1386 480 ancilla
1400 453 1480 481 donis
1497 461 1529 480 ac
1546 454 1682 488 pollicita-

892 495 1030 529 tionibus,
1058 500 1088 523 ut
1109 497 1240 525 credibile
1259 502 1320 530 est.
1351 498 1459 530 illecta,
1482 507 1544 527 eum
1567 500 1679 536 jamjam

892 545 951 568 erat
960 540 1112 576 proditura.
1131 541 1230 569 Verum
1249 542 1357 570 insidiis
1375 543 1414 571 illi
1431 551 1446 570 a
1458 543 1513 571 Deo
1526 545 1679 580 patefactis,

892 586 1069 615 insidiatores
1099 588 1290 622 praeveniens,
1322 588 1376 616 alio
1406 589 1541 625 migravit.
1574 591 1681 619 Ancilla

892 640 956 660 vero
979 640 1075 667 prnnas
1096 632 1187 666 dedit,
1214 637 1308 668 utpote
1331 641 1392 668 quae
1414 634 1512 661 falsum
1539 635 1681 664 detulisset

891 683 988 707 contra
1014 679 1158 712 dominos.
1185 680 1232 714 qui
1267 685 1294 707 et
1332 680 1384 715 ipsi
1416 681 1587 717 aufugerunt.
1613 682 1680 711 Nam

890 725 1036 752 contraria:
1055 726 1169 754 haeresis
1190 730 1406 760 propugnatores
1431 734 1485 754 non
1510 728 1600 763 exigui
1625 730 1681 756 cri—

891 771 973 799 minis
996 779 1057 799 reos
1082 772 1238 804 faciebant,
1263 772 1421 807 quicunque
1441 773 1483 800 vel
1505 774 1679 809 exciperent,

891 817 934 845 vel
961 817 1132 845 occultarent
1157 818 1347 852 Athanasium,
1378 818 1427 846 sed
1462 827 1510 846 eos
1550 825 1679 855 tanquam

890 862 1064 897 imperatoris
1077 863 1202 898 jussibus
1226 863 1410 900 refragantes,
1427 869 1454 891 et
1483 868 1578 892 contra
1609 873 1682 892 rem-

889 908 1024 942 publicam
1051 909 1236 944 insurgentes,
1259 909 1293 936 ad
1318 910 1467 937 tribunalia
1485 909 1608 945 judicum
1627 915 1684 938 tra-

889 952 1000 980 hebant.
1015 952 1111 981 Simile
1131 954 1272 989 quidpiam
1290 955 1344 982 alio
1361 955 1442 982 etiam
1461 959 1583 990 tempore
1595 956 1681 983 Atha-

889 999 968 1027 nasio
992 1000 1142 1035 contigisse
1169 1001 1259 1037 accepi
1280 1011 1287 1028 :
1308 1009 1370 1028 nam
1398 1010 1460 1029 cum
1482 1002 1518 1030 ob
1542 1002 1681 1037 ejusmodi

888 1052 1020 1078 causam,
1047 1050 1176 1082 tanquam
1203 1047 1231 1074 in
1259 1047 1392 1075 interiora
1419 1047 1530 1084 [Egypti
1555 1048 1680 1084 fugiens,

889 1091 1006 1120 adverso
1025 1091 1142 1126 ﬂumine
1168 1092 1310 1129 navigaret
1335 1101 1383 1128 per
1407 1092 1510 1126 Nilum,
1533 1101 1563 1121 re
1583 1102 1598 1121 a
1620 1095 1682 1129 qui-

889 1138 1004 1166 busdam
1026 1138 1161 1172 indicata,
1187 1139 1363 1167 insidiatores
1389 1141 1516 1175 persequi
1537 1148 1598 1168 eum
1624 1148 1681 1168 cm-

888 1189 1004 1220 perunt,
1035 1189 1064 1212 ut
1096 1186 1362 1220 comprehenderent
1385 1186 1404 1213 ².
1430 1185 1531 1214 Verum
1559 1187 1605 1214 ille
1631 1186 1680 1214 ad-

889 1232 1011 1260 monitus
1034 1239 1049 1259 a
1069 1232 1125 1260 Deo
1149 1232 1182 1260 de
1201 1233 1311 1260 illorum
1333 1233 1539 1268 persecutione,
1559 1241 1615 1261 rem
1633 1241 1681 1261 ex-

888 1278 980 1312 posuit
997 1277 1031 1305 iis
1053 1277 1101 1313 qui
1125 1277 1204 1313 15.2
1223 1286 1275 1305 una
1300 1286 1395 1306 secum
1419 1279 1601 1314 navigabant,
1618 1273 1680 1314 jus-

889 1324 980 1358 sitque
1013 1328 1044 1350 ut
1077 1324 1204 1359 protinus
1236 1324 1428 1351 Alexandriam
1464 1328 1679 1352 reverterentur.

890 1368 957 1395 Dum
979 1369 1063 1404 igitur
1082 1368 1207 1396 secundo
1221 1368 1333 1397 ﬂumine
1352 1369 1479 1405 navigat,
1503 1369 1680 1398 insidiatores

890 1414 1004 1440 adverso
1020 1412 1134 1442 ﬂumine
1151 1414 1312 1449 navigantes
1342 1418 1554 1450 praetergressus
1569 1435 1577 1448 ,
1605 1415 1681 1442 inco-

891 1458 972 1486 tumis
995 1459 1028 1485 ad
1053 1459 1148 1486 urbem
1171 1459 1312 1493 pervertit;
1338 1458 1431 1493 ibique
1447 1464 1504 1486 tum
1527 1460 1563 1487 ob
1591 1467 1680 1495 popu-

891 1504 908 1531 li
938 1505 1139 1540 frequentiam,
1168 1509 1224 1532 tum
1236 1505 1271 1532 ob
1286 1504 1488 1532 multitudinem
1502 1505 1680 1534 aedificiorum

54 1560 117 1578 πτον
127 1572 134 1583 ,
152 1553 293 1587 ἐξαιτῆσαι
309 1554 396 1580 εἰπεῖν
411 1553 503 1585 αὐτοῖς
519 1554 533 1580 ὃ
548 1563 574 1581 τι
590 1553 664 1589 λέγοι
687 1556 704 1590 ἡ
718 1554 836 1591 κορώνη.

895 1551 1007 1578 Jclituit.
1031 1549 1072 1578 0b
1086 1551 1143 1578 hazc
1157 1556 1185 1578 et
1210 1551 1262 1578 alia
1278 1550 1413 1586 ejusmodi
1436 1551 1555 1586 plurima
1582 1552 1616 1579 ab
1634 1553 1681 1580 illo

54 1597 102 1624 Τὸν
115 1598 144 1624 δὲ
161 1599 244 1633 φάναι
259 1619 265 1631 ,
281 1599 371 1634 ἡρέμα
384 1599 582 1634 ἐπιγελάσαντα
592 1619 601 1632 ,
618 1601 696 1636 Κρὰς
706 1621 713 1633 ,
729 1601 743 1627 ὃ
767 1601 840 1628 ἐστιν

54 1643 144 1679 αὔριον
158 1646 193 1679 τῇ
212 1644 356 1681 Ῥωμαίων
372 1647 458 1681 φωνῇ.
473 1645 559 1672 Τοῦτο
581 1647 670 1673 τοίνυν
690 1647 839 1682 κράζουσα,

53 1690 118 1725 ἀηδῆ
132 1691 183 1727 τὴν
193 1690 286 1727 αῦριον
301 1692 364 1727 ὑμῖν
377 1691 486 1719 ἔσεσθαι
502 1693 691 1728 καταγγέλλει.
708 1693 840 1729 Σημαίνει

55 1737 105 1770 γὰρ
123 1738 155 1763 ἐκ
172 1738 384 1773 προστάγματος
407 1738 454 1765 τοῦ
475 1739 618 1774 Ῥωμαίων
635 1739 768 1774 βασιλέως
787 1749 841 1767 κω-

54 1781 216 1818 λυθήσεσθαι
237 1783 331 1818 ύμᾶς,
355 1783 404 1819 τὴν
433 1784 496 1819 ἑξῆς
524 1784 620 1819 ἑορτὴν
645 1785 732 1820 ἄγειν.
762 1785 794 1812 Ἦ
811 1785 841 1813 δὲ

60 1827 218 1854 ’Δθανασίου
242 1829 413 1864 πρόρρησις,
438 1829 540 1864 καίπερ
558 1829 704 1864 γελοιώδης
729 1829 839 1863 δόξασα,

54 1872 152 1907 ἀληθὴς
178 1873 277 1909 ἐφάνη.
304 1874 343 1909 Τῇ
363 1874 417 1910 γὰρ
445 1876 474 1907 ἐς
498 1874 592 1911 αὔριον
617 1875 770 1911 γράμματα
792 1875 840 1902 τοῦ

54 1918 217 1953 κρατοῦντος
232 1919 350 1956 ἀπεδόθη
372 1922 429 1952 τοῖς
451 1921 581 1956 ἄρχουσι,
597 1922 841 1957 παρακελευόμενα

56 1964 91 2000 μὴ
105 1967 257 2001 συγχωρεῖν
266 1967 329 1998 τοὺς
342 1966 476 2002 ’Έλληνας
492 1969 548 2000 τοῖς
559 1969 632 2000 ναοῖς
648 1968 837 2004 προσϐάλλειν,

55 2011 119 2046 μηδὲ
135 2012 184 2044 τὰς
200 2012 324 2047 συνήθεις
338 2011 485 2049 θρησκείας
498 2013 545 2041 καί
562 2014 730 2051 πανηγύρεις
748 2015 840 2041 ἐπιτε-

54 2056 116 2085 λεῖν.
135 2058 190 2084 Καὶ
205 2059 220 2093 ἡ
235 2058 430 2094 παρατυχοῦσα
444 2060 504 2086 τότε
522 2060 602 2096 ἐορτὴ
615 2060 722 2096 διελύθη
735 2081 742 2093 ,
757 2061 840 2087 σεϐά-

55 2103 129 2137 σμιός
141 2111 171 2130 τε
193 2102 262 2131 οὖσα
284 2106 331 2132 καὶ
346 2104 495 2141 πολυτελὴς
512 2106 649 2142 Ἕλλησιν.
672 2107 717 2139 Ὦς
729 2107 778 2142 μὲν
793 2105 839 2134 οὖν

55 2149 220 2185 προφητικδς
239 2151 253 2176 ὁ
278 2150 346 2186 ἀνὴρ
368 2150 492 2185 ἐγένετο,
519 2152 625 2188 ἀπόχρη
651 2152 714 2179 τάδε
741 2153 838 2181 εἰπεῖν.

55 2193 127 2221 Ἐπεὶ
135 2191 175 2227 δὲέ
185 2196 223 2227 ὡς
233 2195 351 2232 εἴρηται,
360 2197 480 2232 διέφυγε,
490 2198 552 2230 τοὺς
561 2198 608 2225 ἐπὶ
615 2198 744 2234 συλλήψει
755 2198 838 2226 αὐτοῦ

892 1598 1032 1632 praedicta,
1049 1597 1290 1625 calumniabantur
1308 1605 1371 1625 eum
1387 1597 1550 1630 adversarii,
1565 1599 1680 1634 gentiles

891 1644 998 1671 scilicet
1013 1648 1095 1678 atque
1111 1643 1231 1671 haeretici
1242 1663 1249 1676 ,
1265 1645 1344 1679 quasi
1371 1644 1485 1679 magicis
1507 1644 1612 1672 artibus
1626 1645 1679 1672 ista

892 1691 1044 1724 perliceret.
1079 1689 1201 1725 Denique
1232 1690 1351 1725 quodam
1383 1696 1524 1725 tempore,
1555 1691 1602 1718 illo
1632 1699 1681 1728 per

892 1737 985 1763 urbem
1009 1740 1184 1770 transeunte,
1206 1735 1276 1764 forte
1299 1737 1481 1772 supervolans
1505 1737 1599 1765 cornix
1621 1746 1682 1765 cro-

890 1782 993 1810 citasse
1005 1782 1115 1809 dicitur.
1128 1781 1220 1809 Turba
1237 1789 1302 1809 vero
1323 1783 1466 1817 gentilium
1483 1790 1544 1817 qua:
1553 1787 1610 1810 tum
1626 1783 1682 1811 illic

891 1829 1004 1861 aderat,
1035 1835 1097 1856 eum
1123 1828 1267 1861 deridens,
1292 1829 1399 1864 rogavit
1420 1832 1451 1855 ut
1467 1829 1535 1864 ipsis
1563 1830 1683 1864 aperiret

889 1877 1021 1912 quidnam
1045 1877 1141 1904 cornix
1167 1876 1337 1910 prmdiceret.
1363 1876 1396 1903 At
1420 1877 1465 1904 ille
1482 1877 1579 1904 leniter
1593 1878 1680 1905 subri-

890 1924 957 1951 dens
968 1944 976 1956 ,
990 1923 1073 1955 Cras,
1093 1922 1196 1957 inquit;
1210 1926 1292 1957 atque
1309 1921 1380 1949 istud
1393 1921 1563 1953 vociferans,
1581 1923 1679 1950 crasti-

890 1977 955 1997 num
981 1970 1051 1997 diem
1087 1968 1299 2004 haudquaquam
1326 1968 1478 2004 jucundum
1512 1969 1590 1997 vobis
1623 1969 1681 1997 fore

890 2015 1045 2044 denuntiat.
1083 2014 1225 2051 Significat
1252 2015 1325 2042 enim
1353 2014 1429 2042 vobis
1445 2011 1493 2042 'ab
1517 2015 1681 2050 imperatore

891 2062 1059 2097 prohibitum
1088 2061 1122 2088 iri
1149 2068 1183 2088 ne
1205 2068 1268 2088 cras
1298 2060 1399 2088 festum
1427 2060 1499 2088 dietn
1524 2060 1679 2088 celebretis.

890 2107 956 2141 Quae
975 2106 1117 2134 Athanasii
1144 2105 1283 2141 praedictio
1296 2126 1303 2138 ,
1321 2106 1383 2133 licet
1402 2105 1517 2133 ridicula
1534 2106 1602 2142 ipsis
1623 2107 1681 2134 visa

890 2158 978 2185 esset,
1007 2160 1071 2181 vera
1096 2156 1188 2180 tamen
1218 2153 1354 2187 apparuit.
1385 2150 1513 2179 Crastino
1537 2152 1610 2179 enim
1637 2152 1681 2180 die

892 2198 1101 2235 magistratibus
1127 2197 1242 2226 reddita
1270 2202 1335 2225 sunt
1363 2197 1537 2232 imperatoris
1564 2197 1680 2229 litterae.

56 2230 310 2276 παραγενομένους,
329 2243 375 2270 ἐπί
402 2230 456 2270 τινι
473 2230 573 2280 ⁷χρόνῳ
590 2230 724 2280 διέμεινεν
749 2246 764 2272 ὁ
792 2245 837 2271 ὑπ’

895 2230 1016 2279 iubentes
1040 2252 1074 2272 ne
1089 2244 1189 2280 pagani
1213 2243 1316 2279 templa
1338 2230 1428 2275 adire,
1454 2251 1523 2271 neve
1544 2244 1681 2272 solemnes

55 2285 132 2313 αὑτοῦ
145 2287 248 2323 κλῆρος
260 2288 306 2315 καὶ
325 2289 390 2321 λαδς
402 2310 409 2322 ,
425 2290 475 2322 τὰς
494 2290 643 2327 ἐκκλησίας
660 2292 820 2326 κατέχοντες
833 2299 839 2306 “

56 2331 92 2362 είς
115 2332 159 2359 ὅτε
181 2333 215 2368 δὴ
232 2334 246 2360 ό
266 2334 404 2369 Αίγύπτου
429 2335 566 2372 ὕπαρχος,
586 2338 633 2364 καὶ
655 2339 669 2365 ὸ
689 2338 841 2373 ἡγούμενος

55 2377 105 2403 τῶν
119 2378 184 2414 τῇδε
200 2381 375 2414 στρατιωτῶν
384 2400 392 2414 ,
405 2382 565 2415 ἐκϐαλόντες
579 2384 643 2415 τοὺς
657 2383 734 2419 αὺτῷ
748 2383 841 2411 πειθο-

57 2423 149 2456 μένους
162 2445 169 2457 ,
187 2426 352 2460 παρέδωκαν
370 2427 457 2460 αὐτὰς
481 2431 538 2461 τοῖς
563 2430 735 2465 προσδοκῶσι
752 2430 842 2467 Γεώρ-

56 2475 121 2502 γιον.
131 2471 187 2498 Οὐκ
198 2472 238 2503 είς
252 2473 361 2508 μακρὰν
374 2473 402 2501 δὲ
413 2474 495 2507 αὐτὸς
505 2475 640 2513 Γεώργιος
651 2477 763 2512 ἀφίκετο
773 2478 840 2514 (67),

90 2536 97 2551 ¹
114 2536 192 2565 Socr.
209 2538 256 2566 lib.
270 2546 310 2573 ιιι,
327 2547 353 2568 c.
366 2540 409 2568 Η.

891 2299 1032 2319 sacrorum
1058 2291 1129 2318 ritus
1156 2295 1183 2317 et
1209 2289 1334 2324 publicos
1358 2293 1510 2316 conventus
1543 2289 1682 2316 celebrare

891 2339 1058 2366 sinerentur.
1075 2338 1164 2372 Atque
1179 2338 1214 2364 ita
1227 2337 1287 2364 dies
1304 2335 1392 2363 festus
1402 2336 1448 2370 qui
1460 2340 1516 2362 tum
1530 2335 1681 2367 inciderat,

891 2385 969 2420 isque
995 2391 1101 2411 summa
1119 2382 1262 2418 gentilium
1281 2382 1415 2417 religione
1430 2389 1461 2409 ac
1479 2381 1681 2416 magniﬁcentia

891 2431 943 2457 coli
966 2433 1077 2461 suetus,
1094 2429 1201 2456 solutus
1215 2432 1268 2455 est.
1282 2427 1382 2455 Verum
1399 2431 1428 2453 ut
1442 2428 1604 2455 ostendatur
1618 2434 1680 2454 eum

891 2477 980 2503 virum
1017 2476 1090 2503 dono
1121 2474 1270 2510 propheti:e
1307 2473 1466 2507 insignitum
1496 2473 1598 2505 fuisse,
1625 2472 1682 2500 haec

653 2608 788 2636 VALESII
807 2607 1083 2636 ANNOTATIONES.

90 2652 145 2687 (67)
164 2653 262 2686 Αὐτὸς
280 2654 427 2689 Γεὼργιος
443 2654 578 2689 ἀφίκετο.
606 2654 690 2682 Recte
708 2656 760 2683 hoc
775 2657 836 2684 loco

58 2693 87 2714 ac
97 2692 220 2722 tempore
235 2689 438 2717 ordinationem
450 2694 532 2725 atque
540 2689 714 2725 ἐνθρονισμδν
724 2690 833 2726 Georgii

890 2657 967 2690 ponit
983 2655 1163 2688 Sozomenus,
1182 2661 1244 2690 post
1261 2657 1402 2683 victoriam
1427 2658 1532 2684 scilicet
1547 2657 1683 2684 Constan-

888 2692 931 2722 tii,
949 2695 975 2718 et
991 2695 1052 2726 post
1067 2691 1233 2718 exstinctam
1250 2692 1422 2726 tyrannidem
1439 2692 1583 2728 Magnentii
1600 2696 1682 2727 atque

772 2757 952 2787 VARIORUM

90 2817 103 2849 ξ
130 2812 304 2840 Διεϐάλλετο
325 2813 369 2846 ὡς’
390 2815 536 2848 γοητείαις
560 2815 653 2842 ταῦτα
678 2815 840 2849 κατορθῶν.

60 2846 229 2884 θιίιαιιαεὶοηι
258 2846 406 2882 episcopum
438 2846 468 2876 eo
500 2846 614 2884 tempore
637 2850 707 2884 apud
725 2846 842 2877 Alexan-

61 2880 153 2916 driam,
168 2883 239 2910 ultra
260 2880 452 2918 professionem
473 2880 557 2912 altius,
570 2894 597 2913 se
616 2880 775 2920 eﬁéretttem,
794 2886 842 2913 sci-

897 2817 1038 2852 scitarique
1063 2822 1186 2845 wnalum
1205 2823 1324 2850 externa,
1350 2823 1378 2844 ut
1401 2818 1539 2852 prodidere
1566 2825 1682 2845 muneres

897 2852 1008 2884 assidui,
1024 2858 1104 2879 artus
1123 2854 1149 2880 in
1164 2862 1246 2880 unum
1267 2853 1393 2888 qnwsims
1413 2853 1529 2887 ejusdem
1548 2853 1598 2879 luci
1615 2853 1683 2880 mul—

899 2892 984 2914 lorum
1002 2889 1140 2923 (synodus,
1158 2894 1184 2915 ut
1202 2889 1346 2923 appellant)
1365 2889 1472 2915 removit
1489 2896 1504 2914 ο
1518 2894 1682 2915 sacramento
