1899 3077
91 127 164 156 1169

587 131 747 161 HISTORIA
766 133 1049 162 ECCLESIASTICA.
1066 151 1099 155 —
1114 135 1177 164 LIB.
1208 137 1251 165 IV.

1655 138 1724 167 1151)

99 187 224 223 ’Δρκέσει
253 188 281 214 δὲ
313 188 380 220 τέως
401 190 539 226 εἴργεσθαι
567 191 683 218 συνόδων
715 192 812 224 αὐτοὺς
840 193 881 219 καῖ

941 194 1085 229 impietatis
1109 194 1191 234 “.9
1214 195 1350 230 progressi
1374 199 1448 227 sunt,
1468 199 1499 223 ut
1522 199 1548 223 et
1571 195 1622 231 ipsi
1653 203 1723 223 nova

91 233 224 268 συλλόγου
245 235 344 263 κοινοῦ.
363 235 409 271 Μὴ
432 236 486 272 γὰρ
499 236 530 272 δὴ
547 238 633 264 εἰπεῖν
649 239 813 274 προαχθείην
831 239 887 276 (86)

91 280 124 306 ἐν
136 279 174 314 τῷ
189 280 312 316 παρόντι,
325 281 375 308 ὅσα
390 282 487 317 μικρὸν
503 282 615 318 ὓστερον
629 284 727 311 ἐκεῖνοι
738 285 886 319 πείσονται,

91 324 128 359 ἢν
147 325 185 361 μὴ
200 327 249 360 τῆς
260 326 362 362 λύσσης
376 327 477 363 ταύτης
504 328 674 364 ἀπόσχοιντο.
689 330 720 358 Οἱ
736 330 777 366 δέ(
794 331 840 358 καὶ
858 332 887 358 τί

90 370 150 407 γὰρ
168 372 217 398 οὐκ
233 373 408 407 ἐπεισάγουσι
426 373 464 410 τῷ
485 374 572 410 κακῷ)
583 383 591 408 ;
603 376 667 408 τοὺς
687 377 887 413 πονηροτάτους

89 416 189 452 ὥσπερ
206 416 236 450 ἐξ
252 418 362 454 ἐντολῆς
382 419 549 456 ἀγείροντες,
573 420 685 453 τούτους
702 422 734 458 δὴ
750 423 813 455 τοὺς
832 423 888 450 τῶν

89 463 229 499 αἱρέσεων
250 465 404 501 ἀρχηγοὺς,
429 467 469 498 είς
496 467 542 494 τὸν
569 467 669 503 κλῆρον
694 468 885 503 καταλέγουσι,

91 510 188 545 σχῆμα
216 511 314 546 σεμνὸν
344 511 416 539 οὕτω
447 512 655 549 κιδδηλεύοντας
686 514 764 550 (87),
792 514 886 551 ὥσπερ

89 556 154 588 ἐξὸν
174 557 272 590 αὐτοὺς
286 557 362 592 ἄγειν
381 559 429 585 καὶ
443 559 539 594 φέρειν
552 559 670 588 ἅπαντα.
686 559 781 587 Καίτοι
795 560 836 592 τίς
851 561 886 588 ἂν

90 603 134 634 εἰς
155 602 259 634 ζῶντας
281 603 375 635 τελῶν,
398 605 501 631 τούτων
527 605 685 641 ἀνάσχοιτο,
707 606 732 632 οἶ
760 606 810 637 τὰς
837 606 885 642 μὲν

90 648 186 680 πόλεις
198 649 245 676 τοῦ
261 650 399 677 δυσσεϐεῖν
415 650 583 686 ἐμπιτιλῶσι,
608 652 657 687 τὴν
679 652 707 679 δὲ
736 652 885 688 ὑπερορίαν

92 694 246 730 μιάσμασιν
271 696 509 734 ἀποκρύπτουσιν,
538 697 568 724 ἓν
595 697 675 725 τοῦτο
702 698 782 734 μόνον
805 698 884 734 ἔργον

90 741 264 775 ἀγαπῶντες,
280 742 310 769 τὸ
326 744 382 774 τοῖς
406 743 498 775 καλοῖς
513 743 713 778 ἀπεχθάνεσθαι
734 744 883 779 διηνεκῶςς

99 788 220 824 Ἐρῤέτω
244 788 398 825 πανοῦργον
421 799 448 817 τι
471 790 597 826 σύστημα
624 790 769 827 θειοτέροις
787 791 884 824 Θώκοις

90 833 241 870 ἐνιδρῦσαι.
254 834 311 861 Νῦν
327 835 386 871 ὦρα
401 836 464 870 τοὺς
477 836 527 871 τῆς
542 835 669 872 ἀληθείας
684 837 831 873 τροφίμους
845 838 884 870 είς

90 924 169 960 φόϐῳ
191 925 346 961 κατείχοντο
368 925 461 953 πάλαι.
485 926 525 953 Τὰ
548 925 604 962 γὰρ
629 926 662 962 δὴ
689 927 759 960 (mea
784 927 887 955 τούτων

89 970 273 1006 ὲξήλεγκται·
290 972 338 1005 καὶ
355 972 480 1008 μηχανῆς
498 972 586 1004 οὐδεὶς
596 971 672 1000 ἔσται
687 972 786 1007 τρόπος
797 972 885 1005 κενὸς,

88 1016 121 1048 ὃς
137 1016 309 1052 ἐξαιρήσεται
325 1016 435 1053 τούτους
451 1018 497 1044 τοῦ
511 1017 662 1044 δυοσεὸεῖν.
682 1017 801 1053 Ἀνδρῶν
815 1017 884 1052 ἀγα-

89 1062 148 1089 Θῶν
159 1062 247 1098 ἔργον,
259 1064 292 1099 τῇ
306 1063 396 1090 πίστει
411 1063 469 1090 τῶν
484 1062 610 1098 πατέρων
630 1062 724 1098 συζῇν,
748 1061 796 1090 καὶ
817 1062 884 1089 ταύ-

88 1117 143 1143 την
160 1108 286 1142 ἐπαύξειν
305 1108 343 1141 ὡς
356 1109 464 1146 εἴρηται
475 1117 482 1125 ·
499 1109 570 1145 πέρα
590 1109 618 1135 δέ
638 1109 676 1145 μὴ
691 1108 886 1145 πολυπραγμοο

88 1155 158 1181 νεῖν.
175 1155 376 1191 Παραινέσαιμι
392 1155 415 1182 δ’
433 1155 467 1182 ἂν
487 1155 534 1182 καὶ
549 1155 613 1186 τοὺς
634 1155 667 1181 ἐκ
688 1154 734 1180 τοῦ
749 1153 886 1190 βαράθρου

88 1199 142 1235 ὀψέ
158 1209 223 1227 ποτε
238 1201 448 1236 μεταθεμένους,
467 1200 560 1228 θέσθαι
572 1200 656 1236 ταύτῃ
678 1202 712 1236 τῇ
738 1200 831 1237 ψήφῳ,
853 1199 888 1236 ἢν

88 1247 115 1273 οἱ
131 1246 167 1274 τὰ
181 1246 240 1274 θεῖα
255 1247 331 1282 σοφοὶ
345 1247 391 1274 ἐπὶ
404 1246 450 1274 τοῦ
467 1247 621 1282 κρείττονος
635 1247 801 1282 ἐψηφίσαντο
814 1246 888 1273 δεόν-

87 1301 147 1324 τως
162 1292 315 1319 ἐπίσκοποι.
332 1292 376 1326 Ἐξ
394 1292 500 1319 ἐκείνου
516 1292 565 1328 μὲν
580 1289 629 1319 οὖν
649 1291 743 1318 τοῦτον
762 1290 808 1318 τδν
820 1290 885 1326 τρό-

89 1345 145 1363 πον
158 1337 223 1372 παρ’
237 1337 326 1372 ὀλίγον
337 1336 506 1372 ἐκινδύνευσε
518 1337 629 1373 κρατεῖν
640 1337 658 1373 ἡ
672 1336 725 1365 τῶν
737 1335 884 1372 ’Ᾱνομοίων

30 1405 35 1408 .
89 1381 247 1418 καλουμένη
262 1383 378 1418 αἵρεσις.

942 239 1065 272 quaedam
1084 240 1166 270 aliter
1187 248 1268 276 quam
1294 248 1323 268 se
1345 248 1388 268 res
1413 241 1505 272 habet,
1523 240 1681 276 opinentur,
1696 244 1726 268 et

942 285 1012 313 alios
1026 292 1057 313 ea
1068 285 1167 313 docere
1182 291 1326 318 conentur.
1336 287 1374 314 Ac
1385 295 1436 315 nos
1448 287 1556 322 quidem
1567 286 1647 322 plane
1661 294 1724 322 per-

942 338 1055 359 suasum
1082 330 1213 359 hahemus
1233 332 1258 360 id
1279 332 1307 360 in
1323 337 1404 368 caput
1423 333 1544 368 ipsorum
1563 339 1724 359 recasurum

940 383 1011 404 esse.
1028 375 1138 404 Interim
1149 385 1215 405 vero
1229 375 1344 406 sulliciet
1365 386 1379 405 a
1394 379 1512 407 coetibus
1530 377 1724 405 ecclesiaSticis

939 427 967 451 et
986 430 1001 449 a
1022 423 1132 458 publico
1145 429 1281 452 conventu
1293 432 1341 452 eos
1355 425 1454 452 arceri.
1471 424 1566 459 Neque
1584 424 1656 450 enim
1669 422 1724 451 im-

939 469 1146 503 praesentiarum
1176 470 1266 497 dicere
1300 470 1380 497 velim
1409 477 1441 498 ea
1468 478 1529 505 qua:
1555 470 1635 504 paulo
1663 472 1724 503 post

939 514 1048 549 passuri
1065 520 1140 547 sunt,
1153 514 1208 542 nisi
1224 522 1240 542 a
1255 515 1331 542 rabie
1349 516 1402 543 ista
1420 515 1643 552 temperaverint.
1663 513 1722 541 Jam

939 567 1004 588 vero
1019 559 1095 595 (quid
1114 560 1188 588 enim
1209 561 1272 587 mali
1296 561 1417 597 quotidie
1441 569 1495 592 non
1513 560 1722 594 accumulant?)

938 606 1073 641 pessimos
1095 613 1220 641 quosque
1243 610 1373 642 tanquam
1389 615 1421 634 ex
1441 607 1570 634 mandato
1592 607 1620 633 in
1640 613 1723 633 unum

938 655 1150 688 congregantes,
1165 651 1240 684 illos,
1256 652 1379 687 inquam,
1392 653 1527 680 lnercseos
1540 652 1624 679 duces
1643 657 1724 686 atque

937 702 1077 731 auctores,
1093 698 1122 725 in
1139 697 1242 725 clerum
1256 698 1410 730 ascribunt,
1425 697 1608 725 venerabilem
1622 700 1723 724 cietur!)

938 742 990 771 hoc
1001 747 1082 778 pacto
1103 743 1301 776 adulterantes,
1316 743 1395 778 quasi
1411 743 1491 771 liceat
1503 743 1571 778 ipsis
1586 750 1635 778 pro
1646 743 1724 770 libito

938 795 1020 824 agere
1035 795 1069 816 ac
1090 788 1162 817 I'erre
1185 789 1289 817 omnia.
1308 789 1456 816 Enimvero
1475 788 1602 823 quisnam
1619 792 1723 815 morta-

938 835 1004 863 lium
1021 835 1089 864 istos
1107 835 1185 870 lerat,
1202 836 1249 871 qui
1264 835 1346 865 urbes
1359 834 1468 870 quidem
1485 833 1625 868 impietate
1639 833 1724 860 rel'er-

33 900 42 901 κ
90 880 153 915 φῶς
165 881 242 916 ’ήκειν
265 881 312 908 καὶ
336 881 444 917 μέσους,
465 881 522 908 ὅσοι
540 881 595 908 τῶν
616 882 689 917 ὴθῶν
709 883 881 917 ἐκφυγόντες,

941 881 1027 914 ciunt,
1058 885 1200 911 externam
1222 886 1313 908 autem
1336 881 1475 915 regionem
1500 879 1616 914 piaculis
1635 878 1725 913 inqui-

935 930 1013 959 nant,
1039 926 1066 954 id
1079 935 1166 954 unum
1182 926 1275 954 studio
1294 926 1438 958 habentes,
1456 930 1486 952 ut
1503 925 1631 952 onmibus
1645 923 1725 950 bonis

934 972 1027 1000 infesti
1054 971 1278 1000 sint?Facessat
1309 972 1408 1000 callida
1438 971 1534 1003 factio,
1561 973 1589 998 et
1623 969 1724 997 divinis

933 1017 1043 1045 thronis
1060 1017 1181 1045 insidere
1204 1017 1321 1045 desinat.
1336 1017 1395 1044 Jam
1415 1020 1525 1052 tempus
1539 1019 1582 1043 est
1604 1019 1634 1042 ut
1651 1015 1726 1042 veri-

932 1062 999 1090 tatis
1011 1062 1114 1089 alumni
1124 1062 1256 1098 prodeant
1269 1063 1296 1090 in
1313 1063 1412 1094 lucem,
1422 1066 1448 1089 et
1458 1063 1485 1089 in
1499 1061 1617 1089 medium
1628 1067 1725 1095 proce-

934 1107 1002 1135 dant
1014 1108 1171 1143 quicunque
1181 1112 1259 1135 antea
1273 1108 1370 1144 patriis
1382 1107 1493 1136 sedibus
1506 1110 1641 1139 extorres,
1651 1109 1725 1132 metu

934 1153 1146 1187 cohibebantur.
1163 1154 1339 1190 Deprehensa
1355 1153 1428 1181 enim
1454 1157 1495 1180 est
1517 1152 1627 1180 illorum
1643 1155 1723 1178 astu-

935 1199 993 1232 tia,
1009 1207 1060 1228 nec
1082 1207 1128 1232 ars
1152 1200 1206 1230 ulla
1231 1199 1382 1235 excogitari
1406 1202 1497 1234 potest
1520 1205 1581 1233 quae
1607 1197 1669 1224 illos
1690 1196 1724 1223 ab

936 1245 1078 1281 impietate
1100 1246 1188 1281 possit
1206 1246 1337 1274 eximere.
1361 1245 1499 1273 Bonorum
1518 1244 1641 1271 virorum
1663 1242 1725 1270 olli-

936 1291 1009 1319 cium
1025 1296 1068 1319 est
1093 1291 1171 1319 Iidem
1188 1295 1296 1328 patrum
1311 1295 1443 1327 perpetuo
1455 1290 1584 1322 retinere,
1597 1296 1723 1323 eamque,

936 1336 976 1370 uti
996 1336 1098 1369 dictum
1120 1342 1171 1370 est,
1187 1328 1296 1373 augere,
1314 1337 1430 1364 ulterius
1446 1344 1512 1365 vero
1529 1336 1596 1364 nihil
1613 1335 1725 1363 curiose

935 1381 1084 1417 inquirere.
1102 1382 1232 1411 Libenter
1248 1388 1339 1411 autem
1356 1383 1483 1410 hortarer
1504 1389 1552 1409 eos
1575 1381 1634 1416 qui,
1659 1379 1724 1413 licet

89 1436 168 1460 sero,
187 1436 218 1456 ex
242 1429 325 1463 hujus
345 1429 448 1458 erroris
462 1429 594 1457 barathro
610 1432 794 1462 emerserunt,
810 1433 839 1456 ut
857 1427 883 1456 ei
902 1430 1046 1458 sententiae
1061 1430 1193 1461 accedant
1213 1437 1293 1467 quam
1315 1429 1438 1465 episcopi
1454 1429 1608 1456 divinarum
1631 1433 1723 1453 rerum

90 1476 210 1504 scientia
222 1476 341 1511 praediti,
356 1477 410 1504 rite
424 1480 508 1512 atque
524 1477 621 1504 ordine
636 1477 670 1505 de
686 1477 740 1505 Deo
756 1475 975 1512 promulgarunt.
992 1476 1050 1505 lloc
1072 1478 1157 1514 igitur
1176 1469 1258 1506 modo
1288 1485 1384 1513 parum
1412 1476 1504 1504 abluit
1537 1475 1605 1511 quin
1636 1474 1724 1501 hatre-

89 1521 133 1550 sis
165 1521 210 1550 illa
241 1529 303 1558 quze
330 1521 432 1550 dicitur
460 1522 669 1556 Anommorum,
695 1530 730 1554 eo
759 1526 882 1557 tempore
898 1522 1068 1561 pravaleret.

387 1590 512 1626 KEoAA.
536 1591 585 1626 ιε’.

96 1661 149 1701 Ὧς
162 1660 199 1688 ἐν
219 1660 340 1701 Σιρμὶῳ-
352 1660 515 1701 [crateras
531 1662 547 1688 ό
565 1661 773 1701 Κωνστᾴντιος
785 1662 881 1701 Laui-

127 1698 180 1725 λιν
207 1695 415 1731 μετακαλεῖται
447 1696 582 1732 Διϐέριον
595 1716 604 1728 ,
639 1695 688 1732 aea!
716 1696 753 1732 τῇ
786 1696 880 1732 Ῥώμῃ

127 1728 351 1765 ἀποκαθίστησι
362 1738 370 1745 ο
388 1728 612 1766 συνιεραὶεύειν
633 1728 668 1767 δέ
692 1728 750 1764 καῖ
765 1728 882 1767 φιλήκᾶ

128 1767 288 1801 ἐπιτρέπει.

128 1813 168 1839 Οὐ
180 1812 271 1848 πολλῷ
286 1812 315 1839 δὲ
333 1812 447 1848 ὕστερον
463 1812 621 1843 ἐπανελθὼν
645 1813 679 1839 ἐκ
702 1812 752 1848 τῆς
773 1812 883 1848 Ῥώμης

90 1858 134 1890 εἰς
146 1858 259 1894 Σίρμιον
272 1859 285 1879 ε
296 1859 310 1885 ὁ
327 1858 471 1894 βασιλεὺς,
488 1858 736 1895 πρεσϐευσαμένων
758 1858 814 1885 τῶν
828 1858 883 1885 ἀπὸ

90 1904 145 1940 τῆς
159 1904 267 1937 Δύσεως
290 1905 462 1939 ἐπισκόπων,
486 1904 678 1940 μετακαλεῖται
693 1904 820 1940 Λιὸέριον
850 1904 882 1932 ἐκ

90 1950 423 1987 Βεροίας(88).Παρόντων
434 1958 465 1978 τε
474 1951 529 1977 τῶν
540 1951 594 1978 ἀπὸ
600 1950 650 1986 τῆς
658 1951 715 1977 Ἕω
726 1950 880 1986 πρέσϐεων,

91 1996 256 2032 συναγαγὼν
275 1997 339 2028 τοὺς
361 1996 568 2033 παρατυχόντας
590 1997 619 2023 ἐν
641 1996 680 2031 τῷ
707 1996 882 2031 στρατοπέδῳ

91 2042 187 2078 ἱερέας
197 2061 205 2074 ,
222 2041 344 2074 ἐϐιάζετι⁸
358 2041 439 2069 αὑτὸν
457 2041 598 2077 ὁμολογεῖν
610 2040 647 2076 μὴ
659 2038 778 2076 εἶναιτῷ
794 2040 882 2076 Πατρὶ

88 2087 137 2115 τὸν
152 2088 218 2114 Υιὺν
233 2087 384 2123 ὑμωύσιον.
393 2087 543 2117 Ἐνέκειντο
554 2087 594 2119 δέ,
608 2088 656 2119 καὶ
669 2087 714 2114 τὸν
729 2086 882 2122 κρατοῦντα

90 2133 140 2160 ἐπὶ
163 2133 242 2160 τοῦτο
258 2133 364 2160 ἐκίνουν
376 2153 383 2165 ,
409 2133 539 2169 πλείστην
555 2134 619 2168 παρ’
635 2132 712 2168 αὐτῷ
723 2132 881 2168 παρρησίαν

90 2180 223 2216 ἄγοντες.
252 2179 390 2218 Βασίλειος
414 2179 462 2207 καὶ
489 2179 638 2213 Εὑστάθιος
661 2179 709 2205 καὶ
732 2177 879 2209 Ἐλεύησιος.

1248 1591 1328 1622 CAP.
1348 1591 1408 1620 XV.

935 1660 1073 1696 Quomodo
1086 1658 1258 1696 Constantius
1275 1666 1334 1687 cum
1349 1657 1485 1696 rSirmitgn
1502 1658 1611 1696 venisset
1624 1677 1632 1688 ,
1646 1655 1726 1696 Libe-

970 1696 1040 1726 rium
1064 1694 1096 1727 ab
1118 1695 1212 1722 exsilio
1237 1695 1376 1724 revocavit,
1391 1697 1416 1720 et
1443 1691 1569 1719 Romanis
1588 1691 1722 1724 restituit,

964 1730 1062 1771 jarbens
1078 1733 1108 1762 ut
1123 1728 1201 1756 Felix
1219 1737 1272 1756 una
1290 1737 1349 1755 cum
1366 1728 1412 1755 illo
1431 1727 1610 1755 sacerdotium
1638 1726 1724 1753 admi-

970 1769 1107 1792 nistraret.

970 1809 1047 1837 Haud
1068 1809 1154 1841 multo
1169 1813 1230 1844 post
1248 1808 1396 1844 imperator
1417 1807 1451 1835 ab
1468 1807 1535 1835 urbe
1554 1805 1640 1835 Roma
1662 1804 1723 1833 Sir-

933 1855 1017 1890 mium
1033 1862 1178 1886 reversus,
1201 1861 1264 1881 cum
1290 1846 1492 1881 Occidentales'
1502 1851 1625 1887 episcopi
1650 1851 1722 1886 lega-

931 1901 1036 1929 tionem
1050 1900 1084 1928 ad
1100 1901 1190 1936 ipsum
1206 1899 1364 1931 misissent,
1381 1897 1520 1925 Liberium
1535 1896 1631 1923 Beroea
1646 1895 1680 1922 ad
1694 1902 1724 1922 se

934 1946 1090 1979 accersivit.
1116 1946 1241 1981 Cumque
1266 1944 1395 1973 adessent
1422 1943 1502 1979 legati
1528 1942 1723 1978 episcoporum

934 1992 1054 2022 Orientis
1064 2011 1072 2024 .
1088 1991 1248 2020 convocatis
1271 1988 1463 2018 sacerdotibus
1478 1987 1525 2022 qui
1549 1986 1577 2019 in
1591 1985 1724 2013 comitatu

935 2043 1031 2071 erant,
1046 2037 1185 2066 Liberium
1209 2036 1293 2072 coepit
1316 2034 1481 2070 compellere
1495 2037 1526 2060 ut
1547 2032 1645 2061 Filium
1670 2029 1724 2056 Pa-

934 2086 969 2114 tri
985 2093 1040 2121 tron
1056 2092 1119 2113 esse
1140 2082 1403 2112 consubstantialem
1429 2080 1615 2116 proﬁteretur.
1632 2077 1723 2104 Insta-

935 2131 1002 2159 bant
1023 2134 1132 2162 autem,
1155 2133 1183 2157 et
1203 2129 1394 2164 imperatorem
1421 2125 1454 2153 ad
1474 2125 1527 2153 hoc
1550 2122 1724 2159 impellebant

933 2175 1073 2208 Basilius.
1097 2175 1274 2207 Eustathius,
1297 2178 1325 2202 et
1340 2172 1490 2205 Eleusinis,
1516 2171 1562 2206 qui
1586 2169 1723 2205 pracipua

693 2264 828 2299 νειεειι
846 2261 1121 2298 ANNOTATIONES.

128 2336 186 2372 (86)
203 2336 258 2364 Καὶ
270 2336 325 2372 νπὰρ
348 2335 386 2370 δὴ
397 2335 493 2372 εἰπεῖν
504 2338 706 2372 προαχθείην.
726 2336 813 2372 Hujus
828 2336 881 2366 loci

89 2371 248 2400 emendatio
274 2371 392 2407 debetur
421 2371 510 2398 codici
535 2371 683 2404 Allariano,
711 2372 743 2401 in.
769 2380 824 2407 quo
844 2372 881 2402 ita

91 2407 227 2435 scribitur
237 2416 243 2434 :
253 2406 290 2442 μὴ
303 2406 358 2442 γὰρ
368 2406 401 2442 δὴ
424 2406 604 2442 προσαχθείην
616 2408 715 2439 εἰπεῖν.
730 2406 784 2436 etc.
793 2407 881 2440 Quam

92 2443 240 2470 lectionem
254 2441 287 2469 in
304 2441 433 2469 versione
445 2449 504 2469 mea
522 2449 583 2471 sum
600 2446 721 2472 secutus,

130 2477 188 2512 (87)
203 2477 451 2512 Κιϐδηλεύονςζας.
476 2475 576 2504 I'rocul
597 2477 681 2505 dubio
705 2476 880 2506 scribendum

91 2517 137 2541 est
153 2512 366 2548 κιϐδηλεύοντες.
380 2511 443 2539 Haec
465 2512 539 2539 enim
554 2512 711 2548 referuntur
727 2513 759 2542 ad
789 2511 879 2540 Eudoq

934 2333 1022 2364 xium.
1037 2331 1085 2366 qui
1098 2330 1201 2366 impios.
1213 2329 1338 2359 homines
1359 2335 1392 2356 ac
1405 2327 1554 2355 sceleratos
1573 2324 1599 2351 in
1615 2323 1720 2351 clerum

936 2366 1100 2437 allgﬁgbegx
1117 2400 1250 2437 Βεροίης.
1274 2399 1302 2427 In
1317 2398 1411 2437 codice
1425 2396 1576 2437 Ftihetiatlo
1588 2393 1720 2437 scripturn

934 2428 1034 2499 ﬁtting
1060 2428 1182 2471 Βεροίας.
1214 2428 1312 2471 ’ὲυρι-ιι
1350 2433 1436 2460 Beroe
1461 2431 1534 2459 dicta
1562 2434 1614 2462 est,
1645 2428 1722 2456 'urbs

968 2479 1068 2505 rracra‘.

819 2602 1010 2633 VARIORUM.

133 2670 147 2690 ε
163 2670 294 2704 Σιζρμιον.
320 2669 470 2699 Sirmiense
492 2670 638 2699 concilium
664 2679 700 2702 iv,
723 2671 823 2705 partim
849 2679 882 2699 ex

94 2703 277 2732 Orientalium
295 2705 402 2740 legatis,
415 2706 513 2740 partim
529 2713 561 2734 ex
574 2706 711 2740 episcopis
725 2703 775 2740 qui
792 2706 819 2732 in
835 2714 882 2734 co—

97 2713 277 2732 Urientanum
296 2713 402 2740 legatis,
415 2713 513 2740 parum
529 2713 561 2734 ex
574 2713 711 2740 episcopis
748 2714 775 2732 ιιι
792 2714 819 2732 ιη
835 2714 881 2734 co-

97 2740 194 2776 mitatu
223 2744 311 2772 erant,
330 2748 403 2767 anno
427 2741 479 2768 358
493 2745 697 2776 congregatum.
719 2713 770 2768 θοι
799 2741 881 2767 aliam

98 2774 159 2802 tidei
177 2773 320 2810 formulam
338 2773 561 2810 composuerunt:
583 2773 681 2809 partim
693 2784 724 2802 ex
742 2776 825 2802 veteri
839 2776 883 2802 illa

97 2809 191 2836 sirmii
204 2809 338 2837 adversus
359 2809 504 2837 Photinum
520 2811 603 2841 facta,
619 2811 717 2844 partim
729 2818 761 2838 ex
784 2810 882 2836 Antio—

97 2845 184 2871 cheua
196 2852 269 2872 anno
286 2845 335 2872 5M
357 2845 477 2876 condita.
499 2845 652 2872 conﬂatam.
667 2845 735 2873 Huic
758 2845 884 2872 Liberius

99 2878 234 2914 pontifex,
246 2884 306 2914 post
315 2883 438 2908 exactum
448 2882 555 2909 triennii
563 2880 880 2915 cxsilium,subscripsit,

935 2676 962 2699 et
978 2678 1040 2699 cum
1055 2669 1165 2697 Arianis
1179 2667 1400 2703 communionem
1414 2665 1516 2703 coluit,
1530 2663 1587 2692 sedi
1607 2671 1664 2691 sua:
1678 2663 1723 2703 in-

935 2707 969 2734 de
988 2705 1142 2734 restitutus.
1159 2703 1276 2739 Exstant
1298 2701 1398 2739 l.._iber-ii
1414 2701 1467 2739 hac
1488 2699 1522 2727 de
1538 2707 1568 2739 re
1579 2702 1642 2739 ires
1653 2699 1720 2739 _ep_i-

935 2733 1011 2768 stulte
1035 2740 1105 2775 apud
1117 2739 1249 2775 Hilarium
1265 2735 1490 2775 in_Fragmer_I_tis_.
1504 2734 1555 2775 col.
1573 2733 1636 2760 ηε.
1653 2733 1721 2775 γίιίρ

935 2767 962 2802 ct
978 2767 1124 2803 Ᾰιιιειῖιιις..
1142 2773 1192 2805 Ep.
1203 2773 1238 2799 ad
1253 2767 1399 2808 solitarios.
1513 2769 1606 2808 @aven
1616 2767 1720 2808 vol.nll.

938 2802 1217 2845 p.1g.ril'.)rEodctn
1246 2814 1318 2834 anno
1338 2802 1489 2845 (scisses)
1518 2803 1642 2832 Liberius
1668 2802 1720 2829 nu-

939 2843 1008 2874 main
1024 2845 1049 2874 in
1069 2844 1160 2873 sedem
1177 2850 1254 2871 suam
1267 2848 1393 2870 reversus
1407 2843 1460 2868 est.
