1899 3077
116 147 186 174 “53

627 144 790 173 HISTORIA
810 144 1084 173 ECCLESIASTICA.
1099 161 1134 166 —
1155 146 1218 173 LIB.
1240 147 1284 175 IV.

1675 152 1746 182 ΗΜ

112 204 186 240 ὑπὲρ
199 203 246 230 τοῦ
263 203 396 238 δόγματος
409 203 572 231 ἀντειπόντα
590 204 630 240 τῷ
647 204 768 239 βασιλεῖ,
784 205 880 240 ἠγάπα

962 205 1015 233 ulla
1035 205 1227 241 dissensione;
1256 211 1283 235 et
1305 207 1437 243 quidquid
1457 210 1588 238 molestiae
1608 211 1745 240 acciderat

110 249 167 276 τῶν
182 249 326 285 Ῥωμαίων
337 249 424 285 δῆμος
433 257 440 264 ·
456 250 494 282 ὡς
505 250 554 277 καὶ
566 251 699 286 μεγίστην
708 251 904 287 ἀνακινηθῆναι

110 294 218 328 στάσιν,
236 294 284 320 καὶ
297 294 378 329 μέχρι
396 294 483 329 φόνων
497 295 632 331 χωρῆσαι.
646 295 751 331 Ὀλίγον
764 296 792 323 δὲ
807 297 904 332 χρόνον

107 339 227 375 suum
246 339 445 372 ὲπιϐιώσαντος
461 341 488 373 h,
513 341 593 377 μόνος
618 341 745 377 Λιϐἐριος
770 342 819 378 τῆς
842 343 904 369 Ἐκ-

107 385 226 420 κλησίας
241 385 398 420 προῖστατο.
413 385 510 422 Ταύτῃ
538 395 575 423 πη
599 387 647 414 τοῦ
663 387 730 414 Θεοῦ
752 387 904 423 διοικήσαν-

958 253 1070 284 propter
1100 249 1200 278 Felicis
1238 251 1565 290 ordinationemfatque
1592 256 1745 285 absentiam

957 295 1075 329 Liberii,
1092 296 1222 324 oblivioni
1241 298 1391 326 traderent.
1414 300 1480 327 Nam
1496 301 1633 330 Liberium
1650 307 1746 338 utpote

957 342 1046 369 virum
1065 343 1247 379 undequaque
1263 346 1421 381 egregium,
1440 351 1467 374 et
1480 347 1527 383 qui
1545 356 1594 384 pro
1614 350 1746 384 religione

956 388 1115 423 imperatori
1138 389 1245 418 fortiter
1268 391 1435 424 restitisset,
1462 394 1580 430 populus
1603 393 1747 423 Romanus

106 437 155 460 τος
179 429 250 456 ὥστε
273 429 318 457 τὸν
333 430 438 465 Πέτρου
456 430 551 466 θρόνον
577 431 614 468 μὴ
638 432 760 466 ἀδοξεῖν,
781 432 834 460 ὑπὸ
859 433 889 460 δύ

964 441 1076 468 mpense
1097 434 1244 470 diligebat:
1256 435 1323 464 adeo
1336 441 1365 464 ut
1379 438 1439 473 ejus
1457 446 1541 467 causa
1554 441 1745 476 gravissimam

105 475 243 511 ἡγεμόσιν
267 476 422 511 ίθυνόμενον
441 484 448 492 ·
473 476 488 503 ὃ
517 477 652 512 διχονοίας
677 478 809 514 σύμϐολόν
833 479 901 512 ἐστι,

104 522 157 548 καὶ
171 521 398 558 ἐκκλησιαστικσῦ
413 522 515 558 θεσμοῦ
533 523 674 560 ἀλλότριον
691 524 713 551 ί.

956 479 1119 508 seditionem
1145 482 1324 516 excitaverit,
1341 488 1367 511 et
1389 485 1423 512 ad
1436 486 1525 514 caedes
1545 495 1632 522 usque
1646 495 1746 522 proru—

956 526 1037 560 perit.
1055 526 1119 554 Post
1135 526 1193 554 haec
1216 535 1281 555 vero
1302 536 1364 556 cum
1386 529 1462 558 Felix
1490 532 1601 559 modico
1621 536 1745 569 tempore

109 570 327 604 supervixisset,
355 570 431 606 151
455 571 582 600 Liberius
606 573 683 601 solus
711 573 863 601 Ecclesiam
896 573 1115 602 administravit.
1152 574 1231 608 Quod
1257 577 1366 611 quidem
1390 576 1482 604 divina
1512 578 1683 613 providentia
1706 579 1744 607 ita

105 615 300 650 dispensavit,
330 624 364 644 ne
391 617 471 645 sedes
504 618 578 646 Petri
611 620 859 652 dehonestaretur,
890 628 905 647 a
924 620 1033 650 duobus
1047 622 1211 657 praesulibus
1230 623 1311 652 simul
1332 623 1503 659 gubernata:
1535 626 1608 661 quod
1639 626 1745 655 discor-

105 661 161 689 diae
198 663 323 697 signum,
348 666 375 691 et
399 663 433 691 ab
469 666 668 694 ecclesiasticis
694 667 802 702 legibus
836 666 956 694 alienum
973 671 1027 696 est.

405 713 531 740 ΚΕΦΑΛ.
546 713 603 747 ις’,

106 758 172 786 Ὅτι
188 759 236 787 διὰ
259 759 318 794 τὴν
332 760 448 787 Ἀετίου
468 761 596 794 αἵρεσιν,
614 760 664 787 καὶ
680 760 739 787 τῶν
753 760 900 787 ἐνἈντιο-

140 795 220 829 χείᾳ,
237 795 346 828 ὥρισεν
368 797 384 822 ό
403 796 554 828 βασιλεὺς
570 795 704 822 σύνοδον
715 796 750 821 ἐν
771 797 899 830 Νικομη-

140 830 207 863 ὃεία
232 830 371 865 γενέσθαι
387 839 394 846 ·
427 831 557 865 σεισμοῦ
584 830 618 857 δὲ
645 830 808 865 γενομένου
821 851 828 861 .
849 830 900 857 καὶ

1265 714 1343 742 CAP.
1367 714 1435 742 XVI.

954 758 1095 798 Quomodo
1105 765 1213 798 propter
1229 761 1452 798 hwresintAetii,
1467 766 1492 788 et
1511 770 1599 789 eorum
1614 764 1659 798 qui
1668 768 1744 790 erant

989 795 1154 832 (taliae/tite,
1172 797 1316 832 imperator
1340 797 1453 824 decrevit
1477 801 1506 823 ut
1530 795 1646 832 synodus
1669 799 1743 832 ﬁeret

989 829 1161 858 Nicomediw.
1181 829 1232 859 sed
1252 840 1310 858 cum
1339 837 1416 859 terra:
1433 837 1519 858 motus
1546 829 1573 858 et
1591 833 1645 858 alia
1659 829 1742 859 unum

141 865 267 903 πρλλῷιν
278 865 316 903 ἐν
329 864 369 903 τῷ
383 864 504 903 μεζαξὺ
516 864 739 903 εἰσπεσόντων,
755 866 892 903 πρότεροι

987 865 1207 903 intervenissent,
1241 867 1326 903 primo
1361 868 1468 903 quidem
1504 866 1622 899 Nicew,
1653 875 1743 901 postea

135 899 197 934 μὲν
220 901 255 927 ἐν
273 899 401 935 Numici,

142 935 305 970 Σελευκείᾳ
317 936 336 970 ἡ
352 933 484 968 σύνοδος
493 933 669 970 ἤθροισται·
682 933 717 962 ἐκ
732 933 755 969 ᾧ
769 936 818 963 καὶ
832 936 899 970 περὶ

141 969 300 1003 Ἀρσακίου
317 970 371 998 τοῦ
384 969 581 1005 ὁμολογήτοῡ.

141 1017 188 1043 Ἐν
214 1016 263 1052 μὲν
289 1014 336 1043 οὖν
365 1016 404 1051 τῷ
430 1018 537 1053 Σιρμίῳ
565 1017 653 1044 ταῦτα
678 1017 799 1052 ἐγεγόνει
817 1026 824 1033 ·
851 1018 899 1045 καὶ

102 1061 193 1089 ἐδόκει
205 1063 266 1089 τότε
279 1062 323 1090 διὰ
340 1062 384 1090 τὸν
398 1063 444 1090 τοῦ
458 1062 590 1098 βασιλέως
601 1063 693 1098 φόϐον,
709 1064 837 1100 Ἀνατολὴ
852 1065 898 1091 καὶ

102 1108 187 1140 Λύσις
212 1109 374 1144 όμοφρονεῖν
396 1109 459 1144 περὶ
484 1109 514 1136 τὺ
530 1109 627 1145 δόγμα.
651 1109 718 1144 Περὶ
744 1109 771 1136 δὲ
798 1110 852 1137 τῶν
868 1111 898 1137 ἐν

102 1155 256 1190 Ἀντιοχείᾳ
268 1155 511 1191 νεωτερισθέντων,
521 1155 567 1182 καὶ
579 1155 738 1190 τῆςἈετίου
755 1155 896 1192 αἱρέσεως,

99 1200 213 1236 ἔκρινεν
239 1201 253 1227 ό
271 1200 399 1236 βασιλεὺς
424 1201 579 1228 ἐπιτελέσαι
606 1201 714 1228 σύνοδον
731 1202 760 1227 ὲν
784 1202 895 1237 Nimia.

97 1245 358 1281 τΠαραιτησαμένων
372 1245 400 1272 δὲ
414 1245 469 1272 τῶν
484 1247 556 1282 ἀμφὶ
568 1247 707 1273 Βασίλειον
717 1246 760 1273 διὰ
772 1247 802 1273 τὸ
813 1247 896 1274 πάλαι

98 1289 199 1317 ἐνθάδε
228 1289 278 1325 τὴν
294 1290 358 1325 περὶ
385 1289 431 1316 τοῦ
457 1290 591 1325 δόγματος
617 1290 754 1326 συμϐῆναι
771 1290 895 1325 ζήτησιν,

97 1334 193 1367 ’ἔδοξεν
209 1335 238 1361 ὲν
249 1334 418 1370 Νικομηδείᾳ
432 1334 482 1370 τῆς
502 1334 645 1366 Βιθυνίαςσ
664 1335 712 1361 καὶ
734 1334 895 1369 γράμμασιν

100 1381 143 1412 είς
168 1380 253 1416 ῥητὴν
277 1380 382 1416 ἡμέραν
412 1380 482 1416 μετὰ
510 1380 629 1416 σπουδῆς
656 1380 747 1407 καλεῖν
775 1380 830 1407 τῶν
853 1380 894 1407 ἀν’

98 1428 219 1454 ἕκαστον
231 1426 307 1459 ἔθνος
319 1427 488 1461 ἐπισκόπων,
513 1427 538 1454 οἳ
552 1427 669 1453 συνιέναι
684 1426 895 1462 ἐπιτηδειότεροι

100 1473 213 1500 ἐδόκουν
227 1493 234 1505 ,
252 1473 299 1500 καὶ
323 1474 393 1500 νοεῖν
417 1473 464 1500 καὶ
487 1473 579 1508 λέγειν
607 1473 704 1500 ίκανοί.
726 1473 808 1499 Ὥστε
835 1473 895 1499 ἀντὶ

102 1519 212 1546 πάντων
237 1519 291 1545 τῶν
316 1518 410 1554 ἱερέων
426 1518 474 1546 τοῦ
492 1518 588 1550 ἔθνους
600 1539 607 1551 ,
627 1519 772 1554 μετασχεῖν
793 1518 893 1547 αὐτοὺς

98 1565 150 1599 τῆς
173 1564 282 1591 συνόδου
296 1584 303 1597 ,
321 1565 368 1591 καὶ
390 1566 422 1601 τῇ
452 1565 542 1600 κρίσει
559 1566 694 1599 παρεῖναι.
712 1564 782 1599 Ἤδη
797 1564 825 1590 δὲ
847 1566 895 1591 καὶ

99 1610 154 1636 τῶν
172 1610 300 1638 πλειόνων
313 1610 382 1637 κατὰ
396 1611 446 1646 τὴν
457 1610 610 1646 ὁδοιπορίαν
623 1610 718 1642 ὄντων,
731 1609 895 1644 ἀγγέλλεται

96 1654 130 1680 τὸ
143 1654 328 1690 Νικομηδείας
353 1655 440 1687 πάθος
455 1655 511 1690 (9’5)
527 1676 534 1688 ,
558 1656 605 1682 καὶ
622 1656 662 1682 ὅτι
686 1656 775 1682 πᾶσαν
796 1656 810 1682 ό
827 1655 895 1686 Θεὸς

97 1700 269 1727 κατέσεισεν.
293 1701 338 1732 Ὠς
355 1701 400 1727 ἐπὶ
426 1701 580 1737 ἀπολομένῃ
609 1701 637 1727 δὲ
663 1701 748 1736 ἄρδην
767 1701 799 1736 τῇ
817 1700 892 1727 πόλει

96 1747 239 1781 πανταχοῦ
257 1746 420 1782 κρατοῦντος
431 1766 439 1778 ,
456 1747 571 1782 ἐπέσχον
587 1748 611 1773 οἱ
631 1747 691 1774 καθ’
707 1746 766 1774 ὁδὸν
779 1747 892 1773 ἐπίσκο-

97 1800 147 1818 ποι
160 1799 167 1805 ·
181 1792 219 1823 ὡς
234 1792 288 1828 γὰρ
300 1792 371 1826 φιλεί
384 1793 400 1827 ἡ
417 1792 495 1827 φήμη
508 1792 685 1827 ἐργάζεσθαι,
700 1793 750 1819 οὐκ
760 1793 824 1827 ἄχρι
836 1792 891 1819 τῶν

96 1837 275 1863 ’πεπονθότων
298 1837 332 1863 τὰ
354 1837 428 1863 δεινὰ
450 1838 505 1867 τοῖς
522 1837 630 1864 ἄπωθεν
656 1837 796 1873 ἠγγελλεν.
824 1838 889 1863 ’Υπ-

94 1881 254 1917 εθρυλλεττο
267 1882 295 1908 δὲ
309 1881 426 1908 Νίκαιάν
438 1891 467 1908 τε
480 1883 526 1909 καὶ
542 1882 682 1917 Πέρινθον,
700 1883 746 1909 καὶ
760 1882 809 1914 τὰς
821 1882 891 1917 πλη-

97 1928 158 1954 σίον
173 1927 265 1959 πόλεις
276 1947 283 1959 ,
298 1928 462 1962 κοινωνῆσαι
480 1927 529 1963 τῆς
551 1929 694 1963 συμφορᾶς
706 1936 712 1942 ·
731 1928 841 1964 προσέτι
859 1928 889 1955 δὲ

95 1973 146 1998 καὶ
157 1971 208 2007 τὴν
222 1971 516 1998 Κωνσταντινούπολιν.
533 1972 570 1998 Οὐ
595 1973 712 2007 μετρίως
735 1973 764 1999 δὲ
778 1973 841 2005 τοὺς
857 1970 887 2000 εὖ

95 2017 267 2053 φρονοῦντας
281 2017 334 2044 τῶν
349 2017 506 2044 ἐπισκόπων
525 2017 618 2044 ἐλύπει
634 2018 665 2044 τὸ
681 2018 800 2053 συμϐὰν,
818 2018 887 2045 καθ-

91 2064 138 2090 ότι
161 2063 208 2090 καὶ
225 2063 356 2098 ἐκκλησία
371 2062 585 2098 μεγαλοπρεπῶς
603 2064 814 2100 οἰκοδομουμένη
829 2073 890 2091 κατ-

94 2109 226 2144 εσείσθη,
252 2109 298 2135 καὶ
325 2109 461 2144 πρόφασις
490 2109 598 2143 ἐγένετο
614 2111 670 2141 τοῖς
699 2110 888 2146 ἀπεχθανομέ-

93 2163 154 2186 νοις
171 2155 239 2190 πρὸς
256 2154 305 2190 τὴν
326 2154 479 2190 θρησκείαν
491 2177 498 2188 ,
516 2156 641 2191 ἀγγεῖλαι
656 2155 694 2190 τῷ
713 2156 832 2191 βασιλεῖ,
851 2157 888 2188 ὡς

420 901 550 935 ὕστερον
568 900 602 927 δὲ
626 901 661 927 ἐν
678 900 820 935 Ἀριέιήνῳ
848 901 900 927 καὶ

987 908 1046 938 uero
1069 901 1187 938 Arimini
1200 906 1224 938 et
1243 901 1369 938 Seleucia:
1384 901 1500 937 synodus
1516 907 1674 938 congregata
1691 909 1741 930 est.

985 935 1055 961 Item
1067 935 1099 962 de
1111 936 1222 963 Arsacia
1235 937 1396 971 confessam.

985 1011 1019 1038 Et
1034 1011 1091 1039 haec
1105 1013 1216 1048 quidem
1233 1012 1327 1041 Sirmii
1344 1018 1405 1041 acta
1419 1018 1492 1042 sunt.
1512 1014 1605 1050 quue
1621 1019 1743 1051 tempore

949 1056 984 1084 ob
999 1061 1099 1084 metum
1121 1058 1297 1093 imperatoris
1308 1079 1315 1090 ,
1334 1060 1487 1088 Orientales
1507 1064 1589 1096 atque
1604 1060 1741 1089 Occiden-

949 1102 1018 1129 tales
1033 1102 1190 1130 consentire
1205 1103 1276 1130 inter
1291 1111 1321 1132 se
1339 1105 1365 1131 in
1384 1105 1509 1132 doctrina
1525 1105 1586 1133 ﬁdei
1611 1106 1742 1134 videban-

948 1150 1003 1173 tur.
1020 1146 1061 1174 Ob
1072 1155 1103 1174 ea
1126 1155 1190 1175 vero
1207 1156 1268 1183 quae
1284 1149 1435 1177 Antiochiae
1454 1154 1557 1178 tentata
1580 1151 1702 1183 fuerant,
1714 1156 1742 1179 et

948 1197 1061 1227 propter
1082 1193 1207 1221 haeresim
1223 1195 1293 1221 Aetii
1317 1195 1467 1230 imperator
1491 1197 1627 1232 synodum
1644 1197 1742 1225 Nicaeae

947 1237 1088 1265 celebrare
1116 1239 1272 1266 constituit.
1305 1239 1358 1267 Sed
1386 1247 1448 1267 cum
1477 1240 1596 1269 Basilius
1626 1242 1741 1278 ejusque

947 1283 1060 1311 asseclze
1072 1284 1098 1311 id
1120 1290 1311 1317 recusassent,
1327 1293 1360 1313 eo
1382 1286 1453 1321 quod
1468 1287 1533 1314 olim
1558 1287 1592 1315 de
1617 1287 1670 1316 ﬁde
1684 1289 1740 1317 illic

947 1333 1093 1357 tractatum
1113 1330 1227 1364 fuisset,
1248 1331 1352 1367 placuit
1373 1335 1403 1359 ut
1422 1332 1589 1360 Nicomedia:
1603 1333 1630 1360 in
1645 1333 1741 1370 Bithy-

947 1375 992 1401 nia
1010 1375 1133 1410 synodus
1148 1381 1373 1411 congregaretur,
1395 1382 1478 1412 utque
1493 1386 1527 1405 ex
1536 1379 1664 1407 omnibus
1677 1388 1741 1415 pro-

945 1422 1047 1449 vinciis
1059 1422 1182 1457 episcopi
1194 1422 1241 1457 qui
1256 1430 1313 1457 prae
1327 1424 1435 1450 caeteris
1449 1424 1594 1458 prudentia
1609 1425 1738 1459 valerent,

944 1471 972 1495 et
983 1468 1155 1502 intelligendi
1173 1468 1342 1503 dicendique
1360 1468 1491 1496 facultate
1505 1470 1612 1504 praediti
1629 1477 1737 1503 essent,

945 1513 978 1540 ad
1002 1514 1186 1548 praestitutum
1210 1514 1282 1541 diem
1313 1514 1505 1550 imperialibus
1532 1516 1633 1544 litteris
1661 1518 1737 1546 ocius

946 1563 1145 1592 evocarentur,
1169 1560 1206 1587 ita
1232 1564 1262 1587 ut
1283 1560 1344 1588 vice
1368 1562 1489 1588 omnium
1513 1562 1661 1596 provincias
1682 1571 1738 1592 suae

947 1606 1141 1641 episcoporum
1175 1606 1203 1633 in
1235 1607 1355 1634 concilio
1380 1607 1550 1641 residerent,
1580 1613 1606 1635 et
1633 1609 1737 1644 judicio

946 1652 1122 1680 interessent.
1140 1651 1194 1679 Sed
1207 1660 1269 1679 cum
1288 1653 1376 1688 major
1389 1653 1443 1688 jam
1459 1661 1522 1688 pars
1545 1655 1737 1690 episcoporum

944 1697 996 1724 iter
1010 1698 1133 1733 ingressa
1148 1701 1239 1730 esset,
1257 1698 1371 1725 nuntius
1386 1699 1487 1725 allatus
1499 1699 1588 1726 estde
1608 1699 1737 1727 Nicome-

943 1743 995 1771 dizc
1022 1745 1196 1778 calamitate,
1217 1752 1276 1771 eam
1310 1745 1415 1772 scilicet
1440 1749 1525 1772 totam
1559 1750 1638 1773 terra:
1661 1750 1737 1773 metu

944 1797 1108 1817 concussam
1122 1790 1216 1818 fuisse.
1230 1790 1356 1825 Cumque
1376 1799 1470 1818 rumor
1486 1792 1588 1826 passim
1607 1793 1737 1820 invaluis-

944 1839 985 1861 sct
1009 1842 1068 1861 eam
1097 1836 1191 1862 urbem
1218 1836 1327 1869 penitus
1357 1843 1480 1864 eversam
1506 1845 1587 1870 esse,
1613 1838 1735 1873 episcopi

944 1881 1059 1908 ulterius
1085 1881 1210 1916 progredi
1235 1881 1432 1909 destiterunt‘.
1457 1881 1563 1909 Etenim
1590 1883 1679 1916 fama,
1696 1885 1734 1911 uti

942 1927 1030 1959 solet,
1059 1934 1113 1954 nou
1139 1926 1167 1954 in
1192 1927 1226 1954 iis
1254 1927 1343 1954 solum
1373 1928 1529 1955 consistens
1550 1929 1599 1963 qui
1631 1929 1734 1957 malum

941 1971 1016 2006 passi
1040 1975 1137 2003 erant,
1153 1972 1258 1999 cladem
1281 1972 1355 1998 illam
1379 1973 1475 2007 procul
1499 1973 1595 2007 positis
1622 1975 1733 2001 nuntia-

941 2021 1028 2045 verat.
1045 2017 1098 2044 Sed
1110 2016 1224 2044 Nicaeam
1237 2024 1347 2052 quoque
1361 2022 1387 2044 et
1401 2017 1561 2045 Perinthum
1571 2038 1578 2050 ,
1598 2019 1734 2054 urbesque

943 2063 1092 2095 ﬁnitimas,
1108 2063 1250 2097 ipsamque
1268 2063 1336 2090 adeo
1349 2063 1615 2097 Constantinopolim
1632 2065 1659 2091 in
1674 2073 1734 2100 par-

943 2112 997 2136 tem
1027 2108 1192 2136 calamitatis
1214 2109 1323 2136 venisse
1358 2108 1560 2144 divulgabatur.
1597 2109 1681 2137 Porro
1708 2111 1732 2137 is

942 2162 1025 2182 casus
1047 2161 1095 2182 eos
1120 2155 1266 2189 episcopos
1299 2154 1346 2189 qui
1374 2158 1449 2182 recte
1478 2155 1647 2187 sentiebant,
1676 2164 1729 2183 non

94 2200 257 2226 ἐπισκόπων
271 2200 373 2235 πλῆθος
389 2201 436 2227 καὶ
455 2201 560 2237 ἀνδρῶν
579 2201 625 2228 καὶ
643 2201 746 2227 παίδων
771 2201 819 2228 καὶ
838 2210 887 2236 γυ-

962 2201 1072 2228 tediocri
1095 2200 1190 2228 dolore
1210 2201 1316 2231 alfeeit.
1343 2208 1376 2228 eo
1395 2200 1468 2236 quod
1484 2201 1599 2228 ecclesia
1622 2210 1732 2237 quoque

93 2246 198 2273 ναικῶν
223 2245 356 2279 ἀπώλετο,
382 2247 595 2282 προσφυγόντων
616 2248 648 2283 τῇ
676 2247 808 2283 ἐκκλησίᾳ
842 2249 886 2275 ἐπ’

94 2292 184 2318 ὲ-λπίδι
198 2291 245 2318 τοῦ
262 2291 357 2319 ἐνθάδε
370 2292 551 2328 σωθήσεσθαι.
568 2293 626 2321 Οὐκ
638 2292 745 2328 ἀληθῶς
759 2293 787 2320 δὲ
801 2293 887 2321 ταῦτα

130 2382 139 2397 ί
159 2381 238 2409 Socr.
254 2381 302 2409 lib.
321 2388 352 2414 ιι,
373 2388 398 2408 e.
414 2381 459 2409 58.

940 2248 997 2275 illic
1023 2248 1167 2283 magniﬁce
1188 2251 1369 2280 constructa,
1395 2252 1658 2284 corrueratzeaque
1686 2257 1731 2276 res

940 2293 1098 2321 hominibus
1127 2293 1252 2329 religioni
1280 2296 1382 2321 nostrae
1409 2292 1524 2321 infensis
1557 2293 1730 2321 occasionem

699 2455 832 2483 VALESII
851 2455 1126 2486 ANNOTATIONES.

129 2506 186 2540 (93)
210 2505 246 2532 Τὸ
274 2505 471 2540 Νικομηδείας
495 2505 600 2538 πάθος.
626 2504 784 2531 Nicomedia
798 2509 886 2540 term

92 2538 308 2575 motu'collapsa
329 2538 371 2568 est
388 2540 506 2567 Datiano
530 2545 556 2567 et
578 2538 884 2575 Cerealeconsulibus,

93 2583 119 2602 Ix
138 2575 198 2603 Kal.
218 2574 371 2611 Septemb,
381 2579 410 2602 ut
421 2575 689 2611 scribitAAmmianus
701 2574 885 2611 biarcellipus,

91 2617 118 2638 ct
132 2610 238 2638 Idatius
256 2608 292 2637 ‘in
306 2609 415 2643 Fastis,
442 2610 489 2646 qui
514 2609 567 2637 fuit
587 2616 676 2637 annus
696 2609 803 2636 Christi
821 2608 884 2636 558.

939 2503 1031 2542 Quare
1051 2506 1174 2541 synodus
1197 2506 1358 2535 Sirmiensis
1375 2511 1402 2534 et
1424 2508 1593 2542 subscriptio
1618 2508 1663 2535 illa
1683 2507 1729 2535 Li-

941 2541 1013 2581 berii
1037 2549 1142 2582 .mense
1164 2543 1290 2577 Augusto
1317 2543 1442 2577 ejusdem
1475 2541 1543 2570 anni
1571 2544 1727 2571 necessario

940 2580 1067 2612 contigit.
1308 2608 1314 2612 _

810 2697 1000 2725 VABIORUM.

127 2756 142 2775 h
175 2755 290 2790 Ὀλίγον
308 2755 342 2782 δὲ
366 2757 477 2791 χρόνον
498 2756 631 2790 Φίληκος
660 2754 883 2791 ἐπιξιώσαντος.

93 2790 225 2826 Ιηιονοοῑο
237 2788 325 2826 annos
342 2788 483 2826 superstes
513 2788 583 2823 erat,
598 2793 676 2826 Ateste
705 2788 839 2817 Faustino
854 2790 882 2816 in

91 2825 198 2864 praefat.
217 2825 250 2864 ad
266 2824 400 2864 Libellum
416 2826 578 2864 supplicent.
597 2824 640 2852 W.
653 2824 766 2864 I_.ovv_'r_n_.

139 2867 146 2886 i
170 2861 225 2888 Kal
259 2860 516 2896 ἐκκλησιαστὶνὶοῦ
556 2860 671 2895 θεσμοῦ
706 2860 878 2894 ἀλλότριον.

938 2753 1022 2780 Multa
1036 2753 1183 2789 annotavit
1195 2753 1309 2789 doctiss.
1328 2753 1400 2781 Guil.
1415 2753 1578 2789 Beveregius
1593 2753 1626 2789 ad
1640 2761 1723 2781 cano-

937 2797 1000 2824 nem
1031 2788 1047 2815 8
1069 2788 1179 2824 concilii
1202 2787 1304 2816 Nieazui
1322 2797 1340 2821 ι,
1365 2797 1398 2816 ex
1421 2787 1569 2824 Cypriane,
1593 2787 1723 2821 Paeiano,

936 2823 1103 2858 Epiphanio,
1120 2823 1239 2859 aliisque
1261 2825 1416 2856 veteribus,
1437 2823 1511 2859 quod
1537 2832 1590 2852 non
1607 2823 1724 2851 debeant

934 2866 996 2887 esse
1012 2859 1067 2886 duo
1084 2858 1207 2894 episcopi
1229 2859 1256 2886 in
1272 2859 1366 2886 cadent
1382 2858 1457 2887 urbe.
