1899 3077
196 141 264 169 H55

195 200 349 236 pnebttet‘at
371 200 515 228 nuntiandi
544 199 698 235 itnperatori
721 197 834 234 periisse
857 195 980 223 multitu-
995 196 1018 225 Α

196 244 287 272 dinem
303 245 507 280 episcoporum,
527 249 551 272 el
568 244 687 271 virorum
707 251 740 270 ac
755 242 898 270 mulierum
912 260 920 272 ,
933 241 980 275 qui

196 290 225 318 in
239 291 355 320 ecclesia
374 290 525 318 servandos
547 298 576 317 se
600 297 662 318 esse
686 293 844 325 sperantes,
857 295 889 315 eo
919 293 982 313 cum

197 337 292 366 liberis
318 337 516 372 confugissent.
545 336 611 369 Quae
631 340 721 364 tamen
746 335 901 369 neutiquam
918 339 982 360 vera

196 388 284 411 erant.
300 382 370 409 liora
380 381 577 410 eninrsecunda
589 381 662 413 diei,
678 389 732 416 quo
743 380 857 408 collecta
871 379 984 406 minime

197 428 400 458 celebrabatur.
419 431 498 455 terra:
515 430 606 454 motus
621 427 714 462 coepit.
739 425 772 453 Et
794 433 826 453 ex
848 424 984 460 episcopis

197 475 273 502 solus
290 472 455 508 Cecropius,
477 473 642 500 Nicomediae
678 473 764 508 ipsius
789 472 904 499 antistes
927 491 935 504 ,
957 473 984 497 et

197 520 268 547 alius
283 523 411 554 praeterea
426 518 537 554 quidam
549 526 580 546 ex
599 519 722 553 Bosporo
732 537 740 548 .
752 521 828 544 extra
840 516 983 544 ecclesiam

195 565 320 600 oppressi
349 568 423 592 sunt.
454 564 577 599 Cumque
613 564 711 592 civitas
742 563 816 590 brevl
855 562 985 596 temporis

196 614 335 638 momento
352 617 487 638 concussa
517 610 568 642 sit.
583 609 741 644 quicunque
757 608 812 635 alio
834 607 986 634 voluissent

196 651 362 686 confugere,
383 650 593 686 haudquaquam
615 654 738 685 potuere.
762 649 815 676 Sed
835 648 914 683 152
931 647 986 682 pri-

197 703 242 722 mo
263 696 365 731 impetu
391 695 545 731 ingruentis
570 695 701 730 periculi,
719 694 775 722 fere
793 702 848 729 quo
871 694 987 728 quisque

198 740 258 767 loco
269 744 401 772 steterat,
418 744 466 767 aut
478 747 604 768 servatus
617 744 677 772 est,
703 743 749 767 aut
767 739 880 767 interiit.
901 739 986 766 Caele-

197 792 259 812 rum
280 785 357 812 aiunt
383 785 526 814 Arsacium
543 785 689 822 quemdam
707 793 767 813 eam
785 785 985 816 calamitatem.

198 831 277 866 prius
290 839 372 866 quam
384 832 535 864 accideret,
552 832 722 868 praevidisse.
740 832 805 859 Erat
820 831 864 858 hic
877 831 987 858 natione

200 865 304 909 i’ersa,
326 877 374 912 qui
389 885 451 905 eum
467 865 577 906 alendis
588 877 764 912 imperawris
779 876 905 904 leonibus
918 884 986 912 ιιι-αε-
1002 865 1023 892 Β

200 924 308 958 positus
329 923 471 955 militaret.
488 931 543 951 non
566 923 695 958 ignobilis
720 924 792 951 inter
811 922 987 950 coniessores

201 969 357 1004 principatu
383 968 483 997 Licinii
502 970 647 997 exstiterat
665 978 671 996 ε
689 969 852 1005 abiectaque
877 968 985 1001 militia,

200 1013 228 1040 in
244 1021 306 1041 arce
319 1013 485 1041 Nicomediae
500 1014 572 1041 intra
592 1013 668 1041 urbis
687 1022 783 1041 muros
798 1013 988 1040 commoraba-

201 1062 257 1091 tur,
279 1059 440 1086 monasticaa
462 1059 615 1095 disciplina:
636 1059 737 1087 studiis
761 1067 822 1087 sese
845 1066 987 1087 exercens.

202 1104 258 1131 illic
276 1105 370 1132 divina
393 1105 463 1132 visio
482 1105 506 1132 ei
528 1105 633 1138 oblata,
649 1106 732 1140 jussit
759 1109 789 1132 ut
813 1105 988 1140 egrederetur

202 1159 236 1179 ex
253 1152 373 1184 civitate,
389 1156 483 1187 utpote
504 1159 620 1187 passura
643 1160 674 1180 ea
695 1159 756 1187 quae
776 1159 840 1179 mox
860 1157 989 1186 perpessa

201 1202 254 1226 cst.
270 1197 375 1225 Exinde
389 1198 514 1226 celeriter
535 1198 568 1225 ad
582 1198 728 1226 ecclesiam
744 1197 896 1233 profectus.
913 1204 988 1224 man-

203 1242 279 1270 davit
302 1243 425 1275 clericis,
440 1247 470 1271 ut
494 1243 613 1270 sollicite
639 1243 694 1270 Deo
716 1244 912 1278 supplicarent,
930 1250 990 1277 pre-

204 1297 305 1324 cesque
322 1289 346 1316 ei
361 1289 494 1324 placando
513 1289 655 1322 ollerrent,
671 1289 704 1316 ad
719 1289 908 1324 depellendam
921 1289 990 1315 iram

207 1342 269 1370 quae
283 1335 480 1362 intentabatur.
495 1334 564 1362 Cum
578 1341 644 1362 vero
657 1342 710 1362 non
726 1333 904 1369 persuaderet
926 1333 990 1365 illls,

206 1381 253 1408 sed
276 1380 410 1408 ridiculus
434 1379 592 1412 videretur,
621 1379 722 1415 quippe
748 1380 796 1415 qui
824 1380 991 1415 insperatam

207 1425 367 1461 praediceret
383 1425 500 1458 cladem,
513 1425 542 1452 in
561 1426 660 1453 turritn
681 1433 759 1453 suam
777 1432 905 1453 reversus
924 1429 967 1452 est
983 1433 990 1451 :

206 1479 364 1507 pronusque
379 1471 406 1498 in
422 1475 521 1498 terram
539 1470 652 1503 cadens,
669 1470 754 1498 Deum
772 1470 870 1498 oravit.
888 1470 992 1497 Interea

207 1516 341 1551 temporis
369 1519 430 1543 orto
452 1518 533 1543 terra:
559 1519 647 1547 motu,
671 1515 794 1550 plerique
825 1515 990 1549 perierunt:

207 1559 305 1593 reliqui
321 1564 411 1586 autem
427 1559 475 1594 qui
489 1558 694 1594 superfuerant.
714 1559 741 1586 in
758 1567 839 1594 agros
853 1563 881 1586 et
898 1559 924 1585 in
945 1566 991 1586 so-

209 1606 351 1634 litudinem
377 1606 567 1642 profugerunt.
586 1605 692 1632 Etenim
716 1608 847 1640 tanquam
875 1605 902 1632 in
928 1612 995 1640 opu-

208 1651 281 1679 lenta
296 1659 328 1678 ac
349 1652 468 1678 maxima
491 1651 604 1679 civitate
622 1650 693 1686 ignis
715 1658 763 1686 per
785 1658 882 1678 omnes
898 1650 995 1678 domds

208 1701 267 1726 erat
281 1705 415 1725 accensus
433 1697 461 1724 in
482 1697 580 1725 loculis
594 1705 627 1725 ac
646 1696 754 1730 furnis,
777 1700 806 1724 et
828 1697 856 1724 in
877 1696 995 1723 caminis

209 1743 380 1775 balneorum.
397 1750 547 1778 eorumque
570 1743 698 1778 opillcum
715 1743 761 1778 qui
778 1743 848 1778 ignis
864 1742 996 1770 beneﬁcio

211 1791 284 1815 artes
302 1795 366 1815 suas
384 1793 523 1815 exercent.
544 1787 719 1823 Dejectisque
744 1786 843 1814 aedium
867 1786 947 1814 tectis
970 1791 996 1813 et

211 1833 398 1865 lacunaribus,
422 1834 530 1860 llantma
554 1834 692 1860 materiem
712 1833 874 1868 corripiens,
899 1834 997 1867 permi-

210 1880 271 1912 stis,
291 1884 320 1906 nt
334 1879 482 1907 verisimile
499 1884 550 1912 est,
571 1879 655 1906 aridis
670 1878 762 1914 lignis.
779 1883 806 1906 et
827 1886 998 1913 quaecunque

210 1925 264 1953 olei
287 1929 413 1952 naturam
435 1925 548 1957 habent,
563 1929 589 1952 et
606 1925 638 1952 ad
659 1925 748 1960 ignem
764 1924 891 1952 celeriter
902 1924 996 1951 conci-

211 1971 340 2006 piendum
354 1971 498 2006 aptissima
514 1975 589 2002 sunt,
606 1971 750 2006 copiosum
772 1970 901 2006 pabulum
917 1974 998 1997 nacta

210 2021 262 2044 est.
280 2015 454 2052 Serpensqne
478 2016 592 2052 passim,
607 2024 638 2044 ac
655 2016 705 2044 sibi
730 2016 781 2051 ipsi
803 2016 950 2051 conjuncta
967 2023 999 2042 ac

211 2061 377 2092 coadunala,
400 2066 484 2088 totam
510 2061 649 2088 civitatem
666 2061 755 2088 instar
772 2061 853 2088 unius
882 2061 952 2095 rogi,
971 2065 999 2088 ut

213 2107 250 2134 ita
272 2107 373 2139 dicant,
391 2106 490 2134 ell‘ct-it.
516 2107 556 2134 0b
582 2107 653 2134 hanc
677 2114 790 2135 causam
814 2115 877 2134 cum
900 2106 1000 2134 domus

213 2147 361 2180 inaccessae
383 2156 485 2183 essent,
501 2153 518 2178 ii
534 2153 580 2187 qui
602 2160 636 2180 ex
657 2157 738 2181 terra:
755 2157 830 2180 motu
849 2152 1000 2180 incolumes

934 135 1107 164 SOZOMENI

1759 131 1835 158 “336

1032 192 1104 230 εἶχε·
1123 193 1237 229 δευτέρᾳ.
1260 193 1314 228 γὰρ
1337 192 1396 228 ὥρᾳ
1423 192 1452 218 οὗ
1483 190 1632 226 σύναξίμου
1660 188 1797 225 ἡμέρας,
1822 191 1838 216 ὁ

1033 241 1144 276 σεισμὸς
1164 239 1324 274 ἐνέσκηψεν.
1338 237 1511 264 Ἐπὶσκόπων
1525 237 1552 263 δὲ
1569 235 1652 270 μόνος
1669 235 1836 269 Κεκρόπιος

1031 287 1046 313 ό
1063 285 1246 322 Νικομηδείας
1262 285 1365 320 αὐτῆς,
1382 283 1428 310 καὶ
1452 281 1529 314 ἄλλος
1547 282 1600 308 ἀπὺ
1618 281 1772 313 Βοσπόρου
1787 280 1839 314 τῆς

1033 332 1182 367 ἐκκλησίας
1203 330 1303 364 ἔξωθεν
1329 328 1557 364 κατελείφθησαν.
1577 327 1623 354 Ἐν
1638 327 1791 362 ἀκαριαίῳ
1807 335 1838 353 τε

1033 378 1123 414 χρόνῳ
1147 374 1438 410 κατασεισθείσηςτῆς
1464 374 1583 406 πόλεως.
1609 373 1673 400 οὐδὲ
1687 372 1838 407 ἐνεδέχετο

1033 423 1162 450 δύνασθαι
1183 423 1246 454 τοὺς
1268 421 1394 453 θέλοντας
1419 420 1485 456 ἄλλῃ
1503 420 1686 454 καταφυγεῖν.
1711 417 1793 444 Ἀλλ’
1809 418 1837 442 ὲν

1033 471 1066 506 τῇ
1082 469 1177 506 πρώτῃ
1196 467 1278 504 πείρᾳ
1290 467 1336 494 τοῦ
1348 467 1471 494 κινδύνου
1489 466 1526 494 ὡς
1543 465 1646 492 ἐπίπαν
1663 465 1722 498 ὅπη
1739 463 1837 497 ἔτυχεν

1034 516 1149 546 ἕκαστος
1174 514 1276 546 ἑστὼς,
1297 513 1314 548 ἢ
1338 511 1444 546 ἐσώθη,
1461 512 1478 547 ἢ
1498 511 1632 538 ἀπώλετο.
1658 508 1788 543 Λέγεται
1809 507 1838 534 δὲ

1035 561 1100 598 πρὶν
1114 560 1241 596 γενέσθαι
1260 559 1363 594 ταύτην
1382 558 1430 593 τὴν
1448 557 1611 592 συμφορὰν,
1627 555 1759 591 προϊδεῖν
1778 552 1838 588 ’Λρ-

1036 607 1146 634 σὰκιον·
1161 607 1190 637 ὃς
1203 606 1234 632 τὸ
1248 606 1297 641 μὲν
1309 605 1386 639 γένος
1401 604 1510 640 Πέρσης
1521 601 1564 638 ἢν.
1575 602 1644 629 Ἀτιῇ
1659 600 1835 636 στρατιώτου

1035 653 1064 680 δὲ
1091 651 1244 687 θηροκόμου
1268 650 1323 685 (94)
1350 650 1404 676 τῶν
1431 648 1578 684 βασιλικῶν
1608 647 1734 674 λεόντων
1750 666 1759 677 ,
1788 645 1836 671 οὐκ

1035 698 1141 732 ἄσημος
1157 696 1211 723 τῶν
1238 695 1284 722 ἐπὶ
1301 695 1421 722 Λικινίου
1447 693 1616 729 ὁμολογητὴς
1634 692 1775 726 ἐγένετο·
1791 692 1836 717 καὶ

1035 742 1085 778 τὴν
1100 741 1244 777 στρατείαν
1261 740 1429 772 καταλιπὼν,
1445 740 1474 765 ὲν
1487 740 1520 774 τῇ
1538 739 1611 774 ἄκρᾳ
1628 735 1835 771 Νικομηδείας,

1036 787 1110 818 ἐντὸς
1137 786 1184 813 τοῦ
1213 786 1320 821 τείχους
1344 786 1464 820 κατῴκει
1492 783 1658 818 φιλοσοφῶν.
1683 782 1777 809 Ἔνθα
1805 781 1836 816 δὴ

1036 833 1206 868 προφανεῖσα
1221 830 1295 865 αὺτῷ
1323 830 1382 857 θεία
1401 829 1477 865 ὂψις,
1493 829 1638 856 ἐκέλευσεν
1657 828 1768 860 ἐξιέναι
1787 827 1838 861 τῆς

1037 879 1142 910 πόλεως
1154 898 1161 910 ,
1177 877 1215 909 ὼς
1231 878 1395 912 πεισομένης
1409 876 1482 910 ἅπερ
1496 875 1610 911 ὕστερον
1622 873 1777 902 πέπονθεν,
1790 873 1838 899 Ἐκ

1036 926 1131 952 τούτου
1149 933 1178 951 τε
1203 924 1307 959 σπουδῇ
1331 921 1490 949 καταλαϐὼν
1509 920 1559 956 τὴν
1587 920 1767 955 ἐκκλησίαν,
1795 920 1837 944 ἐν·

1036 970 1159 998 ετείλατο
1169 971 1226 1002 τοῖς
1239 970 1379 1005 κληρικοῖς
1390 967 1528 1003 ἐπιμελῶς
1540 966 1680 993 ἱκετεῦσαι
1693 966 1744 992 τὸν
1756 965 1836 995 Θεὸν,

1038 1017 1085 1050 καὶ
1113 1015 1285 1051 ίλαστηρῑους
1315 1013 1469 1041 ἐπιτελέσαι
1502 1013 1579 1044 λιτὰς
1606 1012 1654 1039 ἐπὶ
1679 1011 1760 1038 λύσει
1789 1011 1837 1046 τῆς

1038 1061 1230 1097 ἀπειληοείσης
1242 1060 1336 1096 ὀργῆς.
1357 1060 1401 1091 Ὧς
1426 1059 1453 1086 δὲ
1467 1059 1517 1085 οὐκ
1534 1058 1627 1085 ἔπεισε
1642 1078 1650 1089 ,
1665 1058 1717 1084 καὶ
1731 1057 1837 1091 γελοῖος

1038 1107 1135 1139 ἐδόκει,
1156 1105 1346 1141 ἀπροσδόκητα
1362 1104 1472 1140 μηνύων
1495 1103 1568 1139 πάθη
1579 1123 1586 1135 ,
1603 1103 1777 1138 ἀνέστρεψεν
1792 1102 1837 1127 ἐπὶ

1038 1153 1083 1179 τὸν
1108 1152 1232 1187 πύργον.
1258 1152 1306 1178 καὶ
1332 1151 1438 1187 πρηνὴς
1465 1150 1629 1178 καταπεσὼν
1656 1150 1773 1184 ηὔχετο.
1793 1149 1838 1174 Ἐν

1039 1198 1126 1233 τούτῳ
1143 1198 1171 1225 δέ
1185 1197 1231 1225 τοῦ
1249 1197 1362 1233 σεισμοῦ
1377 1197 1580 1232 ἐπισκήψαντος
1591 1217 1600 1229 ,
1613 1196 1638 1222 ei
1657 1196 1710 1231 μὲν
1726 1195 1839 1225 πλείους

1040 1245 1199 1272 ἀπώλοντο²
1227 1246 1250 1271 οἱ
1273 1244 1301 1271 δὲ
1321 1243 1560 1278 περιλειφθέντες,
1578 1243 1619 1274 εἰς
1643 1242 1710 1271 τοὺς
1733 1241 1839 1276 ἀγροὺς

1042 1292 1087 1318 καὶ
1101 1291 1149 1326 τὴν
1170 1290 1272 1326 ἔρημον
1294 1290 1404 1324 ἔφυγον.
1423 1290 1468 1321 Ὠς
1490 1289 1545 1324 γὰρ
1569 1290 1597 1315 ὲν
1624 1287 1770 1323 εὐδαίμονι
1794 1287 1839 1312 καὶ

1043 1337 1150 1373 μεγάλῃ
1168 1337 1263 1367 πόλει.
1289 1335 1350 1362 καθ’
1370 1335 1489 1370 ἐκάστην
1507 1334 1598 1361 οἰκίαν
1626 1333 1683 1368 πῦρ
1711 1332 1839 1368 ἡμμένον

1041 1383 1188 1418 ἐτύγχανεν
1205 1384 1233 1409 ἐν
1247 1381 1420 1417 χυτροπόδοις
1435 1381 1482 1408 καὶ
1496 1380 1633 1414 πνιγεῖηι,
1649 1379 1698 1406 καὶ
1709 1378 1840 1413 καμίνοις

1043 1429 1191 1464 βαλανείων
1200 1437 1230 1454 τε
1249 1428 1296 1455 καὶ
1309 1427 1362 1454 τῶν
1378 1427 1435 1454 ὅσοι
1447 1427 1512 1462 περὶ
1523 1427 1572 1458 τὰς
1583 1424 1729 1461 ἐμπύρους
1739 1424 1841 1459 τέχνας

1043 1474 1170 1502 πονοῦσιν
1183 1482 1189 1488 ·
1206 1472 1394 1509 ἐρειπομένων
1421 1480 1451 1499 τε
1477 1471 1531 1498 τῶν
1552 1471 1675 1506 ὀρόφων,
1694 1470 1839 1506 περικλει-

1044 1520 1138 1547 σθεῖσα
1152 1521 1211 1552 ταῖς
1226 1519 1302 1551 ὕλαις
1317 1519 1333 1554 ἡ
1354 1518 1437 1553 φλὸξ.
1457 1516 1691 1552 ἀναμεμιγμένων
1711 1515 1751 1547 ὡς
1767 1515 1841 1546 είκδς

1045 1566 1191 1602 φρυγάνων
1205 1585 1212 1597 ,
1228 1565 1275 1592 καὶ
1290 1564 1343 1592 τῶν
1360 1565 1410 1591 ὅσα
1429 1563 1545 1598 ἐλαιώδη
1561 1563 1638 1594 ἐστὶ,
1658 1562 1708 1589 καὶ
1724 1562 1797 1597 πρὸς
1809 1562 1841 1588 τὸ

1045 1612 1170 1639 καίεσθαι
1187 1611 1280 1646 ῥᾳδίαν
1296 1610 1353 1645 ἔχει
1364 1609 1412 1646 τὴν
1424 1609 1556 1640 ἐπίδοσιν.
1570 1608 1698 1642 ἀφθόνως
1716 1608 1840 1642 ἐτράφη.

1046 1657 1188 1692 Πανταχοῦ
1207 1664 1238 1683 τε
1260 1655 1400 1692 ἕρπουσα,
1424 1655 1472 1681 καὶ
1492 1654 1561 1690 πρὸς
1580 1654 1680 1688 ἑαυτὴν
1703 1660 1840 1679 συναπτο-

1048 1703 1136 1738 μένη,
1164 1702 1228 1738 μίαν
1254 1701 1292 1733 ὡς
1320 1702 1408 1728 εἰπεῖν
1438 1699 1530 1735 πυρὰν
1560 1698 1610 1734 τὴν
1642 1699 1735 1725 πᾶσαν
1764 1697 1841 1723 πόλιν

1046 1749 1168 1784 ἐποίησε.
1185 1748 1238 1774 Καὶ
1255 1747 1325 1774 κατὰ
1347 1746 1426 1773 τοῦτο
1444 1746 1473 1773 δὲ
1495 1745 1550 1772 τῶν
1567 1745 1651 1771 οἴκων
1669 1744 1781 1771 ἀϐάτων
1798 1743 1841 1769 όν-

1047 1803 1111 1826 των,
1124 1795 1148 1821 οἱ
1159 1792 1357 1828 περισωθέντες
1371 1793 1403 1818 ἐκ
1419 1791 1466 1818 τοῦ
1483 1790 1608 1825 σεισμοῦ,
1627 1791 1674 1817 ἐπὶ
1689 1789 1738 1824 τὴν
1753 1789 1841 1823 ἄκραν

1047 1841 1176 1876 ἔδραμον.
1192 1839 1342 1875 ’Δρσάκιος
1359 1838 1388 1865 δὲ
1402 1839 1430 1864 ἐν
1445 1837 1564 1872 ἀσείστῳ
1579 1836 1617 1871 τῷ
1629 1835 1730 1871 πύργῳ
1742 1835 1840 1871 εὑρέθη

1048 1885 1162 1921 νεκρὸς,
1186 1885 1293 1921 πρηνὴς
1310 1884 1435 1920 κείμενος
1447 1903 1454 1915 ,
1474 1880 1530 1909 οἷον
1547 1883 1643 1909 ἑαυτὸν
1663 1882 1778 1908 ὲτάνυσε
1793 1881 1840 1915 τῆς

1049 1931 1131 1966 εὐχῆς
1148 1930 1312 1965 ἀρξάμενος.
1333 1930 1417 1963 Λόγος
1440 1928 1469 1955 δὲ
1489 1928 1537 1954 τοῦ
1558 1927 1779 1963 προτελευτῆσαι
1788 1927 1840 1961 (95)

1049 1977 1110 2002 τότε
1127 1975 1219 2007 αὑτὸν,
1239 1974 1286 2001 τὸν
1302 1973 1368 2001 Θεὸν
1391 1972 1542 2003 ἱκετεῦσαι,
1559 1973 1607 1999 καὶ
1622 1971 1773 1998 ἀποθανεῖν
1785 1971 1839 1998 ἐλέ-

1050 2021 1112 2047 σθαι
1131 2021 1230 2056 μᾶλλον
1241 2040 1249 2052 ,
1272 2020 1288 2055 ἢ
1311 2018 1454 2055 συμφορὰν
1471 2017 1621 2044 θεάσασθαι
1640 2017 1749 2048 πόλεως
1761 2037 1768 2048 ,
1783 2017 1810 2043 ἐν

1049 2067 1084 2093 τὰ
1098 2066 1193 2101 πρῶτα
1207 2066 1253 2092 τὸν
1275 2064 1393 2100 Χριστὸν
1413 2064 1520 2097 ἐπέγνω
1531 2084 1539 2096 ,
1556 2063 1604 2090 καὶ
1620 2064 1672 2098 τῆς
1695 2063 1840 2097 ἐκκλησια-

1051 2111 1147 2146 πικῆς
1161 2111 1319 2145 φιλοσοφίας
1342 2109 1481 2145 μετέσχεν.
1495 2109 1564 2135 Ἀλλ’
1579 2109 1641 2135 ἐπεὶ
1658 2109 1754 2144 φέρων
1772 2109 1840 2143 ἡμᾶς

1051 2159 1065 2184 ὁ
1082 2157 1160 2191 λόγος
1179 2158 1219 2188 εἰς
1235 2157 1281 2184 τὸν
1299 2156 1384 2191 ἄνδρα
1398 2155 1492 2182 τοῦτον
1506 2155 1618 2190 ἤγαγεν.
1639 2154 1730 2181 ἰστέον
1742 2154 1779 2185 ὼς
1794 2153 1840 2179 ὑπὸ

212 2202 374 2231 evaserant,
393 2198 427 2224 ad
449 2205 540 2226 arcem
568 2204 762 2227 cucurrerunt.
785 2199 843 2227 Illic
869 2199 992 2227 Arsaciut

1054 2203 1192 2238 θεοφιλίας
1207 2202 1298 2234 ἱκανδς
1320 2200 1354 2238 ἦν
1367 2202 1495 2238 δαίμονας
1517 2200 1699 2232 ἀπελαύνειν,
1719 2201 1767 2227 καὶ
1783 2201 1839 2230 τοὺς

213 2244 240 2270 in
261 2248 337 2271 turre
359 2251 420 2278 quae
436 2243 601 2272 inconcussa
619 2249 743 2278 steterat,
762 2250 888 2274 mortuus
905 2253 998 2281 reper-

214 2295 257 2317 tus
279 2294 333 2321 est,
350 2297 453 2324 pronus
470 2290 544 2317 bumi
567 2291 662 2324 jacens
674 2292 768 2320 eodem
789 2292 885 2320 habitu
899 2284 955 2327 quo
969 2300 999 2320 se

212 2335 364 2362 orationem
396 2335 578 2363 inchoaturus
609 2337 778 2365 extenderat.
805 2338 889 2366 Aiunt
918 2345 1000 2373 porro

213 2389 287 2413 eum.
305 2385 452 2416 antequam
473 2387 634 2415 moreretur,
647 2382 702 2412 Deo
717 2384 899 2419 supplicasse,
913 2385 1000 2412 mori-

213 2435 266 2460 que
277 2426 418 2460 maluisse,
426 2435 506 2462 quam
518 2428 604 2456 oculis
615 2428 672 2456 suis
683 2437 796 2457 cernere
803 2431 910 2458 ruinam
923 2430 1000 2458 urbis
1010 2415 1016 2429 Ι

1051 2249 1228 2285 ὀχλουμένους
1254 2249 1299 2276 ὑπ’
1323 2249 1410 2276 αὐτῶν
1437 2248 1578 2283 καθαίρειν
1594 2247 1663 2281 (96).
1682 2247 1765 2274 Οῦτω
1781 2246 1837 2281 γοῦν

1050 2295 1197 2331 δαιμονιῶν
1211 2304 1252 2327 τις
1273 2295 1350 2330 ξίφος
1374 2295 1568 2330 σπασάμενος,
1596 2294 1648 2320 ἀνὰ
1665 2294 1717 2328 τὴν
1742 2293 1836 2328 ἀγορὰν

1052 2341 1121 2368 ἔθεε.
1137 2342 1296 2376 Φευγόντων
1310 2341 1339 2368 δὲ
1363 2341 1488 2372 πάντων,
1504 2341 1552 2367 καὶ
1567 2340 1684 2375 θορύϐου
1706 2339 1756 2375 τὴν
1770 2340 1836 2366 πόλιν

1052 2387 1159 2422 ἔχοντος
1169 2407 1176 2418 ,
1189 2386 1382 2422 ὑπαντώμενος
1394 2386 1468 2421 αὺτῷ
1478 2386 1523 2412 τὸν
1536 2386 1655 2420 Χριστὸν
1670 2385 1833 2419 ἐπωνόμασε,

1053 2432 1100 2458 καὶ
1123 2431 1162 2466 τῷ
1186 2431 1258 2467 λόγῳ
1278 2430 1424 2458 κατέὃαλε.
1444 2431 1499 2457 Καὶ
1521 2431 1620 2457 αὐτίκα
1634 2430 1758 2466 ἐκάθηρε
1771 2451 1778 2463 ,
1796 2430 1835 2456 καὶ

792 2520 926 2548 VALESII
946 2518 1220 2549 ANNOTATIONES.

248 2563 302 2598 (94)
330 2563 401 2601 ’Λςιὸ
418 2564 646 2601 ᾳτρατιςίρτουνὸὲ
658 2567 836 2601 θηρρκόμου.
855 2567 933 2594 Hunc
955 2568 997 2594 lo-

214 2606 276 2638 cum
294 2607 346 2625 non
364 2599 503 2638 intellexit
519 2599 708 2638 Νίυιεριιοιιυε.Δ
723 2599 834 2638 Putavit
854 2603 928 2629 enim
946 2603 997 2629 Ar-

214 2635 318 2670 sacinm
342 2635 416 2668 prius
432 2635 594 2670 nutritoretu
613 2635 796 2670 imperialium
821 2637 941 2668 leonum,
965 2645 996 2664 ac

214 2668 314 2706 deinde
327 2669 439 2706 militem
462 2669 558 2697 fuisse.
573 2668 663 2706 Verba
680 2670 826 2706 Niceplmri
848 2673 904 2699 haec
921 2677 996 2704 sunt,

212 2703 244 2744 ξς
258 2703 310 2744 (in?
324 2703 660 2744 θηροκόμρύστρατιάιτης
674 2703 875 2744 Givzulgnoravit
892 2703 998 2744 scilicet

196 2737 382 2775 \Nicepliorus
407 2737 534 2766 militiam
557 2740 612 2767 dici
638 2737 779 2775 quodlibEt
809 2742 995 2768 ministerium

212 2773 285 2810 quod
308 2774 465 2809 imperatori
491 2773 678 2810 praestaretur.
698 2776 775 2809 Quod
799 2777 880 2805 etiam
915 2780 996 2804 antea

211 2809 357 2837 observare
373 2811 496 2836 memini.

247 2843 302 2879 (95)
322 2845 418 2879 Λόγος
430 2844 464 2871 δὲ
481 2846 546 2879 περὶ
570 2845 621 2873 τοῦ
637 2846 883 2882 προτελευτῆσαι.
902 2846 932 2873 In
953 2853 998 2874 c0-

1048 2568 1109 2595 tlice
1134 2567 1286 2596 Fuketiano
1308 2567 1386 2596 deest
1406 2575 1457 2594 vox
1472 2567 1546 2602 περι.
1564 2567 1658 2600 Quare
1677 2575 1736 2595 non
1751 2568 1832 2602 dubito

1048 2604 1115 2637 quin
1141 2603 1220 2630 locus
1248 2604 1283 2630 ita
1309 2603 1474 2630 scribendus
1497 2601 1533 2638 sit
1552 2603 1662 2636 εΛόγος
1678 2603 1709 2628 δὲ
1734 2603 1784 2638 πρὸ
1794 2601 1832 2628 τοῦ

1048 2638 1210 2673 τελευτῆσαι
1224 2638 1285 2665 τότε
1301 2638 1392 2669 αὐτόν,
1417 2643 1470 2664 etc.
1499 2637 1599 2665 Vocem
1629 2638 1691 2665 τότε
1721 2638 1832 2672 supplevi

1048 2681 1081 2701 ex
1099 2673 1193 2701 eodem
1209 2674 1304 2700 codice
1326 2673 1486 2700 Fuketiano.

1085 2708 1142 2743 (96)
1176 2709 1343 2742 Καθαίρειν.
1373 2708 1410 2735 De
1428 2708 1512 2742 hujus
1539 2708 1616 2735 vocis
1642 2707 1832 2743 signiﬁcatione

1050 2743 1122 2775 vide.
1137 2744 1158 2771 si
1174 2744 1274 2778 placet,
1285 2752 1345 2778 quat
1359 2743 1457 2779 scripsi
1473 2744 1498 2769 in
1510 2743 1750 2779 Annotationibus
1760 2742 1831 2779 Euse-

1050 2779 1151 2812 biunis,
1171 2779 1217 2806 lib.
1235 2787 1260 2809 ν,
1277 2787 1338 2813 cap.
1358 2779 1384 2806 7.
1401 2778 1500 2806 Eodem
1521 2779 1606 2805 verbo
1619 2778 1710 2804 utitur
1726 2778 1831 2805 Athana-

1051 2815 1109 2842 sius
1124 2815 1151 2842 in
1175 2814 1233 2840 ιἰιη
1251 2815 1364 2842 Antonii.
