1899 3077
62 161 132 190 “5'1

578 160 740 188 IIISTOIIIA
757 160 1031 189 ECCLESIASTICA.
1044 178 1077 182 —
1088 162 1151 191 UB.
1173 163 1215 190 IV.

1624 165 1692 193 “58

61 217 214 252 σωφρονεῖν
241 215 363 252 ἐποίησε.
391 215 531 251 Πεπόνητο
560 215 587 242 δὲ
605 216 679 252 αὐτῷ
704 216 750 242 καὶ
773 216 858 242 πολλὰ

910 217 994 248 illius,
1009 217 1036 244 in
1055 226 1109 253 qua
1124 218 1225 246 Christi
1246 219 1371 246 notitiam
1394 219 1512 254 primum
1528 221 1690 255 accepisset,

59 263 130 290 ἄλλα
146 262 217 297 ὑπὲρ
232 261 406 297 ἀνθρωπίνην
417 260 532 296 δύναμιν
546 261 594 288 καὶ
605 261 712 297 τέχνην,
730 261 776 288 καὶ
792 261 855 296 μέν-

57 318 103 335 τοι
121 308 169 335 καὶ
179 308 250 334 τόδε¹
269 308 383 343 Δράκων
394 304 439 343 ἢν,
456 306 473 342 ἢ
491 307 585 342 ἕτερον
600 307 715 343 ἑρπετοῦ
727 307 804 341 γένος
815 327 822 339 ,
841 307 855 333 δ

58 354 115 390 πρὸ
133 354 183 389 τῆς
199 354 286 388 ὅψεως
306 353 370 384 τοὺς
384 353 532 389 παροδιτας
550 353 589 389 τῷ
610 354 750 389 φυσήματι
761 353 854 380 ἀπώλ-

56 400 119 428 λυε.
146 400 226 436 Παρὰ
261 399 314 434 γὰρ
347 399 485 434 λεωφόρον
517 399 682 434 ἐφώλευσεν.
709 399 794 426 Ἔνθα
823 399 855 435 δὴ

58 445 287 482 παραγενόμενος
302 445 447 480 Ἀρσάκιος
463 444 565 480 ηῠξατο
577 465 584 476 ,
603 446 650 472 καὶ
666 446 680 472 ό
702 445 762 480 ὄφις
776 445 855 472 αὑτο-

60 492 159 526 μάτως
174 491 221 518 τοῦ
241 491 345 526 ῳωλεοῦ
368 491 479 527 ἐξῆλθε,
501 492 548 518 καὶ
572 491 613 522 δίς
631 490 670 526 τῷ
690 490 783 525 ἐδάφει
805 490 854 525 τὴν

59 536 187 572 κεφαλὴν
210 534 367 571 προσρήξας
382 556 389 568 ,
418 536 514 562 ἑαυτὸν
542 535 641 563 ἀνεῖλε.
659 535 715 562 Καὶ
741 535 776 562 τὰ
805 535 854 570 μὲν

59 579 114 608 ὧδε
131 583 320 618 ἀφηγήσαντο,
339 581 364 608 οἶ
386 582 450 618 περὶ
464 582 519 608 τῶν
533 581 678 617 Ἀρσάκιον
695 581 751 617 (97)
775 581 854 608 αὐτὸν

60 627 240 662 θεασαμένων
268 627 417 662 ἀκηκοέναι
447 627 559 661 ἔφασαν.
591 627 623 654 Οἱ
653 626 681 653 δὲ
711 626 854 653 ἐπίσκοποι

60 673 247 705 ἀνακοπέντες
261 672 310 708 τῆς
325 673 375 699 ἐπὶ·
387 673 436 709 τὴν
450 673 559 699 σύνοδον
572 673 660 708 ὁρμῆς
677 672 721 699 διὰ
732 672 762 699 τὺ
772 673 854 699 Νικο-

62 720 178 756 μηδείας
196 719 281 751 πάθος
292 740 298 750 ,
319 719 344 746 οἱ
360 719 409 755 μὲν
425 719 588 755 περιέμενον
605 719 685 746 πάλιν
695 719 729 746 τὰ
740 719 854 753 δόξαντα

59 765 103 801 τῷ
115 765 220 801 βασιλεῖ
232 772 238 779 ·
253 765 277 791 οἰ
294 764 333 798 δὲ,
346 765 379 800 ἢν
395 764 487 800 ἔχουσι
497 764 576 798 δόξαν
587 765 652 800 περὶ
664 764 714 800 τῆς
724 764 853 796 πίστεως,
873 764 876 768 ’

41 812 109 859 ιδιὰ.
133 812 305 847 γραμμάτων
333 811 481 847 ἐδήλωσαν.
512 811 636 847 ἈποριῖΝ
665 811 695 837 δὲ
720 810 783 846 περὶ
806 811 853 837 τοῦ

59 857 204 892 πρακτέου
218 857 231 882 ὁ
245 855 353 893 κρατῶν
366 875 373 887 ,
389 855 490 891 γράφει
503 855 634 891 Βασιλείῳ
647 854 670 888 i,
685 854 854 890 πυνθανόμε-

58 886 108 933 νός
125 902 141 928 ὅ
162 901 188 927 τί
208 886 272 927 ποτε
290 901 343 936 χρὴ
449 886 499 936 τῆς
517 886 626 927 συνόδου
640 886 737 927 ποιεῖν.
756 900 786 926 '0
806 886 852 932 δὲ,
869 886 890 912 Β

58 946 103 977 ὼς
129 945 218 977 εἰκὸς,
242 945 288 972 ἐπὶ
315 945 440 981 εὐσεδείᾳ
471 945 507 971 δι’
537 945 680 981 ἐπιπολῆς
708 945 855 976 ἐπαινέσας

57 991 162 1023 αὐτὸν,
178 992 224 1018 καὶ
236 991 280 1017 ἐπὶ
303 991 342 1026 τῷ
354 991 435 1018 πάθει
452 991 636 1027 Νικομηδειας
651 990 854 1027 παραμυθησά-

60 1046 148 1073 μενος
169 1038 198 1070 ὲξ
218 1038 426 1073 ὑποδειγμάτων
441 1037 506 1074 (98)]
520 1037 601 1073 ἱερῶν
627 1037 767 1072 ἱστοριῶν,
785 1044 856 1071 παρ-

57 1083 173 1120 οτρύνει
192 1083 356 1119 ἐπιταχῦναι
369 1083 419 1119 τὴν
436 1083 554 1117 σύνοδον,
573 1084 620 1110 καὶ
641 1083 678 1118 μὴ
692 1082 854 1118 καθυφῆναι,

57 1131 102 1162 ὡς
118 1131 188 1166 ὑπὲρ
204 1130 346 1162 εὐσεϐείας
368 1131 417 1166 τῆς
435 1130 551 1166 σπουδῆς
566 1130 649 1167 οὔσης
659 1139 665 1145 ⁸
684 1130 751 1165 μηδὲ
767 1129 856 1165 ἀπρά-

58 1186 147 1208 κτους
180 1176 341 1212 ἁποπέμψαι
368 1177 432 1209 τοὺς
461 1177 508 1204 ἐπὶ
534 1176 612 1203 τοῦτο
645 1176 855 1211 συλλεγομένους

61 1224 159 1258 ἱερέας
169 1243 177 1255 ,
193 1223 266 1257 ἆπαξ
278 1223 472 1258 ἐξεληλυθότας
480 1243 487 1256 ,
499 1223 547 1250 καὶ
559 1223 629 1249 κατὰ
639 1223 688 1258 τὴν
702 1221 856 1256 ὁδοιπορίαν

59 1270 148 1301 ὄντας
160 1278 167 1285 ·
186 1269 269 1305 ὥρισε
283 1269 313 1297 δὲ
331 1271 364 1305 τῇ
380 1269 482 1304 συνόδῳ
497 1269 579 1296 τόπον
601 1269 661 1295 ἀντὶ
673 1268 855 1304 Νικομηδειας

57 1315 116 1350 τὴν
140 1315 260 1342 Νίκαιαν
270 1335 278 1348 ,
294 1314 364 1342 ὥστε
380 1316 437 1341 ἐκεῖ
447 1314 482 1341 τὰ
496 1315 561 1350 περὶ
581 1315 631 1349 τῆς
646 1314 764 1345 πίστεως
782 1314 855 1349 διορ-

57 1360 197 1396 οωθῆναι,
210 1360 274 1388 ἔνθα
288 1361 334 1388 καὶ
346 1359 485 1396 ζητεῖσθαι
499 1360 610 1396 ἤρξατο.
623 1360 677 1387 Καὶ
689 1361 703 1386 ὁ
717 1359 856 1393 Βασίλειος

57 1406 180 1432 τοιαῦτα
197 1405 366 1441 ἀντέγραψε,
382 1405 590 1441 τεκμηράμενος
605 1402 655 1432 ὧδέ
683 1415 720 1441 πη
738 1414 850 1442 κεχαρι-

58 1452 156 1487 σμένα
173 1451 279 1486 βασιλεῖ
292 1451 432 1487 δηλώσειν,
444 1451 540 1479 καθότι
556 1453 603 1479 καὶ
620 1452 700 1484 αὐτὸς
710 1453 759 1488 τὴν
769 1453 856 1488 ἀρχὴν

57 1498 94 1523 ὲν
112 1496 217 1532 Νικαίᾳ
235 1496 379 1531 ἐδοκίμασε
394 1497 520 1531 γενέσθαι
540 1497 589 1532 τὴν
601 1497 717 1525 σύνοδον.
735 1497 856 1532 Δεξάμε-

906 267 934 288 ct
948 262 1164 289 ecclesiasticam
1182 262 1383 298 philosophiam
1394 263 1545 291 didicisset.
1557 263 1690 291 (ἔπεισι-οη]

905 308 1129 343 quandoquidem
1142 309 1308 336 narrationis
1319 309 1388 336 ordo
1404 309 1437 336 ad
1453 309 1536 344 hujus
1551 309 1601 336 viri
1617 317 1692 337 men<

906 353 1006 380 tionem
1020 361 1069 380 nos
1078 353 1201 386 deduxit,
1211 355 1352 382 sciendum
1366 361 1418 388 est,
1429 355 1503 382 illum
1516 356 1552 382 ita
1565 355 1618 383 Deo
1627 356 1693 382 cha-

905 406 965 425 rum
979 398 1063 426 i‘uisse
1077 402 1106 425 ut
1118 399 1256 428 daemonas
1269 400 1411 435 fugaverit,
1421 408 1524 436 eosque
1532 401 1578 435 qui
1593 401 1628 428 ab
1640 401 1692 428 iIlis

906 444 1078 472 vexabantur
1093 446 1261 481 purgaverit.
1278 446 1400 479 Quodam
1423 447 1506 482 igitur
1526 447 1568 474 die
1588 447 1690 474 dromo-

905 490 1003 517 niacus
1018 498 1066 525 per
1081 490 1183 524 forum,
1200 496 1308 519 exserto
1331 492 1430 527 gladio,
1448 493 1583 520 cursitare
1598 493 1690 527 C(Ppii.

911 536 1036 572 Cumque
1060 546 1155 566 omnes
1183 537 1364 574 diilugerent,
1394 544 1420 566 et
1445 539 1541 567 civitas
1573 539 1691 566 tumultu

906 583 985 618 plena
1000 587 1082 615 esset,
1095 590 1244 610 oceurrens
1265 584 1290 610 ei
1306 583 1446 615 Arsacius,
1461 584 1567 618 prolato
1589 583 1690 611 Christi

905 630 1016 657 nomine
1030 637 1092 657 eum
1106 629 1226 664 dejecit:
1242 630 1387 664 statimque
1400 630 1534 657 daemonio
1551 630 1688 662 liberavit,

904 681 932 704 et
953 676 987 703 ad
1010 683 1104 703 sanam
1123 679 1241 702 mentem
1258 674 1378 702 reduxit.
1396 675 1454 701 Alia
1472 683 1581 710 quoquc
1605 676 1690 702 multa

905 723 938 750 ab
955 723 1002 750 illo
1018 726 1126 758 patrata
1145 724 1218 752 sunt,
1232 728 1292 755 quze
1305 720 1453 747 humanam
1469 721 1521 747 vim
1537 727 1686 755 superant:

905 768 976 795 inter
988 775 1048 803 qua:
1062 772 1088 795 et
1103 766 1178 794 istud
1195 770 1238 794 est
1251 775 1257 793 :
1276 765 1373 797 Draco,
1390 765 1448 792 sive
1465 765 1539 792 aliud
1554 765 1690 799 serpentis

905 813 1143 848 genus,viatores,
1158 817 1304 846 antequam
1322 811 1357 838 ab
1375 811 1427 838 illis
1439 810 1581 837 videretur
1597 810 1690 837 afﬂatu

904 866 955 886 suo
969 859 1129 893 perimebat.
1145 857 1210 884 Nam
1229 858 1257 885 in
1273 865 1357 892 specu
1372 857 1449 891 juxta
1465 856 1535 883 viam
1554 856 1690 891 publicam

906 904 1041 932 latitabat.
1054 903 1221 939 Progressus
1234 910 1266 931 eo
1278 902 1419 934 Arsacius,
1438 902 1522 929 Deum
1543 901 1648 934 oravit;
1665 907 1692 928 et

905 951 996 978 statim
1012 957 1126 985 serpens
1140 957 1190 976 sua
1202 952 1300 984 sponte
1313 955 1442 984 egressus
1453 951 1495 975 est
1507 954 1521 975 e
1539 955 1633 982 specu,
1651 951 1690 978 et,

907 995 1087 1031 1‘53'capite
1104 995 1139 1023 ad
1158 995 1246 1023 solum
1262 994 1354 1025 alliso.
1372 993 1520 1028 sernetipse
1540 991 1689 1020 interfecit.

905 1042 935 1069 Et
952 1043 1009 1070 haec
1024 1042 1139 1077 quidem
1155 1041 1191 1068 ita
1205 1041 1290 1068 relata
1300 1044 1364 1068 sunt
1377 1040 1411 1067 ab
1427 1039 1461 1066 iis
1488 1039 1536 1075 qui
1555 1046 1585 1066 ea
1602 1046 1632 1066 se
1647 1045 1692 1064 ac-

905 1089 1012 1124 cepisse
1023 1088 1152 1115 dicebant
1176 1095 1191 1114 a
1204 1086 1271 1115 viris
1285 1086 1331 1121 qui
1346 1086 1490 1114 Arsacium
1518 1085 1607 1120 ipsum
1622 1085 1691 1111 vide-

905 1137 979 1161 rant.
1006 1132 1134 1168 Episcopi
1154 1139 1229 1164 vero,
1265 1135 1379 1166 propter
1401 1130 1568 1157 Nicomediae
1583 1129 1689 1156 cladem

906 1179 1023 1207 ulterius
1039 1186 1152 1214 pergere
1167 1178 1200 1205 ad
1218 1177 1366 1205 concilium
1386 1176 1529 1212 prohibiti,
1562 1176 1608 1203 alii
1625 1176 1690 1210 qui-

905 1225 967 1253 dem
994 1232 1096 1252 novum
1111 1223 1286 1258 imperatoris
1301 1222 1459 1249 mandatum
1476 1225 1669 1256 exspectaruut
1682 1229 1688 1247 :

907 1270 954 1297 alii
970 1274 1048 1297 suam
1063 1269 1096 1296 de
1111 1268 1164 1296 ﬁde
1181 1267 1345 1295 sententiam
1365 1273 1415 1302 per
1427 1266 1534 1293 litteras
1549 1264 1690 1299 signiﬁca-

906 1319 981 1344 runt.
1013 1314 1165 1350 Imperator
1181 1318 1272 1341 autem
1291 1313 1432 1346 ambigens
1458 1311 1589 1346 quidnam
1609 1317 1692 1345 agen-

907 1362 972 1388 dum
987 1365 1072 1393 esset,
1088 1359 1200 1394 scripsit
1217 1358 1251 1386 ad
1264 1357 1407 1391 Basilium,
1426 1356 1573 1385 sciscitans
1604 1362 1637 1383 ex
1654 1363 1689 1382 eo

906 1407 972 1442 quid
983 1406 1017 1434 de
1030 1406 1136 1442 synodo
1149 1405 1206 1433 ﬁeri
1226 1407 1375 1439 oporteret.
1393 1403 1440 1430 llle
1463 1402 1582 1434 laudata,
1599 1406 1629 1428 ut
1643 1409 1693 1436 par

906 1458 976 1484 erat,
992 1451 1169 1487 imperatoris
1184 1450 1286 1486 pietate
1306 1457 1354 1485 per
1375 1449 1522 1484 epistolam
1547 1448 1690 1483 allatisque

907 1507 922 1526 e
940 1505 1018 1527 sacra
1038 1497 1154 1537 historia
1166 1496 1300 1531 exemplis
1310 1487 1372 1523 eum
1388 1495 1421 1522 de
1437 1494 1515 1522 clade
1529 1493 1694 1521 Nicomediae

57 1551 108 1574 νος
119 1542 149 1568 δὲ
160 1542 210 1577 τὴν
226 1542 365 1569 Βασιλείου
379 1542 536 1578 ἐπιστολὴν,
546 1543 580 1569 τὰ
595 1542 644 1577 μὲν
661 1542 758 1578 πρῶτα
772 1551 856 1578 προσ-

907 1544 1080 1576 consolatus,
1109 1544 1237 1571 hortatur
1256 1546 1285 1570 ut
1305 1542 1438 1578 synodum
1468 1541 1612 1573 acceleret,
1643 1547 1692 1567 nec

58 1586 162 1619 ἐταξεν
191 1586 343 1621 ἀρχομένου
357 1585 403 1613 τοῦ
424 1586 520 1622 θέρους
540 1586 676 1613 συνελθεῖν
700 1587 799 1619 αὐτοὺς
814 1587 855 1619 εις

59 1632 196 1663 Νικαιαν,
221 1632 291 1668 πλὴν
311 1633 336 1659 εἰ
358 1633 394 1668 μή
412 1642 484 1665 τινες
497 1631 551 1660 εἷεν
566 1635 622 1665 τοῖς
636 1632 758 1668 σώμασιν
773 1633 854 1660 ἀσθε-

59 1681 140 1712 νεῖς·
169 1679 311 1715 ἐκπέμψαι
336 1679 365 1706 δὲ
392 1680 503 1711 τούτους
526 1681 587 1707 ἀντὶ
612 1680 720 1713 αὐτῶν,
751 1680 798 1712 οὒς
821 1680 854 1707 ἂν

58 1727 182 1753 ἕλωνται
195 1726 398 1761 πρεσὸυτέρους
413 1726 429 1761 ἥ
444 1726 585 1758 διακόνους
594 1746 601 1758 ,
616 1726 686 1753 ὥστε
704 1726 752 1762 τὴν
766 1726 855 1753 αὐτῶν

61 1772 181 1807 γνώμην
203 1771 337 1806 δηλῶσαι,
352 1772 398 1799 καὶ
414 1772 478 1808 περὶ
499 1772 554 1798 τῶν
572 1772 731 1807 ἀμφιϐόλων
751 1771 856 1807 βουλεύ-

59 1817 166 1845 σασθαι
179 1837 186 1849 ,
205 1817 252 1844 καὶ
270 1818 346 1852 κοινῇ
365 1817 430 1853 περὶ
449 1817 558 1844 πάντων
575 1817 770 1853 ὁμοφρονῆσαι.
789 1817 859 1844 Δέκα

56 1864 90 1891 δὲ
105 1863 163 1890 ἀπὸ
178 1862 233 1890 τῶν
250 1863 401 1899 Ἐσπερίων
411 1863 502 1899 μερῶν
511 1883 519 1895 ,
533 1863 580 1889 καὶ
589 1862 732 1894 τοσούτους
744 1862 797 1889 ἀπὸ
809 1862 859 1897 τῆς

58 1910 140 1941 Ἕω,
162 1908 210 1941 οὓς
229 1909 262 1936 ἂν
276 1910 353 1944 κοινῇ
370 1909 466 1944 γνώμῃ
481 1908 659 1940 ὲπιλέξωνται
672 1909 697 1934 οἱ
713 1908 857 1940 συνιόντες,

55 1953 216 1989 ἀφικέσθαι
235 1955 275 1986 εἰς
288 1954 323 1981 τὰ
334 1953 465 1989 βασίλεια,
479 1954 527 1980 ναὶ
539 1954 573 1979 τὰ
587 1953 700 1986 δόξαντα
716 1953 859 1988 ἀφηγήσα-

57 2001 146 2028 σθαι”
165 2001 235 2026 ὥστε
249 1999 295 2027 καὶ
321 2000 401 2026 αὐτὸν
422 1999 537 2027 συνιδεῖν
551 2019 559 2031 ,
575 2000 599 2026 εἰ
615 1999 686 2026 κατὰ
708 1999 758 2031 τὰς
782 1998 856 2033 ἱερὰς

56 2047 182 2083 Γραφὰς
194 2046 342 2081 συνέϐησαν
354 2045 479 2081 ἀλλήλοις
488 2065 495 2077 ,
507 2046 553 2073 καὶ
567 2045 631 2081 περὶ
643 2044 700 2071 τῶν
710 2044 855 2080 πρακτέων

55 2095 119 2129 ὅπη
134 2093 171 2120 ἂν
180 2093 278 2127 ἄριστα
294 2092 358 2127 δοκῇ
372 2092 535 2118 ἐπιτελέσαι.
552 2091 629 2118 Μετὰ
645 2090 674 2117 δὲ
692 2090 778 2117 ταῦτα
793 2090 855 2124 βου-

54 2138 236 2172 λευσάμενος
251 2137 399 2173 προσέταξε
416 2137 519 2169 πάντας
534 2136 599 2163 ἔνθα
618 2137 651 2163 ἂν
671 2136 799 2170 διάγωσιν
812 2156 819 2167 ,
837 2135 853 2171 ἢ

908 1591 943 1619 ab
958 1591 1077 1624 incmpto
1093 1589 1216 1620 desistat,
1231 1595 1293 1615 cum
1306 1587 1417 1622 pietatis
1443 1594 1526 1614 causa
1547 1586 1574 1613 id
1599 1586 1693 1620 operis

907 1636 1082 1671 susceperit,
1113 1641 1182 1662 neve
1198 1634 1346 1669 episcopos
1366 1633 1426 1668 ejus
1454 1632 1492 1659 rei
1513 1631 1598 1666 gratia
1625 1638 1692 1658 con—

907 1686 1046 1718 gregatos,
1064 1682 1110 1717 qui
1125 1681 1180 1717 jam
1202 1681 1285 1708 domo
1306 1679 1408 1715 egressi
1423 1683 1448 1706 et
1461 1679 1489 1705 in
1508 1678 1605 1704 itinere
1625 1685 1691 1704 con-

907 1728 996 1755 stituti
1008 1732 1114 1760 essent,
1127 1734 1158 1754 re
1171 1725 1271 1753 inl'ecta
1290 1725 1420 1752 dimittat.
1435 1723 1536 1750 Locum
1546 1730 1611 1750 vero
1627 1730 1693 1757 syn-

907 1772 961 1800 odo
991 1771 1135 1800 constituit
1151 1770 1280 1802 Nicaeam,
1300 1769 1362 1797 vice
1381 1768 1558 1800 Nicomediae,
1578 1771 1608 1794 ut
1627 1774 1694 1793 eau-

908 1826 938 1847 sa
955 1818 1016 1846 ﬁdei
1035 1818 1092 1845 illic
1106 1816 1275 1848 deilniretur,
1295 1815 1341 1843 ubi
1358 1815 1484 1850 primum
1498 1817 1615 1841 tractata
1634 1813 1695 1840 fue-

908 1868 959 1890 rat.
978 1863 1012 1890 Et
1025 1862 1144 1890 Basilius
1162 1861 1272 1897 quidem
1288 1860 1446 1896 imperatori
1463 1860 1519 1886 ha'c
1530 1858 1693 1892 rescripsit,

908 1915 1024 1944 sperans
1041 1915 1070 1935 se
1090 1914 1149 1934 rem
1165 1907 1189 1934 ei
1209 1910 1314 1942 gratam
1346 1904 1576 1940 significaturum,
1593 1902 1696 1937 quippe

908 1954 955 1990 qui
969 1953 1047 1981 initio
1063 1952 1198 1988 synodum
1214 1951 1311 1978 Nlczea:
1321 1949 1485 1984 congregari
1513 1948 1692 1976 decrevisset.
1708 1968 1710 1970 .

916 1999 965 2027 His
979 1999 1080 2027 litteris
1097 2006 1112 2026 a
1128 1997 1231 2026 Basilio
1250 1996 1383 2031 acceptis,
1397 1996 1545 2030 imperator
1576 1994 1694 2029 primum

909 2045 1018 2080 quidem
1030 2044 1115 2080 jussit
1128 2049 1156 2071 ut
1173 2044 1285 2070 ineunte
1296 2045 1392 2069 testate
1411 2040 1529 2067 Nicaeam
1562 2038 1695 2066 conveni-

907 2095 969 2119 rent
979 2090 1111 2126 episcopi,
1123 2089 1251 2124 exceptis
1262 2087 1362 2122 his-qui
1378 2086 1503 2120 corporis
1520 2084 1631 2111 inﬁrma
1648 2090 1695 2110 va-

910 2137 1032 2164 letudine
1045 2139 1139 2164 essent
1153 2143 1162 2162 :
1177 2135 1213 2162 ita
1221 2140 1314 2161 tamen
1330 2136 1358 2160 ut
1371 2133 1414 2159 isti
1431 2131 1607 2166 presbyteros
1650 2133 1697 2156 aut

54 2186 92 2211 ὲν
114 2185 179 2215 ταῖς
196 2183 274 2215 ἰδίαις
293 2183 465 2217 ’Βκκλησιαις
482 2183 636 2218 ἐπιμεῖναι,
654 2182 749 2217 μέχρις
765 2182 797 2208 ἂν
811 2182 862 2217 ὀρι-

918 2183 1051 2210 diaconos
1066 2182 1189 2209 suovloeo
1202 2181 1338 2207 mitterent
1361 2186 1431 2213 quos
1451 2178 1561 2210 vellent,
1582 2177 1629 2212 qui
1658 2177 1699 2211 ip-

55 2229 146 2265 σριίη
171 2230 204 2264 τῇ
222 2228 323 2264 συνόδῳ
341 2229 439 2260 τόπος,
457 2229 504 2256 καὶ
526 2228 676 2263 σημανθείη
702 2228 742 2258 εἰς
767 2227 867 2254 τοῦτον

915 2229 1187 2257 serum-sententiam
1207 2226 1404 2262 signiﬁcarent,
1422 2229 1448 2252 et
1465 2224 1500 2251 de
1514 2224 1598 2251 rebus
1612 2222 1699 2250 ambi-

671 2315 802 2345 VALESII
822 2314 1096 2344 ANNOTA'I‘IONES.

101 2365 164 2400 (97)
185 2364 220 2400 οι
241 2364 309 2399 περὶ
330 2363 395 2400 sfw.
408 2363 584 2400 V'Apofdmov.
604 2363 704 2400 Scribe
720 2363 867 2400 meoneti-

916 2363 975 2390 rieo
990 2361 1102 2393 Savilio,
1121 2360 1169 2395 qui
1193 2361 1221 2387 in
1238 2368 1294 2395 suo,
1307 2359 1402 2395 codice
1415 2356 1614 2395 emendavit
1631 2356 1698 2382 ὑπο-

55 2392 190 2433 οιιῖο,ὀἳ
220 2392 296 2434 παρᾶ
322 2399 377 2426 τῶν
407 2392 551 2434 ’Ᾱρσάκιον
581 2398 661 2425 αὑτὸν
690 2392 862 2433 θεασαμένων

914 2397 1078 2434 δειγμὰτων.
1107 2392 1137 2434 I_I_i
1160 2396 1254 2434 codice
1269 2394 1434 2434 __I‘_‘uket_iano
1460 2393 1562 2420 omissa
1589 2392 1632 2419 hic
1656 2394 1698 2419 est

55 2435 222 2470 ἀκηκοέναι
234 2434 348 2470 ἔφασαν.

101 2466 163 2506 (98)
199 2466 334 2500 ‘Eé'onb
348 2466 602 2503 παραδειγμάτων.
625 2467 771 2496 Assentior
792 2466 864 2494 lien-

914 2429 984 2460 linea
998 2439 1046 2467 per
1061 2431 1255 2466 negligentiam
1269 2429 1386 2457 librarii.

794 2555 983 2584 VAIiIORUM.

104 2623 115 2649 i
135 2620 251 2656 Γράφει
261 2619 419 2656 Βασιλειῳ.
432 2617 560 2647 Basilius,
573 2616 692 2656 Ancyre
698 2615 855 2656 episcopus,

54 2651 307 2686 Semiarianorum
323 2651 528 2688 antesignanus,
545 2658 609 2678 cum
621 2651 711 2688 gratia
722 2653 748 2688 et
761 2654 858 2688 aucto-

55 2684 153 2720 ritate
168 2690 241 2726 apud
249 2684 439 2726 Constantium
458 2688 573 2726 multum
586 2684 698 2726 valeret,
716 2684 858 2726 Anom‘mis

51 2718 278 2756 eratdoc'trinaa
296 2731 377 2751 causa
392 2722 610 2756 infestissimus;
628 2718 861 2756 auctorque__Con-

52 2753 175 2791 ξιᾶιιιίο
192 2760 282 2788 fuisse
302 2759 398 2790 fertur,
418 2762 448 2784 ut
462 2757 566 2793 Aetius,
587 2753 740 2793 Eudox_i_us,
760 2753 862 2793 aliique

55 2789 203 2833 permulti
228 2794 363 2833 ejusdem‘
384 2789 470 2833 Sectis
488 2791 613 2833 homines
637 2789 813 2833 pellerentur
834 2789 860 2814 in

54 2823 211 2860 exsilium.
234 2823 314 2857 Anno
335 2829 398 2855 Chr.
419 2827 491 2858 558,
519 2823 653 2853 Anommi
667 2823 860 2860 Constantium

55 2857 219 2903 Eagibam,
239 2868 270 2894 ut
289 2864 410 2900 synodus
432 2862 633 2893 celebraretur;
651 2859 698 2895 qui
723 2857 860 2894 synodum

906 2611 1072 2641 Nicomediae
1088 2610 1241 2647 cogendam
1259 2609 1357 2647 indixit
1373 2618 1380 2637 :
1397 2608 1449 2647 sed
1461 2607 1496 2647 ob
1515 2614 1613 2647 causas
1637 2611 1699 2647 ante

908 2649 1008 2681 dictas,
1027 2655 1077 2682 pro
1088 2641 1248 2674 Nicomedia
1261 2643 1362 2682 Nicaaa,
1373 2643 1485 2682 _celebri
1500 2642 1619 2682 concilio
1633 2641 1697 2682 olim

909 2676 1073 2715 nobilitata,
1102 2682 1165 2709 huic
1192 2680 1340 2708 conventui
1365 2679 1523 2715 deputatur.
1550 2676 1587 2715 Ut
1607 2680 1698 2702 autem

911 2718 1054 2746 instabiles
1067 2711 1160 2745 'erant
1173 2715 1267 2743 Ariani
1279 2735 1286 2747 ,
1304 2711 1410 2742 mutato
1428 2713 1543 2740 consilio
1556 2711 1699 2747 ,_impera-

911 2744 998 2780 torem
1019 2744 1186 2779 inducebant
1213 2754 1253 2782 ut,
1278 2744 1374 2777 divisis
1387 2744 1699 2784 episcopis,_0c_ciden-

915 2789 983 2816 tales
998 2788 1167 2819 Ariminum,
1196 2780 1350 2812 Orientales
1371 2780 1522 2812 Seleuciam
1549 2782 1575 2809 in
1596 2780 1698 2808 Isauria

915 2828 1089 2859 cogerentur,
1107 2828 1178 2848 anno
1193 2819 1258 2847 Chr.
1276 2819 1339 2847 559.
