1899 3077
236 132 305 162 Ηὲιθ

959 128 1128 158 SOZOMENI

1814 129 1874 155 IIGd

239 190 302 225 guis
317 188 506 221 consulerent,
523 187 660 223 simulque
673 194 770 215 omnes
783 187 855 215 inter
868 194 898 215 se
915 187 949 215 de
965 195 1008 214 om

1078 186 1234 221 ἀφικέσθαι.
1251 186 1353 222 Γράφει
1379 186 1407 212 δὲ
1434 185 1472 222 τῷ
1495 186 1646 222 Βασιλείῳ,
1672 187 1707 213 δι’
1725 187 1876 213 smmis.

235 235 318 263 nibus
335 234 542 267 consentirent;
559 232 659 260 deinde
675 236 704 259 ut
720 232 816 259 decem
828 233 910 268 legati
923 240 956 260 ex
972 232 1026 260 0c—

234 279 354 308 cidentis
387 279 532 314 partibus,
559 277 727 312 totidemque
760 285 794 304 ex
823 277 1025 311 Orientalibus,

233 333 304 362 quos
320 325 444 361 synodus
458 324 600 351 communi
614 323 751 351 sententia
764 323 922 359 delegisset.
934 323 969 350 ad
984 331 1029 351 co-

234 372 362 399 mitatum
375 370 560 402 mitterentur,
578 369 692 397 relaturi
706 377 768 404 qute
782 369 892 396 decreta
907 372 1003 396 essent
1017 378 1024 396 :

233 425 288 452 quo
307 421 335 444 et
358 417 417 450 ipse
433 415 583 450 dispiceret
622 419 714 442 utrum
742 415 780 442 illi
799 415 876 450 juxta
899 422 1025 442 normam

233 469 379 490 sacrarum
397 460 604 495 Seripturarum
628 461 699 488 inter
715 468 745 488 se
759 465 853 488 mutuo
865 461 1025 489 consensis-

231 512 309 540 sent,
322 511 349 534 et
364 507 398 534 de
410 507 453 534 bis
472 514 533 541 qua:
550 507 653 542 agenda
669 511 772 540 essent,
791 511 874 542 prout
888 508 1022 542 optintnm

231 552 305 580 factu
322 552 376 580 sibi
411 552 560 583 videretur.
589 553 758 580 decerneret.
773 552 838 581 Post
851 590 854 593 _
869 553 929 580 haec
956 554 1024 581 inito

231 598 368 630 consilio,
382 599 511 634 praecepit
537 603 567 626 ut
580 605 676 626 omnes
701 599 841 634 episcopi,
868 600 1026 635 ubicunque

230 645 314 679 positi
346 649 457 676 essent,
485 649 532 671 aut
554 644 581 670 in
614 644 734 679 propriis
766 643 898 672 Ecclesiis
929 652 1026 679 exspe-

229 695 350 724 ctarent,
377 690 465 718 donec
493 689 570 718 locus
595 689 715 717 concilio
733 690 892 725 designatus
916 690 1024 723 fuisset.

230 736 445 771 mandatumque
459 740 533 763 esset
556 735 623 770 ipsis
650 741 678 762 ut
691 743 724 763 eo
751 736 921 764 advenirent.
950 736 1026 764 Scri—

230 781 270 808 bit
287 781 395 808 interint
423 780 457 807 ad
473 780 630 815 .Basilium,
652 785 682 807 ut
710 788 742 808 cx
771 781 899 809 omnibus
927 781 1027 809 Orien-

230 826 414 861 tisepiscopis
437 826 594 854 sciscitetur
626 834 673 861 per
695 825 801 854 litteras
820 834 875 861 quo
905 827 934 854 in
965 828 1025 856 loco

231 872 367 908 synodum
396 871 530 899 celebrari
564 876 703 906 oporteret

231 918 300 945 tiutn
326 917 398 945 veris
424 924 457 944 ea
484 925 527 944 res
567 920 676 946 cuttctis
713 918 907 947 innotesceret.
930 919 1024 956 Neque

230 964 304 990 enim
339 963 514 990 commodum
541 970 604 990 esse
629 964 833 996 arbitrabatur,
871 969 901 992 ut
928 965 1024 993 Nicaea:

229 1009 353 1044 synodus
373 1008 461 1041 ﬁeret,
493 1017 555 1037 cum
580 1017 612 1037 ea
626 1009 770 1044 provincia
799 1014 880 1039 terra
899 1012 1022 1040 motibus

233 1058 327 1082 vexata
344 1059 432 1082 esset.
451 1055 571 1082 Basilius
585 1055 678 1090 itaque
696 1056 814 1090 praeﬁxis
830 1057 953 1091 epistola;
966 1065 1024 1086 sua:

231 1101 422 1136 imperialibus
437 1101 548 1134 litteris,
565 1101 704 1128 mandavit
730 1101 810 1138 154
823 1103 964 1138 episcopis
975 1111 1024 1139 per

229 1147 356 1182 singulas
381 1147 539 1181 provincias
569 1147 729 1174 constitutis
758 1152 786 1174 ut
813 1149 1022 1184 quamprimum

229 1192 300 1227 apud
312 1201 341 1220 se
357 1192 555 1226 deliberarent,
570 1198 598 1220 et
612 1194 703 1220 locum
725 1195 770 1228 qui
790 1194 857 1229 ipsis
885 1195 1023 1224 videretur

228 1239 388 1272 aptissimus
434 1237 602 1266 indicarent.
628 1238 696 1265 Cum
716 1247 791 1269 vero.
807 1241 879 1267 sicut
905 1241 931 1267 in
949 1241 1022 1276 ejus-

229 1284 302 1311 modi
319 1284 402 1311 rebus
417 1284 476 1311 ﬁeri
493 1284 577 1317 solct,
598 1291 652 1311 non
670 1293 754 1312 unum
775 1286 956 1322 eumdeinque
982 1287 1023 1315 lo-

227 1337 291 1357 cum
321 1337 420 1358 omnes
457 1331 619 1366 elegissent,
639 1330 758 1359 Basilius
773 1333 806 1359 ad
829 1333 1020 1368 imperatorem

227 1375 370 1410 profectus
381 1379 435 1408 est,
452 1376 499 1411 qui
512 1380 569 1403 tum
587 1375 680 1404 Sirmii
710 1379 882 1406 morabatur.
897 1379 936 1407 lbi
961 1385 1019 1408 tum

229 1421 300 1449 :tlios
317 1422 451 1457 quosdam
477 1423 579 1457 reperit
591 1423 750 1458 episcopos.
764 1424 811 1459 qui
829 1430 942 1460 propter
958 1426 1017 1460 pri-

228 1471 305 1495 vatas
329 1468 510 1495 necessitates
536 1475 569 1496 eo
597 1468 778 1502 advenerant,
808 1474 865 1498 tum
895 1471 1017 1500 Marcum

227 1514 415 1547 Arcthnsium,
432 1519 460 1542 et
486 1514 634 1550 Georgium
659 1517 818 1551 episcopum
834 1517 1016 1545 Alexandriae.
1031 1531 1052 1560 ο

225 1559 350 1594 Cumque
360 1560 415 1595 jam
425 1561 605 1588 constitutum
616 1566 690 1589 esset
699 1565 726 1589 ut
736 1561 867 1590 Seleucia:
878 1563 904 1590 in
915 1564 1018 1592 lsauria

226 1607 376 1634 concilium
391 1606 552 1640 haberetur,
570 1607 598 1634 lti
625 1608 671 1642 qui
696 1615 758 1635 cum
778 1607 892 1636 Valente
920 1615 1016 1638 erant:

227 1661 290 1680 nam
321 1659 348 1680 et
379 1653 431 1680 iste
460 1657 517 1680 tum
551 1653 646 1680 aderat
674 1653 789 1686 Sirmii,
820 1655 1016 1683 Anontmorunt

227 1699 323 1727 han-esi
349 1698 485 1731 faventes,
500 1707 612 1734 operam
630 1699 766 1727 dederunt
783 1705 812 1727 ut
828 1701 951 1736 episcopi
971 1701 1018 1737 qui

226 1745 254 1772 in
265 1745 398 1773 comitatu
432 1750 523 1778 erant,
541 1750 644 1780 parata:
668 1747 777 1774 cuidam
803 1746 864 1774 ﬁdei
893 1747 1017 1776 formulae

225 1791 446 1823 subscriberent,
467 1791 494 1818 in
519 1799 574 1826 qua
590 1799 690 1820 nomen
707 1793 871 1820 substantiae
884 1801 938 1820 non
950 1801 1016 1822 con-

225 1837 378 1864 tinebatur.
390 1836 460 1864 Dum
477 1837 602 1872 synodus
615 1838 820 1872 ingentistudio
833 1839 1017 1874 acceleratur,

226 1881 516 1915 Eudoxius,Acacius,
531 1880 665 1909 Ursaeius
681 1889 713 1908 ac
730 1880 840 1914 Valens,
854 1887 882 1910 et
893 1883 939 1918 qui
953 1891 1016 1911 cum

223 1927 280 1955 illis
295 1932 385 1958 erant.
399 1935 463 1955 cum
487 1927 560 1962 apud
585 1935 614 1955 se
630 1931 808 1962 reputassent
828 1935 862 1956 ex
889 1929 1018 1958 omnibus

223 1973 325 2008 ubique
337 1972 474 2007 episcopis
487 1971 558 1999 alios
572 1972 681 2007 quidem
699 1971 836 2000 Nicaenam
853 1973 933 2001 ﬁdem
948 1982 1016 2002 eon-

221 2023 328 2047 stanter
343 2019 477 2046 retinere;
501 2018 570 2046 alios
580 2025 646 2046 vero
675 2026 735 2046 eam
754 2019 884 2053 praeferre
911 2027 971 2054 quae
988 2021 1015 2047 in

1079 233 1213 260 πυθέσθαι
1225 233 1333 260 πάντων
1352 233 1406 259 τῶν
1422 233 1474 259 ἀνὰ
1493 233 1541 267 τὴν
1560 233 1617 259 Ἕω
1631 233 1809 263 ἐπισκόπων,
1826 233 1875 267 ὅπη

1077 278 1211 304 ἐπιτελεῖν
1227 277 1276 313 τὴν
1298 277 1408 304 σύνοδον
1423 277 1560 312 προσῆκεν
1571 285 1578 291 ⁸
1595 277 1666 304 ὥστε
1689 276 1776 313 ἔαρος
1800 277 1876 312 ἀρχο-

1079 325 1161 359 μένου
1173 344 1181 355 ,
1196 324 1275 351 τοῦτο
1292 324 1359 350 πᾶσι
1377 323 1502 357 γενέσθαι
1524 323 1613 358 δῆλον.
1629 324 1675 350 Ἐν
1688 323 1801 358 Νικαίᾳ
1815 323 1874 358 γὰρ.

1077 368 1116 400 ὡς
1138 369 1309 404 κεκμηκότος
1335 368 1382 396 τοῦ
1408 368 1472 404 τῇδε
1489 368 1581 400 ἔθνους
1608 368 1662 394 ὑπὸ
1689 367 1833 402 σεισμῶν,
1849 370 1874 393 οὐ

1078 415 1169 447 καλῶς
1197 415 1270 451 ἔχειν
1291 414 1409 441 ὑπέλαϐε
1439 415 1546 441 σύνοδον
1569 416 1667 442 ποιεῖν.
1699 415 1731 442 '0
1749 416 1782 443 δὲ
1799 417 1875 442 Βατι-

1077 459 1148 491 λειος
1167 460 1235 491 ἰδίας
1250 459 1395 494 ἐπιστολῆς
1413 459 1552 494 προτάξας
1576 460 1610 486 τὰ
1626 460 1767 496 βασιλέως
1790 462 1876 496 γράμ-

1079 515 1151 542 ματα
1163 526 1171 538 ,
1189 507 1246 538 τοῖς
1263 506 1333 533 κατὰ
1355 506 1431 538 ἔθνος
1453 506 1613 538 ἐπισκόποις
1623 507 1750 542 ἐδήλωσε
1779 509 1874 543 σπουδῇ

1077 552 1288 586 διασκέψασθαι.
1307 552 1353 578 καὶ
1372 548 1566 587 τὺνῘάρέσοντα
1587 552 1670 578 τόπον
1692 553 1724 579 ὲν
1739 553 1821 588 τάχει
1835 554 1875 587 δη-

1077 597 1173 624 λῶσαι.
1188 595 1238 624 Οἷα
1254 597 1282 623 δὲ
1298 597 1371 632 φιλεῖ
1386 597 1433 624 ἐπὶ
1446 598 1503 629 τοῖς
1519 597 1666 630 τοιούτοις,
1686 599 1721 625 οὐ
1735 599 1786 625 τὸν
1802 600 1874 626 αὑτὸν

1076 643 1158 669 τόπον
1188 642 1394 678 ἐπιλεξαμένων
1420 641 1552 675 πάντων,
1585 644 1778 678 παραγίνεται
1815 646 1875 679 πρὸς

1078 687 1190 722 βασιλέα
1203 688 1357 719 Βασίλειος·
1376 687 1494 723 διέτριϐε
1510 687 1539 714 δὲ
1558 688 1618 715 τότε
1638 689 1668 715 ἐν
1679 689 1808 725 Σιρμίῳ,
1828 691 1874 716 Kal

1078 733 1280 768 καταλαμϐάνει
1306 733 1398 760 ἐνθάδε
1423 733 1519 765 ἄλλους
1547 734 1577 760 τέ
1605 743 1684 767 τινας
1708 735 1874 768 ἐπισκόπους

1077 779 1138 807 κατ’
1155 779 1222 811 ἰδίας
1238 780 1333 815 χρείας
1344 800 1352 813 ,
1368 779 1415 806 καὶ
1434 780 1547 815 Μάρκον
1565 780 1609 806 τὸν
1620 780 1820 816 Ἀρεθούσιον,
1835 782 1874 808 καὶ

1078 825 1213 862 Γεώργιον
1227 825 1274 852 τὸν
1295 826 1480 861 ἐπιτραπέντα
1503 828 1669 860 προστατεῖν
1688 827 1742 862 τῆς
1757 827 1874 860 Ἀλεξαν-

737 881 743 899 ;
776 872 813 899 ita
844 877 873 900 ut
900 873 951 900 sub
972 874 1008 901 ini

1075 871 1159 906 δρέων
1179 871 1350 907 Ἐκκλησιας.
1374 871 1458 904 Δόξαν
1477 872 1505 898 δὲ
1529 872 1580 907 ἤδη
1600 873 1629 898 ἐν
1653 861 1809 909 Σελευκείᾳ

1082 917 1218 952 Ἰσαυρίας
1231 917 1356 951 γενέσθαι
1367 917 1418 952 τὴν
1433 917 1558 950 σύνοδον,
1579 919 1604 944 el
1621 919 1698 953 ἀμφὶ
1717 919 1855 946 Οὐάλεντα
1865 929 1871 934 ·

1076 963 1122 990 καὶ
1137 963 1191 998 γὰρ
1215 963 1247 999 δὴ
1264 963 1311 990 καὶ
1326 959 1404 995 οὗτος
1419 963 1458 998 τῷ
1470 963 1576 998 Σιρμεῳ
1599 965 1730 1000 ἐνεδήμει
1746 974 1754 980 ·
1773 967 1808 1000 τῇ
1826 966 1871 991 τῶν

1081 1009 1228 1044 ’Λνομοίων
1249 1009 1351 1045 αἱρέσει
1377 1010 1526 1046 χαίροντες,
1541 1011 1727 1043 σπουδάζουσι
1752 1012 1818 1043 τοὺς
1839 1013 1869 1046 τῷ

1075 1055 1250 1090 στρατοπέδῳ
1271 1055 1409 1090 παρόντας
1437 1056 1604 1088 ἐπισκόπους
1630 1057 1672 1089 εις
1689 1057 1805 1092 ἕτοιμόν
1818 1066 1868 1084 τινα

1074 1101 1183 1136 γραφὴν
1196 1101 1314 1133 πίστεως
1329 1101 1486 1136 ὑπογράψαι
1504 1101 1543 1136 (1)
1557 1121 1563 1133 ,
1579 1103 1609 1128 ἐν
1658 1102 1690 1129 τδ
1712 1103 1767 1137 τῆς
1784 1103 1867 1134 οὐσίας

1073 1146 1124 1172 οὐκ
1135 1146 1255 1173 ἐνέκειτο
1269 1147 1366 1182 ὄνομα.
1383 1147 1609 1183 Σπουδαζομένης
1624 1149 1653 1175 δὲ
1675 1149 1727 1184 τῆς
1753 1151 1867 1183 συνόδου,

1073 1192 1246 1228 λογισάμενοι
1273 1194 1298 1219 οἱ
1323 1194 1395 1228 ἀμφὶ
1418 1193 1543 1226 Εὑδόξιον
1568 1195 1615 1221 καὶ
1639 1195 1798 1228 ’Δκάκιον,
1828 1199 1868 1223 και

1073 1239 1227 1274 Οὺρσάκιον
1243 1239 1291 1265 καὶ
1304 1239 1458 1272 Οὐάλεντα,
1481 1240 1520 1272 ὡς
1537 1240 1593 1267 τῶν
1607 1242 1738 1277 πανταχῆ
1765 1243 1867 1269 ἐπισκό-

1073 1294 1132 1312 πων
1145 1286 1170 1312 οἱ
1185 1285 1234 1320 μὲν
1250 1285 1299 1320 τὴν
1322 1286 1351 1312 ἐν
1363 1286 1467 1321 Νικαῑᾳ
1486 1287 1577 1314 πίστιν
1588 1296 1596 1302 σ
1617 1289 1641 1314 οξ
1658 1288 1689 1314 δὲ
1710 1289 1764 1324 τὴν
1780 1290 1827 1315 ἐπὶ
1840 1291 1867 1324 τῇ

1072 1331 1220 1367 άφιερὼσει
1251 1332 1302 1367 τῆς
1338 1332 1496 1368 Ἀντιοχέων
1534 1334 1685 1370 ἐκκλησίας
1710 1335 1868 1362 ἐκτεθεῖσαν

1072 1376 1199 1412 ζηλοῦσιν
1215 1386 1222 1393 ο
1242 1378 1360 1413 ἑκατέρα
1371 1387 1401 1405 τε
1415 1379 1445 1404 τὸ
1462 1378 1511 1414 τῆς
1523 1379 1618 1412 οὐσίας
1637 1381 1727 1416 ὄνομα
1741 1381 1813 1416 ἔχει,
1827 1383 1869 1408 καὶ

1071 1424 1142 1451 κατὰ
1157 1424 1246 1452 πάντα
1260 1425 1354 1460 ὅμοιον
1375 1424 1415 1460 τῷ
1437 1426 1525 1461 Πατρὶ
1548 1426 1596 1453 τὸν
1612 1427 1677 1454 Υὶὸν
1699 1428 1866 1462 ἀποφαίνεν

1071 1470 1118 1497 καὶ
1136 1471 1174 1502 ὡς
1187 1471 1211 1497 εἰ
1235 1471 1335 1503 πάντες
1359 1472 1399 1503 εἰς
1422 1472 1522 1498 ταύτὸν
1548 1473 1715 1500 συνέλθωσιν
1729 1494 1738 1506 ,
1754 1475 1867 1509 ἑτοίμως

1070 1516 1306 1552 καταψηφίσονται
1321 1517 1370 1553 τῆς
1380 1517 1485 1544 Ἀετίου
1495 1517 1588 1553 δόξης,
1600 1519 1634 1554 ἢν
1647 1520 1726 1546 αὐτοὶ
1739 1521 1865 1556 ἐπῄνουν,

1068 1562 1198 1598 ἄντικρυς
1215 1563 1350 1597 ἑκατέρας
1366 1563 1522 1599 ἀπᾴδουσαν
1534 1572 1540 1578 ·
1559 1564 1724 1600 κατορθοῦσι
1740 1566 1807 1596 τοὺς
1822 1567 1866 1600 μὲν

1067 1608 1121 1636 ἀπὸ
1150 1609 1199 1644 τῆς
1223 1609 1329 1641 Δύσεως
1363 1609 1393 1635 ἐν
1415 1610 1546 1645 ’Δριμίνῳ
1574 1611 1730 1638 συνελθεῖν·
1752 1613 1820 1644 τοὺς
1841 1613 1866 1639 δὶ

1067 1655 1120 1682 ἀπὸ
1134 1654 1184 1690 τῆς
1198 1655 1265 1688 Ἕω,
1281 1655 1309 1681 ἐν
1323 1654 1468 1691 Σελευκείᾳ
1478 1656 1528 1691 τῆς
1548 1657 1693 1692 Ὶσαυρῖας.
1703 1658 1761 1684 Ἵνα
1776 1659 1866 1693 ῥᾳδίου

1066 1702 1142 1733 ιντος
1157 1701 1263 1734 ὀλίγους
1276 1721 1284 1734 ,
1302 1702 1318 1736 ἤ
1336 1702 1439 1733 πάντας
1456 1702 1576 1735 πείθειν,
1604 1704 1629 1730 εἰ
1656 1704 1706 1738 μὲν
1731 1704 1865 1734 δύναιντο.

1069 1747 1131 1782 τῇδε
1146 1747 1257 1774 κάκεῖσε
1271 1747 1444 1782 μερισθέντες
1456 1748 1687 1783 παρασκευάσωσι
1704 1751 1785 1784 σφίσι
1801 1759 1865 1786 συμ-

1069 1792 1175 1828 ψήφους
1191 1791 1317 1825 γενέσθαι
1331 1792 1464 1826 ἑκατέραν
1476 1793 1600 1820 σύνοδον·
1614 1795 1638 1820 εἰ
1661 1794 1688 1820 δὲ
1704 1795 1742 1830 μὴ
1753 1816 1762 1828 ,
1788 1795 1864 1823 θατέ-

1071 1844 1138 1874 ραν·
1155 1836 1226 1864 ὥστε
1252 1836 1291 1872 μὴ
1309 1837 1409 1868 πάσαις
1433 1837 1533 1872 ψήφοις
1561 1839 1795 1874 ἀποκηρυχθῆναι
1818 1841 1864 1875 τὴν

1069 1884 1186 1919 αἵρεσιν.
1204 1882 1395 1918 Συνὲπραττον
1419 1882 1447 1909 δέ
1464 1883 1557 1915 αὐτοῖς
1573 1884 1675 1918 ταῦτα,
1692 1885 1829 1918 Εὐσέϐιος
1850 1886 1863 1912 ό

1068 1929 1117 1956 τοῦ
1147 1928 1284 1964 βασιλείου
1309 1927 1385 1955 οἴκου
1411 1929 1552 1964 προεστὼς
1577 1930 1722 1965 εὐνοῦχος,
1744 1931 1863 1967 Εὖδοξζφ

1069 1974 1221 2010 ἐπιτήδειος
1235 1974 1273 2000 ὢν
1282 1994 1290 2006 ,
1311 1974 1356 2000 καὶ
1370 1973 1458 2005 ἄλλως
1473 1975 1600 2009 ὁμόδοξος
1610 1996 1617 2007 ,
1635 1977 1682 2002 καὶ
1701 1977 1797 2004 πολλοὶ
1811 1977 1862 2004 τῶν

1069 2023 1098 2048 ἐν
1112 2021 1236 2055 δυνάμει,
1253 2019 1332 2055 χάριν
1346 2019 1420 2055 αὑτῷ
1440 2021 1563 2056 Εὑσεὸίῳ
1578 2021 1717 2057 φέροντες.

221 2066 394 2094 dedicatione
408 2065 588 2093 Antiochente
609 2065 730 2093 basilicae
741 2065 813 2093 edita
823 2071 912 2094 esset:
926 2074 1043 2102 quarunt
1057 2072 1174 2102 utraque
1193 2066 1356 2094 substantia:
1373 2073 1472 2094 nomen
1490 2066 1612 2100 haberet,
1625 2073 1654 2095 et
1667 2067 1770 2096 Filium
1789 2069 1860 2096 Patri

222 2111 402 2146 undequaque
429 2111 546 2138 similem
569 2115 769 2139 assereretzac
779 2112 803 2140 si
813 2111 884 2140 forte
910 2120 1008 2140 omnes
1021 2112 1049 2140 in
1069 2120 1154 2140 unum
1170 2112 1370 2144 convenirent,
1386 2112 1542 2148 opinionem
1555 2113 1625 2141 Aetii
1640 2122 1724 2150 quam
1735 2115 1861 2150 ipsipro-

223 2159 340 2192 babant,
355 2166 402 2186 eos
419 2159 514 2193 procul
529 2159 614 2187 dubio
636 2159 884 2193 condemnaturus,
900 2164 994 2195 utpote
1009 2166 1025 2186 a
1044 2160 1153 2188 duabus
1167 2159 1222 2186 illis
1234 2158 1296 2186 fidei
1311 2159 1437 2187 formulis
1451 2158 1661 2186 dissentientem
1682 2169 1690 2186 :
1711 2159 1739 2187 id
1772 2162 1860 2189 evice-

223 2209 297 2236 runt,
326 2207 356 2231 ut
390 2203 580 2232 Occidentales
601 2205 712 2240 quidem
736 2205 865 2237 Arimini,
880 2203 1033 2232 Orientales
1051 2211 1116 2232 vero
1130 2203 1261 2231 Seleuciae
1285 2203 1313 2230 in
1332 2202 1435 2231 Isauria
1444 2209 1687 2239 congregarentur.
1702 2206 1741 2234 Eo
1757 2207 1859 2236 scilicet

221 2249 350 2282 consilio,
381 2253 410 2276 ut
431 2249 561 2285 quoniam
577 2249 687 2278 facilius
697 2255 741 2278 est
767 2251 864 2286 paucis
885 2258 966 2286 quant
986 2249 1298 2287 omnibuspersuadere,
1308 2249 1358 2284 ipsi
1368 2248 1494 2276 bifariam
1508 2250 1598 2283 divisi,
1617 2254 1764 2287 utramque
1783 2261 1859 2289 syno-

221 2298 301 2329 dum,
329 2297 353 2325 si
370 2297 427 2325 ﬁeri
447 2302 552 2333 posset,
569 2298 596 2325 in
612 2306 690 2326 suam
729 2299 895 2327 sententiam
927 2298 1140 2334 pertraherent:
1156 2298 1200 2326 sin
1214 2296 1318 2330 minus,
1344 2297 1458 2324 alteram
1492 2297 1590 2324 saltem
1611 2306 1618 2324 :
1642 2304 1677 2325 ne
1718 2300 1856 2326 communi

221 2343 345 2370 omnium
355 2343 487 2379 suﬂ‘ragio
498 2344 610 2373 hzeresis
621 2345 742 2381 ipsorum
762 2346 1006 2375 condemnaretur.
1023 2346 1064 2373 Ad
1077 2345 1126 2373 has
1139 2348 1230 2372 autem
1246 2352 1290 2372 res
1303 2344 1484 2380 perﬁciendas
1494 2343 1617 2373 subsidio
1629 2343 1684 2371 illis
1697 2344 1789 2378 fuere,
1805 2351 1856 2373 tum

223 2391 359 2419 l-Zuscbius
385 2392 531 2420 eunuchus
544 2413 551 2427 ,
569 2394 733 2428 praepositus
748 2395 888 2427 cubiculi,
906 2394 957 2429 qui
974 2397 1003 2421 et
1022 2393 1197 2420 necessarius
1217 2391 1344 2423 Eudoxii,
1362 2396 1386 2418 cl
1406 2392 1528 2426 ejusdem
1553 2398 1616 2418 cum
1646 2390 1693 2418 illo
1718 2392 1856 2418 sententia:

221 2441 302 2465 erat:
323 2442 381 2465 tum
400 2439 446 2466 alii
469 2439 608 2474 primores
624 2441 687 2471 viri.
702 2441 749 2474 qui
782 2440 902 2468 Eusebio
920 2439 1070 2476 gratificari
1081 2440 1238 2468 studebant.

821 2529 954 2556 VALESII
974 2527 1251 2557 ANNOTATIONES.

257 2620 295 2655 (ι)
313 2620 452 2655 Ἕτοιμόν
467 2629 534 2648 τινα
547 2621 668 2656 ῃοαςρὴν
679 2621 810 2655 πίστεως
826 2621 1011 2655 ὑπογράψαι.

223 2655 285 2682 Ilaec
297 2660 339 2684 est
359 2656 419 2683 ﬁdei
442 2655 561 2683 formula
587 2664 648 2691 quae
671 2661 766 2691 postea
791 2657 818 2684 in
842 2657 1011 2684 Ariminensi

222 2691 341 2719 concilio
361 2692 479 2718 recitata
496 2696 552 2724 est,
570 2692 615 2719 cui
634 2691 743 2726 praeﬁxa
767 2695 847 2719 erant
864 2691 1010 2718 consulum

223 2727 345 2754 nomina.
362 2726 409 2753 Sic
424 2727 497 2754 enim
512 2726 661 2760 incipiebat
678 2735 684 2753 :
707 2726 788 2754 Fides
802 2727 923 2760 eIposita
938 2726 1010 2760 apud

221 2762 360 2794 Sirmium,
383 2761 498 2788 Eusebio
518 2766 543 2789 et
565 2761 683 2797 Hypatio
699 2762 864 2792 consulibus.
879 2765 915 2797 ut
925 2761 1010 2797 refert

223 2797 389 2825 Athanasius
404 2797 432 2824 in
448 2797 520 2825 libro
539 2796 577 2824 De
596 2797 715 2832 synodis,
736 2797 876 2830 Socrates,
893 2796 1004 2831 aliique.

1064 2620 1104 2648 Ac
1118 2619 1249 2648 Socrates
1263 2619 1374 2654 quidem
1386 2627 1446 2647 eam
1461 2620 1570 2647 tertiam
1592 2619 1661 2647 facit
1677 2621 1851 2648 Sirmiensem

1065 2655 1222 2682 formulam.
1248 2655 1305 2690 Ego
1328 2663 1392 2682 vero
1416 2655 1540 2689 quintam
1563 2663 1627 2684 esse
1654 2656 1802 2687 contendo,
1821 2655 1851 2680 oh

1066 2691 1189 2726 rationes
1205 2697 1276 2725 quas
1300 2690 1382 2726 paulo
1406 2695 1470 2718 ante
1487 2690 1599 2724 protuli.
1622 2691 1721 2726 Atque
1742 2691 1797 2717 hzec
1813 2695 1850 2726 est

1062 2733 1145 2763 quam
1163 2724 1459 2763 Marcus‘ﬂrethnsius
1473 2726 1606 2763 dictavit,
1620 2724 1718 2763 _ut:ex
1741 2724 1848 2763 epistola

1054 2760 1188 2788 ‘Valentis
1209 2761 1241 2786 ad
1266 2759 1438 2788 Germinium
1454 2761 1599 2788 observavi
1620 2761 1650 2788 in
1661 2759 1845 2789 Annotationi—

1060 2796 1112 2825 bus
1129 2797 1163 2824 ad
1178 2795 1332 2824 Soeratem.
