1899 3077
132 165 203 195 II65

608 160 769 190 HISTORIA
789 157 1065 189 ECCLESIASTICA.
1086 176 1120 179 —
1136 160 1201 188 LIB.
1223 159 1266 188 IV.

1684 163 1752 191 “(id

130 223 342 261 προστάγματος
355 220 581 258 δογματισθέντα,
597 221 723 255 γενέσθαι
738 221 915 255 πιστεύομεν·

971 219 1080 253 pietatis
1097 223 1195 247 vestrae
1227 219 1365 247 credimus
1385 227 1447 249 esse
1468 220 1643 256 dispositum,
1663 226 1693 248 ιιι
1719 221 1752 249 ad

129 271 171 302 είς
186 271 241 306 γάρ
264 269 400 304 Ἀρίμινον
417 269 448 295 ἐκ
460 268 554 302 πασῶν
568 268 620 294 τῶν
634 267 701 303 πρὸς
713 267 788 294 δύσιν
804 267 918 299 πόλεων,

130 315 178 342 ἐπὶ
196 315 279 342 ταύτὸ
308 314 408 346 πάντες
424 314 449 340 οἱ
462 313 606 340 ἐπίσκοποι
626 313 803 348 συνήλθομεν,
818 313 861 339 ῐνα
872 312 919 339 καὶ
942 346 947 347 7

128 361 145 395 ἡ
176 361 268 393 πίστις
294 360 343 395 τῆς
360 359 507 394 καθολικῆς
528 359 689 395 Ἐκκλησίας
706 358 854 394 γνωρισθῇ,
872 358 920 385 καὶ

127 408 154 434 οἱ
170 407 205 434 τὰ
217 407 325 434 ἐναντία
336 395 496 441 φρονοῦντες
510 405 616 441 ἔκδηλοι
635 396 777 440 γένωνται.
801 404 846 436 Ὠς
864 404 919 439 γὰρ

128 453 177 479 ὲπὶ
204 453 329 479 πλεῖστον
356 451 565 483 διασκοποῦντες
595 452 773 487 εὑρήκαμεν,
805 449 919 486 ἀρεστὸν

128 499 217 534 ἐφάνη
249 498 298 533 τὴν
321 498 412 524 πίστιν
423 498 473 532 τὴν
498 498 530 524 ὲκ
545 497 659 524 παλαιοῦ
675 497 864 532 διαμένουσαν,
886 496 920 531 ἣν

127 544 177 570 καὶ
190 544 215 570 οἱ
225 543 375 579 προφῆται,
387 542 433 569 καὶ
448 542 483 569 τὰ
494 542 660 577 Εὑαγγέλια,
675 542 722 569 καὶ
736 543 760 568 οἱ
775 541 919 568 ἀπόστολοι
943 578 945 580 _

126 588 177 616 τοῦ
190 589 293 624 Κυρίου
304 589 382 623 ἡμῶν
408 588 495 623 Ἰησοῦ
520 588 637 623 Χριστοῦ
650 587 796 624 ἐκήρυξαν,
808 587 854 614 τοῦ
872 587 919 614 καὶ

127 635 179 670 τῆς
196 636 243 669 σῆς
254 634 390 670 βασιλείας
403 635 511 670 ἐφόρου,
525 634 570 661 καὶ
587 634 637 670 τῆς
653 633 701 670 σῆς
725 634 836 671 ῥώσεως
853 642 919 670 προ-

126 681 241 712 στάτου,
257 680 300 706 ἶνα
314 680 415 716 ταύτην
427 681 609 715 κατασχόντες
629 680 819 716 φυλάττωμεν,
838 680 919 715 μέχρι

128 725 223 757 τέλους
230 726 305 760 διατη
311 725 429 761 ροῦντες.
435 726 551 753 Ἀτοπον
562 726 617 762 γὰρ
627 726 674 752 καὶ
682 725 810 762 ἀθέμιτον
821 726 918 761 ὲφάνη,

127 770 185 797 τῶν
197 770 284 805 ὀρθῶς
296 771 343 797 καὶ
361 770 471 802 δικαίως
483 771 642 807 ὡρισμένων
661 780 686 798 τι
713 771 918 806 μεταλλάσσειν,

128 815 178 842 καὶ
191 815 243 842 τῶν
255 816 283 842 ὲν
296 815 398 850 Νικαίᾳ
409 816 485 851 κοινῇ
501 815 569 849 μετά
584 815 629 841 τοῦ
648 814 818 847 ὲνδοξοτάτου
841 815 921 841 Κων-

129 859 271 886 σταντίνου
288 859 334 887 τοῦ
353 860 400 887 σοῦ
414 861 519 896 Harpe;
530 860 575 887 καὶ
587 860 718 895 βασιλέως
731 859 917 895 ὲσκεμμένων,

970 264 1184 292 Ariminensium
1205 265 1295 292 locum
1312 272 1344 292 ex
1368 265 1485 294 diversis
1498 266 1647 301 provinciis
1675 266 1753 294 Occi-

970 310 1120 338 dentalium
1140 311 1262 347 episcopi
1287 311 1462 345 veniremus,
1478 317 1508 340 ut
1532 316 1560 340 et
1579 313 1645 340 fides
1667 313 1754 340 clare-

971 361 1061 385 sceret
1086 358 1214 386 omnibus
1229 357 1370 389 Ecclesiae
1396 358 1552 390 catholicae,
1578 364 1605 386 et
1632 359 1752 387 haeretici

970 407 1159 430 noscerentur».
1172 403 1242 430 Dum
1261 403 1334 430 enim
1354 411 1449 432 omnes
1466 403 1512 439 qui
1528 409 1601 432 recte
1620 404 1754 440 sapimus,

970 451 1216 480 contractaremus,
1236 448 1339 484 placuit
1353 449 1463 484 quidem
1484 452 1515 477 ut
1535 449 1616 477 ﬁdem
1637 450 1671 477 ab
1684 450 1756 477 anti—

969 491 1073 527 quitate
1086 497 1317 527 perseverantem,
1334 501 1414 528 quam
1435 501 1482 529 per
1495 495 1652 530 prophetas,
1667 496 1756 523 Evan-

970 538 1038 573 gelia
1059 542 1087 565 et
1108 538 1256 572 apostolos,
1275 547 1323 574 per
1344 541 1432 574 ipsum
1458 539 1542 567 Deum
1565 545 1593 568 et
1612 541 1756 569 Dominum

971 587 1095 611 nostrum
1112 583 1206 612 Jesum
1220 584 1373 618 Christum,
1396 585 1564 614 Salvatorem
1579 587 1685 623 imperii
1705 589 1759 620 tui,

970 634 998 658 et
1031 631 1190 666 largitorem
1219 631 1317 660 salutis
1344 637 1397 660 tua:
1421 634 1595 669 accepimus,
1623 638 1650 662 et
1675 643 1756 670 quam

970 682 1078 709 semper
1103 675 1286 710 obtinuimus,
1309 680 1463 706 teneamus.
1484 678 1566 707 Nefas
1584 679 1656 706 enim
1678 679 1756 707 duxi-

970 727 1032 748 mus
1049 725 1123 748 recte
1147 724 1175 748 et
1203 721 1278 756 juste
1307 721 1477 749 sancitorum
1502 723 1603 758 aliquid
1619 724 1755 756 mutilare.

969 770 996 793 et
1009 774 1104 794 eorum
1121 767 1167 802 qui
1191 768 1218 794 in
1237 767 1349 795 Nicaano
1365 771 1484 795 tractatu
1499 769 1682 796 consederant
1701 778 1756 798 una

970 820 1032 839 cum
1051 813 1178 848 gloriosa:
1193 813 1332 841 memoria:
1346 813 1539 845 Constantino,
1556 819 1635 849 patre
1646 816 1756 850 pietatis

971 862 1034 886 tuae.
1053 858 1106 891 Qui
1122 862 1258 887 tractatus
1279 859 1474 887 manifestatus
1490 863 1532 887 est
1552 864 1579 887 et
1598 860 1756 888 insinuatus

128 900 197 940 ὧνή
212 905 368 932 διδασκαλία
380 906 426 932 καὶ
446 905 475 932 τὺ
493 905 619 942 φρόνημα
639 904 729 940 διῆλθέ
746 914 775 931 τε
791 905 838 932 καὶ
853 906 915 941 ἑκη-

971 904 1109 931 mentibus
1123 904 1297 939 populorum,
1315 908 1342 932 ct
1363 908 1459 932 contra
1474 904 1601 932 haeresim
1622 904 1754 932 Arianam

129 950 219 986 ρύχθη
233 953 272 983 είς
287 952 376 984 πάσας
389 952 541 988 ἀνθρώπων
565 952 649 983 ἀκοάς
672 960 702 978 τε
725 952 772 979 καὶ
786 951 918 982 διανοίας.

128 995 212 1029 Ἤτις
229 997 374 1030 ἀντίπαλος
388 998 473 1034 μένει,
489 998 536 1024 καὶ
545 998 641 1034 ὀλετήρ
657 999 705 1034 τῆς
722 997 826 1034 Ἀρειον
841 997 918 1034 αἱρέ-

129 1051 202 1074 σεως
228 1043 332 1080 ὑπῆρξε
346 1051 352 1059 ·
368 1044 401 1070 δι’
421 1041 466 1080 ἧς,
497 1045 527 1071 οὐ
545 1045 624 1080 μόνον
646 1045 726 1079 αὕτη,
741 1043 809 1071 ἀλλὰ
821 1044 868 1070 καὶ
890 1045 918 1071 αἱ

128 1088 223 1115 λοιπαὶ
235 1090 318 1117 πᾶσαι
333 1090 525 1127 καθῃρέθησαν
537 1097 543 1105 ·
559 1092 588 1116 ὲν
629 1090 713 1122 ὅντως
735 1089 782 1116 καὶ
793 1089 919 1126 προσθεῖ-

128 1134 175 1161 ναί
185 1143 211 1161 τι
234 1135 373 1177 σφαλερδν,
402 1136 449 1162 καὶ
468 1136 499 1162 τὸ
523 1135 669 1171 ἀφελέσθαι
694 1144 732 1168 τι,
748 1135 918 1162 ἐπικίνδυνον

129 1180 248 1215 ὑπάρχει
265 1187 271 1193 ·
287 1180 324 1213 ὡς
345 1181 425 1217 είπερ
440 1190 467 1207 τι
487 1181 600 1217 θάτερον
622 1181 744 1217 γένηται,
765 1181 842 1207 ἔσται
862 1181 918 1212 τοῖς

129 1225 237 1260 ἐχθροῖς
246 1225 290 1252 ἀδε
295 1235 321 1252 ια
336 1227 422 1253 ποιεῖν
438 1226 489 1253 ἀπε
493 1236 508 1262 ρ
518 1226 665 1262 βούλονται.
676 1227 757 1253 Ὅθεν
767 1225 918 1261 Οὑρσάκιός

129 1278 160 1298 τε
172 1272 218 1298 καὶ
234 1271 351 1307 Οὐάλης,
367 1272 460 1309 ἐπειδὴ
476 1272 561 1299 πάλαι
576 1272 683 1308 μέτοχοὶ
695 1281 724 1299 τε
738 1273 786 1299 καὶ
799 1271 918 1308 669.600-

130 1316 172 1345 λοι
184 1318 232 1344 τοῦ
253 1319 393 1354 ’Ᾱρειανοῦ
409 1319 543 1355 δόγματος
557 1317 628 1356 ἦσαν
648 1320 858 1356 καθεστηκότες,
871 1321 918 1348 καὶ

129 1364 181 1399 ’τῆς
210 1364 347 1400 ἡμετέρας
364 1365 506 1397 κοινωνίας
517 1365 696 1401 χωρισθέντες
714 1365 752 1402 (7)
764 1367 920 1402 ἀπεφάνθη-

131 1415 193 1437 trav.
209 1406 263 1442 Ἦς
280 1410 324 1437 ἵνα
338 1411 517 1446 μετάσχωσιν,
542 1411 585 1452 sq):
605 1409 645 1444 οἷς
666 1412 771 1444 ἑαυτοῖς
786 1412 918 1447 συνεγνιῦ⁴

129 1462 226 1482 κεισαν
239 1455 495 1492 πλημμελήσαντες,
517 1457 661 1492 μετανοίας
682 1466 712 1483 τε
736 1457 785 1485 καὶ
799 1457 919 1492 συγγνώ-

132 1509 187 1537 μης
199 1501 291 1537 ἠξίουν
305 1503 406 1537 τυχεῖν.
427 1501 470 1535 Ὠς
481 1503 527 1529 καὶ
541 1502 575 1530 τὰ
598 1502 724 1539 ἔγγραφα
739 1503 774 1530 τὰ
789 1504 834 1530 ὑπ’
844 1503 917 1530 ὲκεί-

130 1555 185 1574 νων
208 1548 378 1583 γεγενημένα
403 1550 551 1585 μαρτυρεῖ·
570 1549 602 1576 δι’
626 1547 663 1588 ὧν
688 1550 815 1577 ἀπάντων
833 1549 917 1584 φειδὼ

130 1580 286 1628 γεγένηται,
301 1580 354 1620 ’καὶ
369 1580 423 1621 τιῖιν
444 1580 629 1630 ’ἐγκλημάτων
647 1586 806 1630 συγγνώμη.
822 1580 876 1622 Ἦν
889 1595 918 1622 δὲ
932 1580 954 1612 C

131 1640 226 1676 καιρὸς
256 1640 317 1667 καθ’
338 1640 366 1667 ὃν
379 1640 464 1667 ταῦτα
476 1641 636 1676 ἐπράττετο,
651 1642 695 1668 ὅτε
711 1643 740 1668 ὲν
759 1641 919 1677 Μεδιολάνῳ

130 1687 161 1714 τὸ
174 1687 311 1722 συνέδριον
319 1687 369 1721 τῆς
382 1687 489 1714 συνόδου
502 1688 687 1723 συνεκροτεῖτο
699 1693 706 1702 ⁸
720 1687 918 1723 συμπαρόντων

129 1732 160 1761 δὲ
172 1733 219 1760 καὶ
231 1732 285 1760 τῶν
297 1732 490 1769 πρεσϐυτέρων
505 1734 553 1769 τῆς
567 1734 619 1760 τῶν
639 1733 784 1769 Ῥωμαίων
803 1733 919 1768 Ἐκκλη-

131 1778 211 1810 σίας·
227 1778 377 1813 ἐγνωκότες
405 1778 463 1814 ἅμα
486 1779 532 1805 καὶ
551 1779 597 1805 τὸν
616 1778 685 1813 μετά
698 1779 825 1814 τελευτὴν
843 1778 917 1812 ἀξιον

133 1825 244 1860 μνήμης
270 1825 483 1857 Κωνσταντῐνον,
513 1825 582 1860 μετά
608 1825 698 1860 πάσης
712 1824 855 1859 ἀκριϐείας
871 1824 918 1851 καὶ

131 1870 281 1902 ἐξετάσεως
306 1870 355 1906 τὴν
374 1872 575 1906 συγγραφεῖσαν
611 1870 702 1896 πίστιν
725 1870 916 1897 ὲκτεθεικόταο

134 1914 227 1950 ἐπειδὴ
240 1915 268 1941 δὲ
280 1914 318 1946 ὡς
341 1913 370 1947 ἐξ
397 1914 547 1950 ἀνθρώπων
561 1914 669 1948 ἐγένετο
689 1913 856 1949 βαπτισθεὶς,
871 1913 917 1940 καὶ

132 1960 202 1992 πρὸς
217 1960 266 1995 τὴν
282 1960 460 1996 ὀφειλομένην
484 1960 595 1995 εἰρήνην
613 1959 796 1996 ἀνεχώρησεν,
817 1960 918 1986 ἄτοπον

131 2003 201 2035 εἶναι
235 2008 292 2043 μετ’
315 2007 418 2034 ἐκεῖνόν
444 2016 471 2034 τι
498 2008 668 2042 καινοτομεῖν
682 2014 689 2021 ”
708 2007 755 2033 καὶ
773 2006 918 2038 τοσούτους

130 2053 227 2087 ἁγίους
251 2053 418 2088 ὁμολογητάς
440 2053 488 2079 καὶ
515 2053 666 2088 μάρτυρας,
685 2053 746 2084 τοὺς
764 2052 792 2078 δὲ
806 2053 853 2079 καὶ
869 2052 917 2079 τοῦ

129 2098 263 2133 δόγματος
287 2097 460 2133 συγγραφέας
490 2106 519 2124 τε
535 2098 581 2124 καὶ
602 2098 714 2132 εὑρετὰς
729 2097 875 2134 ὑπεριδεῖν,
892 2098 920 2124 οἵ

129 2153 203 2176 τινες
221 2143 291 2170 κατὰ
306 2144 351 2170 τὸν
364 2144 475 2170 παλαιὸν
491 2144 540 2178 τῆς
547 2143 861 2179 καθολικῆςἘκκλησίας
875 2143 919 2170 οε-

130 2190 210 2225 σμὸν,
234 2189 341 2216 ἃπαντα
366 2189 526 2224 φρονοῦντες
555 2189 800 2224 διαμεμενήκασιν.
832 2187 882 2217 Ὧν
903 2190 917 2216 ὀ

129 2235 198 2266 Θεὸς
213 2234 261 2271 τὴν
277 2235 365 2261 πίστιν
377 2235 422 2261 καὶ
434 2236 473 2266 εἰς
486 2235 548 2266 τοὺς
574 2235 638 2267 σοὺς
653 2234 765 2270 χρόνους
777 2235 826 2270 τῆς
840 2235 916 2270 βασι-
932 2251 954 2278 D

128 2279 206 2311 λείας
234 2279 412 2315 μεταδέδωκε,
440 2279 483 2306 διὰ
502 2280 549 2306 τοῦ
576 2280 711 2307 Δεσπότου
732 2281 809 2316 ἡμῶν
828 2281 916 2317 Ἰησοῦ

129 2325 260 2360 Χριστοῦ.
273 2325 307 2352 δι’
318 2323 348 2352 οὗ
361 2334 403 2351 σοι
418 2326 464 2352 καὶ
476 2326 506 2352 τὺ
523 2326 674 2361 βασιλεύειν
686 2326 772 2358 οὔτως
783 2327 915 2363 ὑπῆρξεν,

128 2371 166 2402 ὡς
181 2371 228 2398 καὶ
239 2371 287 2406 τῆς
298 2370 357 2397 καθ’
368 2372 442 2406 ἡμᾶς
453 2371 615 2407 οἰκουμένης
626 2374 746 2408 κρατεῖν.
759 2373 842 2400 Πάλιν
852 2374 916 2407 γοῦν

129 2416 240 2443 ὲλεεινοὶ
248 2416 401 2451 καὶοὶκτροὶ
411 2416 450 2452 τῷ
459 2419 620 2452 φρονήματι,
631 2418 751 2454 ἀθεμίτῳ
761 2418 845 2454 τολμή
851 2428 916 2454 ματι

128 2463 178 2498 τῆς
191 2462 337 2494 Suam-.605;
347 2463 503 2498 φρονήσεως
520 2464 642 2498 κήρυκάς
657 2473 686 2490 τε
703 2465 815 2495 ἑαυτοὺ;
828 2466 915 2501 ἀνήγη

127 2509 232 2544 γειλαν,
245 2508 293 2536 καὶ
307 2509 492 2544 ἐπιχειροῦσιν
510 2510 676 2545 ἀνατρέπειν
706 2511 760 2537 πᾶν
787 2511 916 2546 ἀληθείας

971 953 1039 977 tunc
1061 951 1204 985 oppositus
1223 950 1371 982 invenitur,
1393 954 1423 978 ut
1436 958 1492 978 non
1513 950 1601 978 solum
1622 951 1692 986 ipsa,
1709 951 1757 978 sed

971 995 1053 1022 etiam
1065 996 1177 1030 reliquae
1196 995 1316 1024 haereses
1333 995 1395 1024 inde
1407 996 1464 1024 sint
1478 999 1650 1032 expugnatae.
1665 996 1688 1023 Α
1703 1004 1757 1031 quo

972 1041 995 1069 si
1008 1041 1109 1077 aliquid
1121 1042 1262 1078 demptum
1275 1042 1368 1075 fuerit,
1376 1042 1489 1071 venenis
1499 1043 1688 1071 hmreticorum
1700 1042 1758 1071 adi-

971 1092 1017 1115 tus
1025 1088 1164 1123 panditnr.
1173 1088 1236 1116 Ideo
1247 1087 1380 1117 Ursacius
1388 1093 1415 1117 et
1424 1088 1523 1117 Valens
1535 1089 1563 1117 in
1572 1089 1756 1125 suspicionem

972 1134 1097 1169 ejusdem
1120 1135 1257 1164 haereseos
1274 1135 1382 1163 Ariana:
1399 1140 1535 1163 venerunt
1554 1136 1714 1171 aliquando,
1728 1141 1756 1163 et

974 1178 1053 1214 157
1069 1181 1197 1215 suspensi
1216 1184 1295 1208 erant
1313 1187 1327 1208 a
1350 1181 1557 1208 communione.
1574 1179 1626 1208 Sed
1644 1188 1756 1216 rogave-

971 1230 1037 1251 runt
1049 1225 1168 1258 veniam,
1182 1226 1254 1253 sicut
1267 1223 1363 1254 éorum
1374 1227 1520 1254 continent
1535 1228 1636 1262 scripta
1650 1236 1656 1254 ε
1673 1233 1755 1262 quam

972 1271 1082 1306 quidem
1107 1277 1270 1300 meruerunt
1295 1278 1360 1300 tunc
1380 1273 1512 1308 temporis
1530 1280 1545 1300 a
1567 1273 1685 1300 concilio
1703 1273 1756 1300 Me-

971 1316 1138 1350 diolancnsi,
1168 1318 1363 1345 assistentibus
1389 1319 1472 1345 etiam
1499 1319 1599 1353 legatis
1625 1319 1756 1346 Romana:

973 1361 1114 1390 Ecclesiae.
1129 1364 1158 1390 In
1179 1363 1232 1391 hoc
1254 1364 1336 1399 igitur
1353 1367 1474 1391 tractatu
1493 1370 1557 1391 cum
1577 1371 1677 1398 magno
1691 1372 1755 1392 exa-

972 1408 1045 1436 mine
1060 1408 1158 1436 fuissct
1187 1410 1378 1445 conscriptum
1398 1409 1584 1437 Constantino
1605 1416 1753 1445 praesente,

972 1454 1044 1492 quod
1065 1459 1161 1482 tenens
1173 1449 1332 1490 baptizatus
1341 1454 1375 1482 ad
1389 1455 1509 1489 quietem
1528 1455 1574 1483 Dei
1589 1456 1754 1492 commigra-

971 1501 1022 1534 vit,
1045 1501 1123 1528 nefas
1145 1505 1275 1536 putamus
1290 1502 1354 1529 inde
1382 1501 1488 1536 aliquid
1509 1502 1648 1535 mutilare,
1665 1507 1693 1530 et
1717 1507 1756 1530 tot

972 1551 1083 1574 sanctos
1101 1550 1129 1574 et
1152 1546 1327 1575 confessores
1349 1549 1377 1574 et
1398 1554 1575 1576 successores
1591 1552 1754 1584 martyrum.

970 1592 1057 1627 ipsius
1071 1597 1205 1621 tractatus
1216 1593 1430 1628 eonscriptores,
1447 1593 1474 1620 in
1489 1594 1581 1629 aliquo
1593 1602 1732 1622 removere
1747 1604 1753 1622 :

969 1646 1031 1666 cum
1046 1642 1073 1666 et
1088 1639 1139 1674 ipsi
1156 1640 1354 1674 praeteritorum
1377 1640 1519 1667 catholica:
1539 1639 1666 1668 Ecclesia:
1686 1642 1756 1669 scri-

968 1688 1077 1719 ptorum
1095 1689 1194 1712 cuncta
1221 1686 1401 1713 servaverint.
1430 1685 1585 1721 Mansitque
1613 1695 1700 1722 usque
1727 1688 1754 1714 in

969 1730 1027 1757 haec
1047 1734 1182 1765 tempora,
1198 1732 1300 1766 quibus
1324 1732 1412 1766 pietas
1430 1738 1476 1759 tua
1494 1739 1508 1759 a
1530 1732 1586 1760 Deo
1611 1732 1693 1760 Patre
1707 1740 1756 1768 per

969 1774 1055 1802 Deum
1075 1779 1102 1802 et
1119 1775 1261 1803 Dominum
1283 1781 1406 1810 nostrum
1427 1777 1520 1805 Jesum
1534 1778 1687 1810 Christum,
1707 1787 1756 1814 po-

969 1822 1094 1849 testatem
1114 1821 1227 1857 regendi
1251 1822 1328 1850 orbis
1341 1822 1459 1858 accepit.
1476 1822 1577 1851 Verum
1598 1825 1692 1852 miseri
1708 1825 1755 1851 lto-

969 1868 1070 1901 mines,
1088 1871 1116 1896 ct
1147 1868 1253 1896 infelici
1276 1875 1358 1896 sensu
1374 1869 1492 1904 praediti,
1513 1870 1612 1897 iterum
1633 1877 1701 1897 ausu
1717 1875 1751 1897 te-

969 1916 1086 1942 merario
1102 1923 1132 1943 se
1142 1922 1285 1950 praecones
1300 1914 1390 1950 impiae
1397 1915 1530 1942 doctrinas
1542 1917 1737 1943 renuntiarunt
1748 1928 1754 1945 ;

967 1965 995 1988 ct
1007 1969 1081 1989 nunc
1104 1961 1185 1989 etiam
1216 1965 1353 1988 conantur
1378 1961 1534 1988 convellere
1567 1961 1639 1996 quod
1664 1962 1754 1989 fuerat

969 2009 1088 2043 positum
1116 2008 1232 2035 ratione.
1249 2007 1357 2035 Etenim
1381 2014 1443 2034 cum
1459 2007 1569 2042 pietatis
1585 2012 1638 2035 tum
1658 2009 1756 2036 littera:

966 2053 1102 2088 jusserint
1124 2053 1238 2080 tractari
1252 2052 1286 2080 de
1308 2053 1370 2085 ﬁde,
1390 2052 1557 2081 olferebatur
1572 2053 1654 2082 nobis
1676 2062 1691 2082 a
1708 2063 1755 2082 su-

969 2100 1102 2135 pradictis
1119 2099 1307 2126 turbatoribus
1322 2099 1517 2132 Ecelesiarum,
1534 2100 1672 2128 associato
1687 2100 1756 2129 Ger-

971 2146 1065 2179 minio,
1083 2146 1222 2173 Auxentio
1235 2148 1263 2172 et
1280 2145 1357 2177 Caio,
1380 2153 1481 2172 novum
1496 2147 1590 2174 nescio
1605 2147 1670 2182 quid
1688 2155 1755 2174 con-

969 2193 1156 2224 siderandum,
1172 2191 1245 2227 quod
1268 2191 1352 2218 multa
1370 2199 1505 2226 perversa:
1519 2188 1653 2219 doctrimi:
1666 2194 1756 2220 conti-

970 2238 1060 2264 nebat.
1079 2239 1113 2264 At
1134 2245 1198 2264 vero
1218 2245 1280 2264 cum
1293 2236 1574 2272 viderentdisplicere
1591 2238 1664 2273 quod
1690 2240 1756 2268 olfe-

969 2284 1066 2311 rebant
1083 2283 1192 2319 publice
1211 2284 1238 2310 in
1256 2283 1388 2316 concilio,
1414 2287 1583 2319 putaverunt
1598 2285 1679 2312 aliter
1695 2294 1755 2314 esse

969 2329 1210 2357 conscribendum.
1237 2328 1270 2355 Et
1296 2329 1406 2364 quidem
1438 2329 1496 2356 huic
1526 2329 1602 2358 brevi
1631 2334 1756 2366 tempore

969 2383 1040 2410 saepe
1062 2380 1185 2403 mutasse
1203 2374 1380 2403 manifestum
1404 2379 1457 2402 est.
1483 2375 1535 2403 Sed
1563 2383 1599 2404 ne
1625 2376 1755 2405 Ecclesia:

969 2421 1142 2456 frequentius
1156 2421 1361 2456 perturbentur,
1381 2421 1484 2456 placuit
1506 2422 1631 2450 instituta
1649 2427 1750 2456 vetera,

971 2474 1028 2494 rota
1046 2473 1129 2503 atque
1145 2468 1314 2495 inviolabilia
1328 2467 1432 2495 servari
1447 2476 1454 2495 :
1469 2468 1645 2502 supradictos
1660 2477 1724 2496 vero
1740 2478 1754 2497 ιι

970 2513 1166 2541 communione
1193 2517 1288 2541 nostra
1315 2513 1460 2541 removeri.
1493 2513 1534 2540 Ad
1565 2514 1754 2542 instruendam

728 2579 861 2608 VALESII
880 2581 1156 2610 ANNOTATIONES.

163 2637 202 2671 (7)
226 2636 283 2670 Τῆς
299 2637 444 2672 ἡμετέρας
461 2637 618 2670 κοινωνίας
637 2639 844 2672 χωρισθέντες.
869 2640 920 2668 Ur-

127 2672 223 2699 sacius
244 2677 271 2699 et
289 2672 387 2700 Valens
405 2674 447 2700 bis
466 2680 481 2698 ιι
507 2675 702 2700 communione
726 2674 856 2702 Ecclesiae
871 2685 918 2703 se-

127 2708 233 2742 gregati
258 2711 332 2735 sunt.
349 2708 437 2735 Semel
465 2708 491 2734 in
513 2709 620 2742 synodo
636 2708 759 2735 Romana
772 2729 779 2740 ,
801 2718 864 2736 cum
882 2715 915 2740 ad

127 2743 263 2777 judicium
284 2744 371 2770 vocati
392 2751 444 2770 non
462 2744 631 2778 paruissent,
648 2751 720 2769 anno
733 2744 835 2771 Christi
851 2746 912 2774 542.

127 2779 206 2804 'I‘uuc
234 2778 317 2812 igitur
343 2787 358 2805 ιι
385 2778 578 2805 communione
608 2779 754 2812 suspensi.
772 2784 866 2813 postea
886 2782 911 2809 in

127 2813 326 2840 Modiolnnensi
352 2814 469 2840 concilio
483 2834 490 2845 ,
520 2819 647 2847 porrecto
662 2814 858 2841 satisfactionis
880 2817 910 2843 li-

128 2849 209 2881 bello,
221 2849 344 2880 suscepti
361 2853 425 2876 sunt
440 2849 466 2874 in
481 2848 712 2881 communionem,
729 2857 799 2876 anno
809 2850 911 2878 Christi

127 2883 190 2910 546.
216 2883 353 2917 Ρῡειιιιιιιι,
373 2890 434 2911 eum
454 2883 565 2909 Arionis
578 2883 677 2910 iterum
697 2892 757 2912 sese
771 2885 914 2920 atljnnxis-

972 2644 1056 2673 scnt,-
1076 2641 1199 2668 damnati
1222 2646 1286 2669 sunt
1310 2641 1336 2668 in
1365 2639 1471 2676 synodo
1499 2639 1665 2672 Serdicensi,
1681 2648 1754 2667 anno

970 2676 1074 2703 Christi
1099 2677 1168 2708 547,
1191 2680 1220 2702 ιιι
1241 2677 1322 2702 docet
1346 2676 1461 2710 epistola
1485 2675 1616 2710 synodica
1641 2677 1753 2703 concilii

970 2710 1150 2739 Serdicensis.
1179 2712 1257 2738 Anno
1283 2712 1381 2738 deinde
1395 2711 1457 2741 549,
1482 2711 1551 2737 idem
1575 2710 1703 2738 Ursacius
1726 2715 1754 2737 et

968 2745 1068 2774 Valens
1083 2748 1200 2774 alterum
1217 2747 1417 2774 sati5l'actiouis
1434 2746 1552 2772 libellum
1567 2745 1660 2772 Retine
1672 2746 1753 2772 obtu-

966 2781 1056 2808 lerunt
1079 2781 1153 2808 Julio
1179 2789 1271 2815 papae,
1292 2786 1319 2808 et
1348 2781 1452 2815 abillo
1477 2780 1504 2806 in
1533 2780 1752 2807 comtnunionetn

966 2817 1088 2851 SUSCepti
1117 2814 1190 2843 sunt.
1211 2814 1272 2844 llzec
1297 2817 1358 2842 ideo
1386 2814 1474 2841 fusius
1500 2815 1611 2846 notavi,
1637 2815 1700 2851 quia
1725 2816 1752 2841 in

966 2850 1083 2886 epistola
1101 2851 1231 2886 synodica
1249 2851 1432 2877 Ariminensis
1449 2851 1559 2876 concilii
1585 2858 1638 2876 non
1657 2850 1752 2877 viden-

967 2889 1012 2912 tur
1029 2887 1097 2913 satis
1120 2894 1180 2913 csse
1195 2886 1336 2913 distincta.
