1899 3077
101 199 168 230 “69

584 195 747 223 HISTORIA
769 194 1048 223 ECCLESIASTICA.
1067 211 1099 215 —
1118 195 1183 222 LIB.
1205 194 1247 222 IV.

1663 198 1731 225 I170

101 261 162 291 τοὺς
174 258 237 294 παρ’
252 257 340 284 αὐτῶν
366 257 569 288 ἀποσταλέντας
589 257 728 292 πρέσϐεις,
750 257 889 290 ἐπέδειξαν

961 256 1059 283 oncilio
1075 256 1175 283 missos
1193 255 1386 290 prim'enissent
1398 276 1404 286 ,
1418 254 1647 290 consrriplionent
1669 256 1732 282 fidei

101 306 138 340 τῷ
154 304 259 340 βασιλεῖ
275 303 323 338 τὴν
339 303 448 340 γραφὴν
470 303 502 338 ἢν
519 303 685 337 ἀνέγνωσαν,
704 304 751 329 καὶ
762 303 809 338 τὴν
827 303 890 329 σύν-

101 352 157 378 οδον
185 349 317 376 διέϐαλον.
345 349 373 375 '0
390 348 572 383 δὲ,λυπηθεὶς
592 348 655 379 ἴσως
681 349 721 374 ὅτι
740 348 776 383 μὴ
790 347 891 383 ταύτην

101 395 295 432 προσεδέξαντο
319 394 368 430 τὴν
399 394 501 424 πίστιν,
532 394 570 426 ὡς
594 394 640 421 καὶ
656 394 738 420 αὑτοῦ
759 394 892 429 παρόντος

102 445 130 469 ἐν
144 441 250 477 Σιρμὶῳ
273 440 477 475 βεϐαιωθεῖσαν,
492 440 553 472 τοὺς
568 440 617 475 μὲν
631 442 659 466 ὲν
671 441 737 475 τιμῇ
754 437 820 474 εἶχε·
838 439 891 465 τῶν

101 488 128 514 δὲ
146 486 287 522 πρέσϐεων
299 486 405 522 ἠμέλει,
419 487 466 512 καὶ
475 488 506 522 τῇ
522 486 670 521 προσεδρίᾳ
686 485 890 521 ταλαιπωρούν-

102 539 154 557 των
178 529 333 566 ὑπερεώρα.
363 530 426 566 Ὀψὲ
448 530 477 557 δέ
498 538 561 557 ποτε
586 530 688 565 ἔγραψε
714 531 746 566 τῇ
777 530 890 565 συνόδῳ,

103 575 318 611 παραιτούμενος
344 576 381 608 ὡς
411 575 547 610 ἀναγκαία
576 585 617 607 τις
647 575 727 602 αὐτὸν
745 576 891 611 ἤπειγενὴ

103 622 167 656 πρὸς
181 621 245 651 τοὺς
263 620 420 656 βαρὸάρους
432 621 500 653 ὁδὸς,
518 621 564 647 καὶ
582 621 625 648 διὰ
639 621 717 647 τοῦτο
731 621 796 652 τοὺς
822 621 891 657 πρέ-

103 663 175 695 σϐεις
205 663 268 690 ἰδεῖν
295 664 325 690 οὐ
345 664 467 698 δύνηται.
488 663 628 690 Ἐκέλευσε
653 664 681 690 δὲ
697 665 725 690 ἐν
747 663 888 699 Ἀδριανοῦ

103 710 177 736 πόλει
204 709 350 736 ἐπανιόντα
374 709 454 736 αὑτὸν
480 710 638 745 ἐπιμεῖναι·
664 710 704 736 ἵν’·
723 710 832 737 ἐπειδὰν
859 710 893 736 τὰ

103 755 177 782 κοινὰ
209 755 358 790 πράγματα
388 755 523 791 διατεθείη
550 755 656 789 καλῶς,
685 756 826 791 ἐλεύθερος
854 756 892 784 ὢν

103 802 259 837 φροντίδων,
269 802 303 827 τὰ
321 802 384 837 περὶ
399 802 452 828 τῶν
479 802 620 837 πρέσϐεων
637 802 744 839 ἀκούσῃ
766 804 813 829 καὶ
826 803 893 831 δοκι-

105 848 185 883 μάσῃ.
214 847 367 883 Προσήκειν
384 847 438 883 γὰρ
457 847 502 874 τὸν
522 848 654 884 περὶτῶν
675 848 754 875 θείων
777 848 892 884 διαλαμ-

103 893 190 920 ϐάνειν
208 893 348 928 μέλλοντα,
372 892 496 928 καθαρὰν
514 892 585 927 ἔχειν
607 893 662 919 τῶν
677 893 763 921 ἄλλων
778 893 826 928 τὴν
839 894 891 928 ψυ-

103 940 159 974 χήν,
183 938 239 965 Καὶ
266 939 279 964 ὁ
303 939 352 974 μὲν
378 938 464 965 τοιάδε
490 938 603 974 ἔγραψε.
622 939 694 974 Πρὸς
722 939 808 965 ταῦτα
829 939 856 965 δὲ
875 940 890 975 ἡ
908 928 931 956 Β

104 985 209 1016 σύνοδος
229 985 420 1019 ἀπεδήλωσεν,
438 984 628 1020 ίσχυριζομένη
643 984 774 1019 μηδαμῶς
786 985 892 1020 ἀναχω-

105 1033 158 1067 ρεῖν
185 1031 239 1058 τῶν
268 1031 445 1066 δεδογμένων,
471 1031 517 1057 καὶ
540 1030 618 1057 τοῦτο
632 1030 746 1065 γράψαι,
772 1031 892 1062 καὶτοῖς

104 1077 249 1112 πρέςὸεσιν
281 1076 461 1103 ἐντείλασθαι.
480 1076 534 1103 Καὶ
559 1076 692 1102 ἀντιϐολεῖ
713 1077 770 1111 μετ’
786 1076 892 1108 εὐνοίας

103 1124 199 1155 αὐτοὺς
215 1123 288 1155 ἰδεῖν,
309 1124 356 1150 καὶ
371 1120 408 1151 ὧν
424 1123 574 1149 ἐνετείλατο
585 1123 617 1149 δι’
629 1123 718 1149 αὐτῶν
729 1123 892 1154 ἐπακοῦσαι,

104 1169 147 1194 καὶ
162 1168 196 1194 τὰ
213 1168 354 1203 γραφέντα
371 1168 534 1202 ἀναγνῶναι.
549 1167 672 1194 Χαλεπὸν
685 1167 739 1202 γὰρ
754 1168 800 1194 καὶ
819 1167 892 1203 αὑτῷ

104 1213 255 1248 φανεῖσθαι,
287 1214 420 1246 τοσαύτας
441 1213 601 1249 Ἐκκλησίας
631 1215 714 1249 χωρὶς
736 1215 894 1240 ἐπισκόπων

103 1258 169 1286 εἶναι
185 1261 215 1286 ὲν
226 1260 313 1296 καιρῷ
325 1261 372 1294 τῆς
383 1260 465 1287 αὐτοῦ
483 1259 631 1295 βασιλείας.
648 1260 752 1295 Χρῆναι
767 1260 805 1290 δὲ,
815 1261 838 1286 εἰ
848 1261 893 1286 καὶ

103 1304 174 1339 αὐτῷ
191 1304 324 1336 συνδοκεῖ,
346 1305 386 1335 είς
412 1304 460 1336 τὰς
485 1305 574 1331 αὐτῶν
598 1303 748 1339 ἐκκλησίας
770 1304 822 1339 πρὸ
845 1305 892 1331 τοῦ

103 1352 234 1388 χειμῶνος
259 1352 425 1378 ἐπανελθεῖν.
453 1351 571 1378 Τοιαῦτα
601 1351 766 1386 γράψαντες,
784 1351 832 1377 καὶ
856 1350 893 1381 ὡς

104 1396 174 1426 εἰκὸς
186 1394 230 1431 ἦν,
249 1396 277 1422 ὲν
291 1396 393 1427 ἱκεσίας
410 1396 486 1428 τάξει
500 1397 546 1422 καὶ
560 1396 670 1431 ὀνόματι
685 1396 733 1431 τὴν
750 1395 893 1431 ἐπιστολὴν

106 1441 292 1473 συντάξαντες,
307 1441 394 1475 ὀλίγον
408 1441 502 1476 χρόνον
528 1441 686 1477 ἐπέμειναν.
709 1442 752 1473 Ὠς
771 1441 798 1468 δὲ
818 1441 893 1468 οὐδὲν

105 1487 192 1518 αὐτοῖς
203 1487 398 1523 ἁντεδὴλωσεν,
414 1487 460 1513 ἐπὶ
477 1487 525 1518 τὰς
537 1487 626 1513 αὐτῶν
645 1487 823 1522 ἀνεχώρησαν
847 1487 894 1513 πό-

103 1531 168 1563 λεις.
187 1533 230 1564 Ὠς
244 1533 292 1568 μὲν
311 1530 357 1559 οὖν
371 1532 400 1565 ἐξ
417 1533 505 1568 ἀρχῆς
517 1534 571 1564 τοῖς
582 1533 610 1559 ἐν
622 1533 724 1568 Νικαίᾳ
739 1533 830 1565 δόξασι
847 1533 894 1559 καὶ

105 1579 128 1604 οἰ
150 1579 178 1604 ἐν
203 1580 343 1615 Ἀριμήνῳ
371 1578 541 1609 συνελθόντες
561 1578 738 1614 ἐψηφίσαντο,
757 1570 894 1614 μαρτυρεῖ

105 1625 138 1650 τὰ
149 1624 291 1660 εἰρημένα.
308 1624 417 1660 Ῥητέον
427 1624 455 1650 δὲ
473 1624 519 1650 νῦν
532 1625 605 1657 ὅπως
624 1625 735 1660 ὕστερον
749 1625 896 1660 συνῄνεσαν

105 1670 137 1704 τῇ
153 1669 367 1706 προκομισθείσῃ
387 1672 478 1706 γραφῇ
498 1671 573 1706 παρὰ
595 1671 649 1697 τῶν
669 1671 741 1706 ἀμφὶ
760 1671 897 1697 Οὐάλεντα

106 1716 151 1742 καὶ
181 1716 344 1751 Οὐρσάκιον.
373 1717 507 1753 Διάφορος
533 1717 561 1743 δὲ
575 1717 653 1751 λόγος
670 1717 734 1752 περὶ
747 1717 842 1744 τούτου
858 1718 898 1748 εἰς

107 1762 155 1797 ἐμὲ
170 1760 261 1797 ἦλθεν.
281 1764 312 1789 Οἱ
325 1763 374 1798 μὲν
392 1763 446 1798 γὰρ
458 1772 534 1797 φασι,
553 1763 688 1799 πρόφασιν
701 1763 805 1798 ὕϐρεως
820 1763 898 1798 βασι-

106 1808 153 1834 λέα
165 1809 347 1844 ποιησάμενον
359 1809 407 1843 τὴν
420 1810 493 1844 παρὰ
507 1808 618 1845 γνώμην
634 1809 716 1836 αὐτοῦ
730 1809 760 1840 ἐξ
782 1809 899 1844 Ἀριμή-

107 1862 150 1880 νου
165 1854 218 1881 τῶν
239 1855 397 1882 ἐπισκόπων
417 1856 582 1891 ἀποδημίαν,
607 1855 752 1891 ἐπιτρέψαι
768 1855 898 1881 Οὐάλεντι

107 1901 220 1932 καὶτοῖς
238 1901 287 1927 σὺν
304 1901 389 1936 αὐτῷ,
439 1901 472 1928 ἂν
484 1901 582 1928 θέλωσι
598 1901 647 1933 τὰς
659 1902 727 1937 πρὸς
741 1901 817 1928 δύσιν
838 1901 899 1927 Ἐκ-

107 1944 219 1980 κλησίας
232 1945 353 1978 διοικεῖν,
371 1946 417 1972 καὶ
429 1945 477 1981 τὴν
487 1946 705 1980 ἀναγνωσθεῖσαν
719 1947 748 1972 ὲν
760 1946 898 1981 Ἀριμήνῳ

107 1990 198 2016 πίστιν
208 1990 342 2017 ἐκδιδόναι
353 1999 359 2005 ·
374 1991 437 2022 τοὺς
452 1991 480 2017 δὲ
499 1991 670 2027 ὑπογράφειν
689 1990 776 2027 ταύτῃ
800 2000 900 2027 παραι-

106 2036 254 2072 τουμένους
277 2037 418 2064 ἐκϐάλλειν
438 2037 495 2072 τῶν
515 2037 699 2073 Ἐκκλησιῶν·
719 2039 780 2065 ἀντὶ
796 2038 823 2064 δὲ
838 2038 899 2064 τοὺ-

107 2090 169 2114 των,
185 2083 297 2118 ἑτέρους
308 2085 481 2119 χειροτονεῖν.
505 2084 609 2116 ’Λδείας
631 2084 659 2110 δὲ
679 2084 802 2111 ἐντεῦθεν
818 2085 899 2111 λαϐο-

107 2129 216 2164 μένους,
230 2128 377 2164 βιάσασθαι
391 2129 476 2165 ταύτῃ
495 2130 525 2165 τῇ
540 2129 630 2156 πίστει
647 2129 817 2165 ὑπογράψαιε
833 2129 898 2156 πολ-

107 2173 170 2206 λοὺς
182 2174 211 2201 δὲ
231 2175 270 2210 μὴ
287 2175 464 2211 πειθομένους
478 2175 633 2207 διῶξαιτῶν
655 2175 836 2210 Ἐκκλησιῶν,
853 2176 900 2202 καὶ

108 2221 215 2255 πρῶτον
231 2221 356 2256 Λιϐέριον
375 2221 412 2257 (9)
426 2222 475 2250 τὸν,
495 2222 640 2257 Ῥωμαίων
657 2222 814 2248 ἐπίσκοπον.
825 2221 900 2248 Ἐπεὶ

943 309 958 328 a
976 309 1005 328 se
1028 299 1177 335 perfectam
1200 300 1362 334 imperatori
1391 300 1592 332 ostenderunt,
1615 305 1642 327 et
1664 306 1731 335 δεῖν

943 346 1024 374 odum
1041 354 1172 374 accusare
1187 349 1339 380 emperunt.
1355 346 1503 380 Imperator
1522 354 1586 374 vero
1607 346 1732 381 indigna-

944 393 1016 429 tione
1032 395 1202 423 commotus,
1226 391 1261 418 ob
1281 392 1307 418 id
1327 391 1445 419 fortasse
1466 391 1539 427 quod
1561 392 1640 419 ﬁdem
1659 392 1732 418 illam

944 437 1085 472 Suscipere
1117 441 1311 469 recusassent,
1343 445 1403 472 quae
1431 437 1523 464 Sirmii
1555 445 1647 464 coram
1672 437 1732 471 ipso

944 483 1121 518 comprobata
1139 483 1243 516 fuerat;
1264 483 1405 511 Ursacium
1421 484 1530 519 quidem
1546 480 1733 515 ac,Valcntem

943 529 1095 557 honorilicc
1110 530 1216 563 excepit
1233 539 1239 556 :
1259 529 1364 565 legatos
1381 537 1445 556 vero
1461 529 1601 564 despectui
1620 530 1713 557 habuit
1725 548 1733 560 ,

944 582 976 603 ac
984 576 1090 603 tametsi
1102 575 1231 602 diuturna
1243 583 1318 603 mora
1330 575 1517 611 fatigarentur,
1527 576 1630 602 nullam
1639 583 1734 602 eorum

944 629 1036 649 curam
1060 622 1154 656 gessit.
1180 620 1248 649 Sero
1264 623 1372 656 tandem
1391 621 1506 656 scripsit
1528 621 1561 647 ad
1586 620 1734 656 synodum,

943 676 1080 697 excusans
1110 676 1139 695 se
1174 667 1246 702 quod
1277 671 1388 702 propter
1419 670 1559 701 urgentem
1590 666 1736 701 quamdam

946 717 1045 740 contra
1065 713 1198 740 barbaros
1219 712 1420 747 expeditionem
1435 732 1442 745 ,
1466 712 1571 747 legatos
1593 712 1678 746 ipsius
1697 712 1737 738 vi-

944 761 1008 788 dere
1033 761 1143 787 minime
1170 759 1314 795 potuisset.
1343 759 1477 786 Cancrum
1500 758 1619 793 jussisse
1653 766 1682 785 se
1707 761 1737 784 ut

944 805 1023 839 legati
1047 805 1163 833 reditum
1190 805 1276 840 ipsius
1301 805 1480 840 Adrianopoli
1513 807 1706 838 exspectarent
1728 813 1736 831 ι

943 859 999 886 quo
1028 851 1145 887 negotiis
1174 851 1291 886 publicis
1315 851 1364 878 rite
1383 851 1460 885 prius
1485 849 1662 882 constitutis.
1680 849 1738 883 ipse

944 898 1017 925 curis
1037 898 1166 925 omnibus
1186 898 1270 928 liber,
1294 897 1431 932 negotium
1456 897 1578 931 ipsorum
1599 894 1693 921 audire
1712 897 1739 920 et

943 943 1101 971 examinare
1119 948 1220 982 posset.
1238 942 1306 976 Eum
1325 943 1397 969 enim
1418 942 1465 976 qui
1488 942 1521 968 de
1541 940 1622 967 rebus
1639 939 1738 966 divinis

944 990 1149 1024 disceptatnrus
1159 989 1206 1021 sit,
1216 990 1336 1015 animum
1349 995 1364 1015 a
1377 987 1490 1022 reliquis
1497 986 1614 1021 negotiis
1622 991 1737 1012 vacuum

944 1035 1041 1062 atl'erre
1060 1038 1199 1068 oportere.
1222 1033 1254 1060 Et
1280 1034 1429 1068 imperator
1450 1032 1560 1067 quidem
1580 1030 1691 1065 scripsit
1710 1029 1737 1056 in

944 1081 1017 1109 hunc
1035 1080 1155 1107 modum.
1170 1079 1297 1114 Synodus
1313 1086 1375 1106 vero
1390 1079 1431 1106 his
1442 1078 1544 1106 litteris
1556 1076 1738 1111 respondens,

944 1130 1102 1153 constanter
1118 1125 1309 1164 allirmavit‘se
1323 1125 1357 1152 ab
1371 1125 1405 1152 iis
1418 1132 1479 1160 quae
1497 1123 1608 1151 decreta
1629 1125 1738 1153 essent,

944 1172 1057 1199 minime
1073 1172 1258 1199 discessuram
1280 1181 1286 1199 :
1306 1171 1389 1205 idque
1407 1178 1436 1198 se
1450 1170 1507 1205 jam
1530 1169 1693 1204 scripsisse,
1712 1171 1737 1194 et

944 1217 1040 1252 legalis
1065 1218 1123 1245 suis
1153 1217 1308 1244 mandasse.
1339 1216 1510 1250 Rogavitque
1539 1219 1568 1242 ut
1599 1222 1647 1242 eos
1672 1221 1734 1240 cum

944 1263 1134 1291 benevolentia
1157 1263 1297 1298 aspicere,
1316 1269 1468 1296 eorumque
1481 1260 1610 1287 mandata
1627 1259 1738 1291 audire,

943 1312 971 1336 et
998 1308 1102 1336 litteras
1126 1308 1217 1343 legere
1242 1307 1333 1335 vellet.
1356 1306 1423 1333 Nam
1451 1311 1478 1334 et
1501 1306 1589 1340 ipsius
1610 1305 1732 1340 judicio.

944 1353 1149 1381 acerbissimam
1173 1361 1230 1380 rem
1250 1352 1327 1385 fore,
1351 1352 1374 1380 si
1391 1356 1429 1379 tot
1451 1352 1591 1383 Ecelesiaz,
1614 1351 1674 1385 ipso
1697 1359 1737 1378 re-

944 1404 1065 1435 gnante,
1092 1392 1229 1434 episcopis
1256 1399 1314 1427 suis
1341 1398 1536 1426 destituantur.
1564 1397 1740 1431 1591psos

945 1445 1027 1481 igitur
1045 1449 1107 1472 ante
1130 1445 1267 1476 hiemem,
1294 1445 1317 1472 si
1338 1444 1390 1479 ipsi
1414 1451 1522 1478 quoque
1542 1442 1568 1470 id
1590 1441 1740 1477 placuerit,

945 1491 978 1518 ad
998 1491 1138 1518 Ecclesias
1155 1498 1220 1518 suas
1238 1489 1337 1517 reverti
1358 1492 1495 1523 oportere.
1520 1487 1583 1515 llaec
1594 1495 1657 1514 cum
1670 1486 1740 1514 scri—

945 1537 1075 1572 psissent,
1094 1542 1120 1564 et
1139 1535 1350 1572 supplicationis
1369 1543 1444 1562 more
1462 1534 1619 1569 modoque,
1644 1536 1673 1560 ut
1691 1540 1741 1567 par

910 1594 930 1623 ρ
947 1587 1028 1613 erat.
1056 1583 1200 1618 epistolam
1230 1582 1458 1613 contcxuissent,
1485 1580 1627 1615 paululum
1652 1579 1742 1605 adhuc

949 1630 1080 1664 temporis
1098 1629 1291 1657 substiterunt.
1315 1627 1369 1655 Sed
1387 1634 1449 1654 cum
1469 1625 1538 1653 nihil
1557 1625 1625 1660 ipsis
1637 1624 1740 1652 rescri-

949 1675 1077 1705 beretur,
1095 1675 1128 1701 ad
1154 1682 1219 1702 snas
1239 1673 1356 1709 quisque
1388 1671 1470 1699 tit-bes
1490 1670 1591 1698 reversi
1610 1673 1684 1698 sunt.
1709 1668 1741 1695 Et

948 1721 1026 1748 initio
1038 1720 1148 1755 quidem
1160 1720 1305 1755 episcopos
1318 1717 1505 1745 Ariminensis
1513 1716 1622 1744 concilii
1632 1715 1741 1743 decreta

948 1767 1065 1794 Nicaeum
1083 1765 1179 1800 synodi
1195 1765 1398 1800 comprobasse,
1413 1771 1444 1791 ea
1458 1771 1518 1798 quae
1526 1762 1646 1790 diximus
1655 1761 1741 1787 abnu-

949 1813 982 1840 de
1004 1816 1152 1840 testantur.
1173 1811 1232 1839 Jam
1255 1817 1319 1837 vero
1335 1808 1566 1844 quemadmodum
1584 1807 1709 1834 formula:
1727 1812 1742 1831 a

950 1857 1064 1885 Valente
1089 1861 1116 1883 et
1139 1855 1254 1882 Ursacio
1277 1855 1391 1890 prolata:
1413 1858 1506 1888 postea
1528 1851 1740 1881 consenserint,

949 1902 1221 1931 commemorandum
1245 1904 1298 1929 est.
1326 1900 1404 1933 Quod
1429 1898 1538 1934 quidem
1558 1897 1742 1925 diversimodc

949 1950 1063 1978 relatum
1079 1947 1211 1983 comperi.
1229 1947 1282 1974 Alii
1305 1946 1379 1974 enim
1400 1945 1513 1976 dicunt,
1535 1944 1739 1978 imperatorem,

949 1997 1141 2032 episcoporum
1158 1995 1192 2022 ab
1209 1994 1276 2021 urbe
1287 1992 1454 2020 Ariminensi
1477 1991 1629 2018 disceSsum
1645 1994 1742 2017 contu-

949 2044 1038 2071 meliae
1064 2042 1124 2068 loco
1145 2041 1310 2072 ducentem,
1333 2047 1366 2067 eo
1389 2037 1460 2073 quod
1482 2037 1552 2065 citra
1575 2043 1741 2064 consensum

949 2089 1036 2124 ipsius
1053 2087 1271 2118 discessissent,
1296 2084 1412 2117 Valenti,
1433 2088 1460 2111 et
1485 2083 1519 2111 iis
1546 2082 1592 2117 qui
1608 2090 1671 2109 cum
1693 2082 1742 2109 illo

949 2139 1040 2166 erant,
1065 2132 1226 2168 permisisse
1253 2135 1283 2158 ut
1303 2130 1520 2158 Occidentalium
1552 2128 1670 2164 partium
1689 2127 1742 2154 Ec—

950 2180 1049 2208 clesias
1070 2187 1120 2214 pro
1146 2178 1262 2206 arbitrio
1282 2185 1333 2204 suo
1352 2177 1531 2204 ordinarent:
1556 2179 1583 2202 et
1596 2174 1740 2201 formulam

951 2225 1013 2252 ﬁdei
1037 2223 1152 2251 Arimini
1175 2223 1324 2258 perlectam
1352 2222 1558 2256 promulgarent
1579 2229 1585 2247 :
1606 2227 1654 2247 eos
1677 2225 1742 2246 vero

107 2264 135 2290 δὲ
154 2265 217 2292 τάδε
234 2267 292 2297 τοῖς
308 2266 379 2293 κατὰ
393 2266 441 2301 τὴν
460 2263 575 2293 Ἰταλίαν
600 2266 732 2301 ἔπραξαν,
753 2265 892 2301 βουλεύσαι

961 2270 998 2305 [ui
1015 2270 1139 2297 formula:
1160 2269 1199 2296 illi
1224 2267 1398 2296 subscribere
1419 2267 1590 2298 reuuissent,
1614 2264 1742 2292 Ecclesiis

108 2310 168 2338 σθαι
183 2312 231 2338 καὶ
243 2311 292 2343 τὰς
306 2312 357 2339 ἀνὰ
368 2313 417 2347 τὴν
427 2313 483 2338 Ἕω
495 2313 658 2348 Ἐκκλησίας
672 2313 717 2340 τὸν
729 2312 785 2340 ἴσον
799 2312 899 2340 διαθεῖ-

107 2366 150 2383 ναι
166 2357 278 2393 τρόπον.
297 2359 419 2390 Διιόντας
436 2359 463 2385 δὲ
478 2359 528 2394 τὴν
549 2359 672 2394 Θρᾴκην,
695 2359 898 2394 παραγενέσθαι

107 2403 146 2434 εἰς
171 2403 271 2440 Νίκην,
301 2403 378 2430 πόλιν
402 2404 479 2430 τοῦδε
503 2404 550 2431 τοῦ
566 2405 675 2437 ἔθνους·
699 2405 746 2431 καὶ
764 2405 899 2441 συνέδριον

107 2449 200 2476 ἐνθάδε
213 2450 385 2483 καθίσαντες,
409 2450 457 2486 τὴν
480 2451 701 2484 ἀναγνωσθεῖσαν
714 2452 742 2478 ἐν
760 2451 899 2487 Ἀριμήνῳ

107 2496 215 2531 γραφὴν
231 2497 271 2528 εἰς
288 2496 401 2524 Ἑλλάδα
427 2497 589 2532 μεταϐαλεῖν
609 2498 717 2532 φωνὴν,
743 2498 790 2525 καὶ
813 2498 899 2533 δημο-

108 2543 267 2572 σιεύσαντες
286 2542 432 2576 βεϐαιῶσαι
446 2551 452 2557 ε
481 2543 529 2569 καὶ
547 2543 710 2577 λογοποιεῖν,
730 2543 768 2575 ὡς
782 2543 834 2569 ὑπὸ
851 2544 900 2578 τῆς

107 2587 300 2623 οἰκουμενικῆς
316 2588 436 2620 συνόδου,
453 2590 469 2623 ή
485 2589 512 2614 ἐν
526 2588 597 2624 Νίκῃ
614 2589 705 2620 πίστις
724 2589 900 2624 ὑπηγορεύθη
917 2619 934 2627 _

106 2634 152 2658 καὶ
163 2633 307 2669 ἐδοξάσθη·
332 2635 473 2669 Ἐπιτηδὲς
498 2635 527 2662 δὲ
562 2634 625 2662 τάδε
648 2635 676 2661 ἐν
697 2635 770 2671 Νίκῃ
786 2635 897 2669 πρᾶξαι¹

107 2678 153 2704 καὶ
162 2676 214 2706 ὦδε
229 2680 426 2716 ἐπευφημῆσαι
441 2681 508 2716 (10),
526 2680 596 2707 ὥστε
615 2681 679 2712 τοὺς
697 2680 898 2715 ἁπλουστέρους

952 2317 1099 2351 ejicerent,
1121 2319 1149 2343 et
1172 2316 1200 2342 in
1215 2323 1308 2343 eorum
1333 2315 1422 2342 locum
1439 2314 1508 2344 alios
1529 2312 1740 2340 constituerent.

953 2362 1023 2390 Istos
1041 2369 1116 2393 vero,
1132 2362 1197 2388 hinc
1212 2361 1348 2388 licentiam
1366 2362 1472 2391 nactos,
1489 2358 1609 2385 adhibita
1623 2357 1649 2385 vi
1667 2364 1742 2384 com-

953 2408 1057 2443 pulisse
1071 2407 1216 2441 episcopos
1238 2409 1267 2433 ut
1289 2405 1352 2432 Iidei
1379 2405 1418 2432 illi
1444 2404 1649 2432 subscriberent
1668 2411 1674 2429 :
1694 2410 1742 2430 eos

954 2457 1044 2481 autem
1068 2452 1116 2487 qui
1137 2452 1308 2482 resisterent.
1330 2450 1460 2478 Ecclesiis
1478 2451 1537 2478 suis
1559 2449 1741 2481 exturbasse,

952 2507 984 2526 ac
1015 2499 1132 2534 primum
1158 2498 1280 2525 omnium
1308 2496 1446 2524 Liberium
1477 2497 1637 2531 episcopum
1665 2495 1741 2523 urbis

953 2545 1057 2572 Romae.
1079 2543 1181 2571 Deinde
1204 2543 1341 2577 episcopis
1365 2541 1448 2580 Italia:
1474 2542 1546 2568 hunc
1571 2541 1597 2568 in
1630 2541 1741 2568 modum

951 2591 1073 2622 vexatis,
1093 2589 1213 2617 Orientis
1232 2596 1342 2624 quoque
1364 2588 1502 2615 Ecclesias
1519 2587 1577 2622 pari
1590 2586 1671 2613 modo
1685 2591 1742 2612 tra-

952 2641 1026 2664 ctare
1038 2637 1150 2664 adortos
1159 2643 1229 2664 esse.
1239 2634 1272 2662 Et
1286 2642 1347 2661 cum
1361 2642 1407 2669 per
1419 2633 1564 2660 Thraciam
1578 2632 1739 2662 transirent,

951 2683 1035 2711 l‘licen
1053 2683 1211 2719 pervenisse
1223 2701 1230 2714 ,
1247 2680 1320 2716 quod
1335 2684 1375 2708 est
1393 2679 1522 2715 oppidum
1538 2678 1610 2705 illius
1628 2677 1740 2712 provin-

684 2760 817 2789 VALESII
835 2761 1109 2789 ANNOTATIONES.

143 2805 186 2846 (.9).
200 2806 260 2846 Καζ
280 2806 565 2846 πρῶτον-Αιϐἐριρν.
579 2806 733 2846 Ἐιιιιιιῃιιιι·
747 2807 899 2846 scriptores

110 2841 155 2881 sui
180 2841 208 2881 id
234 2841 374 2868 dixerant.
388 2841 471 2881 mNam
496 2842 622 2881 Liberius
648 2841 809 2881 aliquandiu
836 2846 899 2881 ante

108 2870 286 2903 Kiiminense
316 2877 463 2904 concilium
493 2878 653 2910 relegatus.
686 2870 713 2905 et
740 2877 773 2904 ab
799 2877 898 2905 exsilio

109 2915 258 2939 revocatus
281 2911 379 2948 fuerat,
398 2917 426 2940 ut
446 2920 529 2947 supra
545 2913 674 2940 vidimus.

988 2807 1045 2840 (I0)
1067 2805 1119 2832 Καὶ
1147 2802 1204 2831 ὧδε
1231 2804 1456 2840 ἐπευφημῆσαι.
1483 2800 1590 2840 Mallem
1619 2799 1741 2826 scribere

953 2835 1129 2876 ἐπιφημίσαι.
1147 2840 1240 2866 Utitur
1257 2835 1462 2866 tam'en’eadem
1487 2843 1553 2864 voce
1568 2835 1739 2864 Sozomenus

954 2877 1035 2909 infra,
1052 2877 1140 2911 capite
1154 2876 1198 2902 ‘22.
