1899 3077
203 129 272 156 1175

923 126 1093 154 SOZOMENI

1488 71 1494 92 Ι

1777 126 1844 152 Ηῖῧ

202 194 311 222 operam
328 195 404 214 suam
425 188 598 215 contulerant
613 197 618 215 :
637 187 735 223 quippe
758 187 858 222 singuli
874 195 980 216 eorum.

1056 197 1077 219 ις
1100 188 1153 223 γὰρ
1172 188 1371 220 Κωντταντίου,
1394 189 1585 224 διαδεξάμενος
1613 186 1769 218 Ἰουλιανὸς
1796 188 1843 221 τὴν

202 232 315 267 perinde
331 240 364 260 ac
380 233 403 261 si
420 241 489 269 opus
507 241 585 262 suum
604 233 659 262 Deo
679 233 818 265 offerrent,
831 232 986 260 incredibili

202 280 344 308 alacritate
375 280 544 308 ferebantur.
576 280 637 308 Pari
669 280 762 308 studio
788 288 819 307 ac
849 280 987 308 celeritate

201 326 319 354 ecclesia
336 326 381 353 illa
402 326 435 354 ad
453 326 580 354 eumdem
597 326 706 354 modum
723 327 876 354 instaurata
892 331 942 358 est,
957 332 985 352 et

202 371 237 397 ab
253 371 300 397 illo
313 371 441 406 deinceps
455 375 577 405 tempore
593 371 740 399 Anastasia
762 379 795 398 ex
818 371 888 398 facto
903 371 988 398 nomi-

201 419 276 442 nata.
311 415 417 442 Etenim
445 420 506 451 post
531 416 634 443 obitum
661 416 834 447 Constantii.
861 415 987 445 Julianus

201 461 344 496 imperium
365 462 490 497 adeptus,
519 462 610 490 locum
629 462 706 489 illum
728 462 886 490 Novatianis
906 463 988 490 resti-

201 507 264 540 tuit,
291 512 377 541 utque
398 507 544 535 ecclesiam
568 508 624 534 illic
646 508 824 540 :editicarent,
853 508 986 542 permisit.

200 552 279 585 Quod
290 552 399 588 quidem
415 552 517 580 factum
536 558 588 586 est,
605 553 780 580 multitudine
793 553 886 587 populi
904 553 989 579 alacri

200 598 292 623 animo
315 604 424 631 operam
450 601 576 629 navante,
606 597 770 632 easdemque
798 597 927 626 materias
955 606 986 626 cx

200 643 312 678 Sycensl
339 643 499 670 suburbano
530 643 628 670 iterum
653 643 844 671 transferente.
874 644 906 670 Et
932 644 988 671 haec

200 688 311 723 quidem
331 691 424 724 postea
448 693 524 723 gesta
540 693 603 715 sunt
627 688 653 715 in
671 688 743 715 hunc
771 689 892 715 modum.
912 688 988 716 Tunc

200 734 332 768 temporis
366 741 450 765 vero,
478 740 573 768 parum
601 733 689 761 abfuit
715 733 779 768 quin
804 733 946 760 Novatiani
962 738 989 761 et

199 777 334 805 Catholici
358 778 471 805 adunati
503 779 568 806 sint.
600 778 666 805 Nam
690 786 751 806 cum
779 779 813 806 de
840 779 895 807 Deo
916 780 987 807 idem

201 825 345 856 sentirent,
363 827 389 851 et
409 823 492 850 simul
517 824 733 858 exagitarentur,
756 825 923 860 easdemque
944 833 989 853 ca-

1039 233 1187 267 βασιλεὶαν,
1199 233 1243 260 τὸν
1260 233 1341 260 τόπον
1362 235 1416 265 τοῖς
1432 234 1617 265 Ναυατιανοῖς
1633 233 1781 261 ἀπέδωκε.
1799 233 1844 256 tu".

1036 279 1085 314 τὴν
1116 279 1262 314 ἐκκλησίαν
1281 279 1458 314 οἰκοδομῆσαι
1483 279 1649 314 ἐπέτρεψεν.
1678 279 1714 304 Ὀ
1729 277 1778 303 καὶ
1791 277 1845 309 ἐγέ-

1037 333 1106 356 νετο,
1134 325 1180 351 τοῦ
1206 324 1270 351 λαοῦ
1298 324 1445 360 προθύμως
1475 324 1697 358 συλλαϐομένου,
1724 325 1775 348 καὶ
1797 324 1844 353 τὰς

1037 370 1121 401 αὑτὰς
1134 369 1199 401 ὕλας
1212 371 1244 396 ἐκ
1273 370 1327 396 τῶν
1345 370 1438 396 Συκίὺν
1462 370 1716 405 μετακομίσαντος.
1743 368 1798 394 Καὶ
1811 369 1844 394 τὰ

1039 416 1088 451 μὲν
1114 415 1230 450 ὕστερον,
1245 412 1295 442 ὦδε
1319 415 1407 450 ἔσχεν.
1442 416 1485 441 Ἐν
1504 415 1532 441 δὲ
1557 414 1597 449 τῷ
1629 414 1716 446 τότε,
1747 414 1841 448 μιλιμῦ

1037 461 1204 488 Ναυατιανοὶ
1219 462 1265 488 καὶ
1280 462 1304 487 οἱ
1317 462 1370 488 ἀπὸ
1382 461 1431 495 τῆς
1445 460 1560 487 καθόλου
1582 458 1761 494 Ἐκκλησίας
1778 459 1842 494 ἡνώ‹

1038 507 1126 541 θησαν
1138 515 1144 522 ·
1159 507 1260 542 ὁμοίως
1288 507 1342 542 γὰρ
1365 507 1430 542 περὶ
1444 507 1474 533 τὸ
1492 507 1571 533 Θεῖον
1592 506 1773 538 δοξάζοντες.
1797 506 1842 532 καὶ

1039 554 1117 588 κοινῇ
1134 552 1319 587 ἐλαυνόμενοι,
1345 553 1391 578 καὶ
1411 553 1439 579 ἐν
1452 553 1557 587 ὁμοίαις
1578 552 1744 587 συμφοραῖς
1756 551 1838 582 ὅντες,

1039 599 1110 625 εὖνοι
1127 598 1250 633 ἀλλήλοις
1270 596 1356 633 ἦσαν·
1377 598 1424 624 καὶ
1446 599 1485 629 εἰς
1507 598 1606 625 ταύτὸν
1635 596 1779 632 συνῄεσάν
1803 605 1838 627 τε,

1039 645 1085 670 καὶ
1101 643 1279 678 συνηύχοντο·
1303 645 1358 674 τοῖς
1376 643 1430 677 γὰρ
1447 643 1501 669 ἀπὸ
1515 643 1565 676 τῆς
1576 642 1701 669 καθόλου
1725 641 1841 675 Ἐκκλη-

1041 690 1100 722 σίας
1115 690 1259 724 εὺχτήριος
1270 689 1320 716 οὐκ
1336 687 1369 724 ἦν
1383 686 1467 721 οἶκος,
1488 688 1557 715 ἀλλὰ
1575 688 1680 719 πάντες
1705 687 1779 720 πρὶς
1793 686 1840 712 τῶν

1039 736 1073 762 τὰ
1094 735 1198 771 Ἀρείου
1210 735 1380 771 φρονούντων
1403 734 1543 770 ἀφῄρηντο
1559 742 1566 749 ·
1583 734 1632 760 καὶ¹
1655 733 1695 765 ὡς
1707 732 1796 763 εἰκὸς,
1812 733 1842 758 ἐκ

1039 781 1087 817 τῆς
1109 780 1237 816 συνεχοῦς
1254 780 1363 815 ὁμιῖᾴἷας
1384 780 1471 814 μάτην
1482 778 1661 815 διαφέρεσθαι
1681 778 1755 813 πρὸς
1775 778 1841 811 mai;

1039 826 1223 862 λογισάμενοι,
1252 829 1390 854 κοινωνεῖν
1419 825 1543 861 ἀλλήλοις
1565 824 1761 856 ἐϐουλεύοντο.
1791 824 1842 850 Καὶ

200 869 339 896 lamitates
362 869 520 901 tolerarent,
537 874 630 896 mutua
646 878 677 898 se
697 870 888 898 benevolentia
909 879 986 898 com-

1056 860 1168 907 ὴντοῦτο
1177 872 1308 906 ἐγεγόνει,
1323 873 1347 899 εἱ
1365 871 1402 906 μὴ
1411 871 1544 906 βασκανία
1551 871 1664 904 ὀλίγων,
1683 867 1780 905 οἶμαι,
1798 869 1842 903 τὴν

201 915 411 948 plectebantur:
431 919 458 942 et
481 915 508 942 in
523 915 647 943 eumdem
665 916 754 943 locum
778 917 986 950 conveniebant,

201 967 233 987 ac
255 960 335 988 simul
352 961 546 996 precabantur.
572 961 640 989 Nam
660 962 810 990 Catholicis
827 963 901 990 nulla
923 967 989 992 tunc

1040 919 1087 945 τοῦ
1102 918 1220 954 πλήθους
1234 919 1389 953 προθυμίαν
1405 917 1531 952 ἔϐλαψεν,
1543 918 1659 952 ἀρχαῖον
1675 913 1750 943 εἶναι
1766 915 1842 948 λόγον

1044 964 1258 1000 ἰσχυριζομὲνων
1276 964 1467 998 παραιτεῖσθαι
1482 963 1563 990 τοῦτο
1579 964 1681 989 ποιεῖν.

200 1012 281 1034 erant
297 1008 434 1041 oratoria;
450 1009 496 1036 sed
515 1008 608 1036 Ariani
625 1013 724 1036 cuncta
747 1010 803 1037 illis
834 1011 1004 1038 ademerant.
1025 1011 1150 1047 Cumque
1175 1019 1208 1039 ex
1246 1011 1356 1039 assidua
1377 1011 1589 1042 consuetudine.
1614 1010 1658 1037 uti
1678 1008 1842 1036 verosimile

201 1059 253 1089 est,
272 1055 374 1083 frustra
395 1063 426 1084 se
447 1056 562 1084 invicem
586 1057 722 1085 dissidere
748 1062 902 1091 cernerent,
921 1059 993 1086 inter
1012 1066 1042 1087 se
1073 1060 1203 1095 deinceps
1228 1059 1432 1086 communicare
1459 1057 1653 1086 decreverant.
1675 1055 1760 1089 Quod
1780 1055 1843 1089 qui-

201 1103 262 1131 dem
290 1102 392 1130 factum
411 1103 528 1137 fuisset,
546 1105 599 1132 nisi
629 1105 764 1132 alacritati
791 1106 976 1135 multitudinis
996 1107 1150 1136 obstitisset
1177 1114 1326 1142 paucorum
1354 1106 1476 1139 invidia,
1493 1105 1538 1140 qui
1562 1104 1741 1132 atﬁrmabant
1761 1106 1840 1130 vetus

202 1156 369 1186 praeceptum
385 1159 458 1184 esse,
475 1155 505 1179 ut
525 1152 550 1178 id
566 1152 656 1179 facere
673 1153 870 1182 detrectarent.

519 1197 595 1225 CAP.
619 1197 691 1224 XXI.

202 1244 240 1272 De
265 1244 305 1271 his
327 1252 385 1279 qua
403 1243 528 1271 Mantinii
554 1248 709 1279 gendum!
732 1253 747 1271 α
769 1245 924 1273 Macedonio
939 1254 948 1273 :
963 1252 988 1273 et

236 1279 364 1312 quomodo
387 1279 417 1305 ob
443 1279 602 1316 translatum
622 1278 791 1316 Constantini
809 1281 898 1315 Magni
919 1282 987 1316 [ere-

238 1319 320 1350 trum.
342 1322 392 1350 sua
413 1314 473 1350 sede
491 1315 615 1348 expulsus
637 1320 685 1342 est.
701 1314 769 1342 Item
791 1314 922 1350 qttontudo
936 1316 987 1344 Ju-

237 1349 324 1376 lianus
339 1348 432 1376 Caesar
445 1349 532 1383 factm
547 1355 596 1376 est.

238 1393 288 1421 Per
315 1394 387 1421 idem
412 1399 519 1428 tempus
549 1394 675 1422 Eleusius
703 1404 814 1430 quoque
840 1397 985 1424 ecclesiam

202 1440 417 1467 Novatianorum
441 1442 468 1467 in
494 1441 562 1468 urbe
584 1441 685 1476 Cyzico
706 1441 828 1469 funditus
855 1436 984 1471 evertit‘.

203 1485 364 1520 llujusmodi
379 1493 463 1520 porro
478 1486 557 1513 malis
577 1487 709 1522 exagitati
725 1491 800 1519 sunt,
817 1491 874 1515 tum
890 1489 986 1523 reliqui

1332 1199 1458 1226 ΚΕΦΑΛ.
1474 1199 1538 1225 KA'.

1038 1246 1106 1280 Περι
1121 1246 1180 1273 τῶν
1189 1245 1224 1272 ἐν
1240 1245 1400 1278 Μαντινείᾳ
1410 1244 1470 1272 ὑπὸ
1485 1242 1677 1270 Μακεδονίου
1692 1239 1843 1280 πραχθέν»

1074 1277 1133 1307 raw
1143 1289 1149 1295 '
1162 1280 1210 1307 καὶ
1226 1281 1266 1313 ὡς
1282 1279 1414 1313 ἐξηλάθη
1430 1280 1483 1306 τοῦ
1497 1280 1606 1312 θρόνου
1618 1298 1624 1309 ,
1636 1277 1841 1313 μεταθέμενος

1075 1316 1132 1349 τὴν
1145 1315 1242 1349 θήκην
1253 1311 1306 1342 τοῦ
1323 1311 1457 1348 μεγάλου
1469 1311 1718 1340 Κώνσταντῖνου·
1736 1311 1790 1338 καὶ
1804 1312 1842 1344 ὠς

1073 1354 1088 1378 ό
1105 1348 1267 1383 Ἰουλιανὸς
1284 1349 1450 1383 προεϐλήθη
1466 1348 1589 1382 Καῖσαρ.

1073 1397 1155 1424 Κατὰ
1167 1396 1195 1422 δὲ
1212 1395 1306 1422 τοῦτον
1328 1395 1374 1422 τὸν
1390 1395 1485 1430 χρόνον
1497 1414 1503 1426 ,
1517 1395 1565 1421 καὶ
1582 1393 1724 1424 Ἐλεύσιος
1737 1392 1791 1428 τὴν
1815 1392 1844 1418 ὲν

1040 1442 1152 1478 Κυζίκῳ
1175 1441 1324 1478 ἐκκλησίαν
1340 1440 1519 1468 Ναυατιανῶν
1533 1440 1620 1476 ἄρδην
1635 1439 1760 1466 καθεῖλε.
1775 1439 1845 1465 Τού-

1039 1497 1093 1514 των
1107 1487 1135 1514 δὲ
1154 1487 1208 1513 τῶν
1225 1486 1318 1513 κακῶν
1339 1487 1368 1518 ὲς
1381 1486 1416 1512 τὰ
1439 1485 1556 1520 μάλιστα
1572 1484 1707 1520 μετέσχον
1722 1485 1748 1510 οἱ
1766 1485 1844 1510 Μαν-

202 1531 402 1566 Paphlagones.
418 1537 475 1558 tum
489 1531 506 1558 ii
525 1533 659 1567 prmeipue
672 1534 717 1568 qui
735 1534 896 1561 Mantinium
913 1535 988 1562 inco-

1058 1534 1136 1559 ίνειον
1148 1531 1297 1563 οἰκοῦντες,
1312 1532 1359 1557 καὶ
1372 1530 1447 1558 ἄλλοι
1468 1530 1654 1564 Παφλαγόνες.
1670 1528 1779 1555 Μαθὼν
1789 1528 1844 1563 γὰρ

203 1577 305 1604 lebant.
326 1578 404 1613 162
415 1577 483 1605 Cum
505 1578 577 1605 enim
599 1584 770 1614 compartum
793 1581 905 1607 haberet
929 1580 988 1608 Μίι-

203 1623 348 1655 cedonius,
377 1623 523 1658 plerosque
545 1624 602 1651 illic
619 1624 717 1652 Novati
737 1630 818 1653 sectm
838 1626 987 1658 adhaerere.

202 1674 230 1696 ot
243 1668 278 1696 ad
292 1675 340 1696 eos
358 1669 421 1696 inde
440 1669 617 1704 cxpelleudos
634 1670 719 1697 solam
736 1671 988 1698 ecclesiasticarum

203 1721 316 1741 manum
347 1721 402 1741 non
433 1714 574 1748 suﬁicere,
610 1717 746 1750 persuasit
772 1716 930 1751 imperatori
959 1721 990 1744 ut

202 1762 322 1794 quatuor
341 1759 457 1786 militum
474 1760 603 1788 cohortes
618 1761 651 1788 ad
667 1761 693 1788 id
707 1761 904 1796 perliciendum
927 1762 990 1789 mit-

203 1807 285 1832 teret.
305 1804 350 1832 Sie
365 1805 438 1832 enim
464 1805 586 1833 futurum
609 1807 787 1834 existimabat.
815 1813 844 1835 ut
867 1808 991 1836 homines

203 1849 317 1878 minime
338 1850 422 1878 armis
447 1851 562 1882 assueti,
584 1852 667 1891 simul
684 1858 766 1887 atque
781 1857 904 1880 armatos
923 1861 990 1880 con-

203 1895 371 1930 spexissent,
388 1896 482 1923 statim
500 1896 691 1931 perterrefacti
717 1897 751 1924 ad
771 1898 859 1932 ipsius
882 1898 991 1934 opinio-

204 1949 265 1969 nem
294 1942 453 1969 transirent.
481 1942 582 1970 Verum
609 1951 652 1970 res
677 1944 757 1971 aliter
788 1944 888 1972 evenit.
923 1945 990 1972 Nam

203 1987 280 2022 plebs
306 1987 527 2015 Mantiniensium
560 1989 587 2015 in
616 1997 700 2016 unum
727 1993 844 2021 coacta,
873 1990 991 2024 arreptis

203 2034 321 2061 falcibus
351 2038 378 2062 et
416 2035 580 2068 securibus,
610 2040 638 2063 et
667 2043 721 2070 quo
752 2036 871 2071 quisque
904 2037 992 2071 potuit

205 2086 343 2106 armorum
366 2087 466 2114 genere
486 2080 633 2112 instructa,
660 2081 793 2108 adversus
811 2081 912 2108 milites
926 2089 991 2116 pro-

204 2131 299 2159 gressa
320 2128 373 2151 est.
393 2123 530 2159 Gravique
547 2125 641 2159 prmlio
664 2129 803 2157 conserte,
825 2133 858 2152 ex
875 2125 992 2160 Paphla-

206 2169 325 2204 gonibus
349 2169 460 2202 quidem
496 2169 607 2203 plurimi
637 2170 828 2198 occubuerunt
854 2180 860 2197 :
890 2171 991 2199 milites

205 2221 271 2241 vero
291 2220 375 2248 prope
400 2221 496 2241 omnes
521 2214 656 2242 interfecti
678 2219 753 2242 sunt.
770 2215 828 2248 Qua
848 2216 882 2243 de
907 2224 990 2244 causa

206 2259 285 2286 multi
320 2266 353 2285 ex
379 2257 564 2287 familiaribus
594 2260 780 2288 Macedoniam
808 2263 991 2296 reprehende-

207 2304 283 2335 bant,
307 2307 402 2337 utpote
421 2308 564 2331 auctorem
581 2308 720 2332 tantorum
743 2307 887 2334 malorum.
905 2308 991 2342 Impe-

207 2353 282 2376 rator
297 2356 406 2384 quoque
416 2357 478 2377 eum
491 2354 645 2383 aversatus,
660 2359 712 2378 non
727 2352 847 2386 amplius
860 2353 991 2380 benevolo

207 2402 271 2430 erga
288 2394 366 2422 illum
383 2396 477 2422 animo
502 2395 565 2423 fuit.
587 2395 654 2423 Nam
669 2400 696 2424 et
719 2398 771 2424 alia
785 2398 908 2433 qumdam
925 2406 990 2434 gra-

245 2482 253 2497 '
267 2481 358 2515 Socr.,
373 2483 418 2510 lib.
441 2483 568 2516 it,.c.58.

1038 1579 1204 1610 ιιακεδόνιος
1218 1579 1280 1610 τοὺς
1290 1577 1400 1609 πλείους
1415 1576 1508 1603 ἐνθάδε
1521 1577 1556 1603 τὰ
1569 1575 1701 1602 Ναυάτου
1718 1575 1842 1610 φρονεῖν,

1040 1626 1078 1661 μὴ
1094 1625 1202 1656 ἱκανούς
1219 1633 1249 1651 τε
1265 1623 1362 1658 μόνους
1375 1621 1566 1653 εἶναιτούτους
1580 1621 1638 1655 (15)
1657 1621 1723 1652 τοὺς
1740 1620 1843 1654 ἐκκλη-

1040 1671 1196 1703 σιαστικοὺς
1216 1669 1394 1702 ἀπελαύνειν,
1417 1669 1508 1695 ἔπεισε
1523 1668 1569 1694 τὸν
1587 1667 1703 1702 βασιλέα
1719 1667 1843 1701 τέσσαρα

1042 1717 1170 1752 τάγματα
1196 1716 1250 1742 τῶν
1268 1715 1441 1751 στρατιωτῶν
1468 1714 1608 1748 ἐκπέμψαι
1625 1712 1724 1739 τούτου
1749 1713 1841 1747 χάριν,

1040 1759 1103 1788 Ὧδε
1115 1762 1168 1797 γὰρ
1185 1761 1252 1796 ᾤετο
1267 1761 1428 1796 ἀνθρώπους
1450 1759 1545 1795 ἀήθεις
1559 1759 1649 1785 ὅπλων
1663 1779 1670 1791 ,
1683 1759 1709 1784 εί
1726 1758 1841 1787 ὁπλίτας

1041 1807 1338 1840 θεάσοιντο,δείσαντας
1350 1806 1429 1837 εὐθὺς
1438 1805 1506 1841 πρὸς
1517 1805 1565 1840 τὴν
1576 1803 1660 1830 αὑτοῦ
1670 1803 1753 1837 δόξαν
1765 1812 1843 1838 μετα.

1041 1852 1181 1888 θήσεσθαι.
1196 1852 1276 1883 res:
1289 1851 1376 1883 ἄλλως
1392 1851 1492 1886 ἀπέὄη.
1507 1851 1544 1877 Τὸ
1560 1849 1614 1886 γὰρ
1626 1850 1659 1876 ἐκ
1673 1849 1722 1875 τοῦ
1738 1849 1842 1875 Μαντισ

1041 1899 1113 1925 νείθυ
1126 1898 1227 1934 πλῆθος
1246 1892 1387 1933 γενόμενοι
1403 1897 1470 1931 (14),
1484 1896 1632 1932 δρεπάναις
1651 1904 1682 1921 τε
1697 1896 1748 1922 καὶ
1766 1895 1842 1920 πε)ηέ-

1041 1953 1111 1978 κεσι,
1125 1944 1171 1971 καὶ
1184 1944 1272 1975 ἄλλως
1320 1942 1424 1978 ἔτυχεν,
1441 1943 1556 1973 ἕκαστος
1577 1942 1648 1976 σφᾶς
1662 1941 1839 1971 ὁπλίσαντες,

1043 1988 1187 2024 συνέμιξαν
1214 1989 1270 2019 τοῖς
1299 1987 1489 2022 στρατιώταις.
1518 1987 1665 2021 Καρτερᾶς
1691 1985 1721 2011 δὲ
1751 1985 1839 2020 μάχης

1042 2035 1201 2070 γενομένης,
1217 2034 1346 2060 πίπτουσι
1364 2031 1549 2067 Παφλαγόνων
1565 2032 1613 2066 μὲν
1628 2031 1756 2057 πλεῖστοι
1768 2039 1774 2046 ·
1788 2030 1839 2057 τῶν

1041 2080 1069 2106 δὲ
1086 2079 1258 2116 στρατιωτῶν
1284 2078 1375 2113 σχεδον
1396 2079 1506 2108 πάντες.
1531 2076 1674 2102 Ἐντεῦθεν
1700 2076 1739 2107 ὼς
1767 2075 1839 2109 τηλι-

1043 2126 1146 2153 κούτων
1162 2125 1308 2161 συμφορῶν
1318 2125 1404 2151 αἴτιον
1416 2124 1480 2150 ὄντα
1493 2123 1671 2153 Μακεδόνων,
1680 2122 1776 2148 πολλοὶ
1789 2121 1838 2146 τῶν

1043 2171 1201 2206 ἐπιτηδείων
1217 2171 1381 2206 ἐμέμφοντο.
1397 2170 1598 2204 ’Λποστραφεὶς
1616 2169 1645 2195 δὲ
1667 2169 1717 2195 καὶ
1732 2170 1747 2195 ὸ
1763 2169 1837 2203 βατι-

1043 2217 1124 2248 λεὺς,
1139 2217 1230 2243 οὐκέτι
1259 2215 1343 2249 ὑγιῶς
1368 2215 1435 2250 πρὸς
1461 2214 1542 2241 αὐτὸν
1567 2211 1652 2248 εἶχεν.
1676 2213 1838 2247 Ἐπεγένετο

1043 2262 1096 2296 γὰρ
1112 2262 1158 2288 καὶ¹
1183 2260 1302 2296 μείζονος
1320 2260 1467 2296 ἀπεχθείας
1484 2260 1621 2295 πρόφασις
1642 2259 1747 2286 τοιάδε*
1762 2260 1837 2286 Κων-

1044 2308 1182 2334 σταντίνου
1205 2307 1250 2333 τοῦ
1280 2305 1488 2341 βασιλεύσαντος
1515 2305 1564 2338 τὴν
1596 2305 1684 2340 θήκην
1714 2305 1836 2331 ἐϐούλετο

1045 2353 1211 2383 Μακεδόνιος
1228 2351 1340 2387 ἑτέρωθι
1368 2352 1536 2386 μεταφέρειν.
1554 2351 1678 2377 Ἠπείλει
1692 2351 1749 2386 γὰρ
1768 2350 1835 2376 πτῶ-

1045 2406 1085 2424 σιν
1099 2399 1113 2424 ὁ
1136 2398 1238 2432 ταύτην
1254 2397 1398 2424 καλύπτων
1421 2396 1503 2428 οἶκος.
1525 2397 1578 2424 Τοῦ
1603 2396 1632 2423 δὲ
1655 2396 1733 2427 λαοῦ,
1750 2397 1774 2422 οἱ
1788 2396 1833 2431 μὲν

809 2559 943 2587 V'ALESII
960 2560 1234 2601 ANNOTATIONES.

246 2629 303 2665 (t5)
316 2630 435 2662 Μόνους
446 2629 522 2657 εἶναι
537 2630 671 2664 τούτους.
684 2630 732 2658 llic
743 2638 853 2665 quoque
866 2636 995 2666 transpo-

208 2664 263 2700 sita
280 2669 342 2691 sunt
368 2666 513 2698 vocabula,
539 2673 599 2700 quae
615 2666 642 2692 in
665 2666 738 2700 hunc
753 2664 870 2693 modum
885 2664 993 2694 restitui

209 2699 310 2735 debent.
325 2708 331 2726 :
348 2700 393 2735 Μὴ
408 2700 516 2732 ἱκανούς
531 2699 561 2726 τε
579 2700 676 2735 μόνους
686 2699 755 2727 εἶναι
768 2702 830 2733 τοὺς
848 2702 993 2735 ἐκκλησια-

212 2734 320 2766 στικοὺς
338 2734 449 2767 τούτους
469 2734 644 2762 ἀπελαύνειν.
670 2735 720 2762 Ubi
748 2736 929 2763 ecclesiastici
951 2737 994 2763 di-

211 2774 312 2796 cuntur
326 2771 418 2797 clerici
435 2771 638 2797 Catholicorum
652 2779 658 2796 :
675 2770 786 2803 τούτους
809 2778 875 2797 vero
893 2771 994 2797 intelli-

229 2812 274 2840 ere
289 2809 395 2838 oportet
417 2805 584 2832 Novatianos
602 2805 732 2840 degentes
748 2807 774 2834 in
793 2806 988 2840 Paphlagonia.

229 2812 274 2831 ere
289 2811 395 2838 oportet
417 2811 584 2832 Novatianos
602 2811 635 2832 de
654 2811 732 2833 entes
748 2811 774 2834 in
795 2811 986 2840 Paphlagonia.

211 2811 323 2867 glotabit
358 2841 447 2868 obiter
475 2840 617 2868 studiosus
638 2814 726 2868 ΙΙίαςιοι·
765 2841 986 2877 iurisdictionem

1044 2632 1165 2670 episcopi
1177 2633 1486 2667 Constantinopolitani,
1501 2641 1563 2668 quae
1573 2635 1607 2662 ad
1618 2634 1824 2670 Paphlagoniam

1044 2676 1130 2702 usque
1147 2668 1276 2703 jamitum
1299 2669 1522 2702 protendehatnr.

1079 2703 1134 2737 (Ml
1154 2702 1274 2736 Πλῆθος
1289 2704 1451 2745 γενόμενοι.
1462 2704 1673 2745 _()_missam_hic

1043 2745 1149 2774 vocem,
1167 2745 1230 2774 qua:
1245 2739 1365 2772 suppleri
1382 2743 1470 2773 potest
1488 2739 1540 2765 hoc
1559 2739 1640 2765 modo
1658 2749 1663 2766 :
1678 2739 1714 2774 Τὸ
1727 2740 1780 2774 γὰρ
1797 2740 1824 2764 ὲκ

1043 2773 1202 2808 Μαντινείου
1215 2773 1327 2805 πλῆθος,
1348 2773 1414 2807 ὁμοῦ
1434 2774 1588 2808 γενόμενοι,
1612 2777 1666 2800 etc.
1688 2773 1736 2801 Vel
1757 2773 1824 2800 certe

1043 2807 1158 2845 delenda
1171 2812 1213 2835 est
1228 2816 1277 2835 vox
1301 2808 1453 2843 γενόμενοι,
1481 2816 1564 2843 quam
1588 2817 1637 2837 nec
1660 2809 1822 2845 Nicephorus

1043 2843 1176 2877 agnoscit.

1711 2709 1737 2731 ut
1742 2713 1757 2730 0
1771 2711 1824 2731 esse
