1899 3077
38 158 121 186 “77

523 160 688 198 IIISTOBIA
708 160 989 190 ECCLESIASTICA.
1010 178 1043 182 -—
1062 161 1125 190 LIB.
1146 163 1188 191 IV.

1617 163 1686 192 “78

35 211 99 242 ὧδε
127 216 252 251 γενέσθαι
270 217 437 253 συνεχώρουν
459 227 464 233 ·
482 219 506 245 οἱ
528 219 556 246 δὲ
583 221 715 255 ἀντεῖχον,
740 221 846 247 ἀνόσιον

903 222 983 250 rioris
994 223 1049 249 odii
1063 230 1145 250 causa
1157 225 1314 250 accesserat
1324 222 1496 256 hujusmodi.
1510 223 1686 251 Constantini
1730 253 1736 259 ,

36 259 120 288 εἶναι
149 263 294 298 ἡγούμενοι
308 284 315 296 ,
332 264 379 291 καὶ
405 264 445 299 τῷ
468 264 623 300 ἀνορύττειν
655 267 757 301 ὅμοιον.
780 266 847 293 Συν--

36 308 238 344 ελαμϐάνοντο
249 309 277 336 δὲ
290 310 395 342 τούτοις
409 310 455 337 καὶ
470 311 494 337 οἱ
503 311 532 337 τὴ
546 311 634 346 δόγμα
642 312 690 346 τῆς
706 313 734 338 ἐν
744 312 847 346 Nimia}

37 354 165 381 συνόδου
187 355 393 390 πρεσόεύοντες,
412 357 480 392 μήτε
502 356 660 392 ὑϐρίζεσθαι
676 356 846 384 Κωνστοιντί-

36 407 92 425 νου
109 400 144 426 τὸ
158 400 237 435 σῶμα
246 399 284 433 ὡς
293 401 420 435 ὁμοδόξου
434 401 601 437 ἀνεχόμενοι,
616 403 662 429 καὶ
675 403 845 438 Μακεδονίῳ,

36 444 264 481 οἶμαι,ὲναντεοι
280 446 349 474 εἶναι
367 447 573 480 σπουδάζοντες.
590 449 658 475 Ἀλλ’
670 450 684 475 ὁ
700 449 749 483 μὲν
765 449 847 484 μηδὲν

39 492 186 527 μελήσας,
205 493 368 528 μετεκόμισε
389 493 437 529 τὴν
453 493 539 528 θήκην
565 495 605 525 εἰς
621 494 669 530 τὴν
688 495 846 530 ἐκκλησίαν,

39 536 75 573 ἐν
126 537 258 563 Ἀκακίου
284 537 331 564 τοῦ
363 537 502 573 μάρτυρός
519 539 593 565 ἐστιν
613 540 626 564 ὁ
649 538 743 572 τάφος.
766 539 802 564 Τὸ
819 539 848 565 δὲ

39 581 165 616 πλῆθος,
179 582 204 608 οἱ
218 582 267 618 μὲν
287 582 318 608 τὸ
335 582 445 617 γεγονὸς
461 582 637 614 ἐπαινοῦντες
649 603 657 616 ,
670 584 694 609 οἱ
721 583 760 615 δὲ,
776 591 847 618 μεμ-

40 627 79 661 φά
85 634 177 661 μενοι,
189 628 248 654 κατ’
257 627 340 662 αὐτὴν
350 628 398 663 τὴν
409 628 556 663 ἐκκληςίαν
569 629 607 660 εἰς
622 629 751 665 ἀλλήλους
765 628 847 664 ἐτρά-

42 682 156 709 πησαν.
185 673 239 700 Καὶ
263 673 458 707 τελευτῶντες,
480 675 561 701 αὐτόν
584 684 614 701 τε
636 675 681 701 τὸν
703 675 847 711 εὐκτήριον

40 717 124 744 οἷκον
151 719 260 746 καὶτὸν
284 719 362 754 πέριξ
380 719 466 754 χῶρον
483 720 608 755 αἱμάτων
629 721 675 747 καὶ
692 721 778 755 φόνων
802 722 846 748 ἐν-

41 763 184 799 έπλησαν.
199 765 227 790 'U
240 764 268 790 δὲ
286 765 412 799 βασιλεὺς
426 764 466 791 ἔτι
483 765 584 800 διάγων
599 766 627 792 ἐν
643 767 675 801 τῇ
691 767 758 802 πρὸς
772 766 848 793 δύσιν

41 811 201 847 ἀρχομένῃ,
217 811 279 838 τάδε
296 811 388 846 μαθὼν
405 812 566 847 ἐχαλέπαινε
578 821 584 828 ·
601 814 647 840 κει)¹
661 814 699 846 ὡς
717 814 847 849 ὑϐρισμέ-

41 865 94 882 νου
111 857 161 883 τοῦ
177 857 278 893 πατρὸς
288 879 294 890 ,
307 859 354 884 καὶ
365 858 419 886 τῶν
432 859 497 894 περὶ
510 859 555 886 τὸν
568 859 632 886 λαιὸν
650 860 845 896 ἀτυχημάτων,

41 902 186 936 ὲπῃτιᾶτο
203 901 377 935 Μακεδόνων,
395 904 442 929 καὶ
453 904 493 939 ¹δι’
504 905 589 940 ὀργῆς
611 902 667 939 εἶχε
677 914 684 920 θ
699 905 845 940 βουλευσά-
860 902 881 928 Β

44 954 136 980 μενος
146 946 175 972 δὲ
194 947 241 982 τὴν
255 948 311 974 Ἕω
326 948 499 981 καταλαϐεῖν,
511 949 599 984 εἴχετο
609 950 658 984 τῆς
675 949 745 976 ὁδοῦ.
755 951 845 976 Μετα-

42 992 239 1029 καλεσάμενος
250 994 278 1020 δὲ
294 994 435 1022 Ἰουλιανὺν
451 995 506 1031 (15)
521 996 566 1022 τὸν
583 996 701 1031 ἀνεψιὸν,
717 996 845 1031 Καίσαρα

43 1039 216 1074 κατέστησε,
230 1040 276 1067 καὶ
293 1041 332 1072 εἰς
343 1041 406 1073 τοὺς
419 1042 486 1077 πρὸς
498 1041 573 1069 δύσιν
595 1042 718 1074 Γαλάτας
736 1042 844 1076 πέπομ-

43 1093 110 1111 ωεν.

898 266 1072 302 imperatoris
1097 275 1187 295 arcam
1212 268 1266 295 alio
1293 267 1447 296 transferre
1465 269 1575 296 volebat
1598 267 1688 295 Mace-

897 312 1006 340 donius.
1036 312 1120 341 Aﬂdcs
1137 314 1211 340 enim
1234 313 1281 341 illa
1307 314 1335 340 in
1356 321 1409 348 qua
1433 321 1499 341 arca
1526 317 1584 341 erat
1605 320 1687 348 repo-

898 359 960 391 sita,
978 359 1087 386 ruinam
1112 359 1281 386 minabatur.
1306 359 1346 387 Ex
1360 360 1441 394 plebe
1459 367 1533 391 vero,
1551 359 1597 386 alii
1616 362 1644 385 ut
1661 358 1687 385 id

898 404 976 431 ﬁeret
990 405 1199 432 consentiebant
1216 413 1222 431 :
1239 405 1286 432 alii
1309 411 1404 433 contra
1428 405 1613 436 obsistebant,
1637 404 1687 431 im-

897 451 972 486 pium
1002 450 1028 477 id
1053 451 1163 478 facinus
1193 451 1399 484 existimantes,
1424 459 1476 479 nec
1496 460 1577 479 secus
1606 458 1637 478 ac
1662 450 1687 477 si

898 496 1021 524 tumulus
1036 495 1210 523 eﬂ‘oderetur.
1228 495 1276 524 llis
1307 502 1398 524 autem
1424 505 1485 525 sese
1501 497 1687 530 adiunxerunt

899 542 916 569 ii
946 542 994 577 qui
1021 541 1138 570 Nicaznae
1162 542 1259 577 synodi
1286 542 1440 570 doctrinam
1473 543 1684 578 sequebantur:

897 589 944 624 qui
973 595 1024 616 nec
1050 595 1154 623 corpus
1177 587 1350 616 Constantini
1379 589 1477 616 violari
1502 589 1684 619 sustinebant,

897 638 992 668 utpote
1007 634 1055 668 qui
1075 633 1200 667 ejusdem
1226 641 1288 660 cum
1312 633 1379 668 ipsis
1403 633 1500 662 fuisset
1522 633 1684 661 sententiae:

897 683 923 707 et
946 678 1116 711 Macedonio,
1137 683 1166 705 ut
1190 678 1317 713 equidem
1333 679 1441 713 opinor,
1464 679 1602 706 adversari
1628 682 1686 705 stu-

897 726 1009 754 debant.
1026 725 1126 753 Verum
1143 725 1190 753 ille
1203 726 1243 753 nil
1258 731 1417 758 cunctatus,
1439 733 1531 753 arcam
1545 725 1686 753 transtulit

898 772 931 798 ad
955 771 1096 799 basilicam
1124 771 1199 797 illam
1225 770 1251 797 iu
1276 778 1330 805 qua
1352 770 1509 805 sepulcrum
1529 773 1570 797 est
1592 769 1685 796 Acacii

897 817 1037 852 martyris.
1070 816 1150 843 Plebs
1175 823 1242 843 .vero
1271 816 1298 842 in
1321 815 1391 843 duas
1414 819 1505 850 partes
1535 815 1632 846 divisa,
1658 814 1693 844 hi,

897 860 1000 888 factum
1016 861 1212 896 approbantes,
1231 860 1270 887 illi
1286 865 1381 888 contra
1395 859 1638 895 reprehendentes,
1658 859 1688 886 in

897 907 954 941 ipsa
971 906 1084 934 basilica
1102 907 1234 934 adversus
1259 914 1290 934 se
1307 911 1402 934 mutuo
1430 906 1580 933 irruerent.
1598 903 1688 938 Ipsam‘

898 951 1017 986 denique
1031 951 1178 978 ecclesiam
1190 956 1217 978 et
1233 951 1322 978 vicina
1338 951 1399 978 loca
1415 949 1548 985 sanguine
1561 956 1592 975 ac
1606 947 1687 975 caedi-

898 995 949 1023 bus
965 995 1181 1029 compleverunt.
1193 995 1344 1030 Imperator
1357 1003 1434 1029 vero,
1449 995 1495 1030 qui
1509 995 1536 1021 in
1551 994 1687 1022 Occiden-

898 1042 933 1068 tis
951 1041 1076 1075 partibus
1090 1041 1180 1068 adhuc
1196 1041 1368 1074 morabatur,
1385 1042 1428 1069 his
1450 1041 1552 1068 auditis
1568 1040 1687 1075 graviter

897 1091 1050 1115 commotus
1064 1091 1107 1115 est
1123 1096 1129 1114 :
1146 1090 1174 1114 et
1193 1088 1387 1115 contumeliam
1403 1087 1490 1123 patris
1508 1087 1561 1119 sui,
1581 1085 1686 1120 plebis-

43 1139 103 1165 que
120 1132 304 1160 miserabilem
324 1133 429 1162 cladem
445 1135 606 1162 Macedonio
626 1139 778 1170 tmputans,
798 1133 932 1161 adversus
948 1134 1023 1161 illum
1035 1135 1194 1163 excanduit.
1226 1135 1351 1171 Cumque
1380 1135 1414 1163 ad
1447 1134 1566 1162 Orientis
1595 1138 1685 1167 partes

44 1184 166 1212 pergere
182 1178 358 1210 decrevisset.
372 1180 468 1207 statim
487 1181 540 1207 iter
561 1181 689 1216 arripuit.
715 1181 748 1208 Et
779 1180 922 1208 Julianum
961 1181 1114 1215 patruelem
1151 1181 1185 1208 ad
1206 1189 1236 1210 se
1260 1181 1437 1214 accersitum,
1460 1181 1596 1209 Caesarem
1620 1185 1688 1206 eon-

44 1225 156 1258 stituit,
176 1231 258 1261 atque
274 1226 301 1253 in
317 1227 420 1255 Gallias
436 1228 543 1256 misit‘.

348 1275 473 1303 ΚΕΦΑΛ.
489 1277 551 1303 ΚΒ¹.

175 1319 244 1353 Περὶ
261 1321 316 1354 τῆς
335 1321 370 1347 ἐν
392 1323 554 1357 Σελευκείᾳ
580 1323 724 1351 συνόδου.

90 1363 138 1391 Ἐν
153 1364 241 1400 τούτῳ
252 1366 279 1392 δὲ
292 1367 316 1393 οἱ
333 1366 386 1394 ἀπὸ
400 1367 449 1402 τῆς
467 1368 524 1394 Ἕω
539 1368 683 1396 ἐπίσκοποι
696 1369 766 1404 ἀμφὶ
783 1369 846 1396 ἑκα-

46 1409 95 1435 τὸν
117 1409 167 1436 καὶ
191 1409 323 1445 ἑξήκοντα
348 1411 435 1444 ὄντες,
456 1413 496 1443 εἰς
517 1412 679 1439 Σελεύκειαν
693 1413 742 1448 τὴν
770 1412 845 1447 παρὰ

53 1455 192 1490 Ἰσαύροις
206 1456 344 1491 συνῆλθον.
355 1458 433 1490 Ἔτος
445 1459 474 1484 δὲ
491 1456 525 1493 ἦν
538 1460 566 1485 ἐν
582 1455 604 1493 ᾧ
615 1459 747 1486 ὑπάτευεν
759 1459 845 1485 Εὐσέ-

47 1501 109 1533 ϐιός
130 1510 163 1528 τε
185 1502 231 1529 καὶ
252 1503 379 1536 Ὑπάτιος
393 1509 411 1523 ιιι
430 1513 436 1519 -
460 1504 632 1540 συνεληλύθει
649 1505 677 1531 δὲ
693 1505 784 1536 αὐτοῖς
799 1505 846 1531 καὶ

48 1548 174 1580 Αεωνᾱς,
186 1549 200 1575 ὁ
217 1549 246 1575 ὲν
265 1549 398 1584 ἀξιώματι
417 1550 551 1586 λαμπρῶς
573 1552 602 1577 ἐν
629 1552 685 1583 τοῖς
700 1550 846 1585 βαᾳιλείοις

50 1594 278 1628 στρατευόμενος.
293 1596 340 1626 Ὃς
351 1596 382 1622 ἐκ
393 1596 602 1631 προστάγματος
611 1596 799 1623 Κωνσταντίου
811 1596 843 1630 τῇ

1190 1274 1267 1303 CAP.
1289 1273 1373 1302 XXII.

1117 1320 1155 1347 De
1171 1319 1331 1348 Seleuciensi
1345 1321 1467 1348 concilia.

930 1365 1035 1393 Interea
1053 1372 1116 1392 vero
1132 1364 1286 1392 Orientales
1305 1365 1430 1399 episcopi
1446 1369 1557 1392 centum
1575 1365 1687 1394 circiter

895 1419 927 1439 ae
946 1412 1099 1446 sexaginta,
1127 1409 1280 1438 Seleuciam
1299 1410 1408 1438 Isauriae
1424 1418 1577 1439 convenere
1585 1412 1606 1438 ¹.
1631 1411 1688 1440 An-

896 1465 948 1484 nus
964 1457 1009 1483 hic
1024 1460 1083 1484 erat
1099 1464 1153 1490 quo
1168 1455 1305 1484 Eusebius
1320 1459 1347 1483 ct
1363 1456 1496 1491 Hypatius
1513 1457 1686 1484 consulatum

897 1507 1052 1537 gesserunt.
1073 1502 1151 1538 163
1169 1502 1327 1530 Advenerat
1348 1510 1432 1537 porro
1459 1511 1515 1530 una
1542 1511 1606 1531 cum
1632 1504 1687 1531 illis

897 1548 1018 1581 Leonas,
1037 1548 1083 1583 qui
1112 1547 1255 1582 splemlido
1281 1548 1396 1583 quodam
1423 1548 1511 1575 oﬂicio
1534 1548 1560 1576 in
1586 1549 1688 1584 palatio

897 1594 1074 1630 fungebatur.
1115 1594 1202 1627 Quem
1236 1594 1345 1629 quidem
1388 1595 1536 1629 imperator
1569 1595 1688 1623 concilio

50 1638 158 1674 συνόδῳ
171 1640 272 1674 παρῆν,
296 1639 365 1666 ὥστε
392 1642 435 1668 ἐπ’
451 1642 533 1668 αὑτοῦ
559 1642 686 1676 γενέσθαι
712 1642 761 1677 τὴν
781 1643 846 1678 περὶ

908 1644 1031 1668 nteresse
1056 1640 1160 1668 idcirco
1175 1640 1308 1674 jusserat,
1326 1644 1355 1667 ut
1369 1647 1402 1667 eo
1426 1643 1560 1674 praesente
1584 1640 1618 1666 de
1639 1641 1688 1667 do-

50 1684 99 1712 mi}
113 1685 248 1720 δόγματος
263 1686 364 1713 πίστιν.
382 1687 476 1722 Παρῆν
490 1687 517 1714 δὲ
529 1688 575 1714 καὶ
588 1689 747 1724 Λαυρίκιος,
765 1689 780 1714 ό
793 1689 847 1715 τῶν

53 1730 231 1765 στρατιωτῶν
249 1731 305 1757 τοῦθ
316 1731 409 1763 ἔθνους
432 1732 555 1767 ἡγεμὼν,
579 1733 606 1759 εἴ
627 1741 653 1759 τι
677 1733 730 1759 δέοι
759 1741 848 1768 παρα·

53 1775 216 1801 σκευάσων·
236 1775 383 1811 ὑπουργεῖν
403 1777 457 1812 γὰρ
474 1777 548 1812 αὐτῷ
564 1777 694 1812 βασιλέως
717 1778 848 1804 ἐπέταττε

52 1823 219 1858 γράμματα..
235 1824 313 1851 Κατὰ
325 1824 354 1851 δὲ
365 1824 410 1851 τὸν
430 1825 537 1861 πρῶτον
550 1825 680 1859 σύλλογον
691 1826 849 1860 ἀπολιμπά-

52 1876 148 1894 νονται
173 1868 262 1902 ἕτεροί
280 1869 309 1894 τέ
325 1877 397 1900 τινες
418 1870 571 1902 ἐπίσκοποι,
591 1871 636 1897 καὶ
656 1871 848 1905 Ποιτρόφιλοςό

51 1912 250 1945 Σκυθοπόλεως
263 1934 270 1944 ,
293 1914 339 1941 καὶ
360 1915 525 1947 Μακεδόνιος
544 1917 558 1943 ὁ
577 1917 781 1942 Κωνσταντίνου
801 1916 849 1942 πό-

52 1958 135 1991 λέως,
150 1959 198 1986 καὶ
215 1959 352 1992 Βασίλειος
363 1962 376 1988 ὁ
391 1961 537 1997 Ἀγκύρας.
552 1962 694 1997 Πρόφασις
710 1962 738 1988 δὲ
753 1961 848 1996 γέγονε

53 2006 110 2036 τοῖς
125 2004 176 2039 μὲν
199 2005 289 2037 ἄλλοις
310 2005 375 2042 ἄλλη
387 2015 394 2022 ·
413 2007 576 2042 Πατροφίλῳ
588 2007 616 2034 δὲ
630 2006 781 2042 ὀφθαλμία,
802 2006 849 2032 καὶ

53 2051 216 2085 Μακεδονιῳ
228 2051 313 2083 νόσος.
334 2052 461 2078 Ύπόνοια
475 2052 502 2078 δὲ
514 2051 546 2087 ἦν
556 2073 562 2084 ,
576 2053 613 2083 ὡς
625 2052 739 2082 δεδιότες
751 2051 850 2086 ἐγκλήο

55 2104 131 2130 ματα
153 2097 323 2131 κατηγόρων,
344 2098 373 2123 οὐ
397 2098 579 2133 παρεγένοντο
601 2098 661 2124 τότε
677 2106 683 2113 ”
700 2105 850 2133 παραιτου-

56 2142 148 2175 μένων
167 2142 195 2176 δὲ
220 2143 274 2168 τῶν
295 2143 382 2170 ἄλλων
397 2144 440 2170 διὰ
464 2143 512 2178 τὴν
529 2144 630 2170 τούτων
651 2144 794 2175 ἀπουσίαν,
811 2143 851 2175 ἑξ-

54 2186 163 2219 ετάζειν
184 2186 218 2213 τὰ
243 2187 457 2222 ἁμφίϐολα,καὶ
479 2187 565 2220 οὕτως
590 2188 715 2215 ἐκέλευσε
740 2189 850 2220 Λεωνᾶς

54 2233 105 2263 τὰς
130 2233 260 2267 ζητήσεις
275 2235 369 2260 κινεῖν.
390 2235 528 2260 Ἐντεῦθεν
549 2235 573 2260 οἱ
599 2234 647 2269 μὲν
666 2234 798 2270 πρότερον
820 2234 850 2260 τὸ

54 2277 147 2313 δόγμα
173 2279 310 2311 ἐξετάζειν
323 2287 329 2294 ⁸
342 2280 366 2305 οἱ
381 2279 409 2305 δὲ
421 2300 427 2312 ,
442 2280 505 2311 τοὺς
531 2280 605 2314 βίους
626 2280 786 2315 ἀνακρίνειν.
796 2279 850 2306 τῶν

897 1687 984 1714 ctrina
1000 1686 1060 1714 lidei
1077 1686 1271 1720 inquireretur.
1293 1686 1397 1713 Aderat
1427 1687 1509 1714 etiam
1527 1685 1686 1715 Lauricius.

897 1732 951 1759 dux
966 1736 994 1759 et
1008 1739 1110 1767 prmses
1127 1732 1285 1767 provinciis,
1312 1733 1334 1760 si
1351 1732 1417 1767 quid
1431 1739 1500 1767 opus
1523 1731 1594 1759 foret
1619 1739 1690 1767 praso

898 1777 1024 1805 stiturus.
1053 1777 1120 1804 Nam
1148 1782 1177 1804 ut
1202 1777 1253 1804 hoc
1279 1777 1432 1804 ministerio
1459 1776 1687 1811 perlungeretur,

898 1823 1046 1857 imperator
1074 1823 1132 1850 suis
1147 1822 1244 1850 litteris
1267 1813 1443 1857 praeceperat.
1459 1822 1552 1849 I’rimo
1576 1830 1690 1850 conses-

898 1876 930 1895 su
942 1888 949 1900 ,
971 1867 1084 1895 abluere
1098 1871 1155 1894 tum
1180 1868 1226 1895 alii
1241 1868 1352 1902 quidam
1371 1868 1505 1902 episcopi,
1523 1872 1578 1894 tum
1594 1867 1690 1901 Patro,-

898 1913 989 1949 philus
1023 1912 1220 1949 Scytliopoleos
1253 1914 1416 1948 cpiscopus,
1449 1917 1476 1940 et
1513 1913 1689 1941 Macedonius

899 1960 1184 1994 Constantinopoleos,
1199 1964 1227 1987 et
1243 1959 1360 1987 Basilius
1375 1960 1498 1994 Ancyrae.
1514 1959 1547 1986 Et
1562 1960 1606 1986 alii
1622 1961 1687 1994 qui-

899 2006 961 2033 dem
986 2006 1068 2032 aliam
1094 2006 1227 2033 absentia:
1245 2013 1301 2033 suae
1330 2013 1442 2033 causam
1470 2005 1687 2040 praetendebant.

899 2050 1074 2086 Patrophilus
1094 2058 1159 2077 vero
1177 2051 1321 2077 oculorum
1334 2050 1466 2082 dolorem,
1492 2050 1617 2077 morbum
1638 2057 1688 2077 au—

900 2101 953 2124 tem
974 2097 1150 2124 Macedonius
1179 2096 1375 2124 causabantur.
1404 2096 1458 2123 Sed
1484 2096 1606 2130 suspicio
1629 2099 1689 2123 erat

900 2151 947 2170 eos
962 2143 1053 2170 dedita
1079 2149 1161 2177 opera
1175 2142 1306 2173 abfuisse.
1331 2149 1366 2169 ne
1381 2142 1417 2169 ob
1435 2141 1551 2169 crimina
1576 2149 1690 2169 accusa-

901 2193 1007 2216 rentur.
1045 2188 1169 2223 Cumque
1198 2188 1288 2216 caeteri
1322 2188 1356 2215 ob
1385 2188 1498 2215 istorum
1536 2187 1688 2215 absentiam

901 2235 1084 2262 detrectarent
1108 2235 1313 2262 controversias
1328 2234 1361 2260 de
1376 2233 1427 2261 [ide
1451 2234 1624 2264 examinare,
1641 2234 1686 2259 ni-

902 2281 1050 2308 hilominus
1065 2281 1149 2314 jussit
1163 2281 1269 2308 Leonas
1286 2284 1315 2307 ut
1330 2280 1496 2315 quaestiones
1510 2280 1689 2314 agitarentur.

56 2325 305 2361 κατηγορουμένων
317 2326 344 2351 ὲν
360 2326 468 2358 αὐτοῖς·
485 2323 522 2353 ὦν
534 2324 567 2362 ἦν
584 2326 717 2361 Κύριλλος
735 2323 847 2361 ’Ῑεροσο-

903 2325 970 2352 Iliuc
990 2326 1036 2352 alii
1060 2325 1170 2361 quidem
1201 2326 1355 2353 doctrinam
1373 2325 1436 2352 ﬁdei
1453 2329 1516 2352 ante
1530 2325 1620 2351 omnia
1641 2332 1690 2351 ex-

55 2370 152 2405 λύμων
165 2391 172 2402 ,
185 2371 231 2397 καὶ
247 2371 395 2403 Εὑστάθιος
409 2373 422 2398 ὁ
438 2372 612 2404 Σεϐαστείας,
628 2372 775 2406 ἀναγκαῖον
793 2371 851 2398 ἔλε-

56 2424 115 2450 γον.
137 2417 276 2451 Πρόφασιν
295 2416 322 2442 δὲ
338 2416 427 2448 αὐτοῖς
445 2418 490 2443 καὶ
505 2417 636 2452 βασιλέως
657 2418 741 2444 ἐδίδου
761 2417 851 2452 γράμς

58 2462 195 2497 ματα,πῆ
220 2462 269 2497 μὲν
294 2462 383 2496 τοῦτο,
399 2463 436 2498 πῆ
459 2463 487 2489 δὲ
514 2464 602 2490 ἐκεῖνο
630 2463 770 2500 δηλοῦντα.
801 2463 848 2490 Ἐκ

103 2539 268 2573 ‘Socr.,lib,
286 2549 315 2573 ιι,
335 2548 360 2568 c.
378 2541 423 2569 54.
462 2542 472 2557 ³
490 2541 580 2576 Soer.,
595 2543 641 2569 lib.
658 2550 688 2574 ιι,
708 2550 733 2570 c.
751 2543 796 2570 39.

902 2372 1058 2398 cutiendam
1078 2379 1139 2399 esse
1167 2372 1297 2399 dixerunt
1316 2381 1322 2398 :
1348 2371 1393 2398 alii
1416 2378 1490 2403 vero,
1509 2371 1689 2405 quaestionem

903 2419 979 2452 prius
996 2418 1146 2445 habendam
1161 2426 1221 2446 esse
1236 2418 1269 2445 de
1284 2418 1338 2444 vita
1354 2425 1385 2444 ac
1403 2417 1525 2444 moribus
1537 2424 1630 2444 eorum
1643 2416 1690 2450 qui

901 2465 974 2491 inter
996 2464 1070 2498 ipsus
1095 2465 1332 2491 accusabantur’:
1363 2471 1396 2490 CX
1428 2469 1546 2498 quorum
1575 2469 1690 2489 numero

663 2620 798 2647 VALESII
818 2619 1093 2648 ANNOTATIONES.

96 2675 154 2710 (15)
170 2676 458 2710 Μετακαλεσάμενος
470 2677 504 2703 δὲ
521 2677 695 2704 Ἰουλιανόν.
712 2676 780 2703 Male
798 2677 850 2703 So-

63 2718 198 2738 zomenus
226 2711 284 2737 haec
306 2711 399 2738 retulit
426 2716 486 2746 post
500 2712 672 2738 Ariminense
686 2712 848 2743 concilium,

65 2745 137 2780 quod
152 2746 320 2773 celebratum
335 2751 377 2774 est
394 2745 466 2774 anno
480 2747 582 2775 Christi
602 2747 654 2774 359
664 2767 671 2778 ,
690 2746 807 2774 Eusebio
824 2751 851 2773 et

905 2677 1021 2711 Hypatio
1046 2675 1362 2713 consuliluis:_‘.l_ulianus
1390 2672 1588 2713 autem_C_zesar
1602 2671 1690 2713 (actus

903 2709 1049 2773 «Em-anno
1074 2710 1177 2738 Chriin
1204 2710 1270 2742 555,
1299 2709 1445 2736 consulatu
1475 2709 1631 2736 Arbetionis
1663 2711 1692 2735 et

928 2755 942 2773 ο
967 2754 1032 2774 iam.
1152 2756 1154 2758 ί

773 2823 966 2851 ἻΜΠΟΒΙῘΜ.

104 2885 125 2898 ⁸ο
141 2883 229 2915 Ἔτος
244 2882 274 2909 δέ
295 2881 331 2917 ἦν
344 2883 377 2909 ἐν
390 2879 412 2916 ᾧ
425 2882 572 2910 ὑπάτευεν
591 2882 736 2915 Eur/“£6161;
758 2890 788 2908 τε
803 2882 848 2908 καὶ

903 2882 1017 2913 ’πάι-ιρις.
1040 2879 1063 2908 Is
1078 2882 1136 2907 erat
1151 2883 1240 2906 annua
1255 2878 1361 2906 Domini
1381 2877 1443 2904 559.
