1899 3077
37 170 104 198 181

496 172 658 201 HISTORIA
678 173 957 203 accncmsnca.
978 192 1011 196 —
1025 176 1088 204 LII].
1111 156 1156 204 tv:

1596 177 1664 204 MSS

26 229 75 254 ι’ιί
102 230 173 264 σφᾶς
190 230 289 262 αὐτοὺς
305 230 355 262 τὰς
376 230 488 263 villain;
505 232 559 259 τῶν
573 234 827 269 κατηγορουμένων.

885 236 954 268 lius,
975 237 1022 272 qui
1042 237 1232 272 superioribus
1253 237 1353 265 diebus
1371 236 1525 265 abfucrant.
1547 236 1664 265 Aeacius

26 273 115 300 Επεὶ
131 274 160 302 δὲ
174 274 273 307 πάντες
289 276 424 311 παρῆσαν,
438 276 540 311 βιϐλίον
552 277 604 314 ἔφη
622 279 731 311 Λεωνᾶς
745 279 829 314 ἔχειν,

33 319 161 347 πιδοθὲν
185 320 262 356 παρὰ
281 320 336 347 τῶν
357 321 428 356 ἀμφὶ
443 321 570 350 ’Λκάκιον
584 332 590 339 ’
604 323 634 350 τὸ
654 324 682 350 δὲ
692 344 699 356 ,
713 325 829 357 πίστεως

26 362 57 398 ιν
86 366 185 400 γραφὴ
206 366 254 392 σὺν
270 366 404 402 προοιμίῳ
421 367 473 394 τινί
484 376 490 384 ³
502 368 549 395 καὶ
563 369 626 400 τοὺς
637 369 735 401 ἄλλους
749 370 829 397 ἐλάν-

26 411 128 437 ιανεν.
147 409 234 438 Ἐκὼν
250 411 305 446 γὰρ
318 410 397 437 τοῦτο
409 412 456 439 καὶ
471 413 581 444 Λεωνᾶς
595 413 782 449 ἀπεκρύψατο,
795 412 831 440 τὰ

26 456 168 483 Δκακίου
184 457 301 492 φρονῶν.
317 458 359 489 Ὡς
368 458 396 484 δὲ
413 457 581 494 ἀνεγνώσθη,
593 459 707 494 ϐορύὸου
723 459 831 495 πλήρης

26 503 32 527 i
50 503 195 537 σύλλογος
214 504 454 540 γέγονεν.Ἑδήλου
467 504 531 541 γὰρ,
542 505 580 536 ὡς
601 496 732 540 βασιλέως
747 514 831 541 προσ-

26 547 172 581 τάξαντος
191 549 275 585 μηδὲν
291 550 448 584 ἐπεισάγειν
465 551 497 586 τῇ
515 551 604 577 πίστει
625 551 701 586 παρὰ
725 551 775 582 τὰς
792 551 830 577 ίε-

26 593 86 625 »ὰς
104 594 230 630 Γραφὰς,
245 595 410 631 ἐπαγόμενοι
423 605 494 628 τινες
505 597 567 628 τοὺς
580 596 788 632 καθῃρημένους
799 597 832 624 ὲκ

26 639 175 675 Βιαφόρων
196 640 298 671 ἐθνῶν,
315 641 362 668 καὶ
387 642 448 673 τοὺς
476 642 643 678 παρανόμως
665 642 832 674 ἐπισκόπους

26 686 240 720 καταστάντας,
257 687 392 723 ἐτάραξαν
408 688 458 722 τὴν
481 688 604 715 σύνοδον·
623 689 670 716 καὶ
695 689 759 720 τοὺς
781 689 831 724 μὲν

26 732 129 760 αὐτῶν
140 733 253 768 ὕϐρισαν
263 742 270 749 ·
285 734 348 765 τοὺς
360 734 388 760 δὲ
401 734 490 761 λαλεῖν
500 734 530 760 οὐ
544 734 744 770 συνεχώρησαν.
758 736 832 768 Σφᾱς

26 777 71 809 δὲ,
84 779 140 813 τὴν
153 778 312 807 ἐκτεθεῖσαν
325 781 416 807 πίστιν
426 781 455 807 ὲν
463 780 613 816 Ἀντιοχείᾳ
625 780 662 816 μὴ
671 781 831 815 ἀποφυγεῖν,

26 825 52 851 εἱ
72 826 128 852 καὶ
141 826 209 861 πρὸς
223 825 271 861 τὴν
292 826 352 853 τότε
369 826 510 862 συμϐᾶσαν
521 827 645 862 ζήτησιν,
657 827 681 853 οἱ
694 827 833 853 συνελθόν-

26 880 79 903 τες
97 872 190 899 ἐκεῖσε
200 872 302 908 ταύτην
318 872 366 908 τὴν
380 873 488 908 γραφὴν
502 873 693 908 εἰσηγήσαντο.
710 872 788 900 Ἐπεὶ
804 872 832 899 δὲ

26 916 60 943 τὸ
97 917 254 953 ὸμοούσιον,
275 918 322 945 καὶ
339 919 370 945 τὸ
388 918 556 954 ὁμοιοούσιον
578 918 662 945 εἰσέτι
690 918 737 945 νῦν
767 918 831 945 πολ-
846 908 868 935 Β

26 962 100 994 λοὺς
117 963 241 998 θορυϐεῖ,
258 963 360 999 ἀρτίως
384 964 414 991 δὲ
435 965 607 999 καινοτομεῖν
631 972 705 995 τινες
728 964 832 999 ἐπιχει-

26 1009 119 1045 ροῦσι
135 1009 166 1036 τὸ
181 1010 305 1045 ἀνόμοιον
329 1009 376 1036 τοῦ
394 1010 459 1037 Υιοῦ
483 1009 551 1045 πρὸς
567 1010 612 1037 τὸν
635 1009 744 1045 Πατέρα
757 1017 764 1024 ·
788 1009 833 1037 διὰ

26 1055 119 1083 τοῦτο
149 1055 180 1082 τδ
196 1055 244 1091 μὲν
272 1056 414 1091 ὁμοούσιον
434 1056 524 1083 καὶτὸ
544 1046 712 1091 ὀμοιοούσιον
731 1055 832 1082 ἐκϐάλ-

26 1101 95 1128 λειν
112 1101 216 1137 χρεὼν,
230 1101 268 1133 ὡς
288 1101 426 1137 ἀλλότριον
440 1101 556 1137 Γραφῶν
567 1109 573 1117 ·
588 1101 791 1137 ἀποκηρύττειν
804 1101 832 1128 δὲ

26 1146 63 1172 τὴ
90 1146 220 1181 ἀνόμοιον
230 1155 236 1161 ·
253 1146 283 1173 τὸ
296 1146 324 1173 δὲ
333 1147 425 1182 ὅμοιον
444 1147 510 1174 Υἱοῦ
536 1147 604 1183 πρὸς
616 1147 725 1182 Πατέρα
740 1146 834 1181 σαφῶς

26 1191 191 1226 ὁμολογεῖν.
209 1192 285 1219 Ἐστι
300 1193 365 1228 γὰρ,
379 1192 416 1225 ὥς
432 1192 481 1219 πού
493 1201 558 1228 φησι
572 1192 677 1224 Παῦλος
690 1194 704 1219 ό
718 1192 834 1219 ἀπόστο-

26 1236 94 1268 λος,
115 1235 199 1263 εἰκὼν
212 1237 258 1263 τοῦ
273 1237 390 1272 ἀοράτου
403 1237 482 1264 Θεοῦ.
501 1237 596 1265 Ταῦτα
613 1238 834 1272 προοιμιασάμε-

26 1291 87 1314 νοι,
103 1282 171 1317 ἑξῆς
192 1282 311 1314 πίστεως
332 1283 501 1318 ὲπισυνῆψαν
520 1283 639 1319 γραφὴν,
654 1283 724 1318 μήτε
734 1284 792 1315 τοῖς
805 1284 835 1310 ἐν

27 1329 155 1364 Νικαίᾳ,
171 1329 240 1364 μήτε
253 1330 309 1361 τοῖς
326 1330 355 1356 ὲν
377 1329 526 1365 Ἀντιοχείᾳ
543 1329 634 1362 δόξασι
650 1330 815 1365 συνᾴδουσαν
825 1337 832 1344 ·

28 1373 96 1400 ἀλλ’
106 1373 203 1406 ἁπλῶς
212 1373 282 1400 οὕτω
296 1375 491 1410 συγκειμένην,
502 1375 539 1406 ὡς
548 1375 666 1406 καὶτοὺς
675 1374 709 1401 τὰ
716 1374 822 1409 ’Δρείου

29 1421 84 1447 καὶ
97 1419 135 1446 τὰ
143 1420 245 1446 Ἀετίου
256 1420 420 1456 φρονοῦντας
432 1421 513 1456 μηδὲν
524 1421 610 1447 δοκεῖν
626 1420 834 1456 ἁμαρτάνειν,ει

30 1466 85 1492 καὶ
103 1462 155 1492 ὧδε
178 1466 344 1493 πιστεύουσι.
365 1466 593 1502 Παραδραμόντες
606 1467 660 1502 γὰρ
672 1466 707 1494 τὰ
716 1466 836 1500 ὀνόματα

30 1513 68 1539 δι’
87 1508 128 1539 ὧν
146 1512 196 1547 τὴν
217 1513 322 1548 Ἀρείου
345 1512 422 1546 δόξαν
446 1513 621 1540 ἐκϐάλλουσιν
640 1514 665 1540 οἱ
681 1513 710 1540 ὲν
733 1512 836 1548 Νικαίᾳ

33 1557 229 1590 συνελθόντες·
242 1558 428 1594 σιωπήσαντες
441 1559 469 1585 δὲ
483 1560 529 1586 καὶ
538 1559 575 1591 ὡς
587 1559 764 1591 ἀναλλοίωτός
776 1560 835 1586 ἐστι

32 1604 89 1639 τῆς
103 1603 231 1639 Οεὸτητος
245 1605 259 1631 ὁ
273 1604 347 1638 Υἱὸς,
363 1605 458 1637 οὐσίας
470 1614 498 1632 τε
512 1606 560 1632 καὶ
585 1605 681 1641 βουλῆς
695 1606 741 1632 καὶ
755 1606 835 1632 δυνὰ-

35 1657 117 1685 μεως
131 1649 178 1676 καὶ
191 1649 269 1685 δόξης
284 1649 493 1685 ἀπαράλλακτος
509 1650 590 1676 εἰκὼν
601 1650 647 1677 τοῦ
663 1651 778 1686 Πατρὸς,
792 1648 836 1677 οἷα

35 1697 71 1730 τῇ
101 1696 130 1722 εν
149 1695 300 1732 ’Δντιοχείᾳ
319 1696 419 1731 συνόδῳ
444 1696 569 1732 εἴρηται·
592 1697 770 1732 ὡμολόγησαν
790 1706 837 1723 πι-

37 1740 151 1768 στεύειν
177 1742 218 1772 είς
240 1741 359 1777 Πατέρα,
379 1743 520 1769 πιστεύειν
536 1742 564 1769 δὲ
577 1743 625 1769 καὶ
641 1743 679 1774 είς
699 1743 745 1769 τὸν
773 1743 836 1769 Υίὸν

35 1787 89 1813 καὶ
103 1787 135 1813 τὸ
156 1787 234 1821 ἆγιον
251 1787 372 1822 Πνεῦμα.
393 1787 451 1822 Ἐφ’
474 1788 580 1823 ἑκάστῳ
592 1788 620 1815 δὲ
634 1788 769 1820 ἐπιθέτοις
783 1788 838 1814 ὀνό-

38 1842 111 1868 μασι
136 1835 237 1865 κοινοῖς
250 1843 305 1861 τισι
325 1834 503 1870 χρησάμενοι,
521 1834 538 1861 ἃ
561 1835 629 1870 μήτε
647 1835 748 1866 αὐτοῖς,
767 1834 837 1870 μήτε

36 1882 98 1912 τοῖς
125 1880 236 1907 ὲναντία
257 1880 412 1912 δοξάζουσιν
436 1880 580 1916 ἐμάχοντο.
602 1881 664 1912 τοὺς
681 1880 769 1911 ἄλλως
792 1889 837 1906 πι-

39 1925 190 1957 στεύοντας
208 1925 363 1961 ἀλλοτρίους
388 1927 437 1962 τῆς
460 1926 573 1954 καθόλου
591 1926 754 1960 Ἐκκλησίας
770 1925 837 1961 ἑψη-

39 1973 170 2007 φίσαντο.
195 1972 290 2000 Τοιάδε
311 1973 360 2008 μὲν
381 1972 413 1999 τὺ
435 1973 511 2008 παρὰ
536 1974 632 2000 Λεωνᾶ
653 1973 836 2008 προκομισθὲν

41 2018 150 2053 βιϐλίον
165 2020 315 2054 περιεῖχεν,
346 2019 392 2045 ὑπ’
412 2019 496 2046 αὑτοῦ
515 2019 543 2046 δὲ
566 2020 694 2046 Ἀκακίου
713 2020 769 2054 (19)
791 2020 838 2046 καὶ

39 2064 96 2092 τῶν
109 2063 187 2099 αὐτῷ
200 2064 366 2100 πειθομένων
379 2065 635 2100 ὑπογεγραμμένον.
649 2065 726 2092 Μετὰ
743 2065 771 2092 δὲ
788 2065 838 2101 τὴν

40 2109 142 2136 τούτου
154 2110 315 2144 ἀνάγνωσιν,
323 2110 478 2145 ἀναϐοήσας
490 2112 642 2147 Σωφρόνιος
650 2112 663 2138 ὁ
673 2112 837 2146 Παφλαγὼν,

42 2156 74 2182 El.
90 2155 122 2182 τὸ
148 2156 267 2191 ἑκάστης
281 2157 399 2192 ἡμέρας,
413 2157 478 2193 ἔφη,
496 2158 563 2185 ἰδίαν
580 2147 840 2194 ὲκτίθεσθαιχβούλη-

43 2210 98 2233 σιν,
113 2201 235 2234 πίστεώς
260 2203 335 2230 ἐστιν
357 2203 465 2235 ἐκθεσις
477 2224 484 2236 ,
501 2203 633 2239 ἐπιλείψει
656 2205 731 2238 ἡμᾶς
749 2205 766 2240 ἡ
789 2204 839 2239 τῆς

880 290 945 310 vero
961 286 988 310 et
1006 283 1052 317 qui
1071 283 1104 310 ab
1120 283 1196 311 illius
1215 283 1339 318 partibus
1357 284 1484 316 stabant,
1506 284 1533 310 in
1552 290 1669 311 conses~

880 336 940 355 sum
954 329 1049 356 venire
1062 333 1240 361 recusarunt,
1256 330 1309 357 nisi
1322 330 1399 364 prius
1412 330 1534 365 episcopi
1549 329 1583 356 ab
1596 329 1665 364 ipsis

880 374 998 409 depositi
1016 375 1196 409 accusatique
1207 394 1215 406 ,
1232 382 1248 402 e
1262 375 1381 402 concilio
1396 376 1602 410 egrederentur.
1621 374 1666 402 ld-

880 427 933 455 que
949 420 985 446 ita
1001 420 1104 447 factum
1118 424 1170 447 est.
1187 420 1255 447 Nam
1269 421 1315 455 qui
1329 429 1361 448 ex
1376 422 1462 449 altera
1479 427 1556 456 parte
1570 425 1664 453 erant,

881 465 907 492 id
928 465 986 493 fieri
1006 465 1209 500 permiserunt,
1233 474 1295 493 cum
1321 467 1511 494 existimarent
1534 466 1665 494 Acacium

880 511 951 539 banc
966 511 1134 539 dissolvendi
1151 512 1260 539 concilii
1277 514 1452 541 occasionem
1469 516 1595 547 captare,
1611 519 1666 546 quo

880 561 908 584 et
933 557 1047 584 ha‘resis
1070 556 1142 584 Aelii
1168 557 1321 584 imminenti
1346 557 1466 585 examini
1488 558 1667 584 subtrahere-

881 605 937 633 tur,
954 605 981 629 et
997 601 1049 636 ipsi
1071 601 1250 636 quaestionem
1264 602 1298 630 de
1313 603 1474 630 criminibus
1490 610 1606 637 quorum
1622 610 1668 629 ar-

881 649 1074 679 cessebantur,
1105 648 1268 682 effugerent.
1292 648 1441 683 Postquam
1469 649 1591 676 universi
1619 648 1669 675 ad-

882 693 977 726 fuere,
995 693 1101 721 Lconas
1117 694 1237 721 libellum
1265 701 1295 721 se
1321 694 1422 721 habere
1444 694 1514 720 dixit
1536 694 1668 720 traditum

881 741 916 768 ab
928 739 1083 767 Acacianis.
1100 739 1165 766 Erat
1181 739 1227 779 bie
1242 740 1353 766 libellus
1364 759 1372 770 ,
1391 739 1509 766 formula
1528 739 1587 766 fidei
1605 746 1667 765 cum

882 786 1015 821 prooemio
1023 785 1140 820 quodam
1150 794 1158 819 ;
1168 785 1250 820 idque
1257 789 1370 812 αξιοι-οε
1377 792 1472 811 omnes
1481 784 1590 810 latebat.
1600 783 1668 809 Nam

882 837 908 859 et
919 831 1026 859 Leonas
1037 832 1108 858 idem
1124 839 1185 858 cum
1200 832 1302 858 Aeaeio
1317 831 1441 858 sentiens
1451 850 1459 862 ,
1471 837 1532 857 eum
1548 829 1668 856 libellum

883 876 917 904 de
933 877 1069 904 industria
1090 876 1118 903 in
1137 876 1245 904 occulto
1261 876 1401 903 habuerat.
1422 875 1474 902 Ubi
1490 882 1554 901 vero
1571 874 1671 901 recita-

883 927 927 950 tus
946 926 989 950 est
1009 922 1117 950 libellus
1131 942 1137 953 ,
1157 923 1254 956 ingens
1274 921 1301 948 in
1320 925 1457 948 conventu
1477 921 1670 955 episcoporum

883 968 1016 995 tumultus
1031 967 1147 995 exstitit.
1160 966 1384 993 lndieabatenim
1396 966 1441 992 hic
1456 965 1565 992 libellus
1584 964 1668 999 quod.

883 1021 945 1041 cum
957 1013 1107 1048 imperator
1118 1013 1249 1047 jussiSSet
1261 1020 1296 1039 ne
1309 1012 1375 1047 quid
1389 1012 1450 1039 novi
1464 1015 1560 1046 prattcr
1575 1017 1670 1037 sacras

884 1058 1041 1092 Seripturas
1062 1059 1090 1085 in
1110 1058 1189 1085 ﬁdem
1213 1058 1401 1088 inveheretur,
1427 1056 1554 1084 nonnulli
1579 1060 1670 1082 tamen

852 1121 855 1134 ,
883 1103 1008 1131 adductis
1021 1111 1113 1131 secum
1127 1103 1266 1138 episcopis
1279 1110 1313 1130 ex
1328 1103 1412 1129 variis
1426 1101 1586 1137 provinciis,
1602 1107 1672 1135 quo-

883 1157 944 1177 rum
962 1149 1008 1176 alii
1027 1149 1142 1184 depositi
1160 1149 1283 1180 fuerant,
1296 1149 1343 1175 alii
1360 1156 1425 1175 vero
1441 1147 1582 1182 illegitime
1597 1146 1670 1173 ordi-

885 1196 940 1223 nati
954 1217 961 1229 ,
974 1196 1121 1223 concilium
1137 1195 1346 1230 perturbassent
1362 1201 1369 1221 :
1384 1198 1411 1221 et
1426 1193 1496 1220 alios
1512 1191 1623 1227 quidem
1637 1199 1671 1218 ex

884 1242 953 1277 ipsis
979 1241 1145 1269 contumelia
1172 1241 1350 1273 effecissent;
1379 1241 1449 1267 alios
1475 1243 1565 1266 autem
1594 1237 1671 1272 loqui

884 1288 1101 1322 prohibuissent.
1122 1286 1158 1314 Se
1177 1294 1259 1321 porro
1279 1285 1358 1313 fidem
1384 1285 1537 1312 Antiochiae
1560 1284 1672 1318 exposi-

885 1337 941 1359 tam
957 1340 1010 1359 non
1028 1332 1189 1367 repudiare,
1209 1332 1272 1359 licet
1290 1331 1329 1358 illi
1349 1331 1394 1365 qui
1421 1335 1476 1357 ttnn
1498 1331 1524 1357 in
1548 1337 1580 1357 ea
1605 1329 1672 1356 urbe

885 1377 1043 1412 congregati
1061 1381 1143 1409 sunt,
1161 1380 1272 1411 propter
1287 1376 1466 1411 quaestionem
1482 1378 1548 1401 tttnc
1567 1372 1673 1401 excita-

885 1427 957 1455 tam,
981 1430 1041 1450 eam
1064 1422 1210 1449 formulam
1233 1421 1419 1449 condiderint.
1446 1420 1581 1448 Cmterum
1601 1425 1672 1454 quo-

887 1470 961 1497 niam
990 1469 1049 1497 haec
1075 1469 1209 1496 vocabula
1230 1468 1413 1495 bomoousion
1433 1471 1461 1494 et
1481 1466 1673 1494 liomwousion

886 1517 987 1543 multos
999 1516 1149 1543 etiamnum
1164 1515 1323 1546 turbarent,
1337 1518 1363 1541 et
1376 1513 1486 1548 quidam
1499 1512 1581 1547 paulo
1593 1515 1674 1538 antea

848 1574 870 1603 ο
886 1562 1142 1590 dissimilitudinem
1158 1560 1220 1588 Filii
1236 1568 1298 1587 cum
1320 1559 1401 1587 Patrc
1421 1559 1553 1586 inducere
1572 1557 1673 1592 coepist-

887 1611 965 1641 sent,
984 1607 1090 1634 idcirco
1103 1615 1150 1635 eas
1173 1614 1254 1634 voces
1274 1605 1456 1633 bomoousion
1476 1609 1503 1631 et
1529 1604 1674 1630 homoton—

887 1654 946 1680 sion
959 1673 966 1685 ,
983 1656 1113 1688 tanquam
1130 1652 1235 1679 alienas
1260 1660 1274 1679 a
1295 1652 1383 1679 sacris
1405 1649 1574 1686 Scripturis,
1598 1647 1676 1682 rejici

886 1703 1034 1733 oportere;
1066 1704 1211 1724 anommon
1239 1704 1302 1724 vero
1324 1695 1564 1723 condemnandum
1590 1700 1673 1721 esse:

886 1749 914 1771 ct
937 1743 1054 1769 similem
1079 1741 1154 1768 Patri
1178 1741 1277 1768 Filium
1301 1745 1395 1776 aperte
1411 1739 1608 1767 confitendum.
1628 1737 1676 1764 Est

887 1789 959 1815 enim
971 1808 978 1819 ,
992 1792 1022 1815 ut
1037 1787 1139 1814 Paulus
1158 1787 1300 1822 apostolus
1325 1787 1426 1813 alicubi
1443 1786 1510 1812 dicit
1532 1785 1541 1800 ¹
1554 1805 1561 1817 ,
1586 1784 1676 1818 imago

888 1834 934 1862 Dei
951 1834 1106 1861 invisibilis:
1124 1832 1187 1860 Haec
1199 1832 1324 1867 praefati,
1341 1832 1402 1859 lidci
1419 1823 1563 1858 formulam
1579 1834 1674 1864 postea

888 1880 1057 1915 subjiciunt,
1074 1887 1124 1906 nec
1139 1887 1200 1906 cum
1215 1878 1331 1905 Nicmme
1342 1899 1348 1910 ,
1361 1886 1411 1905 nec
1425 1884 1487 1904 cum
1498 1876 1676 1903 Antiocheam

890 1926 1008 1954 decretis
1033 1924 1273 1952 consentientem:
1297 1923 1344 1951 scd
1367 1923 1406 1950 ita
1430 1922 1542 1949 omnino
1564 1927 1677 1955 compo-

889 1974 968 2000 sitam
981 1992 988 2004 ,
1014 1975 1043 1998 ut
1067 1977 1156 2005 neque
1169 1970 1263 1997 Ariani
1277 1989 1284 2002 ,
1300 1977 1390 2004 neque
1405 1967 1511 1995 Aetiani
1526 1966 1677 2001 quidquam

888 2024 1002 2052 peccare
1017 2016 1068 2044 sibi
1082 2016 1251 2046 viderentur,
1268 2015 1332 2042 sieo
1344 2013 1424 2040 modo
1435 2013 1590 2040 crederent.
1604 2011 1677 2037 Prae-

889 2063 1027 2091 termissis
1049 2063 1122 2090 enim
1148 2061 1290 2088 vocabulis
1311 2060 1412 2095 quibus
1433 2058 1537 2085 Niczeni
1562 2055 1676 2084 concilii

888 2109 985 2137 Patres
1006 2109 1039 2136 ad
1065 2107 1244 2143 rejiciendam
1269 2107 1327 2133 Arii
1353 2105 1509 2141 opinionem
1539 2107 1672 2131 utuntur:

889 2157 999 2184 omissis
1010 2156 1089 2183 etiam
1101 2154 1135 2182 iis
1145 2162 1205 2189 quae
1227 2154 1262 2181 ab
1279 2153 1451 2180 Antiocltena
1465 2150 1569 2187 synodo
1580 2149 1677 2176 dicun-

890 2207 945 2236 tur,
970 2201 1071 2229 Filium
1095 2201 1201 2229 scilicet
1221 2200 1324 2227 dcitate
1345 2198 1542 2226 immutabilem
1557 2203 1635 2229 esse,
1649 2199 1678 2222 et

43 2246 179 2283 ἀληθείας
196 2246 332 2282 ἀκρίϐεια.
350 2248 567 2284 ’ἰσχυριζομένου
584 2249 612 2276 δὲ
629 2249 768 2281 Ἀκακίου,
786 2257 838 2284 μη-

889 2249 1060 2281 substantiae,
1077 2247 1196 2280 consilii,
1212 2245 1325 2275 virtutis
1339 2249 1366 2273 et
1383 2245 1475 2280 gloriae
1491 2244 1585 2271 Patris
1605 2243 1679 2270 ima-

42 2292 87 2319 δὲν
116 2292 235 2319 κωλύειν
264 2293 361 2330 ἑτέραν
384 2294 604 2329 ὑπαγορευθῆναι
630 2295 757 2330 γραφὴν,
781 2293 838 2328 εἴγε

43 2337 120 2370 ἅπαξ
146 2337 193 2364 καὶ
205 2338 222 2373 ή
237 2338 266 2365 ἐν
281 2338 384 2374 Νικαίςι
406 2339 496 2371 πίστις
515 2341 693 2376 μετεποιήθη,
710 2342 756 2367 καὶ
770 2340 840 2375 μετὰ

44 2383 133 2410 ταῦτα
155 2383 285 2415 πολλάκις
300 2391 309 2399 ⁸
333 2383 478 2412 ὑπολαδὼν
492 2385 629 2417 Ἑλεύσιυς
641 2385 709 2421 (20),
733 2385 803 2412 Ἀλλ’
819 2386 835 2422 ἡ

81 2465 92 2482 ³
109 2467 219 2496 Coloss.
238 2476 258 2500 ι,
273 2468 316 2496 15.

888 2295 996 2330 ginem,
1022 2294 1097 2321 nulla
1117 2294 1145 2320 in
1165 2301 1196 2320 re
1215 2293 1441 2326 discrepantem:
1464 2289 1587 2317 confessi
1614 2292 1678 2317 sunt

889 2347 919 2366 se
942 2339 1056 2366 credere
1075 2339 1103 2365 in
1126 2337 1255 2370 Patrem,
1280 2336 1394 2363 credere
1419 2335 1483 2362 item
1508 2334 1536 2360 in
1561 2332 1677 2363 FiliumI

891 2384 971 2421 165
987 2392 1019 2412 ac
1028 2383 1162 2420 Spiritum
1171 2381 1359 2412 sanctum.Ad
1373 2380 1497 2416 singulas
1512 2383 1605 2407 autetn
1616 2384 1679 2414 per-

632 2542 765 2572 VALESII
784 2540 1059 2571 ANNOTATIONES.

84 2603 146 2636 (l9)
164 2603 230 2630 ’Υπ’
252 2604 345 2631 αὑτοῦ
360 2603 394 2630 δὲ
411 2603 562 2631 ’Δκακίοω
587 2601 769 2629 Scribendnm
787 2605 839 2632 est,

49 2637 94 2665 ὑπ’
115 2639 200 2665 αὐτοῦ
216 2647 245 2665 τε
265 2639 403 2671 Ἀκακίου,
417 2643 489 2671 etc.;
511 2643 574 2665 ante
603 2637 662 2664 haec
684 2637 765 2663 verba
792 2643 841 2670 po-

49 2674 141 2700 nenda
165 2679 209 2701 est
225 2674 432 2702 subdistinctio.
449 2673 535 2700 Porro
557 2674 615 2700 haec
643 2672 761 2699 formula
777 2671 841 2698 fidei

50 2709 84 2735 ab
97 2709 206 2746 AAcacio
221 2709 304 2746 edita,
320 2709 437 2746 habetur
450 2709 524 2746 apud
542 2706 768 2746 l‘lpipbaniunrin
783 2706 849 2733 Ine:

50 2744 104 2771 resi
125 2744 388 2777 Semi-arianorum,
406 2744 507 2771 additis
517 2743 675 2770 nominibus
695 2743 840 2775 episcopo-

51 2786 112 2806 rum
136 2780 183 2814 qui
200 2780 226 2806 ei
247 2778 371 2807 formulae
384 2779 624 2814 subscripserunt.

85 2810 151 2847 (2οῘ
176 2814 232 2841 Καὶ
260 2814 336 2847 μετὰ
366 2814 460 2841 ταῦτα
497 2810 649 2845 πολλάκις
680 2810 842 2847 ὑπολαϐὼν

58 2850 227 2882 Ἐλεύσιος.
260 2846 323 2877 Post
347 2857 442 2877 vocem
467 2849 596 2879 πολλάκις
623 2846 784 2882 apponenda
800 2850 841 2872 est

52 2885 145 2913 media
157 2881 310 2914 distinctio.
329 2885 396 2912 utin
415 2884 540 2913 versione
558 2891 616 2912 mea
630 2881 692 2911 feci.
714 2881 753 2908 Ita
767 2885 840 2908 certe

891 2600 955 2635 legit
970 2597 1212 2635 Nicephorumqui
1224 2597 1297 2635 hunc
1311 2595 1456 2635 Sozomeni
1471 2594 1676 2635 locitm_sic‘cx:

891 2627 1016 2670 ptfcssit:
1038 2627 1069 2661 Ὅ
1093 2634 1122 2660 δὲ
1144 2627 1272 2670 ’ᾼκάκιος
1292 2630 1540 2670 ίΑσχυρίζετοιμηδξν
1555 2627 1630 2670 εἶναι.
1645 2629 1677 2670 τὸ

891 2664 1017 2706 ἐμποδὼν
1033 2669 1129 2706 ἑτέραν
1140 2668 1230 2695 πίστιν
1246 2664 1377 2706 εζσὰγέιν]
1394 2664 1606 2706 ὲπεὶζκαθρπαῆξ
1648 2665 1676 2706 ἐξ

889 2698 995 2738 Νικαίᾳ
1013 2698 1105 2735 πίστὶς
1127 2698 1318 2738 μετεποιήθη,’
1330 2702 1377 2728 καὶ
1394 2702 1444 2735 οὺχ
1460 2699 1550 2738 ὄιποιξ,
1564 2699 1631 2738 ana
1646 2698 1679 2738 δῇ

891 2741 936 2767 καὶ
948 2733 1223 2771 πολλάκιςξΡὺεειιυι
1239 2733 1321 2765 etiam
1345 2738 1402 2763 haec
1419 2733 1512 2766 verba,
1535 2734 1581 2760 καὶ
1608 2733 1678 2771 μετᾲ

893 2775 980 2801 ταῦτα
997 2767 1140 2805 πολλᾶκις,
1167 2773 1247 2800 aliter
1264 2772 1400 2802 construi,
1417 2775 1448 2797 ut
1475 2767 1630 2797 referantur
1647 2767 1680 2794 ad

893 2818 925 2837 ea
943 2818 1004 2844 quae
1019 2812 1232 2845 praecesserunt.
1253 2808 1350 2845 έτέραν
1375 2805 1594 2845 ὑπαγορευθῆναι
1610 2811 1681 2845 γρα-

894 2839 958 2880 φήνῖ
974 2839 1062 2878 Atque
1078 2844 1114 2870 ita
1131 2844 1208 2880 locus
1223 2843 1276 2880 erit
1293 2839 1440 2880 vertendus
1458 2839 1596 2880 {Cumque
1609 2839 1681 2880 affir-

894 2875 976 2907 ιὶιὶινει
991 2875 1102 2908 Acutius
1119 2879 1184 2906 nihil
1203 2878 1306 2905 obstare
1325 2876 1464 2910 quominus
1482 2880 1539 2907 post
1558 2875 1682 2900 immuta.-
