1899 3077
62 142 138 170 “93

548 139 711 168 IIISTOIIIA
733 140 1009 169 ECCLESIASTICA.
1030 156 1064 161 ›-
1083 140 1148 168 LIB.
1167 141 1212 169 Π,

1623 144 1691 172 ιιθι

56 199 190 235 ἑκατέρῳ
200 199 367 234 χειροτονίαν
381 199 490 226 ἔλυσαν.
503 199 564 226 Ἐκπὶ
578 200 683 232 τούτοις
698 199 775 233 αὖθις
794 210 854 227 συν-

909 203 964 237 ipse
989 202 1136 230 multorum
1159 201 1305 229 criminum
1323 209 1395 235 reus,
1422 205 1512 230 tamen
1528 201 1611 237 iudex
1630 209 1684 233 esst

57 246 200 278 ελοόντες,
212 245 373 280 καθαιροῦσι
390 245 516 273 Σιλσανὸν
529 246 573 272 τὸν
582 246 689 281 Ταρσοῦ
700 247 856 280 ἐπίσκοπον,

57 291 113 318 καὶ
124 291 187 325 Σωφ
192 290 278 326 ρόνιον
292 290 337 317 τὸν
347 291 598 326 Πομπηϊουπόλεως
604 293 653 327 τῆς
664 293 856 328 Παφλαγόνων,

66 337 207 364 Ἐλπιδιόν
221 346 251 364 τε
268 337 313 365 τδν
328 338 466 372 Σατάλων,
483 339 530 366 καὶ
549 340 645 367 Νέωνα
661 340 705 367 τὸν
721 342 749 367 ὲν
764 341 857 368 Σελευ-

58 384 128 419 κείᾳ
141 384 193 418 τῆς
213 383 359 420 ’1σαυρὶας.
374 384 505 412 Καθεῖλον
524 385 551 412 δὲ
568 386 706 419 Σιλὸανὸν,
722 386 759 418 ὡς
776 387 858 423 ἀρχη-

57 430 112 463 γὸν
127 429 274 464 γενόμενον
295 429 423 461 ἀπονοίας
434 430 489 461 τοῖς
504 430 602 463 ἄλλοις,
624 430 653 457 ἐν
668 439 697 457 τε
714 431 858 467 Σελευκείᾳ

58 475 111 502 καὶ
139 474 443 502 Κωνσταντινουπόλει·
474 476 522 502 καὶ
553 475 680 510 Θεόφιλον
703 476 857 511 προστάντα

56 521 114 556 τῆς
127 522 157 548 ἐν
180 520 372 552 Κασταϐάλοις
392 521 566 556 Ἐκκλησίας,
594 521 874 557 ἘλευθερουιττόλεωςΔ

59 567 216 594 ἐπίσκοπον
231 565 454 601 χειροτονηθέντα
475 566 606 602 πρότερον
629 566 703 602 παρὰ
726 567 778 593 τῶν
795 567 856 593 ἐπι-

61 612 177 639 σκόπων
193 611 386 646 Παλαιστίνης,
407 611 455 637 καὶ
476 611 681 647 ὲπομοσάμενον
697 612 771 647 παρὰ
788 612 857 646 γνώ-

61 666 122 693 μην
135 658 231 693 ἑτέραν
247 657 284 693 μὴ
300 657 450 684 ὑπεισιέναι
468 657 633 693 ἐπισκοπὴν.
651 658 802 693 Σωφρόνιον
816 658 854 690 δὲ,

59 705 103 736 ὡς
117 705 287 731 πλεονεκτεῖν
296 704 343 730 καὶ
353 703 518 738 καπηλεύειν
530 704 719 740 ἐπιχειροῦντα.
730 705 764 731 τὰ
774 713 856 739 προσ-

60 751 205 786 φερόμενα
223 751 256 786 τῇ
280 749 438 785 Ἐκκλησία,
461 750 507 776 καὶ
537 750 606 785 μετὰ
628 749 724 785 κλῆσιν
745 749 856 785 πρώτην

58 797 112 823 καὶ
126 795 265 830 δευτέραν,
278 793 372 830 ἐπειδὴ
386 794 462 829 μόλις
475 795 625 830 ἀπήντησε,
641 795 678 830 μὴ
691 795 856 830 ἐθελήσαντα

59 842 133 877 παρ’
161 841 252 872 αὐτοῖς
282 839 502 875 ἀπολογήσασθαι
529 840 597 875 πρὸς
626 839 660 866 τὰ
685 839 854 876 ἐγκλήματα,

59 888 135 918 ἀλλὰ
151 888 213 918 τοὺς
221 886 319 920 ἔξωθεν
345 886 482 922 αἱρεῖσθαι
498 886 638 918 δικαστάς.
659 885 755 913 Νέωνα
769 886 807 918 δὲ,
818 887 855 919 ὡς

59 934 113 961 ἐπὶ
124 934 174 969 τῆς
192 933 259 964 ιδίας
275 932 422 967 ἐκκλησίας
440 932 629 959 σπουδάσαντα
650 931 783 958 Ἀννιανὺν
800 940 856 966 χει-

59 979 244 1015 ροτονηθῆναι
256 978 312 1014 (57)
336 977 494 1013 Ἀντιοχέων
516 977 681 1004 ἐπίσκοπον·
707 977 754 1003 καὶ
777 977 856 1003 ἀπει-

61 1034 131 1061 ρους
145 1025 222 1057 τινὰς
236 1024 315 1060 ἱερῶν
342 1024 457 1059 Γραφῶν
482 1024 529 1050 καὶ
553 1023 661 1058 Θεσμῶν
683 1023 854 1058 Ἐκκλησίας,

58 1075 276 1110 ἀπερισκέπτως
288 1072 510 1111 πολιτευομένους
523 1072 602 1103 ὂντας
613 1071 680 1107 (58),
690 1072 854 1104 ἐπισκόπους

60 1120 291 1154 καταστήσαντα-⁸
304 1118 329 1144 οἳ
343 1116 413 1152 μετὰ
434 1116 519 1142 ταῦτα
535 1115 683 1151 χρημάτων
698 1115 794 1151 κτῆσιν
808 1117 856 1150 τῆς

61 1166 218 1202 ἱερωσύνης
250 1163 451 1198 προῦτίμησαν,
467 1162 514 1188 καὶ⁹
529 1162 675 1196 ἐγγράφως
693 1162 794 1188 εἵλοντο
808 1162 856 1193 τὰς

59 1210 159 1241 οὐσίας
176 1209 282 1245 ἔχοντες
309 1208 486 1241 λειτουργεῖν,
512 1207 528 1241 ἦ
555 1206 616 1241 δίχα
632 1205 733 1232 τούτων
749 1207 856 1232 ἐπισκο-

61 1258 138 1283 πεῖν.
151 1256 202 1281 Τὸν
213 1255 242 1281 δὲ
266 1254 411 1286 Ἐλπίδιον,
426 1251 463 1283 ὡς
473 1252 601 1287 βασιλείῳ
615 1252 661 1278 ἐπὶ
673 1253 778 1286 ταραχῇ
793 1261 857 1286 συμ-

62 1303 193 1339 μίξαντα,
205 1301 251 1327 καὶ
260 1300 418 1336 καθηγητὴν
431 1299 574 1333 γενόμενον
588 1297 711 1329 ἀταξίας·
723 1299 769 1324 καὶ
783 1299 858 1332 παρὰ

62 1349 98 1376 τὰ
115 1348 229 1380 δόξαντα
244 1348 278 1382 τῇ
302 1348 330 1373 ὲν
355 1345 484 1380 Μελιτίνῃ
504 1343 602 1379 συνόδῳ
618 1349 644 1376 ιι,
664 1343 792 1370 East-5mm
811 1343 859 1378 μὲν

61 1394 149 1429 ἄνδρα
160 1392 349 1429 καθῃρημένον
370 1389 570 1425 πρεσϐυτερείῳ
586 1390 857 1423 ἀποκαταστήσαντα

61 1438 221 1474 Νεκταρίαν
230 1438 258 1464 δέ
266 1445 327 1464 τινα
334 1436 378 1463 διὰ
387 1445 423 1462 πα
429 1435 558 1470 ραῧάσεις
567 1434 708 1469 συνθηκῶν
717 1434 763 1460 καὶ
772 1435 860 1468 ὅρκων

62 1481 249 1517 ἀκοινώνητον
272 1481 421 1515 γενομένην
438 1500 444 1512 ,
468 1478 605 1510 διακονίας
624 1477 792 1511 ἀξιώσαντα,
823 1479 860 1514 μὴ

906 248 996 280 vellet,
1013 251 1039 274 et
1052 248 1120 275 alios
1131 248 1275 275 haereticos
1292 248 1452 283 appellaret.
1472 247 1609 275 Eleusium
1625 257 1684 275 VCI’I

907 294 1011 321 idcirco
1035 294 1236 329 deposuerunt,
1268 294 1341 330 quod
1368 294 1523 322 Ileraclium
1547 294 1691 329 quemdam

910 340 990 375 170
1004 341 1090 374 patria
1109 340 1287 376 Tyrium,qui
1304 340 1402 368 ﬂamen
1420 341 1546 369 Herculis
1561 341 1617 367 illic
1630 340 1691 367 fuc-

907 389 968 417 rat,
994 389 1021 412 et
1043 390 1188 413 accusatus
1208 386 1344 420 maleficii,
1360 390 1442 422 atque
1456 387 1490 414 ob
1508 386 1534 413 id
1555 385 1691 422 perquisi-

907 435 962 463 tus,
982 429 1088 465 fugiens
1104 430 1233 466 Cyzicum
1251 438 1280 458 se
1299 435 1449 466 receperat,
1468 435 1570 459 temere
1585 432 1618 458 ad
1635 431 1692 458 dia-

907 480 1036 503 conatum
1058 477 1251 511 promovisset,
1264 485 1325 505 cum
1341 477 1365 504 is
1380 477 1566 505 Christianam
1581 477 1692 512 religio-

907 529 968 549 nem
988 530 1018 549 se
1034 522 1124 549 colere
1138 522 1298 556 simularet;
1322 530 1439 558 cumque
1458 523 1535 550 illum
1555 523 1691 558 ejusmodi

906 575 968 595 esse
986 571 1078 602 postea
1097 567 1248 600 didicisset,
1265 576 1326 595 eum
1342 574 1431 596 tamen
1446 569 1480 596 ab
1495 569 1615 596 Ecclesia
1638 568 1690 595 mi-

906 613 980 640 nime
1003 613 1181 648 prtecidissct.
1206 613 1272 641 Item
1301 615 1374 649 quod
1402 615 1551 642 nonnullos
1580 622 1594 641 a
1622 613 1691 641 Mari

906 657 1087 685 Chalcedonis
1107 658 1247 693 episcopo,
1268 659 1313 692 qui
1337 658 1419 685 etiam
1438 658 1502 685 huic
1522 658 1625 694 synodo
1649 658 1691 684 in-

906 703 1012 735 terfuit,
1026 703 1234 735 condemnatos,
1255 711 1319 730 cum
1339 703 1467 738 Cyzicum
1481 704 1630 735 venissent,
1647 704 1691 730 iii-

906 750 1030 777 consulte
1051 750 1244 778 ordinavisset.
1266 748 1428 777 Ileortasius
1443 753 1534 776 autem
1559 749 1621 776 ideo
1635 749 1692 776 dis-

907 795 1015 822 cinctus
1043 798 1105 828 est,
1123 795 1198 829 quod
1219 795 1323 829 absque
1344 802 1480 822 consensu
1502 795 1692 829 episcoporum

906 839 997 875 Lydiae
1021 840 1109 867 factus
1132 845 1204 868 esset
1226 840 1421 868 Sardianorum
1441 841 1596 876 episcopus.
1626 839 1692 866 Dra-

909 887 1031 913 continm
1047 894 1110 913 vero
1126 886 1323 922 Pergamenum
1337 887 1398 914 ideo
1415 886 1610 920 deposuerunt,
1620 885 1692 920 quod

909 931 936 958 in
961 931 1068 958 Galatia
1093 932 1170 966 prius
1199 932 1386 966 episcopatum
1412 932 1552 966 gessisset.
1575 930 1694 957 Proinde

909 981 1054 1010 utramque
1071 977 1284 1009 ordinationem,
1301 981 1393 1012 utpote
1415 976 1594 1011 illegitimam,
1617 975 1694 1002 infir-

909 1026 1029 1049 marunt.
1054 1021 1120 1050 Post
1143 1023 1200 1050 bam
1214 1023 1311 1050 iterum
1325 1023 1532 1054 convenientes,
1551 1021 1693 1049 Silvanum

909 1068 1049 1104 deponunt
1064 1069 1223 1104 episcopum
1243 1068 1334 1102 Tarsi,
1350 1074 1377 1096 et
1404 1069 1589 1104 Sophronium
1610 1067 1694 1095 Pom-

908 1115 1044 1151 peiopolis
1066 1116 1093 1142 in
1117 1115 1323 1151 Paphlagonia;
1348 1114 1486 1149 Elpidium
1504 1115 1566 1142 item
1588 1114 1695 1141 Satalo-

907 1169 980 1194 rum,
1002 1165 1028 1189 et
1053 1160 1174 1188 Neonam
1197 1162 1355 1196 episcopum
1376 1161 1508 1188 Seleuciae
1530 1161 1557 1187 in
1576 1160 1693 1187 Isauria.

907 1208 946 1234 Ac
962 1206 1104 1234 Silvanum
1117 1206 1227 1242 quidem
1245 1206 1445 1242 deposuerunt,
1464 1211 1605 1242 propterea
1621 1206 1693 1241 quod

908 1252 1026 1279 vesaniae
1041 1255 1136 1279 auctor
1152 1259 1184 1279 ac
1196 1252 1313 1287 signifer
1329 1252 1435 1279 caeteris
1459 1251 1621 1282 exstitisset.
1637 1255 1694 1278 tum

910 1296 1051 1330 Seleuciae,
1071 1301 1126 1325 tum
1141 1297 1377 1333 Constantinopoli
1393 1319 1400 1330 ,
1421 1301 1447 1325 et
1473 1297 1546 1332 quod
1562 1297 1695 1325 Castaba-

909 1340 978 1369 lensi
1002 1341 1131 1369 Ecclesia
1149 1341 1330 1377 Theophilum
1344 1342 1488 1377 quemdam
1513 1341 1693 1376 praefecisset,

910 1388 955 1422 qui
971 1388 1047 1423 prius
1060 1388 1093 1415 ab
1108 1389 1244 1423 episcopis
1269 1388 1509 1415 Palaestinensibus
1532 1387 1695 1415 Eleuthero-

910 1434 982 1469 polis
1006 1435 1150 1470 episcopus
1178 1426 1265 1462 fuerat
1298 1435 1458 1468 ordinatus,
1484 1435 1696 1469 juramentoque

911 1487 972 1508 sese
988 1480 1184 1512 obstrinxerat,
1200 1489 1339 1516 nunquam
1361 1489 1391 1508 se
1407 1481 1489 1508 alium
1507 1481 1695 1516 episcopatum

65 1528 150 1564 μετὸν
164 1528 232 1562 αὐτῇ
247 1527 328 1561 τιμῆς
343 1525 414 1552 κατὰ
427 1525 489 1556 τοὺς
502 1524 601 1559 νόμους
615 1523 665 1558 τῆς
693 1523 854 1559 Εκκλησίας.

913 1530 1103 1561 suscepturum
1117 1526 1221 1561 absque
1234 1527 1341 1554 illorum
1351 1534 1498 1554 consensu.
1511 1526 1695 1561 Sophronium

64 1584 133 1604 vero
149 1576 323 1608 abdicarunt,
340 1578 470 1609 tanquam
492 1580 615 1605 avarum,
632 1576 658 1599 et
676 1572 722 1607 qui
746 1580 790 1600 res
803 1572 933 1600 Ecclesia:
957 1574 1064 1602 oblatas
1083 1575 1210 1607 vendere,
1244 1579 1271 1602 et
1304 1574 1330 1602 in
1364 1578 1498 1610 quaestum
1531 1581 1609 1602 suum
1636 1581 1697 1601 ver-

66 1629 126 1651 tere
152 1627 315 1651 conaretur:
337 1626 364 1649 et
379 1624 524 1656 propterea
543 1619 615 1655 quod
631 1625 694 1654 post
712 1619 858 1647 secundam
880 1628 912 1648 ac
928 1622 1037 1648 tertiam
1054 1622 1224 1649 vocationem
1238 1629 1309 1656 aegre
1333 1629 1506 1656 comparens,
1541 1620 1574 1648 de
1605 1621 1697 1647 crimi-

65 1671 149 1698 nibus
168 1669 220 1697 sibi
238 1669 320 1695 illatis
337 1675 448 1695 causam
464 1666 535 1701 apud
553 1666 629 1700 ipsos
645 1665 736 1692 dicere
748 1666 895 1698 noluisset,
928 1666 976 1694 scd
998 1670 1145 1695 extraneos
1177 1667 1283 1702 judices
1318 1667 1454 1702 elegisset.
1491 1666 1612 1694 Neonam
1633 1674 1697 1694 vero

66 1715 130 1745 ideo
155 1716 355 1751 deposuerunt,
390 1712 464 1747 quod
490 1715 520 1738 ut
560 1711 704 1739 Annianus
740 1711 969 1740 Antiochensium
995 1712 1141 1748 episcopus
1175 1713 1203 1740 in
1223 1720 1271 1740 sua
1291 1712 1413 1739 Ecclesia
1440 1712 1623 1744 ordinaretur,
1647 1712 1698 1738 im-

65 1771 153 1802 pense
181 1760 351 1790 studuisset,
384 1764 411 1786 ct
439 1758 512 1793 quod
541 1757 689 1785 nonnullos
713 1764 853 1784 sacrarum
876 1757 1081 1792 Scripturarum
1105 1762 1133 1786 et
1156 1759 1285 1787 Ecclesia:
1307 1758 1396 1793 legum
1431 1760 1539 1794 penitus
1575 1758 1694 1793 ignaros,

66 1818 129 1839 cum
156 1807 320 1836 decuriones
346 1809 448 1837 essent,
468 1803 671 1830 inconsiderate
703 1803 846 1838 episcopos
878 1804 1043 1832 ordinasset.
1068 1804 1120 1837 Qui
1143 1808 1236 1840 postea
1256 1812 1336 1839 opum
1363 1812 1475 1831 suarum
1495 1804 1695 1839 possessionem

67 1843 223 1884 sacerdotio
245 1852 444 1887 praetulerunt,
474 1850 632 1884 scriptoque
655 1849 750 1876 testati
780 1854 845 1877 sunt
880 1851 963 1877 malle
999 1858 1028 1878 se
1053 1851 1124 1878 bona
1160 1858 1209 1878 sua
1235 1851 1378 1878 retinendo
1400 1850 1515 1885 publicis
1538 1850 1697 1878 muneribus

67 1902 156 1938 fungi,
172 1908 255 1937 quam
268 1899 348 1928 bonis
362 1898 420 1926 suis
434 1901 543 1930 exutos,
569 1897 756 1932 episcopatum
783 1905 889 1933 gerere.
909 1897 1044 1933 Elpidium
1057 1897 1176 1932 denique
1192 1897 1406 1930 abdicarunt,eo
1417 1897 1489 1932 quod
1502 1896 1535 1924 ad
1549 1896 1695 1923 tumultum

650 1991 785 2019 VALESII
800 1990 1068 2018 ANNOTATIONES

104 2043 161 2079 (57)
188 2042 326 2079 ᾎνιιένὸκ
346 2040 601 2079 χειροτονηοῆχαι.
619 2039 799 2079 Scriben‘dum
816 2041 858 2077 est

74 2075 223 2106 ’Λννιανόν.
250 2076 327 2109 Quod
347 2075 393 2104 est
417 2084 515 2103 nomen
539 2075 703 2102 Romanum.
722 2075 803 2101 Certe
829 2075 856 2109 in

68 2115 163 2142 codice
175 2108 325 2139 Fuketiano
338 2112 436 2145 legitur
461 2110 590 2137 Ἀννίναν.
602 2109 651 2136 Hic
670 2109 812 2145 Annianus
829 2108 855 2134 in

69 2148 238 2177 Seleuciensi
266 2147 386 2173 concilio
416 2146 560 2173 ordinatus
589 2145 677 2172 fuerat
712 2144 856 2178 episcopus

69 2184 272 2213 Antioclienus,
287 2182 413 2215 deposito
429 2181 561 2207 Eudoxio.

103 2220 159 2254 (58)
184 2217 439 2254 Πολιτενομένους
463 2216 561 2254 orcae.
581 2214 659 2254 II_n_nc
686 2214 774 2254 locum
802 2219 856 2254 non

69 2243 268 2281 intellexerunt
290 2243 464 2285 interpretes.
501 2243 568 2277 Nam
602 2249 758 2285 Musculusﬂ
776 2247 857 2285 vertit
873 2243 895 2271 D

69 2290 284 2321 incircumspecte
300 2283 430 2317 viventes;
445 2294 525 2321 quem
541 2289 652 2312 secutus
672 2289 713 2321 est
731 2283 855 2321 Christo-

70 2318 236 2359 phorsonus.
262 2322 344 2359 Atqui
357 2318 567 2359 ⁸ττολιτεύόμεκέοι
599 2322 662 2359 sunt
680 2318 854 2359 decurionesz

71 2352 115 2393 qui
131 2363 160 2385 et
179 2352 477 2393 retuso-ratdicuntur
493 2352 643 2393 'aCi'zeﬁcis,
668 2358 697 2393 ult
718 2353 808 2393 notavi
821 2352 855 2378 ad

70 2388 171 2420 librum
184 2399 241 2419 xxn
259 2391 395 2418 Ammiani
407 2389 724 2421 Marcellini.Grcgorius
738 2388 856 2414 Nazian-

71 2436 153 2456 Ienus
167 2429 193 2454 in
203 2427 318 2461 epistola
330 2425 375 2457 49,
385 2426 424 2452 Αιι
435 2425 586 2460 Olympium
602 2433 611 2461 :_
625 2424 732 2461 Παντας
746 2422 856 2461 πολίτας

70 2472 98 2489 τε
109 2463 157 2490 καὶ⁸
180 2458 338 2492 πολιτευτὰς
357 2462 404 2486 καὶ
427 2458 640 2495 ἀξιωματικους,
656 2458 688 2484 Ili
705 2458 857 2484 [unctioni-

71 2497 122 2524 bus
136 2497 259 2532 publicis
273 2495 386 2532 obnoxii
401 2500 489 2526 erant.
500 2498 569 2532 puta
582 2494 856 2532 trimeI'uni_susce-

71 2528 170 2567 ptioni,
188 2532 360 2558 thermarum
379 2530 567 2560 instructioni,
586 2529 710 2554 iudorum
727 2528 854 2556 editioni,

910 2039 1047 2074 curationi
1060 2046 1172 2074 operum
1187 2038 1370 2073 publicorum,
1385 2043 1412 2064 et
1425 2037 1561 2074 universis
1577 2036 1694 2070 publicis

911 2072 1086 2101 muneribus:
1106 2072 1199 2109 Itaque
1217 2081 1248 2101 ex
1266 2081 1315 2100 suo
1341 2080 1456 2107 corpore
1478 2072 1615 2109 eligebant
1631 2079 1693 2109 sus-_

910 2112 1036 2143 ceptores
1050 2129 1057 2139 ,
1082 2110 1128 2144 qui
1147 2107 1249 2136 tributa
1266 2109 1427 2144 exigerent;
1455 2107 1634 2144 magistratus
1646 2107 1693 2140 qni

911 2144 992 2172 ludos
1010 2142 1132 2177 ederent,
1154 2148 1181 2171 et
1199 2144 1268 2170 alios
1283 2142 1329 2178 qni
1356 2143 1453 2170 balnea
1483 2142 1651 2178 instruerent
1667 2145 1695 2169 et

910 2179 983 2213 ligna
1004 2183 1182 2213 praestarent;
1196 2176 1345 2213 eorumque
1371 2179 1442 2205 bona
1467 2176 1550 2213 curiae
1563 2177 1696 2211 oppigne-

911 2211 971 2240 rata
1000 2211 1088 2246 erant,
1116 2215 1153 2240 ita
1184 2217 1215 2240 ut
1244 2211 1427 2248 qui'curiam
1448 2211 1614 2248 reliquisset,
1631 2219 1695 2248 suas

909 2248 1056 2276 facultates
1083 2249 1166 2276 curiae
1181 2246 1339 2283 relinquere
1352 2246 1520 2283 cogeretur.
1537 2246 1696 2283 Inconside-

908 2288 966 2311 rate
979 2283 1061 2318 igitur
1080 2283 1144 2311 fecit
1160 2283 1235 2310 Neon
1253 2281 1300 2311 seu
1316 2281 1425 2310 NeonaS
1439 2283 1585 2317 episcopus
1602 2281 1696 2318 Seleu-

909 2320 969 2350 ciae,
988 2316 1049 2352 qua:
1064 2319 1224 2353 metropolis
1247 2324 1306 2345 erat
1323 2319 1443 2349 Isauriae,
1456 2316 1507 2351 iqui
1526 2318 1599 2353 viros
1610 2316 1696 2353 curiis

910 2354 1045 2381 obnoxios
1075 2353 1108 2380 ad
1138 2354 1326 2388 episcopatum
1367 2353 1516 2387 promovit.
1540 2352 1593 2379 Eos
1622 2352 1694 2379 enim

930 2392 1006 2415 ostea
1023 2389 1187 2416 decuriones
1204 2389 1237 2415 ad
1252 2389 1356 2415 curiam
1371 2390 1546 2417 revocarunt,
1560 2390 1606 2413 aut
1622 2391 1696 2414 certe

923 2424 995 2450 tonis
1011 2423 1069 2451 suis
1085 2424 1182 2450 cedere
1200 2431 1248 2450 eos
1262 2424 1416 2457 jusserunt.
1442 2422 1501 2454 Quo
1519 2421 1601 2452 facto,
1617 2421 1695 2447 novi-

912 2459 943 2485 tii
965 2459 1003 2485 illi
1023 2458 1141 2492 episcopi
1157 2458 1189 2484 ad
1204 2459 1308 2485 curiam
1318 2457 1417 2484 reverti
1431 2457 1599 2488 maluerunt,
1612 2463 1694 2490 quam

910 2493 1032 2520 dimissis
1050 2493 1228 2520 facultatibus
1246 2493 1434 2527 episcopatum
1448 2498 1552 2526 gerere.

785 2615 830 2641 VA
836 2614 979 2642 RIORUM.

105 2683 121 2697 ιι
137 2678 176 2712 Τῇ
187 2678 221 2704 ἐν
241 2677 383 2712 Μελιτγίνῃ
398 2674 542 2712 συνόδῳ..
554 2671 852 2712 Celebratanlllelitinae

74 2713 100 2740 in
112 2706 239 2740 Armenia
252 2706 461 2747 synodustanno
477 2708 590 2747 circiter
615 2707 677 2734 558.
699 2706 764 2740 Ejus
775 2706 852 2747 nulla

75 2749 176 2776 mentio
188 2749 215 2775 in
228 2741 445 2774 Collectionibus
470 2743 648 2770 conciliorum
669 2741 851 2776 generalium.

75 2775 198 2810 Occurrit
223 2787 314 2809 autem
332 2778 455 2815 apudﬂS.
470 2778 603 2815 Basilium
624 2778 650 2803 in
673 2775 790 2815 cpistola
809 2775 852 2815 7}).

76 2820 113 2846 Ad
129 2817 322 2847 Occidentales,
342 2810 388 2842 ubi
406 2813 579 2840 Eustathium
598 2813 624 2838 in
639 2819 669 2847 ea
690 2810 794 2847 synodo
808 2810 855 2835 de.-

77 2845 191 2885 pdsiinm
210 2860 272 2879 esse
300 2845 426 2878 testatur.
445 2848 536 2883 Quare
559 2855 621 2874 cum
643 2845 765 2873 Meletius
790 2852 856 2871 con-

197 2901 329 2930 PATROL.
343 2898 399 2926 GR.
416 2895 529 2926 LXVII.

906 2673 969 2700 cilio
992 2672 1160 2700 Seleuciensi
1189 2678 1262 2698 anno
1285 2669 1336 2697 559
1354 2670 1532 2704 congregato,
1564 2672 1693 2704 tanquam

906 2708 1053 2742 episcopus
1068 2708 1236 2734 Sebastenus
1251 2702 1450 2742 atlfuerit,_jam
1462 2702 1498 2742 eo
1511 2709 1582 2729 anno
1593 2702 1693 2742 Eusta-

907 2737 982 2769 tliius
994 2737 1009 2769 ὁ
1019 2741 1170 2777 Sebasteno
1181 2742 1339 2775 episcopatu
1351 2737 1474 2777 deiectus
1487 2739 1585 2777 fuerat,
1600 2737 1693 2777 sicque

908 2777 1030 2812 synodus
1057 2773 1236 2812 Melitinens‘is
1269 2773 1512 2812 annou_558_aut
1540 2773 1692 2806 insequenti

908 2809 1012 2839 unm.
1031 2813 1094 2839 Ant.
1113 2811 1175 2845 Pagi
1191 2811 1223 2837 ad
1244 2818 1306 2837 ann.
1324 2810 1386 2843 557,
1402 2818 1430 2837 ιι.
1447 2809 1487 2836 15.

1437 2887 1472 2916 38
