1899 3077
51 160 119 187 1177

520 159 685 197 lllSTOBlA
706 160 986 190 ECCLESlASTlCA.
1007 177 1040 182 —
1059 161 1122 189 LIB.
1143 162 1185 190 iV.

1614 163 1683 191 H78

49 213 99 243 ὦδε
126 215 249 250 γενέσθαι
267 217 434 252 συνεχώρουν
456 226 461 232 ·
480 219 503 244 οἱ
525 219 553 245 δὲ
580 220 713 255 ἀντεῖχον,
737 220 843 247 ἀνόσιον

902 221 980 249 rioris
992 221 1046 249 odii
1060 229 1142 250 causa
1155 225 1311 249 accesserat
1322 222 1492 256 hujusmodi.
1507 222 1684 250 Constantini
1727 252 1734 258 .

50 260 118 288 εἶναι
146 263 312 298 ἡγούμενοι,
329 264 377 290 καὶ
403 263 442 298 τῷ
465 263 621 299 ἀνορύττειν
653 266 754 300 ὅμοιον.
778 266 844 292 Συνυ

49 309 235 344 ελαμϐάνοντο
246 309 274 336 δὲ
287 310 392 341 τούτοις
407 310 453 336 καὶ
467 311 491 336 οἱ
500 310 530 336 τὸ
544 310 632 346 δόγμα
639 312 688 346 τῆς
703 313 731 338 ἐν
742 311 844 346 Νικαίᾳ

50 354 162 381 συνόδου
183 354 391 390 πρεσϐεύοντες,
409 357 478 392 μήτε
499 356 657 392 ὑϐρίζεσθαι
673 356 844 383 Κωνσταντί-

49 408 94 426 νου
109 400 141 426 τὺ
155 399 235 435 σῶμα
244 399 281 432 ὡς
291 400 418 435 ὁμοδόξου
431 401 599 436 ἀνεχόμενοι,
614 402 660 428 καὶ
672 403 844 438 Μακεδονίῳ,

49 445 261 482 οἷμαι,ὲναντίοι
277 445 346 474 εἶναι
365 446 571 479 σπουδάζοντες.
587 448 656 474 ⁴Αλλ“
668 450 681 474 ὁ
697 449 747 482 μὲν
763 448 845 483 μηδὲν

51 492 183 527 μελήσας,
202 493 365 528 μετεκόμισε
386 493 434 528 τὴν
450 493 537 528 θήκην
563 494 602 525 εἰς
618 494 667 529 τὴν
685 494 843 528 ἐκκλησίαν,

50 533 107 573 ὲνῇ
124 536 254 563 ’Λκακίου
281 537 328 563 τοῦ
361 537 499 573 μάρτυρός
517 538 590 564 ἐστιν
610 539 624 563 ὁ
646 538 741 572 τάφος.
764 538 799 564 Τὸ
816 538 845 564 δὲ

51 581 162 616 πλῆθος,
176 582 201 607 οἱ
216 581 264 617 μὲν
285 581 316 608 τὸ
332 582 442 616 γεγονὸς
458 582 635 614 ἐπαινοῦντες
647 603 655 615 ,
668 583 691 609 οἱ
718 581 757 614 δὲ,
773 590 845 617 μεμ-

51 627 174 662 φόμενοι,
186 628 245 654 κατ’
254 626 337 662 αὐτὴν
347 627 396 662 τὴν
407 627 554 663 ἐκκλησίαν
566 629 604 660 εἰς
619 628 748 664 ἀλλήλους
763 628 844 663 ἐτρά-

53 681 152 709 πησαν.
181 673 236 699 Καὶ
261 673 456 706 τελευτῶντες,
477 674 558 700 αὐτόν
582 683 611 700 τε
634 675 679 700 τὸν
701 675 845 710 εὐκτήριον

51 717 122 744 οἷκον
147 718 196 746 καὶ
212 719 257 745 τὸν
282 718 360 754 πέριξ
377 719 464 754 χῶρον
481 720 606 755 αἱμάτων
627 721 672 747 καὶ
690 721 776 755 φόνων
800 721 844 747 ὲν-

52 764 181 799 ἐπλησαν.
197 764 224 790 '0
238 764 265 790 δὲ
283 764 409 799 βασιλεὺς
423 764 463 791 ἔτι
481 764 581 799 διάγων
596 766 625 792 ὲν
641 767 672 801 τῇ
689 766 756 801 πρὸς
770 765 846 792 δύσιν

51 810 198 847 ἀρχομένη,
214 811 278 837 τάδε
293 811 385 846 μαθὼν
402 812 563 847 ἐχαλέπαινε
576 820 582 828 ’
599 813 645 840 καὶ
659 814 697 845 ὡς
714 814 844 849 ὑϐρισμέ-

51 865 95 882 νου
109 856 157 882 τοῦ
174 857 276 893 πατρὸς
285 878 291 889 ,
304 858 351 884 καὶ
363 858 417 885 τῶν
430 858 494 894 περὶ
508 858 553 885 τὸν
566 859 629 886 λαὸν
648 860 842 895 ἀτυχημάτων,

896 266 1069 301 imperatoris
1094 275 1185 294 arcam
1209 267 1263 294 alio
1290 267 1443 295 transferre
1463 268 1573 295 volebat
1594 266 1684 294 Mace-

895 312 1003 339 donius.
1034 312 1117 340 Aﬂdes
1134 313 1207 340 enim
1232 313 1278 340 illa
1304 313 1332 340 in
1353 321 1406 347 qua
1431 320 1495 340 arca
1523 317 1581 340 erat
1602 320 1684 347 repo-

896 358 958 390 sita,
976 358 1084 385 ruinam
1109 359 1278 386 minabatur.
1303 359 1343 386 Ex
1358 359 1439 394 plebe
1456 366 1530 390 vero,
1548 359 1594 385 alii
1613 362 1641 385 ut
1658 358 1684 385 id

895 404 973 430 ﬁeret
987 404 1196 431 consentiebant
1213 413 1219 431 ε
1237 405 1284 431 alii
1305 409 1402 432 contra
1426 405 1610 436 obsistebant,
1634 404 1684 430 im<

895 451 969 485 pium
999 449 1025 477 id
1050 450 1160 477 facinus
1190 450 1395 484 existimantes,
1422 459 1473 478 nec
1493 459 1574 478 secus
1603 458 1634 477 ac
1659 449 1684 476 si

895 495 1017 522 tumulus
1034 494 1208 522 ell'oderetur.
1225 494 1273 523 llis
1305 501 1396 523 autem
1421 504 1481 524 sese
1498 496 1683 530 adiunxerunt

896 541 914 568 ii
943 542 990 576 qui
1018 540 1135 569 Nicmnae
1159 541 1256 576 synodi
1284 541 1437 570 doctrinam
1469 543 1681 577 sequebantur:

894 588 941 623 qui
970 594 1021 616 nec
1047 595 1151 622 corpus
1174 587 1348 615 Constantini
1376 588 1474 615 violari
1500 587 1682 618 sustinebant,

895 637 989 666 utpote
1005 633 1053 667 qui
1072 632 1197 667 ejusdem
1223 640 1286 659 cum
1310 633 1377 667 ipsis
1401 633 1498 660 fuisset
1519 632 1681 660 sementim:

894 681 920 706 et
944 677 1114 711 Macedonio,
1134 682 1164 704 ut
1187 677 1314 712 equidem
1331 678 1439 713 opinor,
1461 678 1599 705 adversari
1625 682 1684 705 stu-

895 725 1006 753 debant.
1024 724 1123 752 Verum
1141 725 1187 753 ille
1201 725 1240 752 nil
1255 730 1414 757 cunctatus,
1437 732 1529 752 arcam
1543 724 1683 752 transtulit

895 771 928 798 ad
952 770 1094 798 basilicam
1121 770 1197 796 illam
1222 769 1249 796 in
1273 777 1327 804 qua
1349 769 1507 804 sepulcrum
1526 773 1568 796 est
1589 768 1682 795 Acacii

895 815 1034 851 martyris.
1067 815 1147 843 Plebs
1174 822 1240 842 vero
1268 815 1296 842 in
1318 815 1389 842 duas
1412 818 1503 849 partes
1532 814 1630 845 divisa,
1655 813 1689 843 hi_

894 860 998 887 factum
1013 859 1209 895 approbantes,
1229 859 1267 886 illi
1284 864 1378 887 contra
1393 857 1636 893 reprehendentes,
1655 858 1685 885 in

51 902 183 936 ὲπῃτιᾶτο
201 901 375 935 Μακεδόνων,
393 903 491 939 καὶηδσ
502 904 587 939 ὀργῆς
608 901 664 939 εἶχε
675 913 681 919 ·
697 904 842 939 βουλευσά-

904 913 951 940 psa
968 905 1081 933 basilica
1099 906 1232 933 adversus
1257 913 1287 933 se
1304 910 1399 933 mutuo
1427 906 1578 932 irruerunt.
1595 901 1686 938 lpsam‘

53 954 131 980 μενος
142 946 172 973 δὲ
191 947 239 982 τὴν
253 947 309 973 Ἕω
323 947 497 981 καταλαϐεῖν,
509 949 597 983 εἴχετο
607 949 656 984 τῆς
672 949 742 975 ὀδοῦ.
753 950 843 976 Μετα-

902 950 1014 984 lenique
1028 950 1176 977 ecclesiam
1187 955 1214 977 et
1229 950 1319 977 vicina
1336 950 1396 977 loca
1412 949 1546 984 sanguine
1558 955 1590 974 ac
1604 947 1685 974 caedi-

52 992 236 1029 καλεσάμενος
248 994 276 1020 δὲ
292 994 433 1021 Ἰουλιανὺν
449 995 503 1030 (15)
519 995 563 1022 τὸν
580 995 699 1030 ἀνεψιὸν,
715 995 842 1030 Καίσαρα

902 1002 947 1022 διιε
963 995 1178 1029 compleverunt.
1190 995 1341 1030 Imperator
1355 1003 1430 1028 vero,
1447 994 1493 1029 qui
1507 994 1533 1020 in
1549 993 1684 1021 Occiden-

53 1038 213 1074 κατέστησε,
228 1040 274 1066 καὶ
291 1041 330 1072 εις
340 1041 403 1073 τοὺς
417 1041 484 1077 πρὸς
496 1041 571 1068 δύσιν
593 1042 715 1073 Γαλάτας
734 1041 841 1076 πέπομ‹

902 1041 931 1067 ,is
949 1040 1073 1074 partibus
1087 1040 1177 1068 adhuc
1193 1041 1365 1073 morabatur,
1382 1041 1425 1068 his
1447 1040 1549 1068 auditis
1565 1039 1685 1075 graviter

52 1093 108 1118 ςιεν.
894 1090 1048 1114 commotus
1061 1090 1105 1114 est
1120 1095 1126 1114 :
1144 1090 1171 1114 et
1190 1087 1384 1114 contumeliam
1401 1086 1487 1122 patris
1505 1086 1559 1118 sui,
1578 1084 1684 1119 plebis-

52 1139 102 1165 que
117 1131 302 1160 miserabilcm
322 1133 427 1162 cladem
443 1134 603 1162 Macedonio
624 1138 776 1169 tmputans,
796 1133 929 1161 adversus
946 1133 1021 1160 illum
1033 1135 1191 1162 excanduit.
1223 1135 1348 1170 Cumque
1377 1134 1411 1162 ad
1444 1133 1564 1161 Orientis
1592 1137 1683 1167 partes

52 1184 161 1211 pergere
180 1178 356 1210 decrevisset.
370 1180 465 1206 statim
485 1180 537 1207 iter
558 1181 687 1216 arripuit.
713 1179 745 1208 Et
777 1179 919 1207 Julianum
959 1180 1111 1214 patruelem
1149 1180 1183 1208 ad
1203 1188 1234 1209 se
1257 1181 1434 1214 accersitum,
1458 1180 1594 1208 Caesarem
1617 1185 1686 1205 con-

52 1224 152 1257 stituit,
173 1231 256 1261 atquc
271 1226 299 1253 in
315 1226 418 1254 Gallias
434 1227 540 1255 misit‘.

346 1275 459 1302 ΚΕΦΔΛ
465 1296 471 1303 .
487 1276 549 1303 KB’.

170 1319 242 1353 Περὶ
260 1320 314 1354 τῆς
333 1320 368 1346 ἐν
390 1322 552 1356 Σελευκείᾳ
578 1323 722 1350 συνόδου.

93 1363 136 1390 'Ev
150 1364 239 1400 τούτῳ
249 1365 276 1392 δὲ
290 1366 314 1393 οἱ
331 1366 384 1393 ἀπὸ
398 1367 447 1402 τῆς
465 1368 522 1394 Ἕω
537 1368 681 1395 ἐπίσκοποι
694 1369 764 1403 ἀμφὶ
780 1369 845 1395 ἑκοι⁴

54 1408 96 1435 τὸν
116 1409 163 1435 καὶ
188 1409 321 1444 ἐξήκοντα
346 1410 433 1443 ὅντες,
454 1413 494 1443 εἰς
515 1411 676 1438 Σελεύκειαν
691 1412 740 1447 τὴν
768 1412 843 1446 παρὰ

60 1454 189 1490 ’Ῑσαύροις
203 1456 341 1491 συνῆλθον.
353 1458 431 1489 Ἔτος
443 1458 471 1483 δὲ
489 1456 523 1493 ἦν
536 1459 564 1484 ἐν
580 1455 601 1492 ᾧ
613 1459 744 1485 ὑπάτευεν
757 1458 843 1484 Εὐσέο

55 1500 109 1532 ϐιός
129 1510 159 1528 τε
181 1502 229 1529 καὶ
250 1503 377 1535 Ὑπάτιος
390 1508 409 1522 ιιι
428 1513 434 1518 ·
457 1504 630 1539 συνεληλύθει
647 1505 675 1530 δὲ
691 1505 782 1535 αὐτοῖς
797 1504 843 1530 καὶ

56 1548 170 1579 Λεωνᾶς,
183 1549 197 1574 ὁ
215 1549 244 1575 ἐν
263 1548 396 1583 ἀξιώματι
415 1550 548 1585 λαμπρῶς
572 1552 600 1576 ἐν
627 1551 683 1582 τοῖς
698 1549 844 1584 βασιλείοις

58 1593 276 1628 στρατευόμενος.
291 1595 337 1625 ’ος
349 1596 380 1621 ὲκ
391 1596 599 1630 προστάγματος
609 1595 797 1622 Κωνσταντίου
809 1596 841 1630 τῇ

1188 1273 1265 1302 CAP.
1287 1273 1370 1301 XXII.

1115 1319 1153 1346 De
1169 1318 1328 1347 Seleucienu'
1343 1320 1466 1348 concilia.

929 1365 1033 1393 Interea
1050 1371 1114 1391 vero
1130 1363 1284 1391 Orientales
1302 1364 1428 1398 episcopi
1443 1367 1555 1391 centum
1573 1365 1684 1393 circiter

893 1418 925 1438 ac
944 1411 1096 1445 sexaginta,
1124 1409 1278 1437 Seleuciam
1297 1410 1406 1437 lsaurim
1422 1417 1575 1438 convenere
1583 1411 1604 1437 '.
1628 1411 1686 1439 An—

894 1464 946 1484 nus
962 1456 1007 1482 hic
1021 1459 1081 1483 erat
1096 1463 1151 1490 quo
1166 1455 1303 1484 Eusebius
1318 1458 1345 1482 ct
1361 1455 1495 1491 Hypatius
1511 1456 1683 1483 consulatum

895 1506 1050 1537 gesserunt.
1071 1502 1148 1537 163
1168 1501 1326 1530 Advenerat
1346 1509 1429 1537 porro
1457 1510 1513 1529 una
1540 1510 1603 1530 eum
1630 1503 1685 1530 illis

895 1547 1016 1580 Leonas,
1035 1548 1081 1582 qui
1110 1547 1253 1582 splemlido
1278 1547 1394 1582 quodam
1421 1548 1509 1575 ofﬁcio
1531 1548 1558 1576 in
1585 1549 1686 1584 palatio

896 1593 1071 1629 fungebatur.
1113 1593 1200 1626 Quem
1234 1594 1343 1628 quidem
1385 1594 1534 1629 imperator
1567 1595 1686 1622 concilio

57 1638 154 1673 συνόδῳ
167 1640 270 1674 παρῆν,
293 1639 364 1666 ὥστε
389 1641 433 1668 ἐπ’
449 1641 530 1668 αὑτοῦ
557 1641 684 1675 γενέσθαι
710 1641 759 1676 τὴν
780 1642 844 1676 περί

906 1643 1029 1667 nteresse
1055 1639 1158 1667 idcirco
1173 1640 1306 1673 jusserat,
1323 1644 1353 1667 ut
1367 1647 1400 1667 eo
1424 1643 1558 1674 praesente
1582 1639 1616 1666 de
1637 1640 1686 1666 «lo-

57 1683 100 1711 τοῦ
113 1685 246 1720 δόγματος
261 1686 362 1712 πίστιν.
381 1687 474 1722 Παρῆν
488 1687 515 1713 δὲ
527 1687 573 1714 καὶ
586 1688 745 1722 Λαυρίκιος,
764 1689 778 1714 ὁ
791 1688 845 1714 τῶν

59 1729 229 1764 στρατιωτῶν
247 1730 303 1756 τοῦι
313 1730 407 1763 ἔθνους
430 1731 553 1767 ἡγεμὼν,
577 1733 604 1758 εἴ
625 1741 651 1758 τι
675 1733 728 1759 δέοι
757 1740 847 1767 παρα·

60 1774 195 1801 σκευάσων
207 1783 214 1790 ο
235 1775 382 1810 ὑπουργεῖν
401 1777 455 1812 γὰρ
473 1777 546 1812 αὺτῴ
562 1777 692 1812 βασιλέως
715 1777 846 1804 ἐπέταττε

58 1822 217 1858 γράμματα.
233 1823 311 1850 Κατὰ
324 1824 352 1850 δὲ
363 1824 408 1851 τὸν
428 1825 535 1860 πρῶτον
549 1825 678 1859 σύλλογον
690 1825 847 1860 ἀπολιμπά-

58 1875 144 1893 νονται
169 1867 260 1902 ἕτεροί
278 1868 307 1894 τέ
324 1877 395 1900 τινες
416 1869 569 1902 ἐπίσκοποι,
588 1870 634 1896 καὶ
654 1870 846 1905 Πατρόφιλοςό

57 1911 248 1944 Σκυθοπόλεως
261 1933 269 1944 ,
291 1914 338 1940 καὶ
359 1915 523 1946 Μακεδόνιος
542 1917 556 1942 ὁ
575 1916 779 1942 Κωνσταντίνου
800 1916 847 1942 πό-

57 1957 131 1990 λέως,
146 1959 194 1986 καὶ
213 1959 351 1991 Βασίλειος
361 1961 374 1987 ὁ
389 1960 536 1996 Ἀγκύρας.
550 1962 692 1996 Πρόφασις
708 1961 736 1988 δὲ
751 1961 847 1995 γέγονε

57 2005 109 2035 τοῖς
123 2005 171 2039 μὲν
195 2005 287 2036 ἄλλοις
308 2005 373 2041 ἄλλη
385 2014 392 2021 ·
411 2006 574 2041 Πατροφί).ῳ
586 2006 614 2033 δὲ
628 2006 780 2041 ὀφθαλμία,
800 2006 847 2032 καὶ

58 2050 214 2085 Μακεδονίῳ
225 2051 311 2082 νόσος.
332 2051 459 2078 Ύπόνοια
473 2052 500 2078 δὲ
512 2050 544 2086 ἦν
554 2072 560 2084 ,
574 2052 611 2083 ὼς
624 2051 738 2082 δεδιότες
749 2051 848 2086 ἐγκλή-

60 2103 128 2128 ματα
148 2096 322 2132 κατηγόρων.
342 2097 372 2123 οὺ
395 2097 577 2132 παρεγένοντο
599 2098 659 2124 τότε
675 2105 681 2112 ·
699 2105 848 2132 παραιτου-

61 2140 144 2173 μένων
163 2142 192 2176 se
217 2142 272 2168 τῶν
293 2143 380 2169 ἄλλων
395 2143 438 2169 διὰ
462 2143 510 2178 τὴν
528 2143 628 2170 τούτων
649 2143 792 2174 ἀπουσίαν,
809 2142 849 2174 ὲξ-

59 2185 160 2218 ετάζειν
180 2186 216 2212 τὰ
241 2187 456 2222 ἁμερέϐο).α,καὶ
478 2187 564 2219 οὕτως
588 2188 713 2214 ἐκέλευσε
738 2188 848 2219 Λεωνᾶς

59 2231 105 2262 τὰς
127 2232 257 2267 ζητήσεις
273 2235 367 2260 κινεῖν.
388 2234 526 2260 Ἐντεῦθεν
548 2234 572 2260 οἱ
597 2234 645 2269 μὲν
665 2234 797 2270 πρότερον
818 2233 848 2259 τὸ

59 2275 143 2312 δόγμα
169 2278 308 2311 ἐξετάζειν
321 2287 327 2293 ·
340 2280 364 2305 οι
380 2279 408 2305 δὲ
419 2299 426 2311 ,
440 2279 504 2310 τοὺς
529 2279 603 2314 βίους
625 2279 786 2315 ἀνακρίνειν
795 2279 848 2305 τῶν

895 1686 982 1713 ctrina
998 1685 1058 1713 ﬁdei
1074 1686 1270 1720 inquireretur.
1291 1685 1395 1713 Aderat
1424 1686 1507 1713 etiam
1525 1685 1683 1714 Lauricius.

896 1731 950 1758 dux
964 1735 992 1758 et
1007 1739 1108 1766 prmses
1125 1731 1283 1766 provinciae,
1310 1731 1332 1759 si
1349 1731 1415 1766 quid
1429 1739 1498 1766 opus
1521 1731 1592 1758 foret
1617 1739 1687 1766 prte-

896 1777 1022 1805 stiturus.
1051 1776 1118 1803 Nam
1146 1781 1175 1804 ut
1199 1777 1251 1804 hoc
1277 1777 1429 1804 ministerio
1457 1775 1685 1811 perfungeretur,

896 1822 1044 1857 imperator
1072 1822 1130 1850 suis
1145 1822 1242 1849 litteris
1265 1813 1440 1856 prazceperat.
1457 1822 1550 1848 Primo
1574 1829 1688 1850 conses-

897 1875 929 1895 su
941 1888 948 1899 ,
969 1867 1082 1895 abluere
1096 1871 1153 1894 tum
1178 1867 1224 1894 alii
1239 1867 1350 1902 quidam
1369 1867 1502 1902 episcopiI
1520 1871 1576 1893 tum
1591 1867 1687 1901 Patro;

896 1913 987 1948 philus
1021 1912 1218 1949 Scythopoleos
1251 1913 1413 1948 episcopus,
1447 1916 1474 1940 et
1510 1913 1687 1941 Macedonius

897 1960 1181 1994 Constantinopoleos,
1198 1963 1224 1986 et
1240 1959 1358 1986 Basilius
1373 1960 1496 1994 Ancyra}.
1512 1959 1545 1985 Et
1559 1959 1604 1987 alii
1620 1960 1686 1994 qui-

897 2006 959 2033 dem
985 2006 1066 2033 aliam
1093 2006 1226 2033 absentia
1242 2013 1299 2033 suae
1327 2013 1440 2033 causam
1469 2005 1685 2040 prtetemlebant.

897 2050 1073 2086 Patrophilus
1093 2058 1157 2077 vero
1175 2050 1319 2077 oculorum
1332 2049 1465 2082 dolorem,
1491 2050 1616 2077 morbum
1636 2057 1686 2077 ους

898 2100 951 2124 tem
973 2097 1149 2124 Macedonius
1178 2095 1373 2124 causabantur.
1402 2096 1456 2123 Sed
1483 2096 1604 2130 suspicio
1627 2099 1686 2123 erat

898 2151 945 2170 eos
960 2142 1052 2170 dedita
1077 2149 1160 2177 opera
1173 2142 1304 2174 abfuisse,
1329 2148 1365 2169 ne
1380 2141 1415 2169 ob
1433 2141 1549 2169 crimina
1574 2149 1689 2168 accusa—

899 2193 1004 2216 rentur.
1043 2188 1168 2222 Cumque
1197 2188 1286 2216 caeteri
1321 2188 1355 2215 ob
1383 2188 1497 2215 istorum
1534 2187 1687 2215 absentiam

899 2234 1082 2262 detrectarent
1107 2235 1311 2262 controversias
1326 2234 1360 2260 de
1375 2233 1426 2261 ﬁde
1450 2234 1622 2264 examinare,
1639 2234 1684 2259 ni-

900 2280 1048 2307 hilominus
1064 2279 1148 2314 jussit
1162 2280 1268 2307 Leonas
1284 2283 1313 2307 ut
1328 2280 1495 2314 quaestiones
1509 2280 1688 2314 agitarentur.

60 2325 303 2360 κατηγορουμένων
315 2325 343 2351 ὲν
358 2326 449 2357 αὐτοῖς
461 2334 467 2340 ν
483 2322 566 2361 div-71v
582 2325 715 2361 Κύριλλος
733 2322 845 2361 Ἱεροσο-

902 2325 968 2351 llinc
988 2325 1035 2351 alii
1059 2325 1168 2360 quidem
1199 2325 1354 2352 doctrinam
1372 2325 1434 2352 ﬁdei
1453 2329 1515 2352 ante
1529 2325 1619 2351 omnia
1640 2332 1688 2351 ex-

60 2369 148 2404 λύμων
162 2391 168 2402 ,
181 2370 229 2396 καὶ
245 2371 393 2402 Εὐστάθιος
408 2373 421 2398 ὁ
436 2371 610 2404 Σεῦαστείας,
627 2373 773 2406 ἀναγκαῖον
791 2371 849 2397 ἑλε-

60 2423 113 2448 γον.
134 2417 275 2450 Πρόφασιν
293 2415 320 2442 δὲ
336 2416 425 2447 αὐτοῖς
443 2417 488 2443 καὶ
503 2417 635 2451 βασιλέως
655 2417 740 2443 ἐδίδου
760 2417 849 2452 γράμ-

61 2467 139 2494 ματα,
154 2462 192 2496 πῆ
218 2462 267 2496 μὲν
292 2461 381 2495 τοῦτο,
398 2463 435 2498 πῆ
457 2462 485 2489 δὲ
513 2463 601 2489 ἐκεῖνο
628 2463 768 2499 δηλοῦντα.
799 2463 846 2489 Ἐκ

102 2539 266 2573 ‘Socr.,lib.
284 2549 314 2572 ιι,
334 2547 359 2567 c.
377 2541 421 2569 54.
461 2542 470 2557 ¹
488 2540 578 2575 Socr.,
593 2542 640 2569 lib.
657 2550 686 2574 ll,
707 2550 731 2569 c.
749 2543 794 2570 59.

901 2371 1056 2398 cutiendam
1077 2379 1137 2398 esse
1165 2371 1295 2398 dixerunt
1314 2380 1320 2398 :
1346 2370 1391 2397 alii
1414 2378 1489 2403 vero,
1507 2371 1687 2405 qutcstionem

902 2418 977 2451 prius
994 2417 1144 2444 habendam
1159 2425 1220 2445 esse
1235 2417 1267 2444 de
1282 2418 1336 2444 vita
1352 2424 1384 2443 ac
1401 2417 1524 2443 moribus
1536 2424 1629 2443 eorum
1641 2415 1688 2450 qui

899 2464 972 2490 inter
994 2463 1069 2498 ipsos
1093 2464 1330 2491 accusabantur“:
1361 2470 1394 2489 ex
1426 2469 1544 2497 quorum
1573 2469 1688 2489 numero

662 2619 796 2646 VALESll
817 2619 1091 2647 ANNOTATIONES.

96 2674 151 2709 (l5)
167 2675 456 2709 Μετακαλεσάμενος
469 2676 502 2702 δὲ
519 2676 694 2703 Ἰουλιανόν.
711 2676 779 2702 Male
796 2677 848 2703 So-

65 2717 196 2738 zomenus
224 2711 282 2737 haec
304 2711 397 2738 retulit
425 2716 485 2745 post
498 2712 671 2738 Ariminense
686 2711 847 2742 concilium,

67 2745 134 2778 quod
149 2745 318 2773 celebratum
333 2750 375 2773 est
393 2753 464 2774 anno
479 2747 580 2774 Christi
601 2747 652 2774 559
663 2767 670 2778 ,
688 2745 806 2773 Eusebio
823 2750 850 2772 et

904 2676 1019 2711 Hypatio
1045 2673 1360 2712 consuliliqus;_.l-ulianus
1388 2671 1586 2712 autetnCtesar
1601 2671 1689 2712 lactus

901 2707 1047 2772 fﬁranno
1072 2710 1175 2737 Christi
1202 2709 1268 2741 555,
1297 2708 1444 2735 consulatu
1473 2707 1629 2735 Arbetionis
1661 2711 1690 2735 et

927 2754 941 2773 ο
965 2754 1030 2773 iam.
1150 2756 1153 2758 ι

771 2822 965 2850 ἾᾸΙἙῙΟΒΙἸΜ.

103 2884 122 2896 ⁸³
138 2881 227 2914 Ἔτος
242 2882 273 2908 δὲ
294 2879 329 2916 ἦν
343 2883 375 2909 ἐν
389 2879 410 2915 ᾧ
425 2882 571 2910 ὑπάτευεν
590 2882 735 2914 Εὐσέϐιός
756 2889 787 2907 τε
801 2881 845 2908 καὶ

902 2881 1015 2912 πιὶτιινς.
1039 2878 1061 2907 Is
1076 2882 1134 2906 erat
1148 2883 1237 2906 annua
1253 2878 1360 2906 Domini
1380 2878 1442 2905 559.
