  <div class='ocr_page' id='page_1' title='image "/cluster/home/n/w/nwhite01/storage/ocr_20150623/67/njp.32101077772703/682.png"; bbox 0 0 1899 3077; ppageno 0'>
   <div class='ocr_carea' id='block_1_1' title="bbox 44 171 115 199">
    <p class='ocr_par' dir='ltr' id='par_1_1' title="bbox 44 171 115 199">
     <span class='ocr_line' id='line_1_1' title="bbox 44 171 115 199; baseline 0 0"><span class='ocrx_word' id='word_1_1' title='bbox 44 171 115 199; x_wconf 73' lang='lat' dir='ltr'><strong>“Si</strong></span> 
     </span>
    </p>
   </div>
   <div class='ocr_carea' id='block_1_2' title="bbox 509 156 1168 203">
    <p class='ocr_par' dir='ltr' id='par_1_2' title="bbox 509 156 1168 203">
     <span class='ocr_line' id='line_1_2' title="bbox 509 156 1168 203; baseline 0.006 -4"><span class='ocrx_word' id='word_1_2' title='bbox 509 172 670 201; x_wconf 74' lang='lat' dir='ltr'><strong>HISTORIA</strong></span> <span class='ocrx_word' id='word_1_3' title='bbox 690 173 969 203; x_wconf 69' lang='lat' dir='ltr'><strong>ECCLESMSTICA.</strong></span> <span class='ocrx_word' id='word_1_4' title='bbox 990 191 1023 196; x_wconf 85' lang='lat'><em>_</em></span> <span class='ocrx_word' id='word_1_5' title='bbox 1038 176 1101 203; x_wconf 83' lang='lat' dir='ltr'><strong>LIB.</strong></span> <span class='ocrx_word' id='word_1_6' title='bbox 1123 156 1168 203; x_wconf 52' lang='lat' dir='ltr'><strong>tv:</strong></span> 
     </span>
    </p>
   </div>
   <div class='ocr_carea' id='block_1_3' title="bbox 1609 176 1677 204">
    <p class='ocr_par' dir='ltr' id='par_1_3' title="bbox 1609 176 1677 204">
     <span class='ocr_line' id='line_1_3' title="bbox 1609 176 1677 204; baseline -0.015 0"><span class='ocrx_word' id='word_1_7' title='bbox 1609 176 1677 204; x_wconf 67' lang='lat' dir='ltr'><strong>MSS</strong></span> 
     </span>
    </p>
   </div>
   <div class='ocr_carea' id='block_1_4' title="bbox 43 230 849 272">
    <p class='ocr_par' dir='ltr' id='par_1_4' title="bbox 43 230 839 269">
     <span class='ocr_line' id='line_1_4' title="bbox 43 230 839 269; baseline 0.006 -13"><span class='ocrx_word' id='word_1_8' title='bbox 43 230 94 256; x_wconf 70' lang='grc' dir='ltr'>καὶ</span> <span class='ocrx_word' id='word_1_9' title='bbox 114 231 185 264; x_wconf 78' lang='grc' dir='ltr'>σφᾶς</span> <span class='ocrx_word' id='word_1_10' title='bbox 202 230 302 263; x_wconf 81' lang='grc' dir='ltr'>αὐτοὺς</span> <span class='ocrx_word' id='word_1_11' title='bbox 318 231 367 263; x_wconf 75' lang='grc' dir='ltr'><strong>τὰς</strong></span> <span class='ocrx_word' id='word_1_12' title='bbox 388 230 501 264; x_wconf 70' lang='grc' dir='ltr'>εὐθύνας</span> <span class='ocrx_word' id='word_1_13' title='bbox 518 232 572 259; x_wconf 85' lang='grc' dir='ltr'><strong>τῶν</strong></span> <span class='ocrx_word' id='word_1_14' title='bbox 586 234 839 269; x_wconf 76' lang='grc' dir='ltr'>κατηγορουμένων.</span> 
     </span>
    </p>
   </div>
   <div class='ocr_carea' id='block_1_5' title="bbox 898 230 1676 272">
    <p class='ocr_par' dir='ltr' id='par_1_5' title="bbox 898 236 1676 272">
     <span class='ocr_line' id='line_1_5' title="bbox 898 236 1676 272; baseline 0.001 -9"><span class='ocrx_word' id='word_1_15' title='bbox 898 236 967 268; x_wconf 84' lang='lat' dir='ltr'><strong>lius,</strong></span> <span class='ocrx_word' id='word_1_16' title='bbox 988 237 1034 271; x_wconf 90' lang='lat' dir='ltr'><strong>qui</strong></span> <span class='ocrx_word' id='word_1_17' title='bbox 1054 236 1244 272; x_wconf 86' lang='lat' dir='ltr'><strong>superioribus</strong></span> <span class='ocrx_word' id='word_1_18' title='bbox 1265 236 1366 264; x_wconf 88' lang='lat' dir='ltr'><strong>diebus</strong></span> <span class='ocrx_word' id='word_1_19' title='bbox 1385 236 1538 265; x_wconf 80' lang='lat' dir='ltr'><strong>abfucrant.</strong></span> <span class='ocrx_word' id='word_1_20' title='bbox 1559 236 1676 264; x_wconf 87' lang='lat' dir='ltr'><strong>Aeacius</strong></span> 
     </span>
    </p>
   </div>
   <div class='ocr_carea' id='block_1_6' title="bbox 43 273 841 315">
    <p class='ocr_par' dir='ltr' id='par_1_6' title="bbox 43 273 841 315">
     <span class='ocr_line' id='line_1_6' title="bbox 43 273 841 315; baseline 0.006 -14"><span class='ocrx_word' id='word_1_21' title='bbox 43 273 128 302; x_wconf 79' lang='grc' dir='ltr'>Ἐπεὶ</span> <span class='ocrx_word' id='word_1_22' title='bbox 144 275 172 302; x_wconf 79' lang='grc' dir='ltr'><strong>δὲ</strong></span> <span class='ocrx_word' id='word_1_23' title='bbox 186 275 286 308; x_wconf 84' lang='grc' dir='ltr'>πάντες</span> <span class='ocrx_word' id='word_1_24' title='bbox 302 277 437 311; x_wconf 77' lang='grc' dir='ltr'>παρῆσαν,</span> <span class='ocrx_word' id='word_1_25' title='bbox 451 276 552 311; x_wconf 80' lang='grc' dir='ltr'>βιϐλίον</span> <span class='ocrx_word' id='word_1_26' title='bbox 565 277 617 314; x_wconf 80' lang='grc' dir='ltr'>ἔφη</span> <span class='ocrx_word' id='word_1_27' title='bbox 635 279 743 311; x_wconf 82' lang='grc' dir='ltr'>Λεωνᾶς</span> <span class='ocrx_word' id='word_1_28' title='bbox 757 279 841 315; x_wconf 76' lang='grc' dir='ltr'>ἔχειν,</span> 
     </span>
    </p>
   </div>
   <div class='ocr_carea' id='block_1_7' title="bbox 43 320 842 357">
    <p class='ocr_par' dir='ltr' id='par_1_7' title="bbox 43 320 842 357">
     <span class='ocr_line' id='line_1_7' title="bbox 43 320 842 357; baseline 0.005 -11"><span class='ocrx_word' id='word_1_29' title='bbox 43 320 174 347; x_wconf 73' lang='grc' dir='ltr'>ἐπιδοθὲν</span> <span class='ocrx_word' id='word_1_30' title='bbox 197 320 274 356; x_wconf 85' lang='grc' dir='ltr'><strong>παρά</strong></span> <span class='ocrx_word' id='word_1_31' title='bbox 294 320 349 348; x_wconf 84' lang='grc' dir='ltr'><strong>τῶν</strong></span> <span class='ocrx_word' id='word_1_32' title='bbox 370 321 441 356; x_wconf 68' lang='grc' dir='ltr'>ἀμφὶ</span> <span class='ocrx_word' id='word_1_33' title='bbox 456 321 583 350; x_wconf 85' lang='grc' dir='ltr'>Ἀκάκιον</span> <span class='ocrx_word' id='word_1_34' title='bbox 596 332 602 338; x_wconf 90' lang='grc'><strong>·</strong></span> <span class='ocrx_word' id='word_1_35' title='bbox 617 323 646 350; x_wconf 78' lang='grc' dir='ltr'>τὸ</span> <span class='ocrx_word' id='word_1_36' title='bbox 667 324 694 350; x_wconf 85' lang='grc' dir='ltr'><strong>δὲ</strong></span> <span class='ocrx_word' id='word_1_37' title='bbox 704 344 711 356; x_wconf 87' lang='grc'><strong>,</strong></span> <span class='ocrx_word' id='word_1_38' title='bbox 725 325 842 357; x_wconf 77' lang='grc' dir='ltr'>πίστεως</span> 
     </span>
    </p>
   </div>
   <div class='ocr_carea' id='block_1_8' title="bbox 41 363 842 402">
    <p class='ocr_par' dir='ltr' id='par_1_8' title="bbox 41 363 842 402">
     <span class='ocr_line' id='line_1_8' title="bbox 41 363 842 402; baseline 0.007 -11"><span class='ocrx_word' id='word_1_39' title='bbox 41 363 82 401; x_wconf 79' lang='grc' dir='ltr'>ἦν</span> <span class='ocrx_word' id='word_1_40' title='bbox 103 366 197 401; x_wconf 81' lang='grc' dir='ltr'>γραφὴ</span> <span class='ocrx_word' id='word_1_41' title='bbox 218 366 267 392; x_wconf 77' lang='grc' dir='ltr'><strong>σὺν</strong></span> <span class='ocrx_word' id='word_1_42' title='bbox 282 366 418 402; x_wconf 84' lang='grc' dir='ltr'><strong>προοιμίῳ</strong></span> <span class='ocrx_word' id='word_1_43' title='bbox 434 367 486 394; x_wconf 87' lang='grc' dir='ltr'>τινί</span> <span class='ocrx_word' id='word_1_44' title='bbox 496 377 502 384; x_wconf 89' lang='grc'>·</span> <span class='ocrx_word' id='word_1_45' title='bbox 515 369 561 395; x_wconf 74' lang='grc' dir='ltr'>καὶ</span> <span class='ocrx_word' id='word_1_46' title='bbox 576 369 638 401; x_wconf 77' lang='grc' dir='ltr'>τοὺς</span> <span class='ocrx_word' id='word_1_47' title='bbox 650 370 748 401; x_wconf 67' lang='grc' dir='ltr'>ἄλλους</span> <span class='ocrx_word' id='word_1_48' title='bbox 762 370 842 397; x_wconf 70' lang='grc' dir='ltr'>ἑλάν-</span> 
     </span>
    </p>
   </div>
   <div class='ocr_carea' id='block_1_9' title="bbox 44 409 843 449">
    <p class='ocr_par' dir='ltr' id='par_1_9' title="bbox 44 409 843 449">
     <span class='ocr_line' id='line_1_9' title="bbox 44 409 843 449; baseline 0.004 -12"><span class='ocrx_word' id='word_1_49' title='bbox 44 411 142 438; x_wconf 78' lang='grc' dir='ltr'>θοινεν.</span> <span class='ocrx_word' id='word_1_50' title='bbox 160 409 246 438; x_wconf 85' lang='grc' dir='ltr'>Ἑκὼν</span> <span class='ocrx_word' id='word_1_51' title='bbox 262 411 317 446; x_wconf 84' lang='grc' dir='ltr'>γὰρ</span> <span class='ocrx_word' id='word_1_52' title='bbox 331 411 410 438; x_wconf 82' lang='grc' dir='ltr'>τοῦτο</span> <span class='ocrx_word' id='word_1_53' title='bbox 422 413 469 439; x_wconf 83' lang='grc' dir='ltr'>καὶ</span> <span class='ocrx_word' id='word_1_54' title='bbox 484 413 594 444; x_wconf 77' lang='grc' dir='ltr'>Λεωνᾶς</span> <span class='ocrx_word' id='word_1_55' title='bbox 607 413 795 449; x_wconf 83' lang='grc' dir='ltr'>ἀπεκρύψατο,</span> <span class='ocrx_word' id='word_1_56' title='bbox 807 413 843 440; x_wconf 79' lang='grc' dir='ltr'><strong>τὰ</strong></span> 
     </span>
    </p>
   </div>
   <div class='ocr_carea' id='block_1_10' title="bbox 44 457 843 495">
    <p class='ocr_par' dir='ltr' id='par_1_10' title="bbox 44 457 843 495">
     <span class='ocr_line' id='line_1_10' title="bbox 44 457 843 495; baseline 0.004 -12"><span class='ocrx_word' id='word_1_57' title='bbox 44 457 181 484; x_wconf 81' lang='grc' dir='ltr'>’Δκακίου</span> <span class='ocrx_word' id='word_1_58' title='bbox 197 458 314 492; x_wconf 83' lang='grc' dir='ltr'>φρονῶν.</span> <span class='ocrx_word' id='word_1_59' title='bbox 330 458 372 489; x_wconf 83' lang='grc' dir='ltr'>Ὠς</span> <span class='ocrx_word' id='word_1_60' title='bbox 380 458 409 484; x_wconf 82' lang='grc' dir='ltr'><strong>δὲ</strong></span> <span class='ocrx_word' id='word_1_61' title='bbox 426 458 594 494; x_wconf 76' lang='grc' dir='ltr'>ἀνεγνώσθη,</span> <span class='ocrx_word' id='word_1_62' title='bbox 605 459 719 494; x_wconf 75' lang='grc' dir='ltr'>θορύϐου</span> <span class='ocrx_word' id='word_1_63' title='bbox 736 459 843 495; x_wconf 85' lang='grc' dir='ltr'><strong>πλήρης</strong></span> 
     </span>
    </p>
   </div>
   <div class='ocr_carea' id='block_1_11' title="bbox 45 496 844 541">
    <p class='ocr_par' dir='ltr' id='par_1_11' title="bbox 45 496 844 541">
     <span class='ocr_line' id='line_1_11' title="bbox 45 496 844 541; baseline 0.004 -12"><span class='ocrx_word' id='word_1_64' title='bbox 45 504 62 530; x_wconf 79' lang='grc' dir='ltr'><strong><em>ὸ</em></strong></span> <span class='ocrx_word' id='word_1_65' title='bbox 77 503 208 538; x_wconf 79' lang='grc' dir='ltr'>σύλλογος</span> <span class='ocrx_word' id='word_1_66' title='bbox 227 504 350 539; x_wconf 82' lang='grc' dir='ltr'>γέγονεν.</span> <span class='ocrx_word' id='word_1_67' title='bbox 359 505 467 540; x_wconf 84' lang='grc' dir='ltr'>Ἐδήλου</span> <span class='ocrx_word' id='word_1_68' title='bbox 479 505 544 541; x_wconf 82' lang='grc' dir='ltr'>γὰρ,</span> <span class='ocrx_word' id='word_1_69' title='bbox 555 506 593 537; x_wconf 88' lang='grc' dir='ltr'>ὼς</span> <span class='ocrx_word' id='word_1_70' title='bbox 613 496 744 541; x_wconf 81' lang='grc' dir='ltr'>βασιλέως</span> <span class='ocrx_word' id='word_1_71' title='bbox 760 514 844 541; x_wconf 80' lang='grc' dir='ltr'>προσ-</span> 
     </span>
    </p>
   </div>
   <div class='ocr_carea' id='block_1_12' title="bbox 44 548 844 587">
    <p class='ocr_par' dir='ltr' id='par_1_12' title="bbox 44 548 844 587">
     <span class='ocr_line' id='line_1_12' title="bbox 44 548 844 587; baseline 0.004 -12"><span class='ocrx_word' id='word_1_72' title='bbox 44 548 185 581; x_wconf 74' lang='grc' dir='ltr'>τάξαντος</span> <span class='ocrx_word' id='word_1_73' title='bbox 203 549 288 585; x_wconf 83' lang='grc' dir='ltr'>μηδὲν</span> <span class='ocrx_word' id='word_1_74' title='bbox 305 550 461 585; x_wconf 75' lang='grc' dir='ltr'><strong>ἐπεισάγειν</strong></span> <span class='ocrx_word' id='word_1_75' title='bbox 477 552 510 586; x_wconf 83' lang='grc' dir='ltr'>τῇ</span> <span class='ocrx_word' id='word_1_76' title='bbox 528 551 617 577; x_wconf 81' lang='grc' dir='ltr'><strong>πίστει</strong></span> <span class='ocrx_word' id='word_1_77' title='bbox 638 551 714 587; x_wconf 77' lang='grc' dir='ltr'>παρὰ</span> <span class='ocrx_word' id='word_1_78' title='bbox 738 551 788 582; x_wconf 81' lang='grc' dir='ltr'>τὰς</span> <span class='ocrx_word' id='word_1_79' title='bbox 805 552 844 578; x_wconf 76' lang='grc' dir='ltr'><strong>ἱε-</strong></span> 
     </span>
    </p>
   </div>
   <div class='ocr_carea' id='block_1_13' title="bbox 48 594 844 632">
    <p class='ocr_par' dir='ltr' id='par_1_13' title="bbox 48 594 844 632">
     <span class='ocr_line' id='line_1_13' title="bbox 48 594 844 632; baseline 0.003 -11"><span class='ocrx_word' id='word_1_80' title='bbox 48 594 104 630; x_wconf 76' lang='grc' dir='ltr'><strong>ρὰς</strong></span> <span class='ocrx_word' id='word_1_81' title='bbox 119 595 242 630; x_wconf 80' lang='grc' dir='ltr'>Γραφὰς,</span> <span class='ocrx_word' id='word_1_82' title='bbox 257 596 423 632; x_wconf 78' lang='grc' dir='ltr'>ἐπαγόμενοι</span> <span class='ocrx_word' id='word_1_83' title='bbox 435 605 507 628; x_wconf 84' lang='grc' dir='ltr'>τινες</span> <span class='ocrx_word' id='word_1_84' title='bbox 518 597 580 628; x_wconf 81' lang='grc' dir='ltr'>τοὺς</span> <span class='ocrx_word' id='word_1_85' title='bbox 593 596 800 632; x_wconf 82' lang='grc' dir='ltr'><strong>καθῃρημένους</strong></span> <span class='ocrx_word' id='word_1_86' title='bbox 812 597 844 624; x_wconf 74' lang='grc' dir='ltr'>ἐκ</span> 
     </span>
    </p>
   </div>
   <div class='ocr_carea' id='block_1_14' title="bbox 45 640 844 677">
    <p class='ocr_par' dir='ltr' id='par_1_14' title="bbox 45 640 844 677">
     <span class='ocr_line' id='line_1_14' title="bbox 45 640 844 677; baseline 0.004 -11"><span class='ocrx_word' id='word_1_87' title='bbox 45 640 188 676; x_wconf 87' lang='grc' dir='ltr'>διαφόρων</span> <span class='ocrx_word' id='word_1_88' title='bbox 209 641 310 672; x_wconf 85' lang='grc' dir='ltr'>ὲθνῶν,</span> <span class='ocrx_word' id='word_1_89' title='bbox 327 642 375 668; x_wconf 55' lang='grc' dir='ltr'><strong>καὶ⁴</strong></span> <span class='ocrx_word' id='word_1_90' title='bbox 399 642 461 673; x_wconf 83' lang='grc' dir='ltr'>τοὺς</span> <span class='ocrx_word' id='word_1_91' title='bbox 489 642 655 677; x_wconf 74' lang='grc' dir='ltr'><strong>παρανόμως</strong></span> <span class='ocrx_word' id='word_1_92' title='bbox 678 642 844 674; x_wconf 67' lang='grc' dir='ltr'><strong>ἐπισκόπους</strong></span> 
     </span>
    </p>
   </div>
   <div class='ocr_carea' id='block_1_15' title="bbox 47 686 844 724">
    <p class='ocr_par' dir='ltr' id='par_1_15' title="bbox 47 686 844 724">
     <span class='ocr_line' id='line_1_15' title="bbox 47 686 844 724; baseline 0.004 -12"><span class='ocrx_word' id='word_1_93' title='bbox 47 686 253 720; x_wconf 74' lang='grc' dir='ltr'><strong>καταστάντας,</strong></span> <span class='ocrx_word' id='word_1_94' title='bbox 270 687 405 723; x_wconf 75' lang='grc' dir='ltr'>ἐτάραξαν</span> <span class='ocrx_word' id='word_1_95' title='bbox 421 688 471 723; x_wconf 87' lang='grc' dir='ltr'>τὴν</span> <span class='ocrx_word' id='word_1_96' title='bbox 494 688 617 715; x_wconf 80' lang='grc' dir='ltr'>σύνοδον·</span> <span class='ocrx_word' id='word_1_97' title='bbox 636 689 682 716; x_wconf 72' lang='grc' dir='ltr'>καὶ</span> <span class='ocrx_word' id='word_1_98' title='bbox 708 689 772 720; x_wconf 77' lang='grc' dir='ltr'>τοὺς</span> <span class='ocrx_word' id='word_1_99' title='bbox 794 688 844 724; x_wconf 82' lang='grc' dir='ltr'>μὲν</span> 
     </span>
    </p>
   </div>
   <div class='ocr_carea' id='block_1_16' title="bbox 48 733 845 770">
    <p class='ocr_par' dir='ltr' id='par_1_16' title="bbox 48 733 845 770">
     <span class='ocr_line' id='line_1_16' title="bbox 48 733 845 770; baseline 0.003 -11"><span class='ocrx_word' id='word_1_100' title='bbox 48 733 142 760; x_wconf 86' lang='grc' dir='ltr'>αὐτῶν</span> <span class='ocrx_word' id='word_1_101' title='bbox 153 733 266 769; x_wconf 79' lang='grc' dir='ltr'>ὕϐρισαν</span> <span class='ocrx_word' id='word_1_102' title='bbox 276 742 282 749; x_wconf 91' lang='grc'><strong>·</strong></span> <span class='ocrx_word' id='word_1_103' title='bbox 298 735 361 766; x_wconf 82' lang='grc' dir='ltr'>τοὺς</span> <span class='ocrx_word' id='word_1_104' title='bbox 373 734 401 761; x_wconf 67' lang='grc' dir='ltr'><strong>δὲ</strong></span> <span class='ocrx_word' id='word_1_105' title='bbox 414 734 503 761; x_wconf 84' lang='grc' dir='ltr'><strong>λαλεῖν</strong></span> <span class='ocrx_word' id='word_1_106' title='bbox 513 734 543 760; x_wconf 82' lang='grc' dir='ltr'>οὐ</span> <span class='ocrx_word' id='word_1_107' title='bbox 556 734 757 770; x_wconf 83' lang='grc' dir='ltr'>συνεχώρησαν.</span> <span class='ocrx_word' id='word_1_108' title='bbox 771 735 845 769; x_wconf 71' lang='grc' dir='ltr'>Σφᾶς</span> 
     </span>
    </p>
   </div>
   <div class='ocr_carea' id='block_1_17' title="bbox 47 778 844 816">
    <p class='ocr_par' dir='ltr' id='par_1_17' title="bbox 47 778 844 816">
     <span class='ocr_line' id='line_1_17' title="bbox 47 778 844 816; baseline 0.001 -11"><span class='ocrx_word' id='word_1_109' title='bbox 47 778 92 810; x_wconf 79' lang='grc' dir='ltr'><strong>δὲ,</strong></span> <span class='ocrx_word' id='word_1_110' title='bbox 103 779 152 813; x_wconf 79' lang='grc' dir='ltr'>τὴν</span> <span class='ocrx_word' id='word_1_111' title='bbox 166 779 324 807; x_wconf 83' lang='grc' dir='ltr'>ὲκτεθεῖσαν</span> <span class='ocrx_word' id='word_1_112' title='bbox 338 781 429 807; x_wconf 80' lang='grc' dir='ltr'>πίστιν</span> <span class='ocrx_word' id='word_1_113' title='bbox 439 781 468 807; x_wconf 80' lang='grc' dir='ltr'>ὲν</span> <span class='ocrx_word' id='word_1_114' title='bbox 476 780 626 816; x_wconf 83' lang='grc' dir='ltr'>’Δντιοχειᾳ</span> <span class='ocrx_word' id='word_1_115' title='bbox 637 781 675 816; x_wconf 84' lang='grc' dir='ltr'>μὴ</span> <span class='ocrx_word' id='word_1_116' title='bbox 684 781 844 814; x_wconf 76' lang='grc' dir='ltr'><strong>ἀποφυγεῖν,</strong></span> 
     </span>
    </p>
   </div>
   <div class='ocr_carea' id='block_1_18' title="bbox 48 826 845 862">
    <p class='ocr_par' dir='ltr' id='par_1_18' title="bbox 48 826 845 862">
     <span class='ocr_line' id='line_1_18' title="bbox 48 826 845 862; baseline 0.001 -10"><span class='ocrx_word' id='word_1_117' title='bbox 48 826 78 852; x_wconf 82' lang='grc' dir='ltr'><strong>εἰ</strong></span> <span class='ocrx_word' id='word_1_118' title='bbox 93 827 141 853; x_wconf 81' lang='grc' dir='ltr'><strong>καὶ</strong></span> <span class='ocrx_word' id='word_1_119' title='bbox 154 826 222 861; x_wconf 83' lang='grc' dir='ltr'>πρὸς</span> <span class='ocrx_word' id='word_1_120' title='bbox 236 826 284 862; x_wconf 85' lang='grc' dir='ltr'>τὴν</span> <span class='ocrx_word' id='word_1_121' title='bbox 305 826 365 853; x_wconf 86' lang='grc' dir='ltr'>τότε</span> <span class='ocrx_word' id='word_1_122' title='bbox 382 827 524 862; x_wconf 79' lang='grc' dir='ltr'>συμϐᾶσαν</span> <span class='ocrx_word' id='word_1_123' title='bbox 533 827 658 862; x_wconf 81' lang='grc' dir='ltr'>ζήτησιν,</span> <span class='ocrx_word' id='word_1_124' title='bbox 669 827 694 853; x_wconf 85' lang='grc' dir='ltr'>οὶ</span> <span class='ocrx_word' id='word_1_125' title='bbox 707 826 845 853; x_wconf 87' lang='grc' dir='ltr'>συνελθόν-</span> 
     </span>
    </p>
   </div>
   <div class='ocr_carea' id='block_1_19' title="bbox 47 872 845 909">
    <p class='ocr_par' dir='ltr' id='par_1_19' title="bbox 47 872 845 909">
     <span class='ocr_line' id='line_1_19' title="bbox 47 872 845 909; baseline 0 -10"><span class='ocrx_word' id='word_1_126' title='bbox 47 881 98 903; x_wconf 85' lang='grc' dir='ltr'><strong>τες</strong></span> <span class='ocrx_word' id='word_1_127' title='bbox 113 872 203 899; x_wconf 74' lang='grc' dir='ltr'>ἐκεῖσε</span> <span class='ocrx_word' id='word_1_128' title='bbox 213 872 315 908; x_wconf 83' lang='grc' dir='ltr'>ταύτην</span> <span class='ocrx_word' id='word_1_129' title='bbox 331 872 379 908; x_wconf 83' lang='grc' dir='ltr'>τὴν</span> <span class='ocrx_word' id='word_1_130' title='bbox 393 873 501 909; x_wconf 81' lang='grc' dir='ltr'>γραφὴν</span> <span class='ocrx_word' id='word_1_131' title='bbox 515 873 706 908; x_wconf 77' lang='grc' dir='ltr'>εἰσηγήσαντο.</span> <span class='ocrx_word' id='word_1_132' title='bbox 723 872 800 899; x_wconf 79' lang='grc' dir='ltr'>Ἐπεὶ</span> <span class='ocrx_word' id='word_1_133' title='bbox 817 872 845 899; x_wconf 72' lang='grc' dir='ltr'><strong>δὲ</strong></span> 
     </span>
    </p>
   </div>
   <div class='ocr_carea' id='block_1_20' title="bbox 49 907 881 954">
    <p class='ocr_par' dir='ltr' id='par_1_20' title="bbox 49 907 881 954">
     <span class='ocr_line' id='line_1_20' title="bbox 49 907 881 954; baseline 0 -9"><span class='ocrx_word' id='word_1_134' title='bbox 49 918 83 944; x_wconf 78' lang='grc' dir='ltr'>τὸ</span> <span class='ocrx_word' id='word_1_135' title='bbox 113 918 266 953; x_wconf 85' lang='grc' dir='ltr'>ὁμοούσιον,</span> <span class='ocrx_word' id='word_1_136' title='bbox 288 919 334 945; x_wconf 77' lang='grc' dir='ltr'>καὶ</span> <span class='ocrx_word' id='word_1_137' title='bbox 352 907 383 945; x_wconf 79' lang='grc' dir='ltr'><strong>τὺ</strong></span> <span class='ocrx_word' id='word_1_138' title='bbox 401 907 575 954; x_wconf 16' lang='grc' dir='ltr'>όήμοιοούσιονν</span> <span class='ocrx_word' id='word_1_139' title='bbox 591 918 675 945; x_wconf 84' lang='grc' dir='ltr'>εἰσέτι</span> <span class='ocrx_word' id='word_1_140' title='bbox 703 918 750 945; x_wconf 75' lang='grc' dir='ltr'>νῦν</span> <span class='ocrx_word' id='word_1_141' title='bbox 779 918 844 945; x_wconf 85' lang='grc' dir='ltr'>πολ·</span> <span class='ocrx_word' id='word_1_142' title='bbox 860 907 881 935; x_wconf 73' lang='grc' dir='ltr'>Β</span> 
     </span>
    </p>
   </div>
   <div class='ocr_carea' id='block_1_21' title="bbox 48 962 845 1000">
    <p class='ocr_par' dir='ltr' id='par_1_21' title="bbox 48 962 845 1000">
     <span class='ocr_line' id='line_1_21' title="bbox 48 962 845 1000; baseline 0 -11"><span class='ocrx_word' id='word_1_143' title='bbox 48 962 116 995; x_wconf 81' lang='grc' dir='ltr'>λοὺς</span> <span class='ocrx_word' id='word_1_144' title='bbox 131 963 254 998; x_wconf 75' lang='grc' dir='ltr'>θορυϐεῖ,</span> <span class='ocrx_word' id='word_1_145' title='bbox 271 964 372 1000; x_wconf 77' lang='grc' dir='ltr'>ἀρτίως</span> <span class='ocrx_word' id='word_1_146' title='bbox 397 964 427 991; x_wconf 82' lang='grc' dir='ltr'><strong>δὲ</strong></span> <span class='ocrx_word' id='word_1_147' title='bbox 449 965 620 999; x_wconf 78' lang='grc' dir='ltr'>καινοτομεῖν</span> <span class='ocrx_word' id='word_1_148' title='bbox 644 972 717 995; x_wconf 82' lang='grc' dir='ltr'>τινες</span> <span class='ocrx_word' id='word_1_149' title='bbox 741 964 845 998; x_wconf 78' lang='grc' dir='ltr'>ἐπιχει-</span> 
     </span>
    </p>
   </div>
   <div class='ocr_carea' id='block_1_22' title="bbox 51 1009 846 1046">
    <p class='ocr_par' dir='ltr' id='par_1_22' title="bbox 51 1009 846 1046">
     <span class='ocr_line' id='line_1_22' title="bbox 51 1009 846 1046; baseline -0.001 -10"><span class='ocrx_word' id='word_1_150' title='bbox 51 1009 132 1046; x_wconf 84' lang='grc' dir='ltr'>ροῦσι</span> <span class='ocrx_word' id='word_1_151' title='bbox 148 1010 178 1037; x_wconf 73' lang='grc' dir='ltr'>τὸ</span> <span class='ocrx_word' id='word_1_152' title='bbox 193 1010 318 1045; x_wconf 85' lang='grc' dir='ltr'>ἀνόμοιον</span> <span class='ocrx_word' id='word_1_153' title='bbox 342 1009 389 1036; x_wconf 84' lang='grc' dir='ltr'><strong>τοῦ</strong></span> <span class='ocrx_word' id='word_1_154' title='bbox 407 1010 472 1037; x_wconf 83' lang='grc' dir='ltr'><strong>Υίοῦ</strong></span> <span class='ocrx_word' id='word_1_155' title='bbox 496 1010 564 1045; x_wconf 85' lang='grc' dir='ltr'>πρὸς</span> <span class='ocrx_word' id='word_1_156' title='bbox 580 1010 625 1037; x_wconf 83' lang='grc' dir='ltr'>τὸν</span> <span class='ocrx_word' id='word_1_157' title='bbox 648 1009 757 1045; x_wconf 85' lang='grc' dir='ltr'>Πατέρα</span> <span class='ocrx_word' id='word_1_158' title='bbox 770 1017 777 1024; x_wconf 88' lang='grc'><strong>·</strong></span> <span class='ocrx_word' id='word_1_159' title='bbox 802 1009 846 1036; x_wconf 81' lang='grc' dir='ltr'>διὰ</span> 
     </span>
    </p>
   </div>
   <div class='ocr_carea' id='block_1_23' title="bbox 49 1046 845 1091">
    <p class='ocr_par' dir='ltr' id='par_1_23' title="bbox 49 1046 845 1091">
     <span class='ocr_line' id='line_1_23' title="bbox 49 1046 845 1091; baseline -0.001 -9"><span class='ocrx_word' id='word_1_160' title='bbox 49 1055 133 1083; x_wconf 79' lang='grc' dir='ltr'>τοῦτο</span> <span class='ocrx_word' id='word_1_161' title='bbox 162 1056 192 1082; x_wconf 77' lang='grc' dir='ltr'>τὸ</span> <span class='ocrx_word' id='word_1_162' title='bbox 209 1056 258 1091; x_wconf 85' lang='grc' dir='ltr'>μὲν</span> <span class='ocrx_word' id='word_1_163' title='bbox 285 1056 427 1091; x_wconf 84' lang='grc' dir='ltr'>όμοούσιον</span> <span class='ocrx_word' id='word_1_164' title='bbox 447 1056 538 1083; x_wconf 82' lang='grc' dir='ltr'>καὶτὸ</span> <span class='ocrx_word' id='word_1_165' title='bbox 557 1046 725 1091; x_wconf 79' lang='grc' dir='ltr'>όμοιοούσιον</span> <span class='ocrx_word' id='word_1_166' title='bbox 744 1055 845 1082; x_wconf 73' lang='grc' dir='ltr'>ἐκϐάλ-</span> 
     </span>
    </p>
   </div>
   <div class='ocr_carea' id='block_1_24' title="bbox 49 1101 846 1137">
    <p class='ocr_par' dir='ltr' id='par_1_24' title="bbox 49 1101 846 1137">
     <span class='ocr_line' id='line_1_24' title="bbox 49 1101 846 1137; baseline -0.001 -8"><span class='ocrx_word' id='word_1_167' title='bbox 49 1101 112 1129; x_wconf 78' lang='grc' dir='ltr'>λειν</span> <span class='ocrx_word' id='word_1_168' title='bbox 127 1101 229 1137; x_wconf 82' lang='grc' dir='ltr'>χρεὼν,</span> <span class='ocrx_word' id='word_1_169' title='bbox 243 1101 281 1133; x_wconf 86' lang='grc' dir='ltr'>ὡς</span> <span class='ocrx_word' id='word_1_170' title='bbox 300 1101 439 1137; x_wconf 83' lang='grc' dir='ltr'>ἀλλότριον</span> <span class='ocrx_word' id='word_1_171' title='bbox 452 1101 568 1137; x_wconf 82' lang='grc' dir='ltr'>Γραφῶν</span> <span class='ocrx_word' id='word_1_172' title='bbox 580 1110 586 1117; x_wconf 91' lang='grc'>·</span> <span class='ocrx_word' id='word_1_173' title='bbox 601 1101 804 1137; x_wconf 84' lang='grc' dir='ltr'>ἀποκηρύττειν</span> <span class='ocrx_word' id='word_1_174' title='bbox 817 1101 846 1128; x_wconf 78' lang='grc' dir='ltr'><strong>δὲ</strong></span> 
     </span>
    </p>
   </div>
   <div class='ocr_carea' id='block_1_25' title="bbox 51 1146 847 1183">
    <p class='ocr_par' dir='ltr' id='par_1_25' title="bbox 51 1146 847 1183">
     <span class='ocr_line' id='line_1_25' title="bbox 51 1146 847 1183; baseline 0.001 -11"><span class='ocrx_word' id='word_1_175' title='bbox 51 1146 85 1172; x_wconf 69' lang='grc' dir='ltr'>τὶν</span> <span class='ocrx_word' id='word_1_176' title='bbox 108 1146 249 1181; x_wconf 56' lang='grc' dir='ltr'>ἀνόμοιον</span> <span class='ocrx_word' id='word_1_177' title='bbox 265 1146 296 1173; x_wconf 79' lang='grc' dir='ltr'>τὸ</span> <span class='ocrx_word' id='word_1_178' title='bbox 309 1146 337 1173; x_wconf 83' lang='grc' dir='ltr'><strong>δὲ</strong></span> <span class='ocrx_word' id='word_1_179' title='bbox 346 1147 438 1182; x_wconf 83' lang='grc' dir='ltr'>ὅμοιον</span> <span class='ocrx_word' id='word_1_180' title='bbox 457 1147 523 1173; x_wconf 88' lang='grc' dir='ltr'><strong>Υἱοῦ</strong></span> <span class='ocrx_word' id='word_1_181' title='bbox 548 1147 617 1183; x_wconf 71' lang='grc' dir='ltr'>πρὸς</span> <span class='ocrx_word' id='word_1_182' title='bbox 629 1147 738 1182; x_wconf 80' lang='grc' dir='ltr'><strong>Πατέρα</strong></span> <span class='ocrx_word' id='word_1_183' title='bbox 754 1146 847 1181; x_wconf 82' lang='grc' dir='ltr'>σαφῶς</span> 
     </span>
    </p>
   </div>
   <div class='ocr_carea' id='block_1_26' title="bbox 48 1191 848 1228">
    <p class='ocr_par' dir='ltr' id='par_1_26' title="bbox 48 1191 848 1228">
     <span class='ocr_line' id='line_1_26' title="bbox 48 1191 848 1228; baseline 0.001 -10"><span class='ocrx_word' id='word_1_184' title='bbox 48 1191 204 1226; x_wconf 80' lang='grc' dir='ltr'>ὁμολογεῖν.</span> <span class='ocrx_word' id='word_1_185' title='bbox 222 1192 298 1219; x_wconf 82' lang='grc' dir='ltr'>Ἔστι</span> <span class='ocrx_word' id='word_1_186' title='bbox 313 1193 378 1228; x_wconf 73' lang='grc' dir='ltr'>γὰρ,</span> <span class='ocrx_word' id='word_1_187' title='bbox 392 1192 430 1225; x_wconf 85' lang='grc' dir='ltr'>ὥς</span> <span class='ocrx_word' id='word_1_188' title='bbox 445 1192 494 1219; x_wconf 84' lang='grc' dir='ltr'><strong>πού</strong></span> <span class='ocrx_word' id='word_1_189' title='bbox 506 1201 571 1228; x_wconf 86' lang='grc' dir='ltr'>φησι</span> <span class='ocrx_word' id='word_1_190' title='bbox 585 1192 690 1224; x_wconf 81' lang='grc' dir='ltr'>Παῦλος</span> <span class='ocrx_word' id='word_1_191' title='bbox 703 1194 718 1219; x_wconf 88' lang='grc' dir='ltr'><strong>ό</strong></span> <span class='ocrx_word' id='word_1_192' title='bbox 731 1192 848 1219; x_wconf 82' lang='grc' dir='ltr'>ἀπόστο-</span> 
     </span>
    </p>
   </div>
   <div class='ocr_carea' id='block_1_27' title="bbox 49 1235 847 1273">
    <p class='ocr_par' dir='ltr' id='par_1_27' title="bbox 49 1235 847 1273">
     <span class='ocr_line' id='line_1_27' title="bbox 49 1235 847 1273; baseline 0.001 -11"><span class='ocrx_word' id='word_1_193' title='bbox 49 1236 111 1268; x_wconf 85' lang='grc' dir='ltr'>λος,</span> <span class='ocrx_word' id='word_1_194' title='bbox 130 1235 212 1263; x_wconf 86' lang='grc' dir='ltr'>είκὼν</span> <span class='ocrx_word' id='word_1_195' title='bbox 225 1237 272 1264; x_wconf 85' lang='grc' dir='ltr'>τοῦ</span> <span class='ocrx_word' id='word_1_196' title='bbox 286 1237 403 1273; x_wconf 81' lang='grc' dir='ltr'>ἀοράτου</span> <span class='ocrx_word' id='word_1_197' title='bbox 416 1237 496 1265; x_wconf 83' lang='grc' dir='ltr'>Θεοῦ.</span> <span class='ocrx_word' id='word_1_198' title='bbox 515 1237 608 1264; x_wconf 78' lang='grc' dir='ltr'>Ταῦτα</span> <span class='ocrx_word' id='word_1_199' title='bbox 626 1238 847 1272; x_wconf 83' lang='grc' dir='ltr'>προοιμιασάμε-</span> 
     </span>
    </p>
   </div>
   <div class='ocr_carea' id='block_1_28' title="bbox 49 1282 848 1319">
    <p class='ocr_par' dir='ltr' id='par_1_28' title="bbox 49 1282 848 1319">
     <span class='ocr_line' id='line_1_28' title="bbox 49 1282 848 1319; baseline 0.003 -11"><span class='ocrx_word' id='word_1_200' title='bbox 49 1291 106 1315; x_wconf 82' lang='grc' dir='ltr'>νοι,</span> <span class='ocrx_word' id='word_1_201' title='bbox 120 1283 184 1317; x_wconf 80' lang='grc' dir='ltr'><strong>ἑξῆς</strong></span> <span class='ocrx_word' id='word_1_202' title='bbox 206 1282 324 1315; x_wconf 78' lang='grc' dir='ltr'>πίστεως</span> <span class='ocrx_word' id='word_1_203' title='bbox 345 1283 514 1318; x_wconf 79' lang='grc' dir='ltr'>ὲπισυνῆψαν</span> <span class='ocrx_word' id='word_1_204' title='bbox 533 1282 652 1319; x_wconf 82' lang='grc' dir='ltr'>γραφὴν,</span> <span class='ocrx_word' id='word_1_205' title='bbox 668 1283 737 1318; x_wconf 82' lang='grc' dir='ltr'>μήτε</span> <span class='ocrx_word' id='word_1_206' title='bbox 747 1284 805 1315; x_wconf 83' lang='grc' dir='ltr'>τοῖς</span> <span class='ocrx_word' id='word_1_207' title='bbox 818 1284 848 1310; x_wconf 83' lang='grc' dir='ltr'>ὲν</span> 
     </span>
    </p>
   </div>
   <div class='ocr_carea' id='block_1_29' title="bbox 49 1329 845 1365">
    <p class='ocr_par' dir='ltr' id='par_1_29' title="bbox 49 1329 845 1365">
     <span class='ocr_line' id='line_1_29' title="bbox 49 1329 845 1365; baseline 0.001 -10"><span class='ocrx_word' id='word_1_208' title='bbox 49 1329 168 1364; x_wconf 73' lang='grc' dir='ltr'>Νικαίᾳ,</span> <span class='ocrx_word' id='word_1_209' title='bbox 185 1329 253 1364; x_wconf 86' lang='grc' dir='ltr'>μήτε</span> <span class='ocrx_word' id='word_1_210' title='bbox 267 1330 323 1362; x_wconf 88' lang='grc' dir='ltr'>τοῖς</span> <span class='ocrx_word' id='word_1_211' title='bbox 340 1330 368 1356; x_wconf 80' lang='grc' dir='ltr'>ἐν</span> <span class='ocrx_word' id='word_1_212' title='bbox 390 1330 539 1365; x_wconf 77' lang='grc' dir='ltr'>Ἀντιοχείᾳ</span> <span class='ocrx_word' id='word_1_213' title='bbox 556 1329 647 1362; x_wconf 80' lang='grc' dir='ltr'>δόξασι</span> <span class='ocrx_word' id='word_1_214' title='bbox 664 1330 845 1364; x_wconf 86' lang='grc' dir='ltr'>συνᾴδουσαν·</span> 
     </span>
    </p>
   </div>
   <div class='ocr_carea' id='block_1_30' title="bbox 50 1374 835 1410">
    <p class='ocr_par' dir='ltr' id='par_1_30' title="bbox 50 1374 835 1410">
     <span class='ocr_line' id='line_1_30' title="bbox 50 1374 835 1410; baseline -0.001 -9"><span class='ocrx_word' id='word_1_215' title='bbox 50 1374 114 1401; x_wconf 82' lang='grc' dir='ltr'>ἀλλ’</span> <span class='ocrx_word' id='word_1_216' title='bbox 122 1374 216 1406; x_wconf 81' lang='grc' dir='ltr'>ἁπλῶς</span> <span class='ocrx_word' id='word_1_217' title='bbox 225 1374 295 1401; x_wconf 79' lang='grc' dir='ltr'>οὕτω</span> <span class='ocrx_word' id='word_1_218' title='bbox 309 1375 505 1410; x_wconf 77' lang='grc' dir='ltr'>συγκειμένην,</span> <span class='ocrx_word' id='word_1_219' title='bbox 515 1375 553 1406; x_wconf 88' lang='grc' dir='ltr'>ὡς</span> <span class='ocrx_word' id='word_1_220' title='bbox 562 1375 679 1406; x_wconf 76' lang='grc' dir='ltr'>καὶτοὺς</span> <span class='ocrx_word' id='word_1_221' title='bbox 689 1374 835 1410; x_wconf 83' lang='grc' dir='ltr'>τάἈρείου</span> 
     </span>
    </p>
   </div>
   <div class='ocr_carea' id='block_1_31' title="bbox 50 1420 848 1457">
    <p class='ocr_par' dir='ltr' id='par_1_31' title="bbox 50 1420 848 1457">
     <span class='ocr_line' id='line_1_31' title="bbox 50 1420 848 1457; baseline -0.001 -10"><span class='ocrx_word' id='word_1_222' title='bbox 50 1421 104 1448; x_wconf 71' lang='grc' dir='ltr'>καὶ</span> <span class='ocrx_word' id='word_1_223' title='bbox 115 1420 149 1446; x_wconf 70' lang='grc' dir='ltr'><strong>τὰ</strong></span> <span class='ocrx_word' id='word_1_224' title='bbox 157 1421 258 1447; x_wconf 79' lang='grc' dir='ltr'>Ἀετίου</span> <span class='ocrx_word' id='word_1_225' title='bbox 270 1420 432 1456; x_wconf 78' lang='grc' dir='ltr'>φρονοῦντας</span> <span class='ocrx_word' id='word_1_226' title='bbox 446 1421 526 1457; x_wconf 84' lang='grc' dir='ltr'>μηδὲν</span> <span class='ocrx_word' id='word_1_227' title='bbox 537 1421 624 1447; x_wconf 80' lang='grc' dir='ltr'>δοκεῖν</span> <span class='ocrx_word' id='word_1_228' title='bbox 640 1420 815 1456; x_wconf 76' lang='grc' dir='ltr'>ἁμαρτάνειν,</span> <span class='ocrx_word' id='word_1_229' title='bbox 823 1420 848 1446; x_wconf 85' lang='grc' dir='ltr'><strong>ει</strong></span> 
     </span>
    </p>
   </div>
   <div class='ocr_carea' id='block_1_32' title="bbox 50 1462 848 1502">
    <p class='ocr_par' dir='ltr' id='par_1_32' title="bbox 50 1462 848 1502">
     <span class='ocr_line' id='line_1_32' title="bbox 50 1462 848 1502; baseline 0 -10"><span class='ocrx_word' id='word_1_230' title='bbox 50 1467 104 1492; x_wconf 77' lang='grc' dir='ltr'>καὶ</span> <span class='ocrx_word' id='word_1_231' title='bbox 119 1462 169 1493; x_wconf 75' lang='grc' dir='ltr'>ὦδε</span> <span class='ocrx_word' id='word_1_232' title='bbox 192 1466 358 1493; x_wconf 80' lang='grc' dir='ltr'>πιστεύουσι.</span> <span class='ocrx_word' id='word_1_233' title='bbox 378 1467 607 1502; x_wconf 86' lang='grc' dir='ltr'>Παραδραμόντες</span> <span class='ocrx_word' id='word_1_234' title='bbox 620 1467 673 1502; x_wconf 86' lang='grc' dir='ltr'>γὰρ</span> <span class='ocrx_word' id='word_1_235' title='bbox 685 1466 720 1494; x_wconf 80' lang='grc' dir='ltr'><strong>τὰ</strong></span> <span class='ocrx_word' id='word_1_236' title='bbox 730 1466 848 1500; x_wconf 82' lang='grc' dir='ltr'>ὀνόματα</span> 
     </span>
    </p>
   </div>
   <div class='ocr_carea' id='block_1_33' title="bbox 50 1509 849 1548">
    <p class='ocr_par' dir='ltr' id='par_1_33' title="bbox 50 1509 849 1548">
     <span class='ocr_line' id='line_1_33' title="bbox 50 1509 849 1548; baseline -0.001 -9"><span class='ocrx_word' id='word_1_237' title='bbox 50 1513 89 1539; x_wconf 83' lang='grc' dir='ltr'>δι’</span> <span class='ocrx_word' id='word_1_238' title='bbox 105 1509 142 1539; x_wconf 85' lang='grc' dir='ltr'>ὧν</span> <span class='ocrx_word' id='word_1_239' title='bbox 160 1512 210 1547; x_wconf 80' lang='grc' dir='ltr'>τὴν</span> <span class='ocrx_word' id='word_1_240' title='bbox 231 1513 335 1548; x_wconf 81' lang='grc' dir='ltr'>’Δρείου</span> <span class='ocrx_word' id='word_1_241' title='bbox 358 1513 435 1546; x_wconf 81' lang='grc' dir='ltr'>δόξαν</span> <span class='ocrx_word' id='word_1_242' title='bbox 459 1513 635 1540; x_wconf 73' lang='grc' dir='ltr'>ἐκϐάλλουσιν</span> <span class='ocrx_word' id='word_1_243' title='bbox 654 1514 678 1539; x_wconf 87' lang='grc' dir='ltr'><strong>οί</strong></span> <span class='ocrx_word' id='word_1_244' title='bbox 695 1513 723 1539; x_wconf 76' lang='grc' dir='ltr'>ὲν</span> <span class='ocrx_word' id='word_1_245' title='bbox 746 1512 849 1548; x_wconf 83' lang='grc' dir='ltr'>Νικαίᾳ</span> 
     </span>
    </p>
   </div>
   <div class='ocr_carea' id='block_1_34' title="bbox 53 1558 848 1594">
    <p class='ocr_par' dir='ltr' id='par_1_34' title="bbox 53 1558 848 1594">
     <span class='ocr_line' id='line_1_34' title="bbox 53 1558 848 1594; baseline 0.001 -10"><span class='ocrx_word' id='word_1_246' title='bbox 53 1558 242 1590; x_wconf 76' lang='grc' dir='ltr'>συνελθόντες·</span> <span class='ocrx_word' id='word_1_247' title='bbox 255 1558 442 1594; x_wconf 82' lang='grc' dir='ltr'>σιωπήσαντες</span> <span class='ocrx_word' id='word_1_248' title='bbox 455 1559 482 1585; x_wconf 81' lang='grc' dir='ltr'><strong>δὲ</strong></span> <span class='ocrx_word' id='word_1_249' title='bbox 497 1559 542 1585; x_wconf 78' lang='grc' dir='ltr'>καὶ</span> <span class='ocrx_word' id='word_1_250' title='bbox 552 1559 589 1591; x_wconf 82' lang='grc' dir='ltr'>ὡς</span> <span class='ocrx_word' id='word_1_251' title='bbox 600 1559 777 1591; x_wconf 79' lang='grc' dir='ltr'>ἀναλλοίωτός</span> <span class='ocrx_word' id='word_1_252' title='bbox 790 1560 848 1585; x_wconf 70' lang='grc' dir='ltr'>ἐστι</span> 
     </span>
    </p>
   </div>
   <div class='ocr_carea' id='block_1_35' title="bbox 51 1603 848 1641">
    <p class='ocr_par' dir='ltr' id='par_1_35' title="bbox 51 1603 848 1641">
     <span class='ocr_line' id='line_1_35' title="bbox 51 1603 848 1641; baseline 0.003 -11"><span class='ocrx_word' id='word_1_253' title='bbox 51 1605 107 1639; x_wconf 81' lang='grc' dir='ltr'>τῆς</span> <span class='ocrx_word' id='word_1_254' title='bbox 119 1603 244 1639; x_wconf 83' lang='grc' dir='ltr'>θεότητος</span> <span class='ocrx_word' id='word_1_255' title='bbox 258 1605 272 1631; x_wconf 85' lang='grc' dir='ltr'><strong>ό</strong></span> <span class='ocrx_word' id='word_1_256' title='bbox 286 1604 360 1638; x_wconf 64' lang='grc' dir='ltr'>Υἱός,</span> <span class='ocrx_word' id='word_1_257' title='bbox 377 1605 471 1637; x_wconf 82' lang='grc' dir='ltr'>οὐσίας</span> <span class='ocrx_word' id='word_1_258' title='bbox 483 1614 512 1631; x_wconf 85' lang='grc' dir='ltr'><strong>τε</strong></span> <span class='ocrx_word' id='word_1_259' title='bbox 526 1606 573 1632; x_wconf 84' lang='grc' dir='ltr'>καὶ</span> <span class='ocrx_word' id='word_1_260' title='bbox 598 1605 694 1641; x_wconf 80' lang='grc' dir='ltr'>βουλῆς</span> <span class='ocrx_word' id='word_1_261' title='bbox 709 1606 755 1632; x_wconf 76' lang='grc' dir='ltr'>καὶ</span> <span class='ocrx_word' id='word_1_262' title='bbox 768 1606 848 1632; x_wconf 84' lang='grc' dir='ltr'>δυνά-</span> 
     </span>
    </p>
   </div>
   <div class='ocr_carea' id='block_1_36' title="bbox 54 1648 850 1686">
    <p class='ocr_par' dir='ltr' id='par_1_36' title="bbox 54 1648 850 1686">
     <span class='ocr_line' id='line_1_36' title="bbox 54 1648 850 1686; baseline 0.003 -11"><span class='ocrx_word' id='word_1_263' title='bbox 54 1657 133 1685; x_wconf 82' lang='grc' dir='ltr'>μεως</span> <span class='ocrx_word' id='word_1_264' title='bbox 146 1649 192 1676; x_wconf 81' lang='grc' dir='ltr'>καὶ</span> <span class='ocrx_word' id='word_1_265' title='bbox 205 1649 282 1684; x_wconf 78' lang='grc' dir='ltr'>δόξης</span> <span class='ocrx_word' id='word_1_266' title='bbox 298 1650 507 1686; x_wconf 76' lang='grc' dir='ltr'>ἀπαράλλακτος</span> <span class='ocrx_word' id='word_1_267' title='bbox 522 1650 604 1676; x_wconf 81' lang='grc' dir='ltr'>είκὼν</span> <span class='ocrx_word' id='word_1_268' title='bbox 614 1650 660 1677; x_wconf 86' lang='grc' dir='ltr'>τοῦ</span> <span class='ocrx_word' id='word_1_269' title='bbox 676 1650 792 1686; x_wconf 66' lang='grc' dir='ltr'>Πατρός,</span> <span class='ocrx_word' id='word_1_270' title='bbox 806 1648 850 1677; x_wconf 77' lang='grc' dir='ltr'>οἷα</span> 
     </span>
    </p>
   </div>
   <div class='ocr_carea' id='block_1_37' title="bbox 53 1695 850 1732">
    <p class='ocr_par' dir='ltr' id='par_1_37' title="bbox 53 1695 850 1732">
     <span class='ocr_line' id='line_1_37' title="bbox 53 1695 850 1732; baseline 0 -10"><span class='ocrx_word' id='word_1_271' title='bbox 53 1696 91 1730; x_wconf 78' lang='grc' dir='ltr'><strong>τῇ</strong></span> <span class='ocrx_word' id='word_1_272' title='bbox 117 1696 145 1722; x_wconf 75' lang='grc' dir='ltr'>ἑν</span> <span class='ocrx_word' id='word_1_273' title='bbox 163 1695 313 1732; x_wconf 81' lang='grc' dir='ltr'>Ἀντιοχείᾳ</span> <span class='ocrx_word' id='word_1_274' title='bbox 333 1696 432 1732; x_wconf 81' lang='grc' dir='ltr'>συνόδῳ</span> <span class='ocrx_word' id='word_1_275' title='bbox 458 1696 583 1732; x_wconf 71' lang='grc' dir='ltr'>εἴρηται·</span> <span class='ocrx_word' id='word_1_276' title='bbox 605 1696 783 1732; x_wconf 84' lang='grc' dir='ltr'>ὡμολόγησαν</span> <span class='ocrx_word' id='word_1_277' title='bbox 803 1706 850 1723; x_wconf 85' lang='grc' dir='ltr'>πι-</span> 
     </span>
    </p>
   </div>
   <div class='ocr_carea' id='block_1_38' title="bbox 54 1740 849 1777">
    <p class='ocr_par' dir='ltr' id='par_1_38' title="bbox 54 1740 849 1777">
     <span class='ocr_line' id='line_1_38' title="bbox 54 1740 849 1777; baseline 0.001 -10"><span class='ocrx_word' id='word_1_278' title='bbox 54 1740 165 1768; x_wconf 80' lang='grc' dir='ltr'>στεύειν</span> <span class='ocrx_word' id='word_1_279' title='bbox 191 1742 232 1772; x_wconf 72' lang='lat' dir='ltr'><strong>ei;</strong></span> <span class='ocrx_word' id='word_1_280' title='bbox 254 1741 372 1777; x_wconf 78' lang='grc' dir='ltr'>Πατέρα,</span> <span class='ocrx_word' id='word_1_281' title='bbox 393 1743 533 1769; x_wconf 86' lang='grc' dir='ltr'>πιστεύειν</span> <span class='ocrx_word' id='word_1_282' title='bbox 549 1742 579 1769; x_wconf 76' lang='grc' dir='ltr'><strong>δὲ</strong></span> <span class='ocrx_word' id='word_1_283' title='bbox 591 1742 639 1769; x_wconf 75' lang='grc' dir='ltr'><strong>καὶ</strong></span> <span class='ocrx_word' id='word_1_284' title='bbox 655 1743 693 1774; x_wconf 81' lang='grc' dir='ltr'><strong>είς</strong></span> <span class='ocrx_word' id='word_1_285' title='bbox 712 1743 758 1769; x_wconf 76' lang='grc' dir='ltr'><strong>τὸν</strong></span> <span class='ocrx_word' id='word_1_286' title='bbox 787 1742 849 1769; x_wconf 78' lang='grc' dir='ltr'>Υίὺν</span> 
     </span>
    </p>
   </div>
   <div class='ocr_carea' id='block_1_39' title="bbox 53 1787 852 1823">
    <p class='ocr_par' dir='ltr' id='par_1_39' title="bbox 53 1787 852 1823">
     <span class='ocr_line' id='line_1_39' title="bbox 53 1787 852 1823; baseline 0 -9"><span class='ocrx_word' id='word_1_287' title='bbox 53 1787 106 1814; x_wconf 83' lang='grc' dir='ltr'>καὶ</span> <span class='ocrx_word' id='word_1_288' title='bbox 119 1787 150 1813; x_wconf 87' lang='grc' dir='ltr'>τδ</span> <span class='ocrx_word' id='word_1_289' title='bbox 170 1787 247 1821; x_wconf 74' lang='grc' dir='ltr'>ἅγιον</span> <span class='ocrx_word' id='word_1_290' title='bbox 264 1787 387 1822; x_wconf 81' lang='grc' dir='ltr'>Πνεῦμα.</span> <span class='ocrx_word' id='word_1_291' title='bbox 407 1787 465 1823; x_wconf 82' lang='grc' dir='ltr'>Ἐφ’</span> <span class='ocrx_word' id='word_1_292' title='bbox 487 1787 593 1822; x_wconf 76' lang='grc' dir='ltr'>ἑκάστῳ</span> <span class='ocrx_word' id='word_1_293' title='bbox 606 1788 634 1815; x_wconf 80' lang='grc' dir='ltr'><strong>δὲ</strong></span> <span class='ocrx_word' id='word_1_294' title='bbox 648 1787 783 1819; x_wconf 69' lang='grc' dir='ltr'>ἐπιθέτοις</span> <span class='ocrx_word' id='word_1_295' title='bbox 796 1788 852 1814; x_wconf 85' lang='grc' dir='ltr'><strong>όνὸ-</strong></span> 
     </span>
    </p>
   </div>
   <div class='ocr_carea' id='block_1_40' title="bbox 56 1834 850 1870">
    <p class='ocr_par' dir='ltr' id='par_1_40' title="bbox 56 1834 850 1870">
     <span class='ocr_line' id='line_1_40' title="bbox 56 1834 850 1870; baseline 0 -10"><span class='ocrx_word' id='word_1_296' title='bbox 56 1842 127 1869; x_wconf 77' lang='grc' dir='ltr'>μασι</span> <span class='ocrx_word' id='word_1_297' title='bbox 151 1835 250 1865; x_wconf 82' lang='grc' dir='ltr'>κοινοῖς</span> <span class='ocrx_word' id='word_1_298' title='bbox 264 1843 319 1860; x_wconf 86' lang='grc' dir='ltr'>τισι</span> <span class='ocrx_word' id='word_1_299' title='bbox 339 1835 517 1870; x_wconf 80' lang='grc' dir='ltr'>χρησάμενοι,</span> <span class='ocrx_word' id='word_1_300' title='bbox 534 1834 552 1861; x_wconf 75' lang='grc' dir='ltr'><strong>ἃ</strong></span> <span class='ocrx_word' id='word_1_301' title='bbox 575 1835 643 1870; x_wconf 84' lang='grc' dir='ltr'>μήτε</span> <span class='ocrx_word' id='word_1_302' title='bbox 661 1835 761 1866; x_wconf 83' lang='grc' dir='ltr'>αὐτοῖς,</span> <span class='ocrx_word' id='word_1_303' title='bbox 780 1835 850 1870; x_wconf 80' lang='grc' dir='ltr'>μήτε</span> 
     </span>
    </p>
   </div>
   <div class='ocr_carea' id='block_1_41' title="bbox 53 1879 851 1916">
    <p class='ocr_par' dir='ltr' id='par_1_41' title="bbox 53 1879 851 1916">
     <span class='ocr_line' id='line_1_41' title="bbox 53 1879 851 1916; baseline -0.001 -9"><span class='ocrx_word' id='word_1_304' title='bbox 53 1882 114 1912; x_wconf 74' lang='grc' dir='ltr'>τοῖς</span> <span class='ocrx_word' id='word_1_305' title='bbox 141 1880 249 1907; x_wconf 72' lang='grc' dir='ltr'>ἐναντία</span> <span class='ocrx_word' id='word_1_306' title='bbox 271 1880 426 1913; x_wconf 81' lang='grc' dir='ltr'>δοξάζουσιν</span> <span class='ocrx_word' id='word_1_307' title='bbox 450 1880 594 1916; x_wconf 75' lang='grc' dir='ltr'>ἐμάχοντο,</span> <span class='ocrx_word' id='word_1_308' title='bbox 615 1880 678 1912; x_wconf 86' lang='grc' dir='ltr'>τοὺς</span> <span class='ocrx_word' id='word_1_309' title='bbox 695 1879 782 1912; x_wconf 80' lang='grc' dir='ltr'>άλλως</span> <span class='ocrx_word' id='word_1_310' title='bbox 806 1889 851 1907; x_wconf 88' lang='grc' dir='ltr'>πι-</span> 
     </span>
    </p>
   </div>
   <div class='ocr_carea' id='block_1_42' title="bbox 56 1925 850 1962">
    <p class='ocr_par' dir='ltr' id='par_1_42' title="bbox 56 1925 850 1962">
     <span class='ocr_line' id='line_1_42' title="bbox 56 1925 850 1962; baseline -0.001 -10"><span class='ocrx_word' id='word_1_311' title='bbox 56 1925 204 1957; x_wconf 84' lang='grc' dir='ltr'>στεύοντας</span> <span class='ocrx_word' id='word_1_312' title='bbox 221 1926 376 1961; x_wconf 82' lang='grc' dir='ltr'>ἀλλοτρίους</span> <span class='ocrx_word' id='word_1_313' title='bbox 402 1927 451 1962; x_wconf 81' lang='grc' dir='ltr'>τῆς</span> <span class='ocrx_word' id='word_1_314' title='bbox 474 1926 587 1954; x_wconf 80' lang='grc' dir='ltr'>καθόλου</span> <span class='ocrx_word' id='word_1_315' title='bbox 604 1926 767 1960; x_wconf 80' lang='grc' dir='ltr'>Ἐκκλησίας</span> <span class='ocrx_word' id='word_1_316' title='bbox 784 1925 850 1961; x_wconf 75' lang='grc' dir='ltr'>ἐψη-</span> 
     </span>
    </p>
   </div>
   <div class='ocr_carea' id='block_1_43' title="bbox 55 1972 850 2008">
    <p class='ocr_par' dir='ltr' id='par_1_43' title="bbox 55 1972 850 2008">
     <span class='ocr_line' id='line_1_43' title="bbox 55 1972 850 2008; baseline 0 -9"><span class='ocrx_word' id='word_1_317' title='bbox 55 1973 183 2008; x_wconf 74' lang='grc' dir='ltr'>φίσαντο.</span> <span class='ocrx_word' id='word_1_318' title='bbox 208 1972 303 2000; x_wconf 77' lang='grc' dir='ltr'>Τοιάδε</span> <span class='ocrx_word' id='word_1_319' title='bbox 325 1973 374 2008; x_wconf 80' lang='grc' dir='ltr'>μὲν</span> <span class='ocrx_word' id='word_1_320' title='bbox 395 1973 426 1999; x_wconf 79' lang='grc' dir='ltr'>τὸ</span> <span class='ocrx_word' id='word_1_321' title='bbox 449 1973 524 2008; x_wconf 83' lang='grc' dir='ltr'>παρὰ</span> <span class='ocrx_word' id='word_1_322' title='bbox 550 1973 646 2000; x_wconf 78' lang='grc' dir='ltr'>Λεωνᾶ</span> <span class='ocrx_word' id='word_1_323' title='bbox 667 1973 850 2008; x_wconf 83' lang='grc' dir='ltr'>προκομισθὲν</span> 
     </span>
    </p>
   </div>
   <div class='ocr_carea' id='block_1_44' title="bbox 57 2019 852 2054">
    <p class='ocr_par' dir='ltr' id='par_1_44' title="bbox 57 2019 852 2054">
     <span class='ocr_line' id='line_1_44' title="bbox 57 2019 852 2054; baseline 0 -9"><span class='ocrx_word' id='word_1_324' title='bbox 57 2019 164 2054; x_wconf 73' lang='grc' dir='ltr'>βιϐλίον</span> <span class='ocrx_word' id='word_1_325' title='bbox 179 2020 329 2054; x_wconf 85' lang='grc' dir='ltr'>περιεῖχεν,</span> <span class='ocrx_word' id='word_1_326' title='bbox 359 2019 406 2045; x_wconf 79' lang='grc' dir='ltr'><strong>ὑπ⁴</strong></span> <span class='ocrx_word' id='word_1_327' title='bbox 427 2019 509 2046; x_wconf 86' lang='grc' dir='ltr'>αὑτοῦ</span> <span class='ocrx_word' id='word_1_328' title='bbox 529 2019 557 2046; x_wconf 76' lang='grc' dir='ltr'><strong>δὲ</strong></span> <span class='ocrx_word' id='word_1_329' title='bbox 581 2019 708 2046; x_wconf 80' lang='grc' dir='ltr'>Ἀκακίου</span> <span class='ocrx_word' id='word_1_330' title='bbox 726 2020 783 2053; x_wconf 82' lang='grc'>(19)</span> <span class='ocrx_word' id='word_1_331' title='bbox 805 2020 852 2046; x_wconf 78' lang='grc' dir='ltr'>καὶ</span> 
     </span>
    </p>
   </div>
   <div class='ocr_carea' id='block_1_45' title="bbox 55 2063 852 2101">
    <p class='ocr_par' dir='ltr' id='par_1_45' title="bbox 55 2063 852 2101">
     <span class='ocr_line' id='line_1_45' title="bbox 55 2063 852 2101; baseline 0.003 -10"><span class='ocrx_word' id='word_1_332' title='bbox 55 2065 112 2092; x_wconf 74' lang='grc' dir='ltr'><strong>τῶν</strong></span> <span class='ocrx_word' id='word_1_333' title='bbox 125 2063 201 2099; x_wconf 84' lang='grc' dir='ltr'>αὐτῷ</span> <span class='ocrx_word' id='word_1_334' title='bbox 214 2063 379 2100; x_wconf 84' lang='grc' dir='ltr'>πειθομένων</span> <span class='ocrx_word' id='word_1_335' title='bbox 393 2065 649 2100; x_wconf 82' lang='grc' dir='ltr'>ὑπογεγραμμένον.</span> <span class='ocrx_word' id='word_1_336' title='bbox 663 2065 740 2092; x_wconf 81' lang='grc' dir='ltr'>Μετά</span> <span class='ocrx_word' id='word_1_337' title='bbox 757 2065 785 2091; x_wconf 81' lang='grc' dir='ltr'><strong>δὲ</strong></span> <span class='ocrx_word' id='word_1_338' title='bbox 802 2065 852 2101; x_wconf 84' lang='grc' dir='ltr'>τὴν</span> 
     </span>
    </p>
   </div>
   <div class='ocr_carea' id='block_1_46' title="bbox 55 2109 851 2147">
    <p class='ocr_par' dir='ltr' id='par_1_46' title="bbox 55 2109 851 2147">
     <span class='ocr_line' id='line_1_46' title="bbox 55 2109 851 2147; baseline 0.003 -11"><span class='ocrx_word' id='word_1_339' title='bbox 55 2109 156 2136; x_wconf 83' lang='grc' dir='ltr'>τούτου</span> <span class='ocrx_word' id='word_1_340' title='bbox 168 2110 329 2144; x_wconf 87' lang='grc' dir='ltr'>ἀνάγνωσιν,</span> <span class='ocrx_word' id='word_1_341' title='bbox 337 2109 492 2145; x_wconf 78' lang='grc' dir='ltr'>ἀναϐοήσας</span> <span class='ocrx_word' id='word_1_342' title='bbox 504 2111 656 2147; x_wconf 87' lang='grc' dir='ltr'>Σωφρόνιος</span> <span class='ocrx_word' id='word_1_343' title='bbox 663 2111 677 2137; x_wconf 89' lang='grc' dir='ltr'>ὁ</span> <span class='ocrx_word' id='word_1_344' title='bbox 687 2111 851 2146; x_wconf 83' lang='grc' dir='ltr'>Παφλαγὼν,</span> 
     </span>
    </p>
   </div>
   <div class='ocr_carea' id='block_1_47' title="bbox 57 2147 854 2194">
    <p class='ocr_par' dir='ltr' id='par_1_47' title="bbox 57 2147 854 2194">
     <span class='ocr_line' id='line_1_47' title="bbox 57 2147 854 2194; baseline 0.003 -12"><span class='ocrx_word' id='word_1_345' title='bbox 57 2157 89 2183; x_wconf 81' lang='grc' dir='ltr'><strong>Εἰ</strong></span> <span class='ocrx_word' id='word_1_346' title='bbox 105 2156 137 2182; x_wconf 80' lang='grc' dir='ltr'>τὸ</span> <span class='ocrx_word' id='word_1_347' title='bbox 161 2156 280 2192; x_wconf 80' lang='grc' dir='ltr'>ἑκάστης</span> <span class='ocrx_word' id='word_1_348' title='bbox 295 2157 413 2192; x_wconf 78' lang='grc' dir='ltr'>ἡμέρας,</span> <span class='ocrx_word' id='word_1_349' title='bbox 427 2157 491 2193; x_wconf 71' lang='grc' dir='ltr'>ἔφη,</span> <span class='ocrx_word' id='word_1_350' title='bbox 510 2157 577 2185; x_wconf 85' lang='grc' dir='ltr'>ίδίαν</span> <span class='ocrx_word' id='word_1_351' title='bbox 594 2147 854 2194; x_wconf 31' lang='grc' dir='ltr'>ὲκτίθεσθαιχβούλη-</span> 
     </span>
    </p>
   </div>
   <div class='ocr_carea' id='block_1_48' title="bbox 57 2201 854 2239">
    <p class='ocr_par' dir='ltr' id='par_1_48' title="bbox 57 2201 854 2239">
     <span class='ocr_line' id='line_1_48' title="bbox 57 2201 854 2239; baseline 0.001 -10"><span class='ocrx_word' id='word_1_352' title='bbox 57 2211 114 2234; x_wconf 87' lang='grc' dir='ltr'>σιν,</span> <span class='ocrx_word' id='word_1_353' title='bbox 127 2201 248 2234; x_wconf 65' lang='grc' dir='ltr'>πίστεώς</span> <span class='ocrx_word' id='word_1_354' title='bbox 273 2203 349 2229; x_wconf 77' lang='grc' dir='ltr'>ἐστιν</span> <span class='ocrx_word' id='word_1_355' title='bbox 371 2203 478 2235; x_wconf 80' lang='grc' dir='ltr'>ἔκθεσις</span> <span class='ocrx_word' id='word_1_356' title='bbox 491 2224 498 2236; x_wconf 90' lang='grc'><strong>,</strong></span> <span class='ocrx_word' id='word_1_357' title='bbox 515 2203 647 2238; x_wconf 73' lang='grc' dir='ltr'>ἐπιλείψει</span> <span class='ocrx_word' id='word_1_358' title='bbox 670 2204 746 2238; x_wconf 77' lang='grc' dir='ltr'>ἡμᾶς</span> <span class='ocrx_word' id='word_1_359' title='bbox 763 2204 780 2239; x_wconf 85' lang='grc' dir='ltr'><strong>ή</strong></span> <span class='ocrx_word' id='word_1_360' title='bbox 803 2204 854 2239; x_wconf 86' lang='grc' dir='ltr'>τῆς</span> 
     </span>
    </p>
   </div>
   <div class='ocr_carea' id='block_1_49' title="bbox 892 283 1682 318">
    <p class='ocr_par' dir='ltr' id='par_1_49' title="bbox 892 283 1682 318">
     <span class='ocr_line' id='line_1_49' title="bbox 892 283 1682 318; baseline 0 -8"><span class='ocrx_word' id='word_1_361' title='bbox 892 290 957 310; x_wconf 79' lang='lat' dir='ltr'><strong>vero</strong></span> <span class='ocrx_word' id='word_1_362' title='bbox 973 286 1001 310; x_wconf 90' lang='lat' dir='ltr'><strong>et</strong></span> <span class='ocrx_word' id='word_1_363' title='bbox 1018 283 1064 317; x_wconf 87' lang='lat' dir='ltr'><strong>qui</strong></span> <span class='ocrx_word' id='word_1_364' title='bbox 1083 283 1116 310; x_wconf 89' lang='lat' dir='ltr'><strong>ab</strong></span> <span class='ocrx_word' id='word_1_365' title='bbox 1133 283 1208 311; x_wconf 89' lang='lat' dir='ltr'><strong>illius</strong></span> <span class='ocrx_word' id='word_1_366' title='bbox 1228 283 1351 318; x_wconf 86' lang='lat' dir='ltr'><strong>partibus</strong></span> <span class='ocrx_word' id='word_1_367' title='bbox 1370 283 1496 316; x_wconf 85' lang='lat' dir='ltr'><strong>stabant,</strong></span> <span class='ocrx_word' id='word_1_368' title='bbox 1518 283 1545 310; x_wconf 93' lang='lat' dir='ltr'><strong>in</strong></span> <span class='ocrx_word' id='word_1_369' title='bbox 1565 289 1682 311; x_wconf 63' lang='lat' dir='ltr'><strong>consesw</strong></span> 
     </span>
    </p>
   </div>
   <div class='ocr_carea' id='block_1_50' title="bbox 892 329 1677 365">
    <p class='ocr_par' dir='ltr' id='par_1_50' title="bbox 892 329 1677 365">
     <span class='ocr_line' id='line_1_50' title="bbox 892 329 1677 365; baseline 0 -9"><span class='ocrx_word' id='word_1_370' title='bbox 892 336 952 356; x_wconf 82' lang='lat' dir='ltr'><strong>sum</strong></span> <span class='ocrx_word' id='word_1_371' title='bbox 967 329 1061 357; x_wconf 85' lang='lat' dir='ltr'><strong>venire</strong></span> <span class='ocrx_word' id='word_1_372' title='bbox 1074 333 1252 361; x_wconf 89' lang='lat' dir='ltr'><strong>recusarunt,</strong></span> <span class='ocrx_word' id='word_1_373' title='bbox 1268 329 1321 356; x_wconf 90' lang='lat' dir='ltr'><strong>nisi</strong></span> <span class='ocrx_word' id='word_1_374' title='bbox 1335 330 1411 364; x_wconf 90' lang='lat' dir='ltr'><strong>prius</strong></span> <span class='ocrx_word' id='word_1_375' title='bbox 1425 330 1546 365; x_wconf 86' lang='lat' dir='ltr'><strong>episcopi</strong></span> <span class='ocrx_word' id='word_1_376' title='bbox 1562 329 1596 356; x_wconf 85' lang='lat' dir='ltr'><strong>ab</strong></span> <span class='ocrx_word' id='word_1_377' title='bbox 1609 329 1677 364; x_wconf 82' lang='lat' dir='ltr'><strong>ipsis</strong></span> 
     </span>
    </p>
   </div>
   <div class='ocr_carea' id='block_1_51' title="bbox 892 373 1678 410">
    <p class='ocr_par' dir='ltr' id='par_1_51' title="bbox 892 373 1678 410">
     <span class='ocr_line' id='line_1_51' title="bbox 892 373 1678 410; baseline 0.001 -9"><span class='ocrx_word' id='word_1_378' title='bbox 892 374 1011 409; x_wconf 87' lang='lat' dir='ltr'><strong>depositi</strong></span> <span class='ocrx_word' id='word_1_379' title='bbox 1029 375 1208 409; x_wconf 87' lang='lat' dir='ltr'><strong>accusatique</strong></span> <span class='ocrx_word' id='word_1_380' title='bbox 1220 394 1227 406; x_wconf 85' lang='lat'><strong>,</strong></span> <span class='ocrx_word' id='word_1_381' title='bbox 1245 382 1260 402; x_wconf 89' lang='lat' dir='ltr'><strong>e</strong></span> <span class='ocrx_word' id='word_1_382' title='bbox 1275 375 1394 402; x_wconf 88' lang='lat' dir='ltr'><strong>concilio</strong></span> <span class='ocrx_word' id='word_1_383' title='bbox 1409 375 1614 410; x_wconf 74' lang='lat' dir='ltr'><strong>egrederentur.</strong></span> <span class='ocrx_word' id='word_1_384' title='bbox 1634 373 1678 401; x_wconf 92' lang='lat' dir='ltr'><strong>ld-</strong></span> 
     </span>
    </p>
   </div>
   <div class='ocr_carea' id='block_1_52' title="bbox 893 419 1677 455">
    <p class='ocr_par' dir='ltr' id='par_1_52' title="bbox 893 419 1677 455">
     <span class='ocr_line' id='line_1_52' title="bbox 893 419 1677 455; baseline 0 -9"><span class='ocrx_word' id='word_1_385' title='bbox 893 428 945 455; x_wconf 89' lang='lat' dir='ltr'><strong>que</strong></span> <span class='ocrx_word' id='word_1_386' title='bbox 962 420 998 446; x_wconf 87' lang='lat' dir='ltr'><strong>ita</strong></span> <span class='ocrx_word' id='word_1_387' title='bbox 1013 420 1117 447; x_wconf 85' lang='lat' dir='ltr'><strong>factum</strong></span> <span class='ocrx_word' id='word_1_388' title='bbox 1131 424 1182 447; x_wconf 87' lang='lat' dir='ltr'><strong>est.</strong></span> <span class='ocrx_word' id='word_1_389' title='bbox 1200 419 1268 447; x_wconf 88' lang='lat' dir='ltr'><strong>Nam</strong></span> <span class='ocrx_word' id='word_1_390' title='bbox 1282 421 1328 455; x_wconf 94' lang='lat' dir='ltr'><strong>qui</strong></span> <span class='ocrx_word' id='word_1_391' title='bbox 1342 428 1374 448; x_wconf 88' lang='lat' dir='ltr'><strong>ex</strong></span> <span class='ocrx_word' id='word_1_392' title='bbox 1388 422 1474 448; x_wconf 85' lang='lat' dir='ltr'><strong>altera</strong></span> <span class='ocrx_word' id='word_1_393' title='bbox 1491 426 1568 455; x_wconf 87' lang='lat' dir='ltr'><strong>parte</strong></span> <span class='ocrx_word' id='word_1_394' title='bbox 1582 425 1677 453; x_wconf 84' lang='lat' dir='ltr'><strong>erant,</strong></span> 
     </span>
    </p>
   </div>
   <div class='ocr_carea' id='block_1_53' title="bbox 893 465 1678 499">
    <p class='ocr_par' dir='ltr' id='par_1_53' title="bbox 893 465 1678 499">
     <span class='ocr_line' id='line_1_53' title="bbox 893 465 1678 499; baseline 0 -7"><span class='ocrx_word' id='word_1_395' title='bbox 893 465 920 492; x_wconf 87' lang='lat' dir='ltr'><strong>id</strong></span> <span class='ocrx_word' id='word_1_396' title='bbox 941 465 998 492; x_wconf 81' lang='lat' dir='ltr'><strong>ﬁeri</strong></span> <span class='ocrx_word' id='word_1_397' title='bbox 1019 465 1222 499; x_wconf 72' lang='lat' dir='ltr'><strong>permiserunt,</strong></span> <span class='ocrx_word' id='word_1_398' title='bbox 1246 473 1308 492; x_wconf 90' lang='lat' dir='ltr'><strong>cum</strong></span> <span class='ocrx_word' id='word_1_399' title='bbox 1333 467 1524 494; x_wconf 76' lang='lat' dir='ltr'><strong>existimarent</strong></span> <span class='ocrx_word' id='word_1_400' title='bbox 1546 465 1678 493; x_wconf 77' lang='lat' dir='ltr'><strong>Acacium</strong></span> 
     </span>
    </p>
   </div>
   <div class='ocr_carea' id='block_1_54' title="bbox 893 511 1679 547">
    <p class='ocr_par' dir='ltr' id='par_1_54' title="bbox 893 511 1679 547">
     <span class='ocr_line' id='line_1_54' title="bbox 893 511 1679 547; baseline 0 -9"><span class='ocrx_word' id='word_1_401' title='bbox 893 512 964 539; x_wconf 85' lang='lat' dir='ltr'><strong>hanc</strong></span> <span class='ocrx_word' id='word_1_402' title='bbox 978 511 1146 539; x_wconf 89' lang='lat' dir='ltr'><strong>dissolvendi</strong></span> <span class='ocrx_word' id='word_1_403' title='bbox 1165 512 1273 539; x_wconf 88' lang='lat' dir='ltr'><strong>concilii</strong></span> <span class='ocrx_word' id='word_1_404' title='bbox 1289 513 1464 540; x_wconf 87' lang='lat' dir='ltr'><strong>occasionem</strong></span> <span class='ocrx_word' id='word_1_405' title='bbox 1481 515 1607 547; x_wconf 87' lang='lat' dir='ltr'><strong>captare,</strong></span> <span class='ocrx_word' id='word_1_406' title='bbox 1624 519 1679 546; x_wconf 91' lang='lat' dir='ltr'><strong>quo</strong></span> 
     </span>
    </p>
   </div>
   <div class='ocr_carea' id='block_1_55' title="bbox 893 555 1679 584">
    <p class='ocr_par' dir='ltr' id='par_1_55' title="bbox 893 555 1679 584">
     <span class='ocr_line' id='line_1_55' title="bbox 893 555 1679 584; baseline 0 -1"><span class='ocrx_word' id='word_1_407' title='bbox 893 561 921 584; x_wconf 89' lang='lat' dir='ltr'><strong>et</strong></span> <span class='ocrx_word' id='word_1_408' title='bbox 945 556 1060 584; x_wconf 69' lang='lat' dir='ltr'><strong>htrresis</strong></span> <span class='ocrx_word' id='word_1_409' title='bbox 1082 555 1155 584; x_wconf 81' lang='lat' dir='ltr'><strong>Aetii</strong></span> <span class='ocrx_word' id='word_1_410' title='bbox 1181 557 1333 584; x_wconf 91' lang='lat' dir='ltr'><strong>imminenti</strong></span> <span class='ocrx_word' id='word_1_411' title='bbox 1359 557 1479 584; x_wconf 80' lang='lat' dir='ltr'><strong>examini</strong></span> <span class='ocrx_word' id='word_1_412' title='bbox 1501 557 1679 584; x_wconf 51' lang='lat' dir='ltr'><strong>subtrahere.</strong></span> 
     </span>
    </p>
   </div>
   <div class='ocr_carea' id='block_1_56' title="bbox 894 601 1680 637">
    <p class='ocr_par' dir='ltr' id='par_1_56' title="bbox 894 601 1680 637">
     <span class='ocr_line' id='line_1_56' title="bbox 894 601 1680 637; baseline 0 -9"><span class='ocrx_word' id='word_1_413' title='bbox 894 605 950 632; x_wconf 91' lang='lat' dir='ltr'><strong>tur,</strong></span> <span class='ocrx_word' id='word_1_414' title='bbox 967 605 994 628; x_wconf 91' lang='lat' dir='ltr'><strong>et</strong></span> <span class='ocrx_word' id='word_1_415' title='bbox 1009 601 1061 636; x_wconf 89' lang='lat' dir='ltr'><strong>ipsi</strong></span> <span class='ocrx_word' id='word_1_416' title='bbox 1084 601 1263 636; x_wconf 80' lang='lat' dir='ltr'><strong>qmestiouem</strong></span> <span class='ocrx_word' id='word_1_417' title='bbox 1277 602 1310 629; x_wconf 91' lang='lat' dir='ltr'><strong>de</strong></span> <span class='ocrx_word' id='word_1_418' title='bbox 1326 602 1487 629; x_wconf 89' lang='lat' dir='ltr'><strong>criminibus</strong></span> <span class='ocrx_word' id='word_1_419' title='bbox 1502 610 1619 637; x_wconf 89' lang='lat' dir='ltr'><strong>quorum</strong></span> <span class='ocrx_word' id='word_1_420' title='bbox 1635 610 1680 628; x_wconf 89' lang='lat' dir='ltr'><strong>ar--</strong></span> 
     </span>
    </p>
   </div>
   <div class='ocr_carea' id='block_1_57' title="bbox 894 647 1681 683">
    <p class='ocr_par' dir='ltr' id='par_1_57' title="bbox 894 647 1681 683">
     <span class='ocr_line' id='line_1_57' title="bbox 894 647 1681 683; baseline -0.001 -8"><span class='ocrx_word' id='word_1_421' title='bbox 894 648 1086 680; x_wconf 81' lang='lat' dir='ltr'><strong>cessebantnr,</strong></span> <span class='ocrx_word' id='word_1_422' title='bbox 1117 647 1281 682; x_wconf 82' lang='lat' dir='ltr'><strong>effugerent.</strong></span> <span class='ocrx_word' id='word_1_423' title='bbox 1305 648 1454 683; x_wconf 78' lang='lat' dir='ltr'><strong>Postquam</strong></span> <span class='ocrx_word' id='word_1_424' title='bbox 1482 648 1603 675; x_wconf 86' lang='lat' dir='ltr'><strong>universi</strong></span> <span class='ocrx_word' id='word_1_425' title='bbox 1632 647 1681 674; x_wconf 88' lang='lat' dir='ltr'><strong>ad-</strong></span> 
     </span>
    </p>
   </div>
   <div class='ocr_carea' id='block_1_58' title="bbox 894 693 1680 725">
    <p class='ocr_par' dir='ltr' id='par_1_58' title="bbox 894 693 1680 725">
     <span class='ocr_line' id='line_1_58' title="bbox 894 693 1680 725; baseline -0.003 -4"><span class='ocrx_word' id='word_1_426' title='bbox 894 693 990 725; x_wconf 81' lang='lat' dir='ltr'><strong>fuere,</strong></span> <span class='ocrx_word' id='word_1_427' title='bbox 1008 693 1114 721; x_wconf 81' lang='lat' dir='ltr'><strong>Leonas</strong></span> <span class='ocrx_word' id='word_1_428' title='bbox 1130 693 1250 720; x_wconf 91' lang='lat' dir='ltr'><strong>libellum</strong></span> <span class='ocrx_word' id='word_1_429' title='bbox 1278 701 1308 721; x_wconf 82' lang='lat' dir='ltr'><strong>se</strong></span> <span class='ocrx_word' id='word_1_430' title='bbox 1333 694 1435 721; x_wconf 82' lang='lat' dir='ltr'><strong>habere</strong></span> <span class='ocrx_word' id='word_1_431' title='bbox 1457 693 1526 720; x_wconf 83' lang='lat' dir='ltr'><strong>dixit</strong></span> <span class='ocrx_word' id='word_1_432' title='bbox 1548 693 1680 720; x_wconf 87' lang='lat' dir='ltr'><strong>traditum</strong></span> 
     </span>
    </p>
   </div>
   <div class='ocr_carea' id='block_1_59' title="bbox 894 738 1680 778">
    <p class='ocr_par' dir='ltr' id='par_1_59' title="bbox 894 738 1680 778">
     <span class='ocr_line' id='line_1_59' title="bbox 894 738 1680 778; baseline -0.004 -11"><span class='ocrx_word' id='word_1_433' title='bbox 894 741 928 767; x_wconf 89' lang='lat' dir='ltr'><strong>ab</strong></span> <span class='ocrx_word' id='word_1_434' title='bbox 941 739 1096 767; x_wconf 82' lang='lat' dir='ltr'><strong>Acacianis.</strong></span> <span class='ocrx_word' id='word_1_435' title='bbox 1113 739 1178 766; x_wconf 79' lang='lat' dir='ltr'><strong>Erat</strong></span> <span class='ocrx_word' id='word_1_436' title='bbox 1194 739 1241 778; x_wconf 74' lang='lat' dir='ltr'><strong>hic</strong></span> <span class='ocrx_word' id='word_1_437' title='bbox 1255 739 1366 766; x_wconf 84' lang='lat' dir='ltr'><strong>libellus</strong></span> <span class='ocrx_word' id='word_1_438' title='bbox 1378 758 1384 770; x_wconf 88' lang='lat'><strong>,</strong></span> <span class='ocrx_word' id='word_1_439' title='bbox 1404 738 1522 765; x_wconf 81' lang='lat' dir='ltr'><strong>formula</strong></span> <span class='ocrx_word' id='word_1_440' title='bbox 1541 739 1600 765; x_wconf 86' lang='lat' dir='ltr'><strong>ﬁdei</strong></span> <span class='ocrx_word' id='word_1_441' title='bbox 1618 745 1680 764; x_wconf 91' lang='lat' dir='ltr'><strong>cum</strong></span> 
     </span>
    </p>
   </div>
   <div class='ocr_carea' id='block_1_60' title="bbox 895 782 1681 821">
    <p class='ocr_par' dir='ltr' id='par_1_60' title="bbox 895 782 1681 821">
     <span class='ocr_line' id='line_1_60' title="bbox 895 782 1681 821; baseline -0.006 -8"><span class='ocrx_word' id='word_1_442' title='bbox 895 786 1027 821; x_wconf 71' lang='lat' dir='ltr'><strong>protemio</strong></span> <span class='ocrx_word' id='word_1_443' title='bbox 1036 784 1170 820; x_wconf 85' lang='lat' dir='ltr'><strong>quodam;</strong></span> <span class='ocrx_word' id='word_1_444' title='bbox 1181 784 1263 819; x_wconf 91' lang='lat' dir='ltr'><strong>idque</strong></span> <span class='ocrx_word' id='word_1_445' title='bbox 1270 789 1383 811; x_wconf 68' lang='lat' dir='ltr'><strong>caeteros</strong></span> <span class='ocrx_word' id='word_1_446' title='bbox 1389 792 1485 811; x_wconf 90' lang='lat' dir='ltr'><strong>omnes</strong></span> <span class='ocrx_word' id='word_1_447' title='bbox 1493 783 1603 810; x_wconf 90' lang='lat' dir='ltr'><strong>latebat.</strong></span> <span class='ocrx_word' id='word_1_448' title='bbox 1614 782 1681 812; x_wconf 86' lang='lat' dir='ltr'><strong>Nam</strong></span> 
     </span>
    </p>
   </div>
   <div class='ocr_carea' id='block_1_61' title="bbox 895 829 1681 861">
    <p class='ocr_par' dir='ltr' id='par_1_61' title="bbox 895 829 1681 861">
     <span class='ocr_line' id='line_1_61' title="bbox 895 829 1681 861; baseline -0.004 -3"><span class='ocrx_word' id='word_1_449' title='bbox 895 837 921 859; x_wconf 85' lang='lat' dir='ltr'><strong>et</strong></span> <span class='ocrx_word' id='word_1_450' title='bbox 933 831 1038 858; x_wconf 84' lang='lat' dir='ltr'><strong>Leonas</strong></span> <span class='ocrx_word' id='word_1_451' title='bbox 1050 831 1121 858; x_wconf 88' lang='lat' dir='ltr'><strong>idem</strong></span> <span class='ocrx_word' id='word_1_452' title='bbox 1137 839 1198 858; x_wconf 89' lang='lat' dir='ltr'><strong>cum</strong></span> <span class='ocrx_word' id='word_1_453' title='bbox 1213 831 1315 858; x_wconf 83' lang='lat' dir='ltr'><strong>Acacio</strong></span> <span class='ocrx_word' id='word_1_454' title='bbox 1330 830 1454 858; x_wconf 85' lang='lat' dir='ltr'><strong>sentiens</strong></span> <span class='ocrx_word' id='word_1_455' title='bbox 1464 849 1471 861; x_wconf 89' lang='lat'><strong>,</strong></span> <span class='ocrx_word' id='word_1_456' title='bbox 1484 837 1545 857; x_wconf 77' lang='lat' dir='ltr'><strong>eum</strong></span> <span class='ocrx_word' id='word_1_457' title='bbox 1561 829 1681 856; x_wconf 88' lang='lat' dir='ltr'><strong>libellum</strong></span> 
     </span>
    </p>
   </div>
   <div class='ocr_carea' id='block_1_62' title="bbox 896 873 1684 904">
    <p class='ocr_par' dir='ltr' id='par_1_62' title="bbox 896 873 1684 904">
     <span class='ocr_line' id='line_1_62' title="bbox 896 873 1684 904; baseline -0.005 -1"><span class='ocrx_word' id='word_1_458' title='bbox 896 875 929 904; x_wconf 91' lang='lat' dir='ltr'><strong>de</strong></span> <span class='ocrx_word' id='word_1_459' title='bbox 946 877 1082 903; x_wconf 86' lang='lat' dir='ltr'><strong>industria</strong></span> <span class='ocrx_word' id='word_1_460' title='bbox 1102 876 1131 903; x_wconf 88' lang='lat' dir='ltr'><strong>in</strong></span> <span class='ocrx_word' id='word_1_461' title='bbox 1150 876 1258 903; x_wconf 88' lang='lat' dir='ltr'><strong>occulto</strong></span> <span class='ocrx_word' id='word_1_462' title='bbox 1274 876 1414 903; x_wconf 85' lang='lat' dir='ltr'><strong>habuerat.</strong></span> <span class='ocrx_word' id='word_1_463' title='bbox 1435 874 1487 901; x_wconf 89' lang='lat' dir='ltr'><strong>Ubi</strong></span> <span class='ocrx_word' id='word_1_464' title='bbox 1503 882 1567 901; x_wconf 90' lang='lat' dir='ltr'><strong>vero</strong></span> <span class='ocrx_word' id='word_1_465' title='bbox 1585 873 1684 900; x_wconf 85' lang='lat' dir='ltr'><strong>recita-</strong></span> 
     </span>
    </p>
   </div>
   <div class='ocr_carea' id='block_1_63' title="bbox 896 921 1682 956">
    <p class='ocr_par' dir='ltr' id='par_1_63' title="bbox 896 921 1682 956">
     <span class='ocr_line' id='line_1_63' title="bbox 896 921 1682 956; baseline -0.005 -7"><span class='ocrx_word' id='word_1_466' title='bbox 896 926 941 949; x_wconf 91' lang='lat' dir='ltr'><strong>tus</strong></span> <span class='ocrx_word' id='word_1_467' title='bbox 959 926 1001 950; x_wconf 89' lang='lat' dir='ltr'><strong>est</strong></span> <span class='ocrx_word' id='word_1_468' title='bbox 1021 921 1130 949; x_wconf 81' lang='lat' dir='ltr'><strong>libellus</strong></span> <span class='ocrx_word' id='word_1_469' title='bbox 1143 942 1150 953; x_wconf 90' lang='lat'><strong>,</strong></span> <span class='ocrx_word' id='word_1_470' title='bbox 1170 922 1266 956; x_wconf 79' lang='lat' dir='ltr'><strong>ingens</strong></span> <span class='ocrx_word' id='word_1_471' title='bbox 1287 921 1314 948; x_wconf 90' lang='lat' dir='ltr'><strong>in</strong></span> <span class='ocrx_word' id='word_1_472' title='bbox 1332 924 1470 947; x_wconf 84' lang='lat' dir='ltr'><strong>conventu</strong></span> <span class='ocrx_word' id='word_1_473' title='bbox 1490 921 1682 954; x_wconf 88' lang='lat' dir='ltr'><strong>episcoporum</strong></span> 
     </span>
    </p>
   </div>
   <div class='ocr_carea' id='block_1_64' title="bbox 896 963 1681 998">
    <p class='ocr_par' dir='ltr' id='par_1_64' title="bbox 896 963 1681 998">
     <span class='ocr_line' id='line_1_64' title="bbox 896 963 1681 998; baseline -0.006 -4"><span class='ocrx_word' id='word_1_474' title='bbox 896 967 1029 995; x_wconf 87' lang='lat' dir='ltr'><strong>tumultus</strong></span> <span class='ocrx_word' id='word_1_475' title='bbox 1045 967 1160 994; x_wconf 79' lang='lat' dir='ltr'><strong>exstitit.</strong></span> <span class='ocrx_word' id='word_1_476' title='bbox 1173 966 1397 993; x_wconf 83' lang='lat' dir='ltr'><strong>ludicabatcnim</strong></span> <span class='ocrx_word' id='word_1_477' title='bbox 1409 965 1454 992; x_wconf 84' lang='lat' dir='ltr'><strong>hic</strong></span> <span class='ocrx_word' id='word_1_478' title='bbox 1468 965 1578 992; x_wconf 85' lang='lat' dir='ltr'><strong>libellus</strong></span> <span class='ocrx_word' id='word_1_479' title='bbox 1597 963 1681 998; x_wconf 83' lang='lat' dir='ltr'><strong>quod,</strong></span> 
     </span>
    </p>
   </div>
   <div class='ocr_carea' id='block_1_65' title="bbox 896 1011 1684 1048">
    <p class='ocr_par' dir='ltr' id='par_1_65' title="bbox 896 1011 1684 1048">
     <span class='ocr_line' id='line_1_65' title="bbox 896 1011 1684 1048; baseline -0.005 -8"><span class='ocrx_word' id='word_1_480' title='bbox 896 1021 958 1041; x_wconf 88' lang='lat' dir='ltr'><strong>cum</strong></span> <span class='ocrx_word' id='word_1_481' title='bbox 971 1013 1120 1048; x_wconf 85' lang='lat' dir='ltr'><strong>imperator</strong></span> <span class='ocrx_word' id='word_1_482' title='bbox 1131 1012 1262 1047; x_wconf 88' lang='lat' dir='ltr'><strong>jussisset</strong></span> <span class='ocrx_word' id='word_1_483' title='bbox 1274 1020 1309 1039; x_wconf 88' lang='lat' dir='ltr'><strong>ne</strong></span> <span class='ocrx_word' id='word_1_484' title='bbox 1322 1011 1388 1047; x_wconf 88' lang='lat' dir='ltr'><strong>quid</strong></span> <span class='ocrx_word' id='word_1_485' title='bbox 1402 1011 1464 1038; x_wconf 89' lang='lat' dir='ltr'><strong>novi</strong></span> <span class='ocrx_word' id='word_1_486' title='bbox 1478 1014 1573 1046; x_wconf 77' lang='lat' dir='ltr'><strong>praeter</strong></span> <span class='ocrx_word' id='word_1_487' title='bbox 1588 1017 1684 1037; x_wconf 83' lang='lat' dir='ltr'><strong>sacras</strong></span> 
     </span>
    </p>
   </div>
   <div class='ocr_carea' id='block_1_66' title="bbox 897 1056 1683 1092">
    <p class='ocr_par' dir='ltr' id='par_1_66' title="bbox 897 1056 1683 1092">
     <span class='ocr_line' id='line_1_66' title="bbox 897 1056 1683 1092; baseline -0.006 -7"><span class='ocrx_word' id='word_1_488' title='bbox 897 1058 1054 1092; x_wconf 85' lang='lat' dir='ltr'><strong>Scripturas</strong></span> <span class='ocrx_word' id='word_1_489' title='bbox 1075 1058 1103 1085; x_wconf 89' lang='lat' dir='ltr'><strong>in</strong></span> <span class='ocrx_word' id='word_1_490' title='bbox 1123 1057 1201 1085; x_wconf 86' lang='lat' dir='ltr'><strong>fidem</strong></span> <span class='ocrx_word' id='word_1_491' title='bbox 1227 1057 1414 1088; x_wconf 85' lang='lat' dir='ltr'><strong>inveheretur,</strong></span> <span class='ocrx_word' id='word_1_492' title='bbox 1441 1056 1567 1083; x_wconf 91' lang='lat' dir='ltr'><strong>nonnulli</strong></span> <span class='ocrx_word' id='word_1_493' title='bbox 1592 1059 1683 1081; x_wconf 86' lang='lat' dir='ltr'><strong>tamen</strong></span> 
     </span>
    </p>
   </div>
   <div class='ocr_carea' id='block_1_67' title="bbox 896 1101 1684 1138">
    <p class='ocr_par' dir='ltr' id='par_1_67' title="bbox 896 1101 1684 1138">
     <span class='ocr_line' id='line_1_67' title="bbox 896 1101 1684 1138; baseline -0.006 -8"><span class='ocrx_word' id='word_1_494' title='bbox 896 1103 1021 1131; x_wconf 87' lang='lat' dir='ltr'><strong>adductis</strong></span> <span class='ocrx_word' id='word_1_495' title='bbox 1034 1110 1126 1130; x_wconf 81' lang='lat' dir='ltr'><strong>secum</strong></span> <span class='ocrx_word' id='word_1_496' title='bbox 1141 1102 1278 1138; x_wconf 88' lang='lat' dir='ltr'><strong>episcopis</strong></span> <span class='ocrx_word' id='word_1_497' title='bbox 1292 1110 1325 1129; x_wconf 76' lang='lat' dir='ltr'><strong>ex</strong></span> <span class='ocrx_word' id='word_1_498' title='bbox 1341 1102 1424 1128; x_wconf 88' lang='lat' dir='ltr'><strong>variis</strong></span> <span class='ocrx_word' id='word_1_499' title='bbox 1439 1101 1600 1136; x_wconf 85' lang='lat' dir='ltr'><strong>provinciis,</strong></span> <span class='ocrx_word' id='word_1_500' title='bbox 1615 1107 1684 1135; x_wconf 80' lang='lat' dir='ltr'><strong>quo-</strong></span> 
     </span>
    </p>
   </div>
   <div class='ocr_carea' id='block_1_68' title="bbox 896 1146 1683 1184">
    <p class='ocr_par' dir='ltr' id='par_1_68' title="bbox 896 1146 1683 1184">
     <span class='ocr_line' id='line_1_68' title="bbox 896 1146 1683 1184; baseline -0.006 -8"><span class='ocrx_word' id='word_1_501' title='bbox 896 1156 957 1176; x_wconf 88' lang='lat' dir='ltr'><strong>rum</strong></span> <span class='ocrx_word' id='word_1_502' title='bbox 975 1149 1021 1176; x_wconf 84' lang='lat' dir='ltr'><strong>alii</strong></span> <span class='ocrx_word' id='word_1_503' title='bbox 1040 1148 1155 1184; x_wconf 85' lang='lat' dir='ltr'><strong>depositi</strong></span> <span class='ocrx_word' id='word_1_504' title='bbox 1172 1148 1296 1180; x_wconf 81' lang='lat' dir='ltr'><strong>fuerant,</strong></span> <span class='ocrx_word' id='word_1_505' title='bbox 1309 1148 1355 1175; x_wconf 84' lang='lat' dir='ltr'><strong>alii</strong></span> <span class='ocrx_word' id='word_1_506' title='bbox 1374 1155 1437 1174; x_wconf 81' lang='lat' dir='ltr'><strong>vero</strong></span> <span class='ocrx_word' id='word_1_507' title='bbox 1454 1146 1595 1181; x_wconf 79' lang='lat' dir='ltr'><strong>illegitime</strong></span> <span class='ocrx_word' id='word_1_508' title='bbox 1610 1146 1683 1172; x_wconf 89' lang='lat' dir='ltr'><strong>ordi-</strong></span> 
     </span>
    </p>
   </div>
   <div class='ocr_carea' id='block_1_69' title="bbox 898 1191 1684 1230">
    <p class='ocr_par' dir='ltr' id='par_1_69' title="bbox 898 1191 1684 1230">
     <span class='ocr_line' id='line_1_69' title="bbox 898 1191 1684 1230; baseline -0.006 -8"><span class='ocrx_word' id='word_1_509' title='bbox 898 1196 952 1223; x_wconf 87' lang='lat' dir='ltr'><strong>nati</strong></span> <span class='ocrx_word' id='word_1_510' title='bbox 967 1216 974 1228; x_wconf 91' lang='lat'><strong>,</strong></span> <span class='ocrx_word' id='word_1_511' title='bbox 987 1195 1135 1222; x_wconf 91' lang='lat' dir='ltr'><strong>concilium</strong></span> <span class='ocrx_word' id='word_1_512' title='bbox 1150 1195 1359 1230; x_wconf 86' lang='lat' dir='ltr'><strong>perturbassent</strong></span> <span class='ocrx_word' id='word_1_513' title='bbox 1375 1201 1382 1220; x_wconf 90' lang='lat'><strong>:</strong></span> <span class='ocrx_word' id='word_1_514' title='bbox 1397 1197 1424 1221; x_wconf 90' lang='lat' dir='ltr'><strong>et</strong></span> <span class='ocrx_word' id='word_1_515' title='bbox 1439 1193 1509 1220; x_wconf 88' lang='lat' dir='ltr'><strong>alios</strong></span> <span class='ocrx_word' id='word_1_516' title='bbox 1525 1191 1636 1227; x_wconf 90' lang='lat' dir='ltr'><strong>quidem</strong></span> <span class='ocrx_word' id='word_1_517' title='bbox 1650 1198 1684 1217; x_wconf 78' lang='lat' dir='ltr'><strong>ex</strong></span> 
     </span>
    </p>
   </div>
   <div class='ocr_carea' id='block_1_70' title="bbox 897 1236 1684 1277">
    <p class='ocr_par' dir='ltr' id='par_1_70' title="bbox 897 1236 1684 1277">
     <span class='ocr_line' id='line_1_70' title="bbox 897 1236 1684 1277; baseline -0.005 -9"><span class='ocrx_word' id='word_1_518' title='bbox 897 1242 966 1277; x_wconf 84' lang='lat' dir='ltr'><strong>ipsis</strong></span> <span class='ocrx_word' id='word_1_519' title='bbox 992 1241 1158 1268; x_wconf 86' lang='lat' dir='ltr'><strong>contumelia</strong></span> <span class='ocrx_word' id='word_1_520' title='bbox 1185 1240 1363 1273; x_wconf 72' lang='lat' dir='ltr'><strong>effecissent;</strong></span> <span class='ocrx_word' id='word_1_521' title='bbox 1393 1240 1462 1267; x_wconf 92' lang='lat' dir='ltr'><strong>alios</strong></span> <span class='ocrx_word' id='word_1_522' title='bbox 1488 1243 1578 1266; x_wconf 79' lang='lat' dir='ltr'><strong>autent</strong></span> <span class='ocrx_word' id='word_1_523' title='bbox 1608 1236 1684 1272; x_wconf 91' lang='lat' dir='ltr'><strong>loqui</strong></span> 
     </span>
    </p>
   </div>
   <div class='ocr_carea' id='block_1_71' title="bbox 897 1283 1685 1322">
    <p class='ocr_par' dir='ltr' id='par_1_71' title="bbox 897 1283 1685 1322">
     <span class='ocr_line' id='line_1_71' title="bbox 897 1283 1685 1322; baseline -0.006 -8"><span class='ocrx_word' id='word_1_524' title='bbox 897 1287 1114 1322; x_wconf 83' lang='lat' dir='ltr'><strong>prohibuissent.</strong></span> <span class='ocrx_word' id='word_1_525' title='bbox 1136 1286 1171 1314; x_wconf 88' lang='lat' dir='ltr'><strong>Se</strong></span> <span class='ocrx_word' id='word_1_526' title='bbox 1190 1293 1272 1321; x_wconf 89' lang='lat' dir='ltr'><strong>porro</strong></span> <span class='ocrx_word' id='word_1_527' title='bbox 1292 1285 1372 1312; x_wconf 89' lang='lat' dir='ltr'><strong>fidem</strong></span> <span class='ocrx_word' id='word_1_528' title='bbox 1397 1284 1550 1312; x_wconf 72' lang='lat' dir='ltr'><strong>Antiochia:</strong></span> <span class='ocrx_word' id='word_1_529' title='bbox 1573 1283 1685 1318; x_wconf 77' lang='lat' dir='ltr'><strong>exposi-</strong></span> 
     </span>
    </p>
   </div>
   <div class='ocr_carea' id='block_1_72' title="bbox 898 1328 1685 1366">
    <p class='ocr_par' dir='ltr' id='par_1_72' title="bbox 898 1328 1685 1366">
     <span class='ocr_line' id='line_1_72' title="bbox 898 1328 1685 1366; baseline -0.005 -7"><span class='ocrx_word' id='word_1_530' title='bbox 898 1337 954 1359; x_wconf 89' lang='lat' dir='ltr'><strong>tam</strong></span> <span class='ocrx_word' id='word_1_531' title='bbox 971 1339 1023 1359; x_wconf 91' lang='lat' dir='ltr'><strong>non</strong></span> <span class='ocrx_word' id='word_1_532' title='bbox 1041 1332 1202 1366; x_wconf 83' lang='lat' dir='ltr'><strong>repudiare,</strong></span> <span class='ocrx_word' id='word_1_533' title='bbox 1222 1332 1285 1358; x_wconf 86' lang='lat' dir='ltr'><strong>licet</strong></span> <span class='ocrx_word' id='word_1_534' title='bbox 1303 1331 1343 1358; x_wconf 91' lang='lat' dir='ltr'><strong>illi</strong></span> <span class='ocrx_word' id='word_1_535' title='bbox 1362 1330 1407 1365; x_wconf 90' lang='lat' dir='ltr'><strong>qui</strong></span> <span class='ocrx_word' id='word_1_536' title='bbox 1433 1335 1488 1357; x_wconf 89' lang='lat' dir='ltr'><strong>tum</strong></span> <span class='ocrx_word' id='word_1_537' title='bbox 1511 1330 1538 1356; x_wconf 94' lang='lat' dir='ltr'><strong>in</strong></span> <span class='ocrx_word' id='word_1_538' title='bbox 1561 1337 1593 1356; x_wconf 88' lang='lat' dir='ltr'><strong>ea</strong></span> <span class='ocrx_word' id='word_1_539' title='bbox 1617 1328 1685 1356; x_wconf 84' lang='lat' dir='ltr'><strong>urbe</strong></span> 
     </span>
    </p>
   </div>
   <div class='ocr_carea' id='block_1_73' title="bbox 898 1372 1686 1412">
    <p class='ocr_par' dir='ltr' id='par_1_73' title="bbox 898 1372 1686 1412">
     <span class='ocr_line' id='line_1_73' title="bbox 898 1372 1686 1412; baseline -0.006 -8"><span class='ocrx_word' id='word_1_540' title='bbox 898 1377 1057 1412; x_wconf 74' lang='lat' dir='ltr'><strong>congregati</strong></span> <span class='ocrx_word' id='word_1_541' title='bbox 1075 1380 1157 1408; x_wconf 88' lang='lat' dir='ltr'><strong>sunt,</strong></span> <span class='ocrx_word' id='word_1_542' title='bbox 1173 1380 1285 1411; x_wconf 85' lang='lat' dir='ltr'><strong>propter</strong></span> <span class='ocrx_word' id='word_1_543' title='bbox 1301 1375 1479 1411; x_wconf 62' lang='lat' dir='ltr'><strong>quaestionem</strong></span> <span class='ocrx_word' id='word_1_544' title='bbox 1496 1378 1561 1401; x_wconf 93' lang='lat' dir='ltr'><strong>tunc</strong></span> <span class='ocrx_word' id='word_1_545' title='bbox 1580 1372 1686 1401; x_wconf 83' lang='lat' dir='ltr'><strong>excita-</strong></span> 
     </span>
    </p>
   </div>
   <div class='ocr_carea' id='block_1_74' title="bbox 899 1420 1686 1455">
    <p class='ocr_par' dir='ltr' id='par_1_74' title="bbox 899 1420 1686 1455">
     <span class='ocr_line' id='line_1_74' title="bbox 899 1420 1686 1455; baseline -0.006 -5"><span class='ocrx_word' id='word_1_546' title='bbox 899 1427 970 1455; x_wconf 86' lang='lat' dir='ltr'><strong>tam,</strong></span> <span class='ocrx_word' id='word_1_547' title='bbox 995 1430 1055 1450; x_wconf 90' lang='lat' dir='ltr'><strong>eam</strong></span> <span class='ocrx_word' id='word_1_548' title='bbox 1077 1421 1223 1449; x_wconf 84' lang='lat' dir='ltr'><strong>formulam</strong></span> <span class='ocrx_word' id='word_1_549' title='bbox 1246 1421 1432 1448; x_wconf 79' lang='lat' dir='ltr'><strong>condiderint.</strong></span> <span class='ocrx_word' id='word_1_550' title='bbox 1459 1420 1594 1447; x_wconf 65' lang='lat' dir='ltr'><strong>Caeterum</strong></span> <span class='ocrx_word' id='word_1_551' title='bbox 1615 1426 1686 1453; x_wconf 91' lang='lat' dir='ltr'><strong>quo-</strong></span> 
     </span>
    </p>
   </div>
   <div class='ocr_carea' id='block_1_75' title="bbox 900 1465 1686 1497">
    <p class='ocr_par' dir='ltr' id='par_1_75' title="bbox 900 1465 1686 1497">
     <span class='ocr_line' id='line_1_75' title="bbox 900 1465 1686 1497; baseline -0.008 0"><span class='ocrx_word' id='word_1_552' title='bbox 900 1470 974 1497; x_wconf 87' lang='lat' dir='ltr'><strong>niam</strong></span> <span class='ocrx_word' id='word_1_553' title='bbox 1003 1469 1062 1497; x_wconf 69' lang='grc' dir='ltr'>ιιωο</span> <span class='ocrx_word' id='word_1_554' title='bbox 1088 1469 1222 1496; x_wconf 84' lang='lat' dir='ltr'><strong>vocabula</strong></span> <span class='ocrx_word' id='word_1_555' title='bbox 1243 1468 1426 1495; x_wconf 80' lang='lat' dir='ltr'><strong>liomoousion</strong></span> <span class='ocrx_word' id='word_1_556' title='bbox 1447 1471 1474 1494; x_wconf 91' lang='lat' dir='ltr'><strong>et</strong></span> <span class='ocrx_word' id='word_1_557' title='bbox 1495 1465 1686 1494; x_wconf 76' lang='lat' dir='ltr'><strong>liomtnousion</strong></span> 
     </span>
    </p>
   </div>
   <div class='ocr_carea' id='block_1_76' title="bbox 900 1512 1687 1548">
    <p class='ocr_par' dir='ltr' id='par_1_76' title="bbox 900 1512 1687 1548">
     <span class='ocr_line' id='line_1_76' title="bbox 900 1512 1687 1548; baseline -0.008 -5"><span class='ocrx_word' id='word_1_558' title='bbox 900 1516 1001 1543; x_wconf 85' lang='lat' dir='ltr'><strong>multos</strong></span> <span class='ocrx_word' id='word_1_559' title='bbox 1013 1516 1163 1543; x_wconf 88' lang='lat' dir='ltr'><strong>etiamnum</strong></span> <span class='ocrx_word' id='word_1_560' title='bbox 1177 1515 1320 1542; x_wconf 83' lang='lat' dir='ltr'><strong>turbarent</strong></span> <span class='ocrx_word' id='word_1_561' title='bbox 1329 1533 1336 1546; x_wconf 88' lang='lat'><strong>,</strong></span> <span class='ocrx_word' id='word_1_562' title='bbox 1350 1518 1377 1541; x_wconf 89' lang='lat' dir='ltr'><strong>et</strong></span> <span class='ocrx_word' id='word_1_563' title='bbox 1390 1513 1499 1548; x_wconf 90' lang='lat' dir='ltr'><strong>quidam</strong></span> <span class='ocrx_word' id='word_1_564' title='bbox 1513 1512 1594 1547; x_wconf 90' lang='lat' dir='ltr'><strong>paulo</strong></span> <span class='ocrx_word' id='word_1_565' title='bbox 1607 1515 1687 1538; x_wconf 86' lang='lat' dir='ltr'><strong>antea</strong></span> 
     </span>
    </p>
   </div>
   <div class='ocr_carea' id='block_1_77' title="bbox 862 1554 1686 1602">
    <p class='ocr_par' dir='ltr' id='par_1_77' title="bbox 862 1554 1686 1602">
     <span class='ocr_line' id='line_1_77' title="bbox 862 1554 1686 1602; baseline -0.008 -13"><span class='ocrx_word' id='word_1_566' title='bbox 862 1574 883 1602; x_wconf 71' lang='grc' dir='ltr'>ο</span> <span class='ocrx_word' id='word_1_567' title='bbox 899 1562 1155 1590; x_wconf 81' lang='lat' dir='ltr'><strong>dissimilitudinem</strong></span> <span class='ocrx_word' id='word_1_568' title='bbox 1171 1560 1233 1587; x_wconf 82' lang='lat' dir='ltr'><strong>Filii</strong></span> <span class='ocrx_word' id='word_1_569' title='bbox 1249 1554 1414 1587; x_wconf 36' lang='lat' dir='ltr'><strong>cum&#39;Patre</strong></span> <span class='ocrx_word' id='word_1_570' title='bbox 1435 1559 1567 1586; x_wconf 85' lang='lat' dir='ltr'><strong>inducere</strong></span> <span class='ocrx_word' id='word_1_571' title='bbox 1585 1557 1686 1591; x_wconf 59' lang='lat' dir='ltr'><strong>coepist-</strong></span> 
     </span>
    </p>
   </div>
   <div class='ocr_carea' id='block_1_78' title="bbox 900 1604 1687 1640">
    <p class='ocr_par' dir='ltr' id='par_1_78' title="bbox 900 1604 1687 1640">
     <span class='ocr_line' id='line_1_78' title="bbox 900 1604 1687 1640; baseline -0.009 -5"><span class='ocrx_word' id='word_1_572' title='bbox 900 1611 979 1640; x_wconf 89' lang='lat' dir='ltr'><strong>sent,</strong></span> <span class='ocrx_word' id='word_1_573' title='bbox 997 1607 1104 1634; x_wconf 86' lang='lat' dir='ltr'><strong>idcirco</strong></span> <span class='ocrx_word' id='word_1_574' title='bbox 1117 1614 1164 1634; x_wconf 89' lang='lat' dir='ltr'><strong>eas</strong></span> <span class='ocrx_word' id='word_1_575' title='bbox 1186 1613 1267 1634; x_wconf 89' lang='lat' dir='ltr'><strong>voces</strong></span> <span class='ocrx_word' id='word_1_576' title='bbox 1288 1605 1469 1633; x_wconf 88' lang='lat' dir='ltr'><strong>homoousion</strong></span> <span class='ocrx_word' id='word_1_577' title='bbox 1489 1608 1517 1631; x_wconf 91' lang='lat' dir='ltr'><strong>et</strong></span> <span class='ocrx_word' id='word_1_578' title='bbox 1542 1604 1687 1630; x_wconf 73' lang='lat' dir='ltr'><strong>homomu—</strong></span> 
     </span>
    </p>
   </div>
   <div class='ocr_carea' id='block_1_79' title="bbox 900 1647 1689 1687">
    <p class='ocr_par' dir='ltr' id='par_1_79' title="bbox 900 1647 1689 1687">
     <span class='ocr_line' id='line_1_79' title="bbox 900 1647 1689 1687; baseline -0.006 -8"><span class='ocrx_word' id='word_1_579' title='bbox 900 1653 960 1680; x_wconf 88' lang='lat' dir='ltr'><strong>sion</strong></span> <span class='ocrx_word' id='word_1_580' title='bbox 973 1673 980 1685; x_wconf 85' lang='grc'><strong>,</strong></span> <span class='ocrx_word' id='word_1_581' title='bbox 996 1655 1126 1687; x_wconf 87' lang='lat' dir='ltr'><strong>tanquam</strong></span> <span class='ocrx_word' id='word_1_582' title='bbox 1144 1652 1249 1679; x_wconf 88' lang='lat' dir='ltr'><strong>alienas</strong></span> <span class='ocrx_word' id='word_1_583' title='bbox 1273 1659 1288 1678; x_wconf 90' lang='lat' dir='ltr'><strong>a</strong></span> <span class='ocrx_word' id='word_1_584' title='bbox 1308 1651 1397 1679; x_wconf 88' lang='lat' dir='ltr'><strong>sacris</strong></span> <span class='ocrx_word' id='word_1_585' title='bbox 1419 1650 1588 1685; x_wconf 88' lang='lat' dir='ltr'><strong>Scripturis,</strong></span> <span class='ocrx_word' id='word_1_586' title='bbox 1611 1647 1689 1682; x_wconf 88' lang='lat' dir='ltr'><strong>rejici</strong></span> 
     </span>
    </p>
   </div>
   <div class='ocr_carea' id='block_1_80' title="bbox 900 1694 1686 1732">
    <p class='ocr_par' dir='ltr' id='par_1_80' title="bbox 900 1694 1686 1732">
     <span class='ocr_line' id='line_1_80' title="bbox 900 1694 1686 1732; baseline -0.008 -7"><span class='ocrx_word' id='word_1_587' title='bbox 900 1702 1047 1732; x_wconf 86' lang='lat' dir='ltr'><strong>oportere;</strong></span> <span class='ocrx_word' id='word_1_588' title='bbox 1079 1704 1224 1724; x_wconf 68' lang='lat' dir='ltr'><strong>anomoeon</strong></span> <span class='ocrx_word' id='word_1_589' title='bbox 1251 1704 1316 1724; x_wconf 83' lang='lat' dir='ltr'><strong>vero</strong></span> <span class='ocrx_word' id='word_1_590' title='bbox 1337 1694 1577 1723; x_wconf 88' lang='lat' dir='ltr'><strong>condemnandum</strong></span> <span class='ocrx_word' id='word_1_591' title='bbox 1603 1700 1686 1721; x_wconf 85' lang='lat' dir='ltr'><strong>esse:</strong></span> 
     </span>
    </p>
   </div>
   <div class='ocr_carea' id='block_1_81' title="bbox 900 1737 1690 1775">
    <p class='ocr_par' dir='ltr' id='par_1_81' title="bbox 900 1737 1690 1775">
     <span class='ocr_line' id='line_1_81' title="bbox 900 1737 1690 1775; baseline -0.008 -5"><span class='ocrx_word' id='word_1_592' title='bbox 900 1748 927 1770; x_wconf 93' lang='lat' dir='ltr'><strong>et</strong></span> <span class='ocrx_word' id='word_1_593' title='bbox 950 1742 1067 1769; x_wconf 89' lang='lat' dir='ltr'><strong>similem</strong></span> <span class='ocrx_word' id='word_1_594' title='bbox 1093 1741 1167 1768; x_wconf 85' lang='lat' dir='ltr'><strong>Patri</strong></span> <span class='ocrx_word' id='word_1_595' title='bbox 1191 1741 1290 1767; x_wconf 82' lang='lat' dir='ltr'><strong>Filium</strong></span> <span class='ocrx_word' id='word_1_596' title='bbox 1314 1745 1408 1775; x_wconf 87' lang='lat' dir='ltr'><strong>aperte</strong></span> <span class='ocrx_word' id='word_1_597' title='bbox 1425 1739 1621 1767; x_wconf 81' lang='lat' dir='ltr'><strong>confitendum.</strong></span> <span class='ocrx_word' id='word_1_598' title='bbox 1641 1737 1690 1764; x_wconf 81' lang='lat' dir='ltr'><strong>Est</strong></span> 
     </span>
    </p>
   </div>
   <div class='ocr_carea' id='block_1_82' title="bbox 900 1784 1690 1821">
    <p class='ocr_par' dir='ltr' id='par_1_82' title="bbox 900 1784 1690 1821">
     <span class='ocr_line' id='line_1_82' title="bbox 900 1784 1690 1821; baseline -0.008 -6"><span class='ocrx_word' id='word_1_599' title='bbox 900 1789 972 1815; x_wconf 87' lang='lat' dir='ltr'><strong>enim</strong></span> <span class='ocrx_word' id='word_1_600' title='bbox 984 1808 992 1819; x_wconf 93' lang='lat'><strong>,</strong></span> <span class='ocrx_word' id='word_1_601' title='bbox 1006 1791 1036 1814; x_wconf 90' lang='lat' dir='ltr'><strong>ut</strong></span> <span class='ocrx_word' id='word_1_602' title='bbox 1050 1787 1152 1814; x_wconf 83' lang='lat' dir='ltr'><strong>Paulus</strong></span> <span class='ocrx_word' id='word_1_603' title='bbox 1171 1787 1313 1821; x_wconf 84' lang='lat' dir='ltr'><strong>apostolus</strong></span> <span class='ocrx_word' id='word_1_604' title='bbox 1339 1786 1439 1813; x_wconf 89' lang='lat' dir='ltr'><strong>alicubi</strong></span> <span class='ocrx_word' id='word_1_605' title='bbox 1456 1785 1524 1812; x_wconf 80' lang='lat' dir='ltr'><strong>dicit</strong></span> <span class='ocrx_word' id='word_1_606' title='bbox 1546 1785 1554 1800; x_wconf 85' lang='grc'>¹</span> <span class='ocrx_word' id='word_1_607' title='bbox 1567 1805 1575 1817; x_wconf 90' lang='grc'><strong>,</strong></span> <span class='ocrx_word' id='word_1_608' title='bbox 1599 1784 1690 1818; x_wconf 74' lang='lat' dir='ltr'><strong>imago</strong></span> 
     </span>
    </p>
   </div>
   <div class='ocr_carea' id='block_1_83' title="bbox 902 1823 1688 1867">
    <p class='ocr_par' dir='ltr' id='par_1_83' title="bbox 902 1823 1688 1867">
     <span class='ocr_line' id='line_1_83' title="bbox 902 1823 1688 1867; baseline -0.008 -6"><span class='ocrx_word' id='word_1_609' title='bbox 902 1835 948 1862; x_wconf 92' lang='lat' dir='ltr'><strong>Dei</strong></span> <span class='ocrx_word' id='word_1_610' title='bbox 965 1833 1119 1861; x_wconf 65' lang='lat' dir='ltr'><strong>invisibilis:</strong></span> <span class='ocrx_word' id='word_1_611' title='bbox 1138 1832 1200 1859; x_wconf 66' lang='lat' dir='ltr'><strong>Haec</strong></span> <span class='ocrx_word' id='word_1_612' title='bbox 1213 1831 1338 1867; x_wconf 63' lang='lat' dir='ltr'><strong>praefati,</strong></span> <span class='ocrx_word' id='word_1_613' title='bbox 1355 1832 1416 1859; x_wconf 87' lang='lat' dir='ltr'><strong>lidci</strong></span> <span class='ocrx_word' id='word_1_614' title='bbox 1432 1823 1576 1858; x_wconf 80' lang='lat' dir='ltr'><strong>formulam</strong></span> <span class='ocrx_word' id='word_1_615' title='bbox 1593 1833 1688 1864; x_wconf 86' lang='lat' dir='ltr'><strong>postea</strong></span> 
     </span>
    </p>
   </div>
   <div class='ocr_carea' id='block_1_84' title="bbox 902 1875 1690 1915">
    <p class='ocr_par' dir='ltr' id='par_1_84' title="bbox 902 1875 1690 1915">
     <span class='ocr_line' id='line_1_84' title="bbox 902 1875 1690 1915; baseline -0.008 -8"><span class='ocrx_word' id='word_1_616' title='bbox 902 1880 1070 1915; x_wconf 85' lang='lat' dir='ltr'><strong>subjiciunt,</strong></span> <span class='ocrx_word' id='word_1_617' title='bbox 1087 1886 1138 1907; x_wconf 89' lang='lat' dir='ltr'><strong>nec</strong></span> <span class='ocrx_word' id='word_1_618' title='bbox 1153 1886 1214 1906; x_wconf 90' lang='lat' dir='ltr'><strong>cum</strong></span> <span class='ocrx_word' id='word_1_619' title='bbox 1229 1878 1344 1905; x_wconf 62' lang='lat' dir='ltr'><strong>Nicatnae</strong></span> <span class='ocrx_word' id='word_1_620' title='bbox 1355 1898 1361 1909; x_wconf 96' lang='lat'><strong>,</strong></span> <span class='ocrx_word' id='word_1_621' title='bbox 1375 1885 1424 1904; x_wconf 85' lang='lat' dir='ltr'><strong>nec</strong></span> <span class='ocrx_word' id='word_1_622' title='bbox 1439 1884 1500 1904; x_wconf 91' lang='lat' dir='ltr'><strong>cum</strong></span> <span class='ocrx_word' id='word_1_623' title='bbox 1511 1875 1690 1903; x_wconf 66' lang='lat' dir='ltr'><strong>Antiocheam</strong></span> 
     </span>
    </p>
   </div>
   <div class='ocr_carea' id='block_1_85' title="bbox 903 1922 1690 1954">
    <p class='ocr_par' dir='ltr' id='par_1_85' title="bbox 903 1922 1690 1954">
     <span class='ocr_line' id='line_1_85' title="bbox 903 1922 1690 1954; baseline -0.011 0"><span class='ocrx_word' id='word_1_624' title='bbox 903 1926 1021 1954; x_wconf 87' lang='lat' dir='ltr'><strong>decretis</strong></span> <span class='ocrx_word' id='word_1_625' title='bbox 1046 1925 1286 1952; x_wconf 86' lang='lat' dir='ltr'><strong>consentientem:</strong></span> <span class='ocrx_word' id='word_1_626' title='bbox 1310 1923 1358 1951; x_wconf 89' lang='lat' dir='ltr'><strong>scd</strong></span> <span class='ocrx_word' id='word_1_627' title='bbox 1381 1923 1419 1950; x_wconf 89' lang='lat' dir='ltr'><strong>ita</strong></span> <span class='ocrx_word' id='word_1_628' title='bbox 1444 1922 1555 1949; x_wconf 89' lang='lat' dir='ltr'><strong>omnino</strong></span> <span class='ocrx_word' id='word_1_629' title='bbox 1577 1927 1690 1954; x_wconf 88' lang='lat' dir='ltr'><strong>compo-</strong></span> 
     </span>
    </p>
   </div>
   <div class='ocr_carea' id='block_1_86' title="bbox 903 1966 1690 2005">
    <p class='ocr_par' dir='ltr' id='par_1_86' title="bbox 903 1966 1690 2005">
     <span class='ocr_line' id='line_1_86' title="bbox 903 1966 1690 2005; baseline -0.01 -6"><span class='ocrx_word' id='word_1_630' title='bbox 903 1973 1001 2004; x_wconf 87' lang='lat' dir='ltr'><strong>sitam,</strong></span> <span class='ocrx_word' id='word_1_631' title='bbox 1028 1975 1057 1998; x_wconf 82' lang='grc' dir='ltr'><strong>ιιι</strong></span> <span class='ocrx_word' id='word_1_632' title='bbox 1081 1977 1170 2005; x_wconf 84' lang='lat' dir='ltr'><strong>neque</strong></span> <span class='ocrx_word' id='word_1_633' title='bbox 1182 1970 1298 2002; x_wconf 87' lang='lat' dir='ltr'><strong>Ariani,</strong></span> <span class='ocrx_word' id='word_1_634' title='bbox 1315 1977 1403 2004; x_wconf 88' lang='lat' dir='ltr'><strong>neque</strong></span> <span class='ocrx_word' id='word_1_635' title='bbox 1419 1967 1524 1995; x_wconf 85' lang='lat' dir='ltr'><strong>Aetiani</strong></span> <span class='ocrx_word' id='word_1_636' title='bbox 1540 1966 1690 2001; x_wconf 86' lang='lat' dir='ltr'><strong>quidquam</strong></span> 
     </span>
    </p>
   </div>
   <div class='ocr_carea' id='block_1_87' title="bbox 901 2011 1690 2052">
    <p class='ocr_par' dir='ltr' id='par_1_87' title="bbox 901 2011 1690 2052">
     <span class='ocr_line' id='line_1_87' title="bbox 901 2011 1690 2052; baseline -0.01 -8"><span class='ocrx_word' id='word_1_637' title='bbox 901 2025 1016 2052; x_wconf 83' lang='lat' dir='ltr'><strong>peccare</strong></span> <span class='ocrx_word' id='word_1_638' title='bbox 1031 2016 1082 2044; x_wconf 88' lang='lat' dir='ltr'><strong>sibi</strong></span> <span class='ocrx_word' id='word_1_639' title='bbox 1096 2016 1265 2047; x_wconf 84' lang='lat' dir='ltr'><strong>viderentur,</strong></span> <span class='ocrx_word' id='word_1_640' title='bbox 1282 2014 1345 2042; x_wconf 91' lang='lat' dir='ltr'><strong>sieo</strong></span> <span class='ocrx_word' id='word_1_641' title='bbox 1357 2013 1438 2040; x_wconf 89' lang='lat' dir='ltr'><strong>modo</strong></span> <span class='ocrx_word' id='word_1_642' title='bbox 1449 2012 1603 2040; x_wconf 86' lang='lat' dir='ltr'><strong>crederent.</strong></span> <span class='ocrx_word' id='word_1_643' title='bbox 1617 2011 1690 2037; x_wconf 71' lang='lat' dir='ltr'><strong>Prce—</strong></span> 
     </span>
    </p>
   </div>
   <div class='ocr_carea' id='block_1_88' title="bbox 902 2055 1689 2095">
    <p class='ocr_par' dir='ltr' id='par_1_88' title="bbox 902 2055 1689 2095">
     <span class='ocr_line' id='line_1_88' title="bbox 902 2055 1689 2095; baseline -0.01 -5"><span class='ocrx_word' id='word_1_644' title='bbox 902 2063 1041 2090; x_wconf 86' lang='lat' dir='ltr'><strong>termissis</strong></span> <span class='ocrx_word' id='word_1_645' title='bbox 1063 2063 1136 2090; x_wconf 87' lang='lat' dir='ltr'><strong>enim</strong></span> <span class='ocrx_word' id='word_1_646' title='bbox 1162 2061 1304 2088; x_wconf 88' lang='lat' dir='ltr'><strong>vocabulis</strong></span> <span class='ocrx_word' id='word_1_647' title='bbox 1325 2060 1426 2095; x_wconf 88' lang='lat' dir='ltr'><strong>quibus</strong></span> <span class='ocrx_word' id='word_1_648' title='bbox 1447 2057 1551 2085; x_wconf 69' lang='lat' dir='ltr'><strong>Nicarni</strong></span> <span class='ocrx_word' id='word_1_649' title='bbox 1575 2055 1689 2084; x_wconf 88' lang='lat' dir='ltr'><strong>concilii</strong></span> 
     </span>
    </p>
   </div>
   <div class='ocr_carea' id='block_1_89' title="bbox 902 2106 1685 2142">
    <p class='ocr_par' dir='ltr' id='par_1_89' title="bbox 902 2106 1685 2142">
     <span class='ocr_line' id='line_1_89' title="bbox 902 2106 1685 2142; baseline -0.008 -6"><span class='ocrx_word' id='word_1_650' title='bbox 902 2109 999 2136; x_wconf 86' lang='lat' dir='ltr'><strong>Patres</strong></span> <span class='ocrx_word' id='word_1_651' title='bbox 1020 2109 1053 2136; x_wconf 90' lang='lat' dir='ltr'><strong>ad</strong></span> <span class='ocrx_word' id='word_1_652' title='bbox 1078 2108 1257 2142; x_wconf 85' lang='lat' dir='ltr'><strong>rejiciendam</strong></span> <span class='ocrx_word' id='word_1_653' title='bbox 1283 2107 1341 2133; x_wconf 82' lang='lat' dir='ltr'><strong>Arii</strong></span> <span class='ocrx_word' id='word_1_654' title='bbox 1367 2106 1523 2141; x_wconf 82' lang='lat' dir='ltr'><strong>opinionem</strong></span> <span class='ocrx_word' id='word_1_655' title='bbox 1552 2107 1685 2130; x_wconf 87' lang='lat' dir='ltr'><strong>utuntur:</strong></span> 
     </span>
    </p>
   </div>
   <div class='ocr_carea' id='block_1_90' title="bbox 903 2149 1691 2190">
    <p class='ocr_par' dir='ltr' id='par_1_90' title="bbox 903 2149 1691 2190">
     <span class='ocr_line' id='line_1_90' title="bbox 903 2149 1691 2190; baseline -0.013 -6"><span class='ocrx_word' id='word_1_656' title='bbox 903 2156 1012 2184; x_wconf 90' lang='lat' dir='ltr'><strong>omissis</strong></span> <span class='ocrx_word' id='word_1_657' title='bbox 1024 2156 1103 2183; x_wconf 88' lang='lat' dir='ltr'><strong>etiam</strong></span> <span class='ocrx_word' id='word_1_658' title='bbox 1115 2154 1149 2182; x_wconf 86' lang='lat' dir='ltr'><strong>iis</strong></span> <span class='ocrx_word' id='word_1_659' title='bbox 1159 2162 1219 2190; x_wconf 67' lang='lat' dir='ltr'><strong>qum</strong></span> <span class='ocrx_word' id='word_1_660' title='bbox 1241 2154 1276 2181; x_wconf 90' lang='lat' dir='ltr'><strong>ab</strong></span> <span class='ocrx_word' id='word_1_661' title='bbox 1292 2153 1465 2180; x_wconf 78' lang='lat' dir='ltr'><strong>Antiocltena</strong></span> <span class='ocrx_word' id='word_1_662' title='bbox 1479 2150 1583 2186; x_wconf 86' lang='lat' dir='ltr'><strong>synodo</strong></span> <span class='ocrx_word' id='word_1_663' title='bbox 1593 2149 1691 2176; x_wconf 86' lang='lat' dir='ltr'><strong>dicun-</strong></span> 
     </span>
    </p>
   </div>
   <div class='ocr_carea' id='block_1_91' title="bbox 904 2198 1692 2235">
    <p class='ocr_par' dir='ltr' id='par_1_91' title="bbox 904 2198 1692 2235">
     <span class='ocr_line' id='line_1_91' title="bbox 904 2198 1692 2235; baseline -0.009 -6"><span class='ocrx_word' id='word_1_664' title='bbox 904 2206 959 2235; x_wconf 88' lang='lat' dir='ltr'><strong>tur,</strong></span> <span class='ocrx_word' id='word_1_665' title='bbox 985 2200 1085 2228; x_wconf 86' lang='lat' dir='ltr'><strong>Filium</strong></span> <span class='ocrx_word' id='word_1_666' title='bbox 1109 2201 1215 2228; x_wconf 81' lang='lat' dir='ltr'><strong>Scilicet</strong></span> <span class='ocrx_word' id='word_1_667' title='bbox 1235 2199 1339 2227; x_wconf 85' lang='lat' dir='ltr'><strong>deitate</strong></span> <span class='ocrx_word' id='word_1_668' title='bbox 1360 2198 1556 2226; x_wconf 85' lang='lat' dir='ltr'><strong>immutabilem</strong></span> <span class='ocrx_word' id='word_1_669' title='bbox 1570 2203 1648 2228; x_wconf 89' lang='lat' dir='ltr'><strong>esse,</strong></span> <span class='ocrx_word' id='word_1_670' title='bbox 1663 2198 1692 2222; x_wconf 85' lang='lat' dir='ltr'><strong>et</strong></span> 
     </span>
    </p>
   </div>
   <div class='ocr_carea' id='block_1_92' title="bbox 57 2243 849 2284">
    <p class='ocr_par' dir='ltr' id='par_1_92' title="bbox 57 2246 849 2284">
     <span class='ocr_line' id='line_1_92' title="bbox 57 2246 849 2284; baseline 0.001 -10"><span class='ocrx_word' id='word_1_671' title='bbox 57 2246 192 2283; x_wconf 82' lang='grc' dir='ltr'>ἀληθείας</span> <span class='ocrx_word' id='word_1_672' title='bbox 210 2247 346 2283; x_wconf 77' lang='grc' dir='ltr'>ἀκρίϐεια.</span> <span class='ocrx_word' id='word_1_673' title='bbox 364 2248 581 2284; x_wconf 77' lang='grc' dir='ltr'>’ἰσχυριζομένου</span> <span class='ocrx_word' id='word_1_674' title='bbox 597 2249 626 2276; x_wconf 79' lang='grc' dir='ltr'><strong>δὲ</strong></span> <span class='ocrx_word' id='word_1_675' title='bbox 642 2249 782 2281; x_wconf 77' lang='grc' dir='ltr'>Ἀκακίου,</span> <span class='ocrx_word' id='word_1_676' title='bbox 800 2257 849 2284; x_wconf 90' lang='grc' dir='ltr'>μη-</span> 
     </span>
    </p>
   </div>
   <div class='ocr_carea' id='block_1_93' title="bbox 898 2243 1692 2284">
    <p class='ocr_par' dir='ltr' id='par_1_93' title="bbox 903 2243 1692 2280">
     <span class='ocr_line' id='line_1_93' title="bbox 903 2243 1692 2280; baseline -0.009 -4"><span class='ocrx_word' id='word_1_677' title='bbox 903 2248 1074 2280; x_wconf 70' lang='lat' dir='ltr'><strong>substantiae,</strong></span> <span class='ocrx_word' id='word_1_678' title='bbox 1091 2247 1210 2279; x_wconf 85' lang='lat' dir='ltr'><strong>consilii,</strong></span> <span class='ocrx_word' id='word_1_679' title='bbox 1226 2245 1339 2274; x_wconf 87' lang='lat' dir='ltr'><strong>virtutis</strong></span> <span class='ocrx_word' id='word_1_680' title='bbox 1353 2250 1380 2273; x_wconf 94' lang='lat' dir='ltr'><strong>et</strong></span> <span class='ocrx_word' id='word_1_681' title='bbox 1397 2245 1490 2280; x_wconf 57' lang='lat' dir='ltr'><strong>gloria</strong></span> <span class='ocrx_word' id='word_1_682' title='bbox 1506 2243 1598 2271; x_wconf 87' lang='lat' dir='ltr'><strong>Patris</strong></span> <span class='ocrx_word' id='word_1_683' title='bbox 1619 2243 1692 2269; x_wconf 81' lang='lat' dir='ltr'><strong>ima—</strong></span> 
     </span>
    </p>
   </div>
   <div class='ocr_carea' id='block_1_94' title="bbox 57 2292 853 2330">
    <p class='ocr_par' dir='ltr' id='par_1_94' title="bbox 57 2292 853 2330">
     <span class='ocr_line' id='line_1_94' title="bbox 57 2292 853 2330; baseline 0.001 -11"><span class='ocrx_word' id='word_1_684' title='bbox 57 2293 103 2319; x_wconf 79' lang='grc' dir='ltr'>δὲν</span> <span class='ocrx_word' id='word_1_685' title='bbox 131 2292 249 2320; x_wconf 84' lang='grc' dir='ltr'>κωλύειν</span> <span class='ocrx_word' id='word_1_686' title='bbox 277 2293 374 2330; x_wconf 77' lang='grc' dir='ltr'>ἑτέραν</span> <span class='ocrx_word' id='word_1_687' title='bbox 398 2294 618 2329; x_wconf 83' lang='grc' dir='ltr'>ύπαγορευθῆναι</span> <span class='ocrx_word' id='word_1_688' title='bbox 644 2295 770 2330; x_wconf 69' lang='grc' dir='ltr'>γραφὴν,</span> <span class='ocrx_word' id='word_1_689' title='bbox 795 2294 853 2328; x_wconf 81' lang='grc' dir='ltr'>εἴγε</span> 
     </span>
    </p>
   </div>
   <div class='ocr_carea' id='block_1_95' title="bbox 57 2337 854 2376">
    <p class='ocr_par' dir='ltr' id='par_1_95' title="bbox 57 2337 854 2376">
     <span class='ocr_line' id='line_1_95' title="bbox 57 2337 854 2376; baseline 0.004 -12"><span class='ocrx_word' id='word_1_690' title='bbox 57 2337 135 2370; x_wconf 78' lang='grc' dir='ltr'>ἇπαξ</span> <span class='ocrx_word' id='word_1_691' title='bbox 160 2337 235 2373; x_wconf 82' lang='grc' dir='ltr'>καὶὴ</span> <span class='ocrx_word' id='word_1_692' title='bbox 251 2339 280 2365; x_wconf 82' lang='grc' dir='ltr'><strong>έν</strong></span> <span class='ocrx_word' id='word_1_693' title='bbox 294 2338 398 2374; x_wconf 75' lang='lat' dir='ltr'><strong>Num.qu</strong></span> <span class='ocrx_word' id='word_1_694' title='bbox 419 2339 510 2371; x_wconf 84' lang='grc' dir='ltr'>πίστις</span> <span class='ocrx_word' id='word_1_695' title='bbox 529 2340 707 2376; x_wconf 83' lang='grc' dir='ltr'>μετεποιήθη,</span> <span class='ocrx_word' id='word_1_696' title='bbox 724 2342 770 2367; x_wconf 82' lang='grc' dir='ltr'>καὶ</span> <span class='ocrx_word' id='word_1_697' title='bbox 784 2339 854 2375; x_wconf 85' lang='grc' dir='ltr'><strong>μετά</strong></span> 
     </span>
    </p>
   </div>
   <div class='ocr_carea' id='block_1_96' title="bbox 58 2383 850 2421">
    <p class='ocr_par' dir='ltr' id='par_1_96' title="bbox 58 2383 850 2421">
     <span class='ocr_line' id='line_1_96' title="bbox 58 2383 850 2421; baseline 0.003 -11"><span class='ocrx_word' id='word_1_698' title='bbox 58 2383 147 2410; x_wconf 78' lang='grc' dir='ltr'>ταῦτα</span> <span class='ocrx_word' id='word_1_699' title='bbox 170 2383 299 2416; x_wconf 84' lang='grc' dir='ltr'>πολλάκις</span> <span class='ocrx_word' id='word_1_700' title='bbox 314 2390 322 2400; x_wconf 70' lang='grc'><strong><em>⁸</em></strong></span> <span class='ocrx_word' id='word_1_701' title='bbox 347 2384 492 2412; x_wconf 77' lang='grc' dir='ltr'>ὑπολαϐὼν</span> <span class='ocrx_word' id='word_1_702' title='bbox 506 2385 643 2417; x_wconf 82' lang='grc' dir='ltr'>Ἐλεύσιος</span> <span class='ocrx_word' id='word_1_703' title='bbox 655 2385 723 2421; x_wconf 70' lang='grc'>(20),</span> <span class='ocrx_word' id='word_1_704' title='bbox 747 2385 817 2412; x_wconf 81' lang='grc' dir='ltr'>Ἀλλ’</span> <span class='ocrx_word' id='word_1_705' title='bbox 832 2385 850 2421; x_wconf 81' lang='grc' dir='ltr'>ὴ</span> 
     </span>
    </p>
   </div>
   <div class='ocr_carea' id='block_1_97' title="bbox 97 2465 330 2500">
    <p class='ocr_par' dir='ltr' id='par_1_97' title="bbox 97 2465 330 2500">
     <span class='ocr_line' id='line_1_97' title="bbox 97 2465 330 2500; baseline 0.004 -5"><span class='ocrx_word' id='word_1_706' title='bbox 97 2465 108 2482; x_wconf 75' lang='grc' dir='ltr'>ί</span> <span class='ocrx_word' id='word_1_707' title='bbox 123 2467 232 2496; x_wconf 83' lang='lat' dir='ltr'><strong>Coloss.</strong></span> <span class='ocrx_word' id='word_1_708' title='bbox 251 2476 271 2500; x_wconf 81' lang='grc' dir='ltr'><strong>ι,</strong></span> <span class='ocrx_word' id='word_1_709' title='bbox 286 2468 330 2496; x_wconf 80' lang='grc'><strong>15.</strong></span> 
     </span>
    </p>
   </div>
   <div class='ocr_carea' id='block_1_98' title="bbox 902 2290 1692 2329">
    <p class='ocr_par' dir='ltr' id='par_1_98' title="bbox 902 2290 1692 2329">
     <span class='ocr_line' id='line_1_98' title="bbox 902 2290 1692 2329; baseline -0.008 -8"><span class='ocrx_word' id='word_1_710' title='bbox 902 2295 1010 2329; x_wconf 80' lang='lat' dir='ltr'><strong>ginem,</strong></span> <span class='ocrx_word' id='word_1_711' title='bbox 1036 2293 1110 2321; x_wconf 91' lang='lat' dir='ltr'><strong>nulla</strong></span> <span class='ocrx_word' id='word_1_712' title='bbox 1131 2293 1159 2319; x_wconf 91' lang='lat' dir='ltr'><strong>in</strong></span> <span class='ocrx_word' id='word_1_713' title='bbox 1180 2300 1210 2320; x_wconf 90' lang='lat' dir='ltr'><strong>re</strong></span> <span class='ocrx_word' id='word_1_714' title='bbox 1229 2292 1455 2326; x_wconf 83' lang='lat' dir='ltr'><strong>discrepantem:</strong></span> <span class='ocrx_word' id='word_1_715' title='bbox 1478 2290 1601 2317; x_wconf 85' lang='lat' dir='ltr'><strong>confessi</strong></span> <span class='ocrx_word' id='word_1_716' title='bbox 1628 2291 1692 2316; x_wconf 89' lang='lat' dir='ltr'><strong>sunt</strong></span> 
     </span>
    </p>
   </div>
   <div class='ocr_carea' id='block_1_99' title="bbox 903 2332 1691 2369">
    <p class='ocr_par' dir='ltr' id='par_1_99' title="bbox 903 2332 1691 2369">
     <span class='ocr_line' id='line_1_99' title="bbox 903 2332 1691 2369; baseline -0.01 -3"><span class='ocrx_word' id='word_1_717' title='bbox 903 2346 932 2366; x_wconf 84' lang='lat' dir='ltr'><strong>se</strong></span> <span class='ocrx_word' id='word_1_718' title='bbox 956 2338 1070 2366; x_wconf 87' lang='lat' dir='ltr'><strong>credere</strong></span> <span class='ocrx_word' id='word_1_719' title='bbox 1090 2338 1117 2364; x_wconf 91' lang='lat' dir='ltr'><strong>in</strong></span> <span class='ocrx_word' id='word_1_720' title='bbox 1140 2336 1269 2369; x_wconf 80' lang='lat' dir='ltr'><strong>Patrem,</strong></span> <span class='ocrx_word' id='word_1_721' title='bbox 1294 2335 1408 2363; x_wconf 88' lang='lat' dir='ltr'><strong>credere</strong></span> <span class='ocrx_word' id='word_1_722' title='bbox 1433 2334 1497 2361; x_wconf 90' lang='lat' dir='ltr'><strong>item</strong></span> <span class='ocrx_word' id='word_1_723' title='bbox 1521 2333 1550 2360; x_wconf 93' lang='lat' dir='ltr'><strong>in</strong></span> <span class='ocrx_word' id='word_1_724' title='bbox 1575 2332 1691 2362; x_wconf 85' lang='lat' dir='ltr'><strong>Filium,</strong></span> 
     </span>
    </p>
   </div>
   <div class='ocr_carea' id='block_1_100' title="bbox 905 2380 1693 2421">
    <p class='ocr_par' dir='ltr' id='par_1_100' title="bbox 905 2380 1693 2421">
     <span class='ocr_line' id='line_1_100' title="bbox 905 2380 1693 2421; baseline -0.011 -8"><span class='ocrx_word' id='word_1_725' title='bbox 905 2384 985 2421; x_wconf 79' lang='lat'><strong>165</strong></span> <span class='ocrx_word' id='word_1_726' title='bbox 1000 2392 1033 2412; x_wconf 90' lang='lat' dir='ltr'><strong>ac</strong></span> <span class='ocrx_word' id='word_1_727' title='bbox 1042 2383 1176 2419; x_wconf 89' lang='lat' dir='ltr'><strong>Spiritum</strong></span> <span class='ocrx_word' id='word_1_728' title='bbox 1186 2386 1322 2411; x_wconf 85' lang='lat' dir='ltr'><strong>sanctum.</strong></span> <span class='ocrx_word' id='word_1_729' title='bbox 1332 2380 1373 2409; x_wconf 84' lang='lat' dir='ltr'><strong>Ad</strong></span> <span class='ocrx_word' id='word_1_730' title='bbox 1387 2380 1511 2415; x_wconf 82' lang='lat' dir='ltr'><strong>singulas</strong></span> <span class='ocrx_word' id='word_1_731' title='bbox 1526 2383 1619 2406; x_wconf 89' lang='lat' dir='ltr'><strong>autem</strong></span> <span class='ocrx_word' id='word_1_732' title='bbox 1630 2384 1693 2414; x_wconf 84' lang='lat' dir='ltr'><strong>per-</strong></span> 
     </span>
    </p>
   </div>
   <div class='ocr_carea' id='block_1_101' title="bbox 646 2540 1073 2572">
    <p class='ocr_par' dir='ltr' id='par_1_101' title="bbox 646 2540 1073 2572">
     <span class='ocr_line' id='line_1_101' title="bbox 646 2540 1073 2572; baseline -0.012 0"><span class='ocrx_word' id='word_1_733' title='bbox 646 2542 779 2572; x_wconf 85' lang='lat' dir='ltr'><strong>VALESII</strong></span> <span class='ocrx_word' id='word_1_734' title='bbox 798 2540 1073 2571; x_wconf 79' lang='lat' dir='ltr'><strong>ANNOTATIONES.</strong></span> 
     </span>
    </p>
   </div>
   <div class='ocr_carea' id='block_1_102' title="bbox 99 2601 853 2637">
    <p class='ocr_par' dir='ltr' id='par_1_102' title="bbox 99 2601 853 2637">
     <span class='ocr_line' id='line_1_102' title="bbox 99 2601 853 2637; baseline -0.004 -7"><span class='ocrx_word' id='word_1_735' title='bbox 99 2603 160 2637; x_wconf 64' lang='lat' dir='ltr'><strong>(l9)</strong></span> <span class='ocrx_word' id='word_1_736' title='bbox 178 2603 243 2630; x_wconf 65' lang='grc' dir='ltr'><strong>Ταῖ’</strong></span> <span class='ocrx_word' id='word_1_737' title='bbox 265 2603 359 2631; x_wconf 81' lang='grc' dir='ltr'>αὑτοῦ</span> <span class='ocrx_word' id='word_1_738' title='bbox 374 2603 408 2630; x_wconf 82' lang='grc' dir='ltr'><strong>δὲ</strong></span> <span class='ocrx_word' id='word_1_739' title='bbox 425 2603 575 2631; x_wconf 80' lang='grc' dir='ltr'>Ἀκακίου.</span> <span class='ocrx_word' id='word_1_740' title='bbox 601 2601 783 2630; x_wconf 89' lang='lat' dir='ltr'><strong>Scribendum</strong></span> <span class='ocrx_word' id='word_1_741' title='bbox 801 2605 853 2632; x_wconf 83' lang='lat' dir='ltr'><strong>est.</strong></span> 
     </span>
    </p>
   </div>
   <div class='ocr_carea' id='block_1_103' title="bbox 61 2637 855 2672">
    <p class='ocr_par' dir='ltr' id='par_1_103' title="bbox 61 2637 855 2672">
     <span class='ocr_line' id='line_1_103' title="bbox 61 2637 855 2672; baseline -0.005 -7"><span class='ocrx_word' id='word_1_742' title='bbox 61 2638 110 2666; x_wconf 73' lang='grc' dir='ltr'><strong>ὑπ’</strong></span> <span class='ocrx_word' id='word_1_743' title='bbox 129 2639 213 2665; x_wconf 82' lang='grc' dir='ltr'>αὑτοῦ</span> <span class='ocrx_word' id='word_1_744' title='bbox 229 2648 258 2666; x_wconf 82' lang='grc' dir='ltr'><strong>τε</strong></span> <span class='ocrx_word' id='word_1_745' title='bbox 278 2639 417 2671; x_wconf 78' lang='grc' dir='ltr'>Ἀκακίου,</span> <span class='ocrx_word' id='word_1_746' title='bbox 431 2643 503 2672; x_wconf 87' lang='lat' dir='ltr'><strong>etc.;</strong></span> <span class='ocrx_word' id='word_1_747' title='bbox 525 2643 588 2666; x_wconf 86' lang='lat' dir='ltr'><strong>ante</strong></span> <span class='ocrx_word' id='word_1_748' title='bbox 617 2637 676 2664; x_wconf 60' lang='lat' dir='ltr'><strong>haec</strong></span> <span class='ocrx_word' id='word_1_749' title='bbox 697 2637 779 2663; x_wconf 87' lang='lat' dir='ltr'><strong>verba</strong></span> <span class='ocrx_word' id='word_1_750' title='bbox 806 2643 855 2672; x_wconf 45' lang='lat' dir='ltr'><strong>pug</strong></span> 
     </span>
    </p>
   </div>
   <div class='ocr_carea' id='block_1_104' title="bbox 62 2671 855 2702">
    <p class='ocr_par' dir='ltr' id='par_1_104' title="bbox 62 2671 855 2702">
     <span class='ocr_line' id='line_1_104' title="bbox 62 2671 855 2702; baseline -0.003 -2"><span class='ocrx_word' id='word_1_751' title='bbox 62 2674 154 2701; x_wconf 88' lang='lat' dir='ltr'><strong>nenda</strong></span> <span class='ocrx_word' id='word_1_752' title='bbox 179 2679 222 2702; x_wconf 88' lang='lat' dir='ltr'><strong>est</strong></span> <span class='ocrx_word' id='word_1_753' title='bbox 238 2674 446 2702; x_wconf 85' lang='lat' dir='ltr'><strong>subdistinctio.</strong></span> <span class='ocrx_word' id='word_1_754' title='bbox 463 2673 550 2701; x_wconf 84' lang='lat' dir='ltr'><strong>Porro</strong></span> <span class='ocrx_word' id='word_1_755' title='bbox 571 2674 629 2700; x_wconf 73' lang='lat' dir='ltr'><strong>haec</strong></span> <span class='ocrx_word' id='word_1_756' title='bbox 656 2672 775 2699; x_wconf 84' lang='lat' dir='ltr'><strong>formula</strong></span> <span class='ocrx_word' id='word_1_757' title='bbox 791 2671 855 2698; x_wconf 84' lang='lat' dir='ltr'><strong>fidei</strong></span> 
     </span>
    </p>
   </div>
   <div class='ocr_carea' id='block_1_105' title="bbox 62 2706 863 2743">
    <p class='ocr_par' dir='ltr' id='par_1_105' title="bbox 62 2706 863 2743">
     <span class='ocr_line' id='line_1_105' title="bbox 62 2706 863 2743; baseline -0.004 -7"><span class='ocrx_word' id='word_1_758' title='bbox 62 2710 98 2736; x_wconf 84' lang='lat' dir='ltr'><strong>ab</strong></span> <span class='ocrx_word' id='word_1_759' title='bbox 115 2709 220 2737; x_wconf 83' lang='lat' dir='ltr'><strong>Acacio</strong></span> <span class='ocrx_word' id='word_1_760' title='bbox 234 2710 318 2742; x_wconf 89' lang='lat' dir='ltr'><strong>edita,</strong></span> <span class='ocrx_word' id='word_1_761' title='bbox 334 2709 451 2738; x_wconf 85' lang='lat' dir='ltr'><strong>habetur</strong></span> <span class='ocrx_word' id='word_1_762' title='bbox 466 2709 538 2743; x_wconf 87' lang='lat' dir='ltr'><strong>apud</strong></span> <span class='ocrx_word' id='word_1_763' title='bbox 557 2706 781 2743; x_wconf 72' lang='lat' dir='ltr'><strong>Epiphaniumin</strong></span> <span class='ocrx_word' id='word_1_764' title='bbox 797 2706 863 2733; x_wconf 66' lang='lat' dir='ltr'><strong>liaeo‘</strong></span> 
     </span>
    </p>
   </div>
   <div class='ocr_carea' id='block_1_106' title="bbox 61 2741 854 2777">
    <p class='ocr_par' dir='ltr' id='par_1_106' title="bbox 61 2741 854 2777">
     <span class='ocr_line' id='line_1_106' title="bbox 61 2741 854 2777; baseline -0.005 -5"><span class='ocrx_word' id='word_1_765' title='bbox 61 2745 118 2772; x_wconf 88' lang='lat' dir='ltr'><strong>resi</strong></span> <span class='ocrx_word' id='word_1_766' title='bbox 139 2744 402 2777; x_wconf 82' lang='lat' dir='ltr'><strong>Semi-arianorum,</strong></span> <span class='ocrx_word' id='word_1_767' title='bbox 420 2741 521 2771; x_wconf 74' lang='lat' dir='ltr'><strong>additis</strong></span> <span class='ocrx_word' id='word_1_768' title='bbox 531 2741 689 2771; x_wconf 83' lang='lat' dir='ltr'><strong>nominibus</strong></span> <span class='ocrx_word' id='word_1_769' title='bbox 709 2741 854 2775; x_wconf 83' lang='lat' dir='ltr'><strong>episcopo-</strong></span> 
     </span>
    </p>
   </div>
   <div class='ocr_carea' id='block_1_107' title="bbox 63 2779 638 2815">
    <p class='ocr_par' dir='ltr' id='par_1_107' title="bbox 63 2779 638 2815">
     <span class='ocr_line' id='line_1_107' title="bbox 63 2779 638 2815; baseline -0.002 -10"><span class='ocrx_word' id='word_1_770' title='bbox 63 2786 126 2807; x_wconf 90' lang='lat' dir='ltr'><strong>rum</strong></span> <span class='ocrx_word' id='word_1_771' title='bbox 149 2781 196 2815; x_wconf 89' lang='lat' dir='ltr'><strong>qui</strong></span> <span class='ocrx_word' id='word_1_772' title='bbox 213 2780 239 2807; x_wconf 91' lang='lat' dir='ltr'><strong>ei</strong></span> <span class='ocrx_word' id='word_1_773' title='bbox 261 2779 385 2815; x_wconf 76' lang='lat' dir='ltr'><strong>formulae</strong></span> <span class='ocrx_word' id='word_1_774' title='bbox 398 2779 638 2815; x_wconf 73' lang='lat' dir='ltr'><strong>subscripserunt.</strong></span> 
     </span>
    </p>
   </div>
   <div class='ocr_carea' id='block_1_108' title="bbox 98 2810 856 2847">
    <p class='ocr_par' dir='ltr' id='par_1_108' title="bbox 98 2810 856 2847">
     <span class='ocr_line' id='line_1_108' title="bbox 98 2810 856 2847; baseline -0.008 -5"><span class='ocrx_word' id='word_1_775' title='bbox 98 2810 165 2847; x_wconf 44' lang='lat'><strong>(20).</strong></span> <span class='ocrx_word' id='word_1_776' title='bbox 188 2815 244 2842; x_wconf 70' lang='lat' dir='ltr'><strong>Kal</strong></span> <span class='ocrx_word' id='word_1_777' title='bbox 274 2814 350 2847; x_wconf 75' lang='grc' dir='ltr'>μετὰ</span> <span class='ocrx_word' id='word_1_778' title='bbox 381 2815 475 2842; x_wconf 79' lang='grc' dir='ltr'>ταῦτα</span> <span class='ocrx_word' id='word_1_779' title='bbox 511 2810 663 2845; x_wconf 71' lang='grc' dir='ltr'>’.πολλάκις</span> <span class='ocrx_word' id='word_1_780' title='bbox 694 2810 856 2847; x_wconf 67' lang='grc' dir='ltr'>ὑπολαϐὼν·</span> 
     </span>
    </p>
   </div>
   <div class='ocr_carea' id='block_1_109' title="bbox 70 2845 855 2882">
    <p class='ocr_par' dir='ltr' id='par_1_109' title="bbox 70 2845 855 2882">
     <span class='ocr_line' id='line_1_109' title="bbox 70 2845 855 2882; baseline -0.009 -4"><span class='ocrx_word' id='word_1_781' title='bbox 70 2845 240 2882; x_wconf 60' lang='grc' dir='ltr'>Ἐλεύσιοᾳ</span> <span class='ocrx_word' id='word_1_782' title='bbox 274 2845 338 2877; x_wconf 80' lang='lat' dir='ltr'><strong>Post</strong></span> <span class='ocrx_word' id='word_1_783' title='bbox 361 2857 456 2877; x_wconf 89' lang='lat' dir='ltr'><strong>vocem</strong></span> <span class='ocrx_word' id='word_1_784' title='bbox 481 2849 610 2880; x_wconf 82' lang='grc' dir='ltr'>πολλάκις</span> <span class='ocrx_word' id='word_1_785' title='bbox 637 2845 798 2882; x_wconf 77' lang='lat' dir='ltr'><strong>apponeuda</strong></span> <span class='ocrx_word' id='word_1_786' title='bbox 814 2850 855 2872; x_wconf 86' lang='lat' dir='ltr'><strong>est</strong></span> 
     </span>
    </p>
   </div>
   <div class='ocr_carea' id='block_1_110' title="bbox 65 2881 854 2914">
    <p class='ocr_par' dir='ltr' id='par_1_110' title="bbox 65 2881 854 2914">
     <span class='ocr_line' id='line_1_110' title="bbox 65 2881 854 2914; baseline -0.006 -2"><span class='ocrx_word' id='word_1_787' title='bbox 65 2885 158 2914; x_wconf 72' lang='lat' dir='ltr'><strong>inedia</strong></span> <span class='ocrx_word' id='word_1_788' title='bbox 170 2881 324 2913; x_wconf 73' lang='lat' dir='ltr'><strong>distinctio.</strong></span> <span class='ocrx_word' id='word_1_789' title='bbox 343 2885 410 2913; x_wconf 88' lang='lat' dir='ltr'><strong>utin</strong></span> <span class='ocrx_word' id='word_1_790' title='bbox 429 2884 554 2913; x_wconf 86' lang='lat' dir='ltr'><strong>versione</strong></span> <span class='ocrx_word' id='word_1_791' title='bbox 572 2891 630 2912; x_wconf 69' lang='lat' dir='ltr'><strong>mea</strong></span> <span class='ocrx_word' id='word_1_792' title='bbox 644 2881 706 2911; x_wconf 77' lang='lat' dir='ltr'><strong>feci.</strong></span> <span class='ocrx_word' id='word_1_793' title='bbox 728 2881 767 2908; x_wconf 89' lang='lat' dir='ltr'><strong>lta</strong></span> <span class='ocrx_word' id='word_1_794' title='bbox 781 2885 854 2908; x_wconf 88' lang='lat' dir='ltr'><strong>certe</strong></span> 
     </span>
    </p>
   </div>
   <div class='ocr_carea' id='block_1_111' title="bbox 905 2593 1691 2634">
    <p class='ocr_par' dir='ltr' id='par_1_111' title="bbox 905 2593 1691 2634">
     <span class='ocr_line' id='line_1_111' title="bbox 905 2593 1691 2634; baseline -0.009 -8"><span class='ocrx_word' id='word_1_795' title='bbox 905 2600 969 2634; x_wconf 76' lang='lat' dir='ltr'><strong>legit</strong></span> <span class='ocrx_word' id='word_1_796' title='bbox 983 2599 1166 2633; x_wconf 77' lang='lat' dir='ltr'><strong>Nicepltorus.</strong></span> <span class='ocrx_word' id='word_1_797' title='bbox 1181 2597 1226 2634; x_wconf 89' lang='lat' dir='ltr'><strong>qui</strong></span> <span class='ocrx_word' id='word_1_798' title='bbox 1238 2597 1312 2634; x_wconf 85' lang='lat' dir='ltr'><strong>hunc</strong></span> <span class='ocrx_word' id='word_1_799' title='bbox 1325 2594 1470 2634; x_wconf 75' lang='lat' dir='ltr'><strong>Sozomeni</strong></span> <span class='ocrx_word' id='word_1_800' title='bbox 1485 2593 1691 2634; x_wconf 44' lang='lat' dir='ltr'><strong>locitni,sic&#39;cx_-</strong></span> 
     </span>
    </p>
   </div>
   <div class='ocr_carea' id='block_1_112' title="bbox 905 2626 1691 2670">
    <p class='ocr_par' dir='ltr' id='par_1_112' title="bbox 905 2626 1691 2670">
     <span class='ocr_line' id='line_1_112' title="bbox 905 2626 1691 2670; baseline -0.01 -8"><span class='ocrx_word' id='word_1_801' title='bbox 905 2626 1008 2670; x_wconf 47' lang='lat' dir='ltr'><strong>pressit</strong></span> <span class='ocrx_word' id='word_1_802' title='bbox 1024 2644 1030 2661; x_wconf 89' lang='lat'>:</span> <span class='ocrx_word' id='word_1_803' title='bbox 1052 2626 1083 2660; x_wconf 72' lang='grc' dir='ltr'><strong>Ὃ</strong></span> <span class='ocrx_word' id='word_1_804' title='bbox 1107 2634 1136 2660; x_wconf 82' lang='grc' dir='ltr'>δὲ</span> <span class='ocrx_word' id='word_1_805' title='bbox 1158 2626 1286 2670; x_wconf 69' lang='grc' dir='ltr'>’ᾼκάκιος</span> <span class='ocrx_word' id='word_1_806' title='bbox 1306 2631 1465 2670; x_wconf 65' lang='grc' dir='ltr'>ἰσχυρίζετο</span> <span class='ocrx_word' id='word_1_807' title='bbox 1472 2630 1554 2670; x_wconf 52' lang='grc' dir='ltr'>μηδὲν</span> <span class='ocrx_word' id='word_1_808' title='bbox 1569 2626 1644 2670; x_wconf 48' lang='grc' dir='ltr'>εἶναι,</span> <span class='ocrx_word' id='word_1_809' title='bbox 1659 2629 1691 2670; x_wconf 65' lang='grc' dir='ltr'>τὸ</span> 
     </span>
    </p>
   </div>
   <div class='ocr_carea' id='block_1_113' title="bbox 905 2664 1690 2705">
    <p class='ocr_par' dir='ltr' id='par_1_113' title="bbox 905 2664 1690 2705">
     <span class='ocr_line' id='line_1_113' title="bbox 905 2664 1690 2705; baseline -0.008 -9"><span class='ocrx_word' id='word_1_810' title='bbox 905 2664 1031 2705; x_wconf 67' lang='grc' dir='ltr'>ἐμποδὼν</span> <span class='ocrx_word' id='word_1_811' title='bbox 1047 2670 1143 2705; x_wconf 64' lang='grc' dir='ltr'>ἑτέραν</span> <span class='ocrx_word' id='word_1_812' title='bbox 1154 2668 1245 2694; x_wconf 78' lang='grc' dir='ltr'>πίστιν</span> <span class='ocrx_word' id='word_1_813' title='bbox 1260 2664 1391 2705; x_wconf 40' lang='lat' dir='ltr'><strong>sicin—etv,</strong></span> <span class='ocrx_word' id='word_1_814' title='bbox 1409 2664 1620 2705; x_wconf 47' lang='grc' dir='ltr'>ἐπεῖηκαθάπαῇ</span> <span class='ocrx_word' id='word_1_815' title='bbox 1663 2665 1690 2705; x_wconf 54' lang='grc' dir='ltr'>ἓν</span> 
     </span>
    </p>
   </div>
   <div class='ocr_carea' id='block_1_114' title="bbox 904 2699 1693 2738">
    <p class='ocr_par' dir='ltr' id='par_1_114' title="bbox 904 2699 1693 2738">
     <span class='ocr_line' id='line_1_114' title="bbox 904 2699 1693 2738; baseline -0.009 -6"><span class='ocrx_word' id='word_1_816' title='bbox 904 2699 1009 2738; x_wconf 75' lang='grc' dir='ltr'>Νικαίᾳ</span> <span class='ocrx_word' id='word_1_817' title='bbox 1027 2699 1119 2735; x_wconf 73' lang='grc' dir='ltr'>πίστις</span> <span class='ocrx_word' id='word_1_818' title='bbox 1141 2699 1332 2738; x_wconf 36' lang='grc' dir='ltr'>μετεποιήθημ</span> <span class='ocrx_word' id='word_1_819' title='bbox 1344 2701 1392 2738; x_wconf 73' lang='grc' dir='ltr'><strong>καὶ</strong></span> <span class='ocrx_word' id='word_1_820' title='bbox 1408 2702 1458 2735; x_wconf 80' lang='grc' dir='ltr'><strong>οὐχ</strong></span> <span class='ocrx_word' id='word_1_821' title='bbox 1474 2700 1548 2738; x_wconf 71' lang='grc' dir='ltr'>ᾇπαξ</span> <span class='ocrx_word' id='word_1_822' title='bbox 1558 2720 1565 2732; x_wconf 92' lang='grc'><strong>,</strong></span> <span class='ocrx_word' id='word_1_823' title='bbox 1579 2699 1646 2738; x_wconf 72' lang='grc' dir='ltr'><strong>ᾴλλὰ</strong></span> <span class='ocrx_word' id='word_1_824' title='bbox 1661 2699 1693 2738; x_wconf 63' lang='grc' dir='ltr'><strong>ὅτι</strong></span> 
     </span>
    </p>
   </div>
   <div class='ocr_carea' id='block_1_115' title="bbox 905 2733 1692 2770">
    <p class='ocr_par' dir='ltr' id='par_1_115' title="bbox 905 2733 1692 2770">
     <span class='ocr_line' id='line_1_115' title="bbox 905 2733 1692 2770; baseline -0.01 -3"><span class='ocrx_word' id='word_1_825' title='bbox 905 2741 950 2767; x_wconf 77' lang='grc' dir='ltr'>καὶ</span> <span class='ocrx_word' id='word_1_826' title='bbox 962 2733 1237 2770; x_wconf 46' lang='grc' dir='ltr'>πολλάκιςξΡὺεευιιι</span> <span class='ocrx_word' id='word_1_827' title='bbox 1253 2733 1334 2765; x_wconf 76' lang='lat' dir='ltr'><strong>etiam</strong></span> <span class='ocrx_word' id='word_1_828' title='bbox 1359 2737 1416 2763; x_wconf 58' lang='lat' dir='ltr'><strong>habe</strong></span> <span class='ocrx_word' id='word_1_829' title='bbox 1432 2733 1527 2766; x_wconf 74' lang='lat' dir='ltr'><strong>verba,</strong></span> <span class='ocrx_word' id='word_1_830' title='bbox 1549 2735 1596 2761; x_wconf 76' lang='grc' dir='ltr'>καὶ</span> <span class='ocrx_word' id='word_1_831' title='bbox 1623 2733 1692 2770; x_wconf 79' lang='grc' dir='ltr'><strong>μετά</strong></span> 
     </span>
    </p>
   </div>
   <div class='ocr_carea' id='block_1_116' title="bbox 907 2768 1695 2805">
    <p class='ocr_par' dir='ltr' id='par_1_116' title="bbox 907 2768 1695 2805">
     <span class='ocr_line' id='line_1_116' title="bbox 907 2768 1695 2805; baseline -0.009 -4"><span class='ocrx_word' id='word_1_832' title='bbox 907 2775 994 2801; x_wconf 81' lang='grc' dir='ltr'>ταῦτα</span> <span class='ocrx_word' id='word_1_833' title='bbox 1012 2768 1154 2805; x_wconf 72' lang='grc' dir='ltr'>πολλάκις,</span> <span class='ocrx_word' id='word_1_834' title='bbox 1181 2773 1261 2799; x_wconf 88' lang='lat' dir='ltr'><strong>aliter</strong></span> <span class='ocrx_word' id='word_1_835' title='bbox 1278 2771 1414 2802; x_wconf 85' lang='lat' dir='ltr'><strong>construi,</strong></span> <span class='ocrx_word' id='word_1_836' title='bbox 1430 2774 1461 2796; x_wconf 86' lang='lat' dir='ltr'><strong>ut</strong></span> <span class='ocrx_word' id='word_1_837' title='bbox 1489 2768 1645 2796; x_wconf 77' lang='lat' dir='ltr'><strong>referantur</strong></span> <span class='ocrx_word' id='word_1_838' title='bbox 1661 2768 1695 2795; x_wconf 87' lang='lat' dir='ltr'><strong>ad</strong></span> 
     </span>
    </p>
   </div>
   <div class='ocr_carea' id='block_1_117' title="bbox 907 2804 1696 2844">
    <p class='ocr_par' dir='ltr' id='par_1_117' title="bbox 907 2804 1696 2844">
     <span class='ocr_line' id='line_1_117' title="bbox 907 2804 1696 2844; baseline -0.01 -7"><span class='ocrx_word' id='word_1_839' title='bbox 907 2818 939 2837; x_wconf 83' lang='lat' dir='ltr'><strong>ea</strong></span> <span class='ocrx_word' id='word_1_840' title='bbox 957 2817 1018 2844; x_wconf 65' lang='lat' dir='ltr'><strong>qua:</strong></span> <span class='ocrx_word' id='word_1_841' title='bbox 1033 2804 1245 2844; x_wconf 50' lang='lat' dir='ltr'><strong>praecesSerttnt,</strong></span> <span class='ocrx_word' id='word_1_842' title='bbox 1267 2807 1365 2844; x_wconf 70' lang='grc' dir='ltr'>έτέραν</span> <span class='ocrx_word' id='word_1_843' title='bbox 1389 2804 1608 2844; x_wconf 60' lang='grc' dir='ltr'>ὑπαγορευθῆναι</span> <span class='ocrx_word' id='word_1_844' title='bbox 1625 2812 1696 2844; x_wconf 67' lang='grc' dir='ltr'>γρα-</span> 
     </span>
    </p>
   </div>
   <div class='ocr_carea' id='block_1_118' title="bbox 909 2838 1696 2879">
    <p class='ocr_par' dir='ltr' id='par_1_118' title="bbox 909 2838 1696 2879">
     <span class='ocr_line' id='line_1_118' title="bbox 909 2838 1696 2879; baseline -0.01 -9"><span class='ocrx_word' id='word_1_845' title='bbox 909 2838 973 2879; x_wconf 65' lang='grc' dir='ltr'>φήνῖ</span> <span class='ocrx_word' id='word_1_846' title='bbox 988 2838 1076 2877; x_wconf 74' lang='lat' dir='ltr'><strong>Atque</strong></span> <span class='ocrx_word' id='word_1_847' title='bbox 1092 2844 1129 2870; x_wconf 88' lang='lat' dir='ltr'><strong>ita</strong></span> <span class='ocrx_word' id='word_1_848' title='bbox 1146 2844 1222 2870; x_wconf 85' lang='lat' dir='ltr'><strong>locus</strong></span> <span class='ocrx_word' id='word_1_849' title='bbox 1237 2838 1290 2879; x_wconf 73' lang='lat' dir='ltr'><strong>erit</strong></span> <span class='ocrx_word' id='word_1_850' title='bbox 1307 2838 1454 2879; x_wconf 65' lang='lat' dir='ltr'><strong>vertendus</strong></span> <span class='ocrx_word' id='word_1_851' title='bbox 1471 2838 1609 2879; x_wconf 60' lang='lat' dir='ltr'><strong>{Cumque</strong></span> <span class='ocrx_word' id='word_1_852' title='bbox 1623 2840 1696 2872; x_wconf 59' lang='grc' dir='ltr'>οων-</span> 
     </span>
    </p>
   </div>
   <div class='ocr_carea' id='block_1_119' title="bbox 908 2875 1696 2910">
    <p class='ocr_par' dir='ltr' id='par_1_119' title="bbox 908 2875 1696 2910">
     <span class='ocr_line' id='line_1_119' title="bbox 908 2875 1696 2910; baseline -0.011 -3"><span class='ocrx_word' id='word_1_853' title='bbox 908 2875 990 2907; x_wconf 65' lang='grc' dir='ltr'>ιὶιὰνει</span> <span class='ocrx_word' id='word_1_854' title='bbox 1004 2875 1116 2907; x_wconf 61' lang='lat' dir='ltr'><strong>acacia;</strong></span> <span class='ocrx_word' id='word_1_855' title='bbox 1133 2879 1198 2906; x_wconf 70' lang='lat' dir='ltr'><strong>nihil</strong></span> <span class='ocrx_word' id='word_1_856' title='bbox 1217 2878 1321 2905; x_wconf 81' lang='lat' dir='ltr'><strong>obstare</strong></span> <span class='ocrx_word' id='word_1_857' title='bbox 1339 2875 1478 2910; x_wconf 73' lang='lat' dir='ltr'><strong>quominus</strong></span> <span class='ocrx_word' id='word_1_858' title='bbox 1496 2879 1553 2907; x_wconf 71' lang='lat' dir='ltr'><strong>post</strong></span> <span class='ocrx_word' id='word_1_859' title='bbox 1571 2875 1696 2900; x_wconf 66' lang='grc' dir='ltr'>ἱΐηιηιιίιιε</span> 
     </span>
    </p>
   </div>
  </div>
