1899 3077
61 142 135 170 “93

545 139 708 168 lllSTOlilA
730 141 1006 170 ECCLESIASTICA.
1027 157 1061 162 --
1080 141 1145 170 LIB.
1164 142 1208 171 Π.

1620 145 1688 173 μοι

57 199 187 236 ἑκατέρῳ
196 199 364 235 χειροτονίαν
377 199 487 226 ἔλυσαν.
500 201 561 227 'F/nl.
575 201 680 233 τούτοις
695 200 771 234 αὖθις
790 211 848 228 συν-

905 203 961 238 ipse
986 203 1133 230 multorum
1156 203 1302 231 criminum
1320 210 1392 236 reus,
1419 207 1508 232 tamen
1524 203 1608 238 judex
1627 211 1680 235 esst

58 246 196 278 ελθόντες,
209 245 370 281 καθαιροῦσι
387 245 513 273 Σιλὸανδν
525 247 569 274 τὸν
579 247 685 282 Ταρσοῦ
696 248 852 280 ἐπίσκοπον,

58 291 111 318 καὶ
122 291 275 327 Σωφρόνιον
289 291 334 318 τὸν
343 292 595 327 Πομπηϊουπόλεως
601 293 650 328 τῆς
662 294 853 329 Παφλαγόνων,

66 337 204 365 Ἐλπίδιόν
218 347 248 365 τε
265 337 310 365 τὸν
325 339 462 372 Σατάλων,
479 340 527 366 καὶ
546 341 641 367 Νέωνα
657 341 702 368 τὸν
717 343 745 368 ὲν
760 342 854 369 Σελευ-

59 384 128 420 κείᾳ
139 384 189 419 τῆς
210 384 356 420 Ἰσαυρίας.
371 385 502 412 Καθείλον
520 387 548 413 δὲ
565 386 702 420 Σιλὸανὺν,
718 387 756 418 ὡς
772 388 854 424 ἀρχη-

58 430 111 463 γὸν
126 430 271 464 γενόμενον
292 429 419 462 ἀπονοίας
431 431 486 462 τοῖς
500 430 598 463 ἄλλοις,
621 431 649 458 ἔν
664 440 693 457 τε
710 432 854 468 Σελευκείᾳ

25 496 30 511 ε
59 476 110 502 καὶ
137 475 420 502 Κωνσταντινουπόλει
434 484 440 490 ·
471 476 518 503 καὶ
550 476 677 510 Θεόφιλον
700 477 853 512 προστάντα

58 522 112 556 τῆς
126 523 154 549 ὲν
177 521 369 553 Κασταϐάλοις
389 522 562 557 Ἐκκλησὶας,
591 522 870 558 Ἐλευθερουπόλεωςν

59 567 212 594 ἐπίσκοπον
228 566 450 601 χειροτονηθέντα
471 566 603 602 πρότερον
625 567 699 602 παρὰ
722 567 775 594 τῶν
791 567 852 594 ἑπι-

62 613 174 639 σκόπων
190 612 383 646 Παλαιστίνης,
404 612 451 638 καὶ
472 612 677 648 ὲπομοσάμενον
693 612 767 647 παρὰ
784 613 853 647 γνώ-

62 667 120 694 μην
132 658 227 693 ἑτέραν
243 657 280 693 μὴ
297 657 447 684 ὑπεισιέναι
464 658 629 694 ἐπισκοπὴν.
647 659 799 694 Σωφρόνιον
812 659 850 691 δὲ,

60 705 101 736 ὡς
114 705 283 731 πλεονεκτεῖν
293 704 339 730 καὶ
349 704 515 739 καπηλεύειν
526 705 715 741 ἐπιχειροῦντα
727 705 761 732 τὰ
770 714 852 740 προσ-

62 751 202 787 φερόμενα
219 752 251 786 τῇ
276 749 434 785 Ἐκκλησία,
457 750 503 776 καὶ
533 750 602 785 μετὰ
624 750 720 786 κλῆσιν
741 750 852 786 πρώτην

59 797 109 824 καὶ
121 796 261 830 δευτέραν,
275 794 368 830 ἐπειδὴ
382 795 458 829 μόλις
471 795 620 830 ἀπήντησε,
637 795 674 830 μὴ
687 795 852 830 ἐθελήσαντα

58 842 129 877 παρ’
158 841 248 872 αὐτοῖς
278 840 498 875 ἀπολογήσασθαι
525 840 593 876 πρὸς
621 840 656 867 τὰ
681 841 850 877 ἐγκλήματα,

58 888 130 915 ἀλλὰ
147 888 209 919 τοὺς
218 887 315 920 ἔξωθεν
341 887 478 922 αἱρεῖσθαι
493 886 633 918 δικαστάς.
654 887 751 914 Νέωνα
765 887 803 919 δὲ,
814 887 851 920 ὡς

58 934 109 961 ἐπὶ
120 934 170 969 τῆς
188 934 255 964 ιδίας
270 932 418 968 ἐκκλησίας
436 933 626 959 σπουδάσαντα
645 932 780 959 Ἀννιανὸν
796 941 852 967 χει-

58 978 308 1015 ροτονηθῆναι(57)
332 978 490 1014 Ἀντιοχέων
512 978 677 1004 ἐπίσκοπον·
703 978 750 1004 καὶ
773 978 852 1004 ἀπει-

59 1034 126 1061 ρους
140 1025 218 1057 τινὰς
232 1025 311 1060 ἱερῶν
338 1024 453 1060 Γραφῶν
479 1024 525 1050 καὶ
549 1024 657 1058 θεσμῶν
678 1024 850 1059 Ἐκκλησίας,

56 1075 272 1110 ἀπερισκέπτως
284 1073 506 1111 πολιτευομένους
519 1073 599 1104 ὄντας
609 1071 675 1107 (58),
686 1073 850 1104 ἐπισκόπους

59 1120 286 1154 καταστήσαντα·
300 1119 324 1145 οἳ
339 1116 409 1153 μετὰ
430 1116 514 1143 ταῦτα
531 1116 679 1152 χρημάτων
693 1117 790 1151 κτῆσιν
803 1117 852 1150 τῆς

58 1166 214 1202 ἱερωσύνης
246 1164 447 1199 προῦτίμησαν,
463 1163 509 1189 καὶ
525 1163 671 1197 ἐγγράφως
689 1163 789 1188 εἴλοντο
804 1163 852 1194 τὰς

57 1211 155 1242 οὐσίας
173 1210 278 1245 ἔχοντες
305 1209 482 1241 λειτουργεῖν,
507 1207 524 1242 ἦ
551 1206 612 1242 δίχα
628 1207 729 1233 τούτων
745 1208 852 1233 ἐπισκο-

59 1258 134 1283 πεῖν.
148 1256 198 1282 Τὸν
209 1255 237 1282 δὲ
262 1254 407 1287 Ἐλπίδιον,
422 1252 458 1283 ὡς
469 1252 596 1287 βασιλείῳ
611 1253 656 1279 ἐπὶ
669 1254 774 1288 ταραχῇ
789 1262 853 1287 συμ-

58 1304 190 1339 μίξαντα,
201 1301 247 1328 καὶ
256 1301 414 1336 καθηγητὴν
427 1299 570 1333 γενόμενον
584 1298 706 1330 ἀταξίας·
718 1300 765 1325 καὶ
778 1299 854 1333 παρὰ

57 1349 96 1376 τὰ
110 1348 225 1380 δόξαντα
240 1349 273 1382 τῇ
298 1348 325 1373 ἐν
351 1345 480 1380 Μελιτίνῃ
500 1344 598 1379 συνόδῳ
614 1349 639 1377 υ,
659 1343 788 1370 Εὑσέϐιον
807 1344 854 1379 μὲν

57 1395 146 1428 ἄνδρα
156 1392 344 1429 καθῃρημένον
365 1390 566 1426 πρεσϐυτερείῳ
582 1390 852 1424 ἀποκαταστήσαντα·

56 1431 217 1474 Νεκταρίαν
226 1438 254 1464 δέ
262 1445 323 1464 τινα
330 1437 373 1463 διὰ
383 1435 553 1471 παραϐάσεις
563 1435 703 1469 συνθηκῶν
712 1435 759 1460 καὶ
767 1436 856 1469 ὅρκων

57 1482 245 1517 ἀκοινώνητον
267 1480 417 1515 γενομένην
433 1500 440 1512 ,
464 1479 601 1511 διακονίας
620 1478 787 1512 ἀξιώσαντα,
819 1480 856 1515 μὴ

903 249 992 281 vellet,
1009 252 1036 275 et
1049 249 1116 276 alios
1127 249 1272 277 haereticos
1288 249 1448 284 appellaret.
1468 249 1606 277 Eleusium
1622 258 1681 277 νοτε

903 295 1008 322 idcirco
1031 295 1233 330 deposuerunt,
1264 295 1338 330 quod
1365 295 1520 324 Ileraclium
1544 296 1687 330 quemdam

907 341 986 376 170
1000 341 1087 376 patria
1105 341 1228 376 Tyrium,
1238 343 1284 377 qui
1301 341 1398 370 flamen
1417 342 1543 370 Herculis
1557 343 1614 369 illic
1627 342 1688 368 fin-.-

903 390 964 417 rat,
991 390 1018 413 et
1040 391 1184 414 accusatus
1204 387 1341 421 maleficii,
1356 392 1438 423 atque
1452 388 1487 416 ob
1504 388 1530 414 id
1551 387 1688 423 perquisi-

903 435 959 464 tus,
979 430 1084 466 fugiens
1101 431 1229 466 Cyzicum
1247 439 1277 459 se
1296 437 1445 467 receperat,
1465 437 1566 460 temere
1582 434 1615 459 ad
1631 433 1688 459 dia-

903 481 1032 504 conatum
1054 478 1247 512 promovisset,
1261 486 1322 506 cum
1338 479 1361 506 is
1376 478 1562 506 Christianam
1577 479 1689 514 religio-

903 530 965 550 nem
985 531 1014 550 se
1031 523 1120 550 colere
1135 523 1294 557 simularet;
1318 531 1435 559 cumque
1454 525 1531 552 illum
1552 524 1688 559 ejusmodi

903 576 964 596 esse
982 572 1074 603 postea
1093 568 1245 601 didicisset,
1261 577 1322 596 cum
1338 575 1427 597 tamen
1442 570 1476 597 ab
1491 570 1612 597 Ecclesia
1635 570 1687 596 mi-

903 614 976 641 nime
999 614 1177 649 prmcidissct.
1202 614 1268 642 Item
1297 616 1370 650 quod
1398 616 1547 643 nonnullos
1576 623 1590 642 a
1618 615 1687 642 Mari

902 658 1083 686 Chalcedonis
1103 659 1243 694 episcopo,
1264 660 1309 694 qui
1333 659 1415 687 etiam
1434 659 1498 686 huic
1518 659 1621 695 synodo
1645 659 1688 685 in-

902 704 1008 736 terfuit,
1022 704 1231 736 condemnatos,
1251 712 1315 732 cum
1336 704 1463 740 Cyzicum
1478 706 1625 737 venissent,
1643 705 1687 732 in-

902 751 1026 778 consulte
1047 750 1241 779 ordinavisset.
1262 750 1424 778 Heortasius
1439 754 1530 778 autem
1555 751 1617 778 ideo
1631 751 1688 778 dis-

903 796 1011 823 cinctus
1039 800 1101 829 est,
1120 795 1194 831 quod
1215 796 1319 831 absque
1340 803 1476 823 consensu
1498 797 1688 830 episcoporum

902 841 992 876 Lydia
1017 841 1105 868 factus
1128 846 1201 869 esset
1222 841 1417 869 Sardianorum
1438 842 1591 877 episcopus.
1622 841 1688 867 Dra-

905 887 1027 914 contium
1042 895 1106 914 vero
1122 887 1319 923 Pergamenum
1333 888 1394 915 ideo
1411 887 1606 922 deposuerunt,
1617 887 1688 921 quod

905 932 932 959 in
957 931 1064 959 Galatia
1089 933 1166 967 prius
1195 933 1382 968 episcopatum
1409 933 1548 967 gessisset.
1571 931 1690 958 Proinde

905 982 1050 1011 utramque
1067 977 1281 1010 ordinationem,
1297 983 1389 1013 utpote
1411 978 1590 1013 illegitimam,
1614 977 1690 1004 infir-

905 1027 1025 1050 niarunt.
1050 1023 1116 1051 Post
1138 1024 1196 1051 inec
1210 1024 1308 1051 iterum
1322 1024 1528 1056 convenientes,
1548 1023 1689 1051 Silvanum

905 1069 1045 1105 deponunt
1060 1070 1218 1105 episcopum
1240 1069 1330 1103 Tarsi,
1346 1075 1372 1098 et
1400 1070 1584 1105 Sophronium
1607 1069 1690 1097 Pom-

904 1117 1040 1152 peiopolis
1062 1117 1088 1143 in
1113 1116 1319 1152 Paphlagonia;
1345 1116 1482 1151 Elpidium
1500 1116 1562 1143 item
1584 1116 1690 1142 Satalo—

903 1170 976 1194 rum,
998 1166 1024 1190 et
1048 1161 1170 1189 Neonam
1192 1163 1351 1197 episcopum
1372 1162 1504 1189 Seleuciae
1526 1163 1553 1188 in
1573 1162 1689 1189 Isauria.

903 1209 942 1235 Ac
958 1207 1099 1235 Silvanum
1113 1208 1222 1243 quidem
1241 1207 1441 1243 deposuerunt,
1459 1211 1601 1242 propterea
1617 1207 1689 1243 quod

903 1253 1022 1280 vesaniae
1037 1257 1132 1280 auctor
1148 1261 1179 1280 ac
1193 1253 1309 1289 'signil’er
1324 1253 1431 1280 caeteris
1455 1253 1617 1284 exstitisset.
1632 1257 1689 1280 tum

906 1297 1046 1331 Seleuciae,
1066 1302 1122 1326 tum
1137 1298 1373 1334 Constantinopoli
1389 1320 1395 1332 ,
1417 1302 1444 1326 et
1469 1299 1542 1334 quod
1558 1299 1690 1326 Castaba-

904 1341 973 1370 lcnsi
998 1342 1127 1370 Ecclesiae
1145 1342 1325 1378 Theophilum
1340 1343 1484 1378 quemdam
1509 1342 1689 1377 prafccissct,

905 1389 951 1423 qui
967 1389 1043 1424 prius
1056 1389 1088 1416 ab
1104 1390 1240 1424 episcopis
1264 1389 1505 1417 Palaestinensibus
1528 1388 1690 1416 Eleuthero-

906 1435 977 1470 polis
1001 1436 1145 1471 episcopus
1173 1428 1261 1463 fuerat
1294 1437 1454 1469 ordinatus,
1480 1435 1691 1471 juramentoque

907 1489 967 1508 sese
984 1481 1179 1514 obstrinxerat,
1195 1490 1335 1517 nunquam
1357 1490 1386 1510 se
1403 1483 1484 1509 alium
1503 1483 1690 1517 episcopatum

59 1528 146 1564 μετὸν
160 1528 228 1562 αὐτῇ
243 1527 324 1562 τιμῆς
338 1525 409 1552 κατὰ
423 1525 485 1557 τοὺς
498 1524 596 1559 νόμους
610 1524 660 1558 τῆς
689 1524 843 1560 Εκκλησίοις

908 1531 1099 1562 suscepturum
1113 1527 1217 1563 absque
1229 1528 1336 1555 illorqu
1346 1535 1494 1555 consensu.
1507 1527 1690 1562 Sophronium

58 1584 130 1604 vero
145 1576 318 1608 abdicarunt,
336 1579 465 1609 tanquam
488 1580 611 1606 avarum,
627 1577 653 1599 et
671 1573 718 1607 qui
742 1581 786 1601 res
799 1573 929 1601 Ecclesiae
952 1575 1059 1602 oblatas
1079 1576 1206 1609 vendere,
1240 1580 1266 1603 et
1300 1575 1326 1603 in
1359 1580 1493 1612 qumstum
1527 1583 1605 1603 suum
1632 1583 1692 1603 vcr-

61 1630 124 1652 terc
148 1627 310 1651 conaretur:
333 1626 359 1649 et
375 1625 520 1656 propterea
539 1620 611 1655 quod
627 1626 689 1654 post
707 1620 854 1648 secundam
875 1629 907 1649 ac
923 1623 1032 1649 tertiam
1049 1623 1220 1650 vocationem
1233 1630 1304 1657 aegre
1328 1630 1501 1657 comparens.
1537 1621 1570 1649 de
1601 1622 1693 1649 crimi-

61 1671 145 1698 nibus
164 1670 216 1697 sibi
233 1669 316 1696 illatis
333 1675 444 1695 causam
459 1667 531 1702 apud
549 1666 625 1701 ipsos
641 1666 732 1693 dicere
743 1667 890 1699 noluisset,
923 1667 971 1695 scd
993 1671 1140 1696 extraneos
1172 1668 1278 1703 judices
1313 1669 1449 1704 elegisset.
1486 1667 1607 1695 Neonam
1629 1676 1692 1696 vero

61 1716 127 1745 ideo
150 1716 350 1751 deposuerunt,
386 1713 459 1748 quod
485 1716 516 1738 ut
555 1711 700 1739 Annianus
735 1711 965 1740 Antiochensium
990 1713 1136 1749 cpiscopus
1171 1714 1198 1740 in
1218 1721 1266 1741 sua
1287 1713 1408 1741 Ecclesia
1435 1713 1618 1745 ordinaretur,
1643 1713 1693 1740 im-

60 1771 148 1803 pense
176 1760 347 1791 studuisset.
379 1764 406 1786 et
435 1758 507 1794 quod
537 1758 685 1785 nonnullos
709 1765 849 1785 sacrarum
871 1758 1076 1793 Scripturarum
1100 1763 1128 1787 et
1151 1760 1280 1788 Ecclesia:
1302 1760 1392 1795 legum
1426 1761 1535 1795 penitus
1570 1760 1690 1794 ignaros,

59 1819 126 1840 cum
152 1808 315 1836 decuriones
341 1809 444 1837 essent,
463 1803 666 1831 inconsiderate
699 1804 842 1839 episcopos
874 1805 1038 1833 ordinassct.
1063 1805 1115 1838 Qui
1138 1809 1231 1841 postea
1251 1813 1332 1840 opum
1358 1813 1470 1833 suarum
1491 1806 1691 1840 possessionem

61 1844 218 1885 sacerdotio
241 1852 440 1888 prmtulcrunt,
469 1850 628 1884 scriptoque
651 1850 746 1877 testati
775 1855 840 1878 sunt
876 1852 958 1878 malle
994 1859 1023 1879 se
1048 1852 1120 1879 bona
1155 1860 1204 1880 sua
1231 1852 1374 1879 retinendo
1396 1851 1511 1887 publicis
1533 1852 1693 1879 muneribus

60 1902 152 1938 fungi,
167 1908 250 1937 quam
263 1900 344 1928 bonis
358 1899 416 1926 suis
430 1901 538 1930 exutos,
565 1897 751 1932 episcopatum
779 1906 884 1933 gerere.
904 1898 1038 1934 Elpidium
1053 1899 1171 1933 denique
1187 1898 1401 1931 abdicarunt,eo
1412 1898 1485 1934 quod
1497 1898 1530 1926 ad
1544 1898 1690 1925 tumultum

645 1992 780 2020 VALESll
796 1991 1062 2020 ANNOTATIONES

100 2044 158 2080 (57)
183 2043 321 2080 ῘΑνιίίνὸν.
341 2041 597 2080 χειροτονηθῆῑαι.
615 2040 795 2080 Scribcndum
812 2042 848 2078 est

906 2040 1042 2080 curationi
1055 2048 1168 2080 operum
1183 2039 1365 2074 publicorum,
1380 2045 1407 2066 ct
1420 2038 1556 2080 universis
1572 2037 1690 2080 publicis

68 2073 218 2107 Ἀννιανὸν.
245 2077 322 2109 Quod
341 2073 393 2104 'ést
412 2073 510 2103 nomen
530 2073 698 2102 Romanum.
718 2075 798 2101 Certe
825 2073 851 2110 in
906 2073 1081 2101 muneribus:
1101 2073 1194 2110 itaque
1212 2083 1243 2102 ex
1262 2083 1311 2101 suo
1336 2082 1451 2109 corpore
1473 2073 1610 2110 cligebant
1626 2080 1688 2110 sus-_

60 2116 159 2143 codice
171 2108 320 2140 Fukctiano
333 2113 431 2145 legitur
455 2111 585 2137 Ἀννίναν.
597 2110 646 2136 [lic
664 2109 806 2145 Annianus
824 2109 851 2134 in
906 2113 1031 2143 ceptores
1045 2130 1052 2141 ,
1077 2111 1123 2145 qui
1142 2108 1244 2137 tributa
1261 2108 1421 2144 exigerent;
1450 2109 1629 2145 magistratus
1641 2108 1688 2141 qui

61 2148 234 2178 Seleucicnsi
261 2147 381 2173 concilio
411 2147 555 2174 ordinatus
585 2145 672 2172 fuerat
707 2144 852 2178 episcopus
906 2145 987 2173 ludos
1004 2144 1127 2177 ederent,
1149 2149 1176 2172 et
1194 2145 1263 2172 alios
1278 2146 1325 2179 qui
1351 2145 1448 2172 balnea
1478 2144 1646 2179 instruerent
1662 2147 1690 2171 et

61 2185 266 2213 Antioclienus,
282 2183 408 2216 deposito
423 2181 555 2208 Eudoxio.
577 2214 596 2216 ﬂ
682 2215 686 2216 ν
905 2180 978 2214 ligna
999 2184 1177 2216 praestarent;
1191 2178 1340 2216 eorumque
1366 2180 1437 2216 bona
1462 2178 1545 2216 curia;
1558 2178 1690 2213 oppigne-

98 2220 155 2255 (58)
179 2214 434 2255 Πολιτερομένους
458 2217 556 2255 enim.
576 2214 654 2255 Hunc
682 2215 770 2255 locum
797 2219 851 2255 non

906 2213 966 2241 rata
995 2219 1083 2247 erant,
1110 2215 1147 2241 ita
1179 2219 1209 2241 ut
1239 2213 1422 2249 qui’cuuriam
1443 2213 1609 2249 reliquisset,
1626 2220 1690 2249 suas

61 2244 261 2283 intellexerunt
286 2244 459 2285 interpretes.
496 2244 563 2278 Nain
596 2249 753 2285 Musculus
772 2247 852 2285 vertit
867 2244 890 2272 D
904 2249 1051 2285 facultates
1077 2244 1515 2285 curiaegrelinquereVcogeretur'.
1532 2248 1690 2285 Inconside-

60 2291 279 2321 incircumspecte
295 2284 424 2317 viventes;
440 2294 520 2321 quem
536 2290 646 2312 secutus
667 2289 707 2321 est
726 2284 850 2321 Christo-

60 2319 232 2361 phorsonus.
257 2319 562 2361 Αιριιί-πολιτέυόμεν-οι
594 2323 657 2360 sunt
675 2319 849 2361 decurionesz

61 2353 110 2395 qui
127 2363 155 2386 et
174 2353 472 2395 ﬁo).tT§Ut-a.l_tiitiu‘llltlt‘
488 2353 638 2395 'a-Qrzecis,
663 2359 692 2394 ut
713 2354 804 2395 notavi
816 2353 850 2379 ad

61 2388 165 2422 librum
179 2400 235 2419 xxu
253 2392 390 2418 Ammiani
401 2390 718 2422 Marcellini.Gregorius
734 2388 851 2415 Nazian-

61 2437 150 2458 zenus
162 2429 188 2454 in
198 2427 313 2461 epistola
326 2426 370 2457 49,
380 2427 419 2452 Ad
430 2426 581 2462 Olympium
597 2434 606 2462 :_
620 2425 728 2462 Πέιντας
741 2423 851 2462 πολίτας

59 2474 91 2491 τε
104 2464 153 2490 καὶ
175 2459 332 2492 πολιτευτὰς
351 2462 398 2487 καὶ
422 2459 635 2495 ἀξιώματικούς,
651 2459 683 2485 Hi
700 2459 852 2485 [unctioni-

61 2500 117 2527 bus
132 2497 254 2533 publicis
268 2496 380 2533 obnoxii
396 2501 484 2527 erant,
495 2494 564 2533 :puta
577 2494 851 2533 trihutorumsusce-

60 2529 166 2570 ptiorii,
185 2533 355 2558 thermarum
373 2530 561 2560 instructioni,
581 2529 705 2555 ludorum
722 2529 849 2558 editioni,

903 2289 961 2312 rate
974 2284 1056 2319 igitur
1074 2284 1139 2311 fecit
1155 2283 1230 2311 Neon
1247 2283 1295 2312 seu
1310 2283 1420 2311 Neonas
1434 2284 1580 2318 episcopus
1597 2283 1691 2319 Seleu-

904 2320 964 2351 cia,
982 2318 1044 2353 quae
1058 2319 1219 2354 metropolis
1242 2324 1302 2347 erat
1317 2319 1437 2350 Isauriae,
1456 2319 1502 2353 qui
1520 2319 1593 2354 viros
1605 2318 1690 2345 curiis

905 2355 1040 2382 obnoxios
1069 2354 1102 2381 ad
1133 2355 1322 2389 episcopatum
1361 2354 1511 2389 promovit.
1535 2353 1588 2380 Eos
1616 2354 1688 2380 enim

924 2393 1001 2416 ostea
1018 2389 1182 2416 decuriones
1199 2390 1232 2416 ad
1247 2390 1351 2416 curiam
1366 2391 1540 2418 revocarunt,
1554 2391 1601 2414 aut
1616 2392 1691 2415 certe

927 2424 990 2452 onis
1005 2424 1063 2452 suis
1080 2425 1177 2451 cedere
1195 2432 1243 2451 eos
1257 2425 1411 2458 jusserunt.
1436 2423 1496 2456 Quo
1513 2422 1596 2454 facto,
1611 2423 1690 2448 novi-

907 2459 938 2486 tii
960 2460 997 2486 illi
1017 2459 1136 2493 episcopi
1151 2459 1183 2486 ad
1198 2460 1302 2486 curiam
1313 2459 1412 2486 reverti
1426 2458 1594 2490 maluerunt,
1606 2465 1689 2492 quam

905 2494 1027 2522 dimissis
1045 2494 1223 2521 facultatibus
1241 2495 1429 2529 episcopatum
1443 2500 1548 2528 gerere.

780 2615 974 2643 VARIORUM.

98 2685 115 2699 ιι
132 2677 172 2713 Τῇ
182 2677 216 2705 ἐν
237 2677 377 2713 Μελιτ-ἰνῃ
393 2674 536 2713 συνόδῳ..
549 2672 847 2713 Celebrataﬂltielitina:

62 2717 92 2743 in
105 2706 234 2742 Arriienia
247 2706 456 2747 synodus-anno
471 2709 585 2747 circiter
610 2707 671 2735 558.
695 2706 759 2740 Ejus
769 2707 847 2747 nulla

63 2742 171 2778 nientio
183 2749 210 2775 in
223 2742 440 2781 Coilectionibus
464 2743 643 2781 conciliorum
663 2742 845 2781 generalitun.

62 2775 193 2812 adcurrit
217 2787 309 2809 autem
326 2779 450 2815 apuqu.
465 2779 597 2815 Basilium
618 2778 644 2803 in
667 2775 785 2815 epistola
803 2775 847 2815 ἴε),

63 2824 106 2849 Ad
122 2817 316 2847 Occidentales,
336 2811 383 2842 tibi
401 2813 574 2849 Eustathiqu
592 2814 618 2839 in
633 2819 663 2849 ea
680 2811 789 2849 syllodo
803 2811 850 2836 de-

64 2846 187 2890 planum
205 2860 267 2879 esse
294 2846 421 2878 testatur.
440 2848 530 2880 Quare
553 2855 615 2874 cum
637 2846 760 2873 Meletins
785 2852 850 2872 eon-

190 2901 324 2930 PATROL.
337 2898 394 2926 GR.
412 2895 524 2925 LXVll.

901 2674 964 2701 cilio
987 2673 1155 2700 Seleueiensi
1184 2679 1257 2699 anno
1279 2672 1332 2707 559
1349 2672 1527 2707 congregato,
1559 2674 1687 2707 tanquam

901 2709 1047 2742 episcopus
1063 2709 1230 2735 Sebastenus
1245 2703 1446 2742 adfuerit,j5m
1455 2703 1491 2742 eo
1507 2712 1577 2732 anno
1589 2703 1687 2742 Eusta-

901 2739 976 2770 thius
989 2739 1004 2769 ὁ
1014 2742 1165 2770 Sebasleno
1176 2743 1333 2776 episcopatu
1346 2739 1469 2773 deiectus
1483 2741 1580 2776 fuerat,
1595 2739 1689 2776 sicque.

902 2778 1025 2812 synodus
1051 2773 1230 2805 Melitinensis
1264 2773 1429 2812 annorq_558
1445 2781 1507 2812 Vaut
1535 2773 1687 2807 insequenti

902 2810 1006 2839 habita.
1026 2813 1088 2839 Ant.
1107 2812 1170 2846 Pagi
1185 2812 1218 2838 ad
1239 2819 1301 2837 ann.
1319 2810 1380 2842 557,
1397 2819 1424 2837 n.
1441 2811 1481 2837 15.

1431 2887 1467 2917 38
