1899 3077
132 134 202 162 H97
612 131 778 160 HISTORIA
798 131 921 160 ECCLEE

986 133 1078 161 tTICA.
1099 148 1129 155 -
1153 132 1216 161 LIB.
1236 132 1279 160 ιγ.
1685 133 1754 162 1198

128 194 228 225 αὐτοὺς
241 193 444 229 καθαιρεῖσθαι”
461 193 524 225 τοὺς
540 192 568 219 δὲ
584 193 645 219 κατ’
661 192 737 225 ἔθνος
753 193 919 221 ἐπισκόπους

988 194 1116 229 piscopos
1133 202 1166 222 ex
1181 201 1232 222 suo
1245 200 1373 226 numero,
1390 192 1436 228 qui
1451 192 1668 227 depositionibus
1687 194 1755 220 sub-

128 239 283 271 συνιόντας,
295 240 355 266 ἀντὶ
371 239 460 266 αὐτῶν
478 239 638 273 χειροτονεῖν
653 238 772 274 ἑτέρους.
795 238 871 265 Ἐπεὶ
889 238 917 265 δὲ

986 240 1093 268 cribere
1107 240 1299 267 detrectabant
1310 260 1318 273 ,
1343 238 1491 274 separatim
1506 245 1587 273 agere
1599 239 1755 273 jusserunt,

128 283 215 310 ταῦτα
241 285 333 315 αὐτοῖς
359 283 534 310 ἐϐεϐούλευτο
550 283 597 310 καὶ
611 283 650 314 εἰς
669 283 749 318 ἔργον
763 280 832 313 ἷκτο,
851 283 918 318 γρά-

987 290 997 312 ι
1014 293 1104 320 neque
1124 285 1218 313 divino
1233 285 1391 312 ministerio
1415 284 1502 318 fungi,
1518 292 1606 318 neque
1625 285 1756 313 ecclesias

127 338 208 364 φουσι
225 331 281 361 τοῖς
293 329 430 365 πανταχοῦ
448 329 608 361 ἐπισκόποις
630 330 678 356 καὶ
693 329 844 366 κληρικοῖς,
854 329 918 356 τάδε

986 331 1052 365 [72
1075 339 1140 359 suas
1161 331 1327 366 gubernare,
1352 330 1438 358 donec
1455 330 1674 366 depositionibus
1703 331 1757 359 illis

128 374 275 408 φυλάττειν
305 374 353 401 καὶ
378 373 527 400 ἐπιτελεῖν·
558 374 590 400 ὲκ
611 373 705 400 τούτου
720 382 760 406 τε,
776 373 805 399 οὺ
828 373 917 407 πολλῷ

987 375 1311 411 ttbscripsissent.,Qu0tl
1330 378 1353 405 si
1380 377 1451 404 intra
1469 384 1516 405 sex
1542 377 1679 404 mensium
1697 384 1757 412 spa-

128 418 241 454 ὕστερον
252 419 491 445 ἀντικαθίστανται
506 417 574 454 πρὸς
584 417 637 444 τῶν
648 418 719 452 ἀμφὶ
728 417 773 443 τὸν
783 416 917 450 Εὑδόξιον,

986 421 1037 447 ium
1057 429 1110 448 non
1126 421 1318 456 resipuissent,
1335 430 1385 449 nec
1401 423 1533 451 omnibus
1547 422 1646 457 synodi
1663 422 1756 449 decre-

128 464 208 496 ἄλλος
225 464 311 499 ἄλλῳ·
327 464 485 499 Μακεδονίῳ
506 472 535 490 τε
555 463 635 494 αὐτὸς
651 462 786 496 Εὐδόξιος,
803 462 849 488 καὶ
867 462 919 487 Βα-

986 466 1005 493 is
1016 473 1048 493 ac
1070 466 1153 501 gestis
1179 468 1393 500 consensissent,
1420 468 1495 503 ipsos
1525 475 1636 503 quoque
1659 467 1759 501 deponi

129 511 222 545 σιλείῳ
242 511 417 542 Ἀθανάσιοςι
440 510 488 536 καὶ
509 509 638 544 Ἐλευσίῳ
660 509 802 544 Εὐνόμιος,
819 508 849 539 ὃς
870 508 920 544 ἀρ-

986 516 1113 540 usserunt
1127 522 1133 540 :
1146 516 1229 547 utque
1243 514 1365 549 episcopi
1381 514 1599 549 uniuscujusque
1614 514 1761 548 provinciae

127 557 212 590 χηγὸς
225 556 292 591 μετὰ
307 555 393 582 ταῦτα
406 555 514 590 ἐγένετο
527 555 578 590 τῆς
593 555 641 581 ἀπ’
657 554 739 582 αὑτοῦ
750 554 920 589 καλουμένης

991 558 1056 584 imul
1071 558 1280 591 convenientes,
1299 559 1327 585 in
1348 567 1442 586 eorum
1463 561 1553 587 locum
1570 560 1638 586 alios
1660 559 1760 586 subro-

127 602 262 636 αἱρέσεως
296 602 356 628 ἀντὶ
367 602 395 628 δὲ
405 601 565 633 Εὐσταθίου,
581 600 711 632 Μελέτιος
721 601 770 636 τὴν
788 601 816 627 ὲν
835 601 921 627 Σεϐα-

986 605 1080 635 gat-ent.
1096 602 1164 629 Cum
1184 603 1241 630 hate
1257 603 1292 630 ab
1315 603 1368 631 illis
1385 605 1509 631 consulta
1534 609 1561 631 et
1581 604 1614 631 ad
1632 604 1761 631 eﬂ‘cctum

128 647 206 683 στείᾳ
225 647 387 682 Ἐκκλησίαν
401 647 552 682 ἐπετράπη.

986 648 1107 675 ierducta
1125 651 1231 680 essent,
1251 649 1378 677 omnibus
1395 650 1496 684 ubique
1514 650 1634 677 locorum
1656 650 1763 684 episco-

128 692 173 726 pis
186 697 213 719 et
227 693 335 719 clericis
351 692 521 727 scripserunt
542 695 571 718 ut
591 691 650 719 inec
667 691 856 723 observarent.
878 695 905 718 et
923 693 1095 720 exsecutioni
1112 693 1286 721 mandarent.
1300 694 1395 728 Itaque
1405 694 1477 722 haud
1494 696 1580 723 multo
1615 700 1685 730 post,
1715 695 1761 722 alii

129 736 158 764 in
174 738 289 764 aliorum
305 738 395 764 locum
411 737 553 765 substituti
568 741 631 764 sunt
647 736 681 764 ab
711 735 892 764 Eudoxianis.
922 737 955 765 Et
976 738 1003 764 in
1019 738 1171 766 Macedonii
1189 738 1299 774 quidem
1318 739 1407 767 locum
1426 740 1568 769 Eudoxius
1600 742 1657 776 ipse
1680 742 1763 769 suffe-

128 788 192 812 ctus
211 788 272 817 est;
289 784 315 810 in
332 784 421 811 locum
436 787 526 810 autem
541 782 634 811 Basilii
647 782 831 815 Athanasius;
846 782 998 812 Eunomius
1011 792 1087 818 vero,
1103 785 1126 813 is
1143 786 1188 820 qui
1205 790 1300 820 postea
1324 786 1445 814 nominis
1465 787 1508 814 sui
1540 788 1665 815 haeresim
1700 796 1764 816 con-

128 829 209 862 didit,
239 831 265 857 in
283 831 375 857 locum
397 829 501 864 Eleusii
526 833 568 857 est
598 829 785 863 subrogatus;
812 829 930 864 denique
948 830 1072 858 Melctius
1099 831 1231 859 Sebastiat
1251 831 1400 860 Ecclesiam
1422 833 1481 860 vice
1505 833 1639 861 Eustathii
1668 842 1763 869 regen-

128 877 192 904 dam
209 877 339 911 suscepit.

416 943 542 970 ΚΕΦΔΛ.
568 943 640 976 κεῖν.
720 938 734 950 ’
938 949 959 976 Β

132 1001 259 1035 Talem?)
277 1001 464 1027 Μακεδονίου
484 999 715 1027 Κωνσταντίνου
725 1001 857 1035 πόλεως·
872 1000 920 1026 καὶ

166 1037 195 1063 τί
209 1036 360 1063 διδάσκων
371 1036 491 1069 εἴρηκεν
508 1037 524 1062 ὁ
543 1035 697 1067 Εὑδόξιος·
709 1034 759 1061 καὶ
772 1035 812 1068 ὡς
826 1035 920 1062 Εὐδό-

166 1072 230 1104 ξιος
252 1072 298 1098 καὶ
324 1071 461 1104 Ἀκάκιος
477 1070 606 1097 πλεῖστα
632 1070 801 1101 ἔσπευσαν,
817 1069 874 1102 τήν·
889 1079 922 1097 τε

167 1108 201 1134 ἐν
216 1107 322 1140 Νικαίᾳ
335 1107 448 1137 πίστιν,
467 1105 515 1132 καί
540 1105 597 1140 τὴν
611 1105 645 1131 ἐν
662 1105 807 1139 Ἀριμήνῳ
822 1105 855 1131 ἐκ
868 1105 921 1131 τοῦ

164 1142 261 1177 μέσου
277 1142 369 1168 θεῖναι
378 1150 388 1177 -ν
401 1142 449 1167 καὶ
466 1141 539 1177 ὅοζος
553 1139 682 1174 τάραχος
698 1140 838 1167 ἐντεῦθεν
857 1139 922 1172 ταῖς

1268 944 1345 972 CAP.
1366 944 1462 972 XXVI.

973 999 1011 1026 De
1025 999 1099 1038 οίιῇιιι
1116 999 1267 1038 Macedonii
1284 1000 1559 1038 Conlantinqnoﬁmni
1583 1003 1714 1038 episcopi:
1737 1010 1762 1032 et

1007 1034 1070 1075 quid
1083 1035 1346 1075 infrimafoncione
1361 1033 1612 1075 digcerit‘ﬂudoziu's
1627 1046 1635 1065 :
1652 1033 1677 1066 et
1698 1048 1762 1075 quo-

1008 1069 1085 1096 modo
1108 1069 1246 1097 Eudoxius
1269 1076 1294 1098 et
1313 1072 1427 1099 Aeacius
1448 1071 1587 1100 Nicwnam
1613 1079 1637 1100 et
1661 1069 1761 1101 Arimi-

1008 1111 1113 1143 nensem
1141 1105 1203 1138 ﬁdei
1223 1105 1367 1139 formulam
1385 1107 1489 1134 abolere
1511 1109 1581 1135 onmi
1602 1116 1648 1143 ope
1673 1111 1760 1136 εοιιηιὶ

1008 1141 1060 1166 sint
1084 1147 1093 1166 .'
1120 1145 1144 1166 et
1171 1145 1285 1174 quantus
1306 1149 1338 1168 ea:
1365 1150 1397 1168 ea
1424 1150 1452 1169 re
1478 1141 1761 1171 tumultuslz‘cclesiis

173 1177 368 1210 Ἐκκλησίαις
377 1176 551 1209 ἐπισυνέϐη.

173 1233 345 1269 Ἀφαιρεθεὶς
366 1233 394 1259 δὲ
414 1232 581 1264 Μακεδόνιος
601 1233 650 1268 τὴν
665 1231 922 1258 Κωνσταντινουπό-

130 1280 199 1311 λεως
212 1279 431 1314 Ἐκκλησίαν,εἴς
441 1287 467 1305 τι
481 1279 558 1312 παρὰ
573 1277 658 1309 πύλας
670 1278 769 1313 χωρίον
777 1277 920 1312 διέτριϐεν·

131 1325 196 1352 ἔνθα
231 1326 277 1352 καὶ
296 1325 483 1360 ἐτελεύτησεν.
501 1323 624 1356 Εὑδόξιος
645 1324 736 1359 δὲτὴν
759 1324 922 1359 Ἐκκλησίαν

132 1372 281 1406 κατέσχεν·
307 1372 388 1406 ἡνίκα
411 1371 444 1407 δὴ
471 1371 661 1398 Κωνσταντίου
681 1371 712 1397 τὺ
733 1371 855 1402 δέκατον,
875 1371 922 1398 καὶ

136 1417 280 1444 Ἰουλιανοῦ
295 1417 341 1444 τοῦ
355 1417 495 1452 Καίσαρος
517 1417 547 1443 τὸ
566 1417 657 1452 τρίτον
674 1417 876 1449 ὑπατευόντων,
891 1416 921 1442 τὸ

131 1463 239 1500 πρῶτον
252 1462 439 1499 ἐκκλησιάζων
456 1463 502 1489 ἐπὶ
518 1464 550 1498 τῇ
564 1463 753 1498 τελεσιουργίᾳ
768 1462 817 1497 τῆς
835 1462 921 1498 μεγά-

130 1510 182 1545 λης
200 1510 359 1545 ὲκκλησίας,
380 1510 413 1545 ἢν
437 1510 536 1544 Σοφίαν
560 1509 733 1544 ὀνομάζουσι,
753 1508 860 1541 λέγεται
875 1509 921 1535 ἐπὶ

131 1555 162 1582 τὸ
175 1553 221 1581 τοῦ
236 1555 330 1590 ἱερέως
341 1554 443 1587 ἀναϐὰς
456 1555 542 1590 βῆμα,
553 1551 596 1581 οἶα
603 1554 635 1590 δὴ
648 1554 694 1580 τὸν
702 1553 765 1580 λαὸν
777 1553 921 1585 διδάσκων,

129 1600 280 1636 ἀρχόμενος
292 1599 339 1627 τοῦ
351 1601 430 1634 λόγου
446 1601 546 1627 εἰπεῖν·
561 1600 598 1631 ὼς
608 1601 622 1626 6
638 1599 687 1635 μὲν
700 1599 794 1635 Πατὴρ
808 1599 920 1634 ἀσεϐής·

128 1646 144 1672 ὁ
166 1646 195 1673 δὲ
225 1646 288 1678 Υἱὸς
303 1646 428 1682 εὐσεϐής.
458 1645 661 1681 Θορυϐήσαντος
673 1645 701 1672 δὲ
719 1645 766 1671 τοῦ
795 1644 921 1680 πλήθους,

135 1692 291 1728 Ἦρεμεῖτε,
303 1692 365 1727 ἔφη’
377 1693 390 1718 ὁ
401 1692 449 1727 μὲν
458 1693 552 1727 Πατὴρ
563 1691 675 1726 ἀσεϐὴς,
688 1691 729 1718 ὅτι
737 1690 831 1717 οὐδένα
839 1690 920 1716 σέϐει·

129 1740 144 1766 6
161 1739 188 1765 δὲ
201 1739 264 1770 Υἱὸς
280 1739 405 1774 εὐσεϐὴς,
423 1739 463 1765 ὅτι
484 1738 595 1774 Πατέρα
613 1737 697 1765 σέϐει.
714 1737 768 1764 Καὶ
783 1737 797 1763 6
812 1737 861 1772 μὲν
871 1733 922 1763 ὦδε

129 1784 226 1816 εῑπὼν,
242 1785 281 1816 είς
299 1783 405 1817 γέλωτα
431 1784 494 1814 τοὺς
517 1783 666 1813 ἀκούοντας
682 1781 823 1817 μετέϐαλε.
836 1782 921 1816 Κοινῇ

128 1831 159 1858 δὲ
174 1830 214 1857 ὅτι
250 1829 366 1864 μάλιστα
391 1829 471 1861 αὑτός
486 1837 515 1855 τε
537 1830 584 1855 καὶ
599 1828 727 1859 Ἀκάκιος
741 1828 832 1854 πᾶσαν
846 1828 922 1853 ὲποι-

132 1876 213 1903 οὖντο
238 1875 367 1911 σπουδὴν,
390 1876 430 1906 είς
445 1875 530 1911 λήθην
546 1875 622 1909 ἄγειν
638 1874 741 1905 πάντας
754 1873 808 1900 τῶν
826 1874 855 1900 ὲν
872 1873 922 1899 Νι-

129 1922 198 1958 atat;
207 1922 351 1954 δοξάντων,
369 1921 417 1948 καὶ
438 1922 487 1956 τὴν
500 1920 720 1954 ἀναγνωσθεῖσαν
735 1921 763 1946 ὲν
785 1920 923 1955 Ἀριμήνῳ

131 1969 254 2004 γραφὴν,
281 1967 340 2003 μεθ’
366 1964 404 1994 ὧν
419 1967 496 1994 αὐτοὶ
511 1966 737 2002 προστεθείκασιν
752 1965 790 1997 ὼς
808 1965 922 2002 διορθώ-

132 2023 236 2046 σοντες,
262 2014 314 2041 ἀνὰ
346 2015 400 2040 πᾶν
424 2013 454 2040 τὸ
473 2014 592 2048 ὑπήκοον
614 2011 781 2047 ἐξέπεμψαν,
799 2011 923 2043 καὶτοὺς

131 2062 219 2097 ταύτῃ
237 2061 273 2096 μὴ
285 2061 494 2096 ὑπογράφοντας
509 2059 632 2086 ἐκέλευον
642 2058 775 2094 ὑπερορίᾳ
788 2058 859 2092 φυγῇ
876 2056 924 2092 ζη-

134 2107 272 2142 μιοῦσθαι,
286 2107 356 2133 κατὰ
370 2105 534 2141 πρόσταγμα
551 2105 597 2131 τοῦ
616 2104 758 2139 βασιλέως.
775 2101 840 2130 Ὧδε
856 2103 921 2138 γὰρ,

134 2163 171 2189 φη
176 2154 226 2183 civ,
236 2152 401 2179 ἐσπούδαστο
411 2151 477 2186 (40),
489 2150 672 2185 λογιζομένοις
678 2150 780 2176 ἀκονιτὶ
787 2150 835 2184 τῆς
846 2157 924 2176 σπου-

132 2200 183 2234 δῆς
197 2198 401 2231 ἐπιτεύξασθαι.
414 2197 450 2224 Τὸ
459 2195 528 2233 δὲῆν
538 2196 609 2233 ἀρχὴ
619 2196 753 2232 μεγίστων
765 2195 921 2230 συμφορῶν·

133 2244 258 2280 ἐμφερὴς
273 2244 301 2271 δὲ
326 2241 360 2279 ἦν
383 2245 439 2275 τοῖς
453 2243 608 2279 εἰρημένοις
623 2241 809 2282 τάραχοςιάνὰ
829 2242 883 2267 πᾶν
894 2240 924 2267 τδ

1008 1175 1157 1209 contigerit.

1007 1231 1141 1259 Ca-lerum
1168 1232 1354 1268 Macedonius,
1372 1233 1675 1269 Constantinopolitana
1698 1244 1762 1271 spo-

974 1276 1056 1304 liatus
1070 1276 1202 1309 Ecclesia,
1218 1277 1245 1304 in
1261 1278 1350 1305 locum
1365 1279 1511 1314 quemdam
1530 1279 1606 1314 juxta
1624 1280 1700 1308 urbis
1718 1289 1762 1308 re-

973 1322 1023 1357 gia:
1049 1327 1141 1357 portas
1166 1331 1196 1351 se
1223 1325 1327 1359 recepit
1344 1343 1351 1355 ,
1379 1324 1471 1359 ibique
1503 1328 1655 1353 extremum
1688 1326 1761 1354 diem

974 1368 1042 1395 obiit
1056 1368 1075 1396 '.
1092 1368 1234 1397 Eudoxius
1247 1376 1311 1396 vero
1325 1369 1384 1404 ejus
1396 1370 1455 1398 loco
1467 1369 1616 1398 Ecclesiam
1627 1372 1760 1406 obtinuit,

974 1415 1136 1443 Constantio
1150 1417 1274 1451 Augusto
1293 1415 1395 1449 decies,
1420 1421 1447 1444 et
1467 1416 1577 1445 Juliano
1595 1417 1702 1446 Caesare
1718 1423 1760 1446 ter

974 1461 1148 1489 consulibus.
1176 1461 1237 1494 Quo
1260 1462 1370 1496 quidem
1400 1466 1533 1498 tempore,
1552 1471 1613 1490 cum
1640 1465 1760 1499 primum

975 1507 1079 1542 plebem
1098 1507 1240 1543 colligeret
1267 1508 1295 1534 in
1309 1507 1483 1536 dedicatione
1510 1516 1615 1544 magnae
1638 1510 1762 1538 ecclesiae

973 1561 1055 1588 quam
1073 1552 1204 1588 Sophiam
1219 1557 1331 1587 vocant,
1347 1560 1498 1582 conscenso
1518 1555 1681 1583 sacerdotali
1698 1564 1762 1591 sug-

975 1603 1064 1634 gestu.
1085 1604 1180 1634 utpote
1205 1599 1420 1628 concionaturus
1441 1600 1474 1627 ad
1495 1600 1636 1635 populum,
1662 1601 1718 1629 htec
1734 1601 1761 1628 in

974 1644 1036 1678 ipso
1053 1643 1189 1671 sermonis
1206 1643 1321 1672 exordio
1343 1643 1447 1672 dixisse
1469 1643 1556 1672 fertur
1575 1654 1582 1672 :
1599 1643 1678 1673 Pater
1697 1646 1761 1680 qni-

974 1689 1036 1716 dem
1055 1689 1156 1724 impius
1171 1692 1224 1721 est,
1239 1688 1325 1717 Filius
1347 1694 1437 1717 autem
1452 1690 1525 1725 pius.
1542 1689 1665 1726 Cumque
1686 1691 1762 1726 plebs

974 1733 1189 1761 tumultuaretur
1202 1742 1209 1761 τ
1221 1733 1425 1769 Conquiescite.
1444 1735 1543 1771 inquit.
1556 1735 1637 1763 Pater
1651 1737 1761 1772 quidem

974 1779 1075 1814 impius
1090 1783 1142 1811 est,
1159 1784 1305 1814 propterea
1331 1781 1403 1814 quod
1420 1782 1557 1809 neminem
1581 1782 1654 1810 colit.
1676 1782 1762 1809 Filius

973 1833 1040 1852 vero
1057 1826 1128 1860 pius,
1148 1825 1213 1860 quia
1229 1826 1295 1852 colit
1317 1825 1437 1853 Patrem.
1454 1826 1514 1859 Quo
1529 1827 1614 1862 dicto,
1629 1828 1764 1855 auditori-

974 1871 1026 1898 bus
1043 1872 1129 1899 risum
1152 1870 1247 1899 movit.
1261 1870 1347 1898 Porro
1368 1875 1426 1898 tam
1446 1872 1506 1907 ipse
1523 1880 1606 1907 quam
1632 1873 1762 1906 Aeacius,

974 1917 1057 1945 simul
1070 1917 1170 1952 juncti,
1187 1918 1262 1945 omni
1279 1924 1331 1953 ope
1349 1917 1512 1944 laborarunt
1531 1923 1559 1945 ut
1585 1925 1681 1946 eorum
1701 1927 1762 1955 quae

974 1963 1070 1992 Nicaea:
1084 1967 1186 1991 statuta
1200 1963 1311 1991 fuerant
1335 1963 1495 1991 memoriam
1514 1971 1547 1991 ex
1566 1964 1688 1991 omnium
1702 1966 1762 1992 ani-

974 2010 1027 2038 mis
1044 2010 1193 2037 abolerent.
1214 2009 1247 2036 Et
1263 2009 1326 2037 ﬁdei
1344 2008 1489 2036 formulam
1506 2017 1568 2045 quae
1585 2010 1702 2038 Arimini
1719 2019 1763 2038 re.—

974 2056 1057 2084 citata
1072 2059 1126 2089 est,
1154 2063 1209 2082 una
1226 2062 1289 2082 cum
1318 2054 1513 2082 additamentis
1540 2062 1602 2090 quae
1626 2054 1678 2089 ipsi
1705 2059 1763 2083 tan-

974 2109 1056 2137 quam
1069 2109 1129 2129 eam
1145 2099 1295 2128 correcturi
1311 2099 1481 2134 adjecerant,
1497 2099 1531 2126 ad
1545 2107 1640 2127 omnes
1655 2100 1761 2135 imperii

975 2146 1091 2174 Romani
1109 2144 1265 2181 provincias
1278 2145 1413 2172 miserunt
1431 2153 1438 2172 :
1457 2152 1560 2179 eosque
1577 2144 1624 2180 qui
1645 2145 1708 2172 huic
1731 2144 1763 2172 fi-

974 2193 1019 2221 dei
1042 2192 1218 2220 subscribere
1241 2190 1415 2222 renuissent,
1443 2190 1470 2217 in
1495 2190 1621 2218 exsilium
1642 2190 1762 2225 ablegari

973 2239 1116 2273 jusserunt
1130 2245 1164 2265 ex
1178 2236 1352 2272 imperatoris
1367 2235 1507 2263 mandato.
1523 2235 1552 2262 ld
1565 2235 1636 2263 enim
1652 2236 1690 2262 illi
1706 2240 1763 2263 stu-

134 2291 274 2325 ὐπήκοον·
303 2289 416 2320 καὶτὰς
443 2287 580 2323 πανταχοῦ
615 2280 780 2322 Ἐκκλησίας
803 2285 921 2321 διωγμὸς

986 2285 1104 2315 luerant,
1129 2289 1192 2309 cum
1215 2281 1406 2309 existimarent
1425 2287 1456 2307 se
1480 2280 1532 2307 hoc
1548 2283 1629 2314 pacto
1652 2286 1682 2306 ea
1703 2288 1763 2314 qua:

135 2335 193 2372 εἶχε
217 2336 358 2371 μονονουχὶ
374 2335 561 2371 παραπλήσιος
576 2335 632 2366 τοῖς
655 2333 719 2369 πρὶν
735 2333 782 2360 ἐπὶ
796 2332 849 2359 τῶν
882 2332 925 2358 ἐλ-

134 2382 268 2418 ληνιστῶν
285 2382 426 2417 βασιλέων.
443 2382 474 2408 Et
490 2381 544 2416 γὰρ
555 2382 616 2412 ταῖς
632 2381 671 2412 εἰς
685 2379 765 2414 σῶμα
778 2379 924 2414 τιμωρίαις

136 2429 320 2464 μετριώτερος
342 2427 438 2460 ἐδόκει,
457 2426 645 2461 χαλεπώτερος
671 2425 783 2456 εἰκότως
807 2426 864 2455 τοῖς
894 2422 923 2450 εὖ

134 2474 275 2510 φρονοῦσι,
295 2474 338 2500 διὰ
365 2473 413 2508 τὴν
430 2472 560 2507 αἰσχύνην
585 2471 721 2505 ἐφαίνετο.
744 2471 844 2506 Ἄμφω
858 2469 922 2506 γὰρ,

133 2521 148 2547 ὃ
168 2528 199 2546 τε
222 2519 327 2546 διώκων
348 2518 396 2544 καὶ
413 2519 427 2544 ὁ
439 2517 615 2551 διωκόμενος,
636 2518 668 2543 ὲκ
687 2517 737 2551 τῆς
760 2516 923 2551 Ἐκκλησίας

136 2566 274 2601 ὥρμηντο.
288 2565 342 2591 Καὶ
354 2563 479 2590 τοσοῦτον
497 2561 608 2598 αἰσχρὸν
623 2562 654 2589 τδ
669 2563 764 2595 κακὸν,
783 2563 844 2590 ὅσον
855 2561 923 2597 πρὸς

178 2653 185 2667 ¹
200 2651 279 2679 Socr.
293 2651 341 2678 lib.
358 2658 388 2685 ιι,
402 2659 427 2678 c.
443 2650 490 2677 45.

975 2329 1076 2357 vellent
1094 2327 1175 2355 facile
1190 2327 1360 2362 perfecturos
1380 2332 1451 2352 esse.
1466 2324 1569 2352 Verum
1590 2331 1621 2352 ea
1639 2332 1682 2351 res
1701 2333 1764 2360 g-ra-

976 2375 1150 2403 vissimarum
1176 2373 1363 2401 calamitatum
1382 2377 1464 2398 causa
1489 2370 1603 2398 exstitit.
1627 2370 1764 2405 Namper

976 2421 1136 2448 universum
1150 2419 1245 2446 orbem
1270 2418 1422 2444 Romanum
1450 2415 1584 2442 tumultus
1605 2423 1660 2442 non
1689 2416 1764 2443 dissi-

976 2467 1050 2495 milis
1071 2466 1105 2493 iis
1132 2472 1202 2501 quos
1228 2471 1311 2499 supra
1336 2462 1483 2490 retulimus
1511 2465 1624 2488 exortus
1648 2466 1709 2494 est,
1737 2466 1765 2489 et

977 2520 1073 2540 omnes
1088 2511 1191 2547 ubique
1215 2509 1353 2538 Eeclesias
1374 2507 1499 2544 quaedam
1514 2509 1592 2543 quasi
1611 2507 1763 2543 persecutio
1794 2543 1797 2546 _

977 2559 1135 2594 occupavit,
1152 2556 1308 2593 cujusmodi
1325 2555 1390 2583 olim
1407 2554 1458 2581 sub
1471 2553 1590 2582 ethnicis
1616 2555 1760 2589 imperato-

736 2724 868 2752 \‘ALE5I|
886 2722 1163 2757 ANNOTATIONES.

173 2809 229 2843 (40)
242 2805 312 2834 Ὧδε
330 2806 394 2841 γὰρ,
418 2805 523 2841 φησὶν,
543 2803 746 2832 ἐσπούδαστο.
773 2801 869 2829 Scribe
895 2810 920 2829 ιιι

986 2801 1107 2834 periculo,
1123 2797 1174 2828 ὧδε
1188 2799 1240 2835 γὰρ
1260 2799 1350 2834 σφίσιν
1365 2797 1541 2825 ἐσπούδαστο.
1559 2797 1632 2825 Nihil
1659 2797 1762 2826 certius

136 2844 190 2872 hac
204 2843 406 2871 emendatione.
