1899 3077
190 114 257 142 1139

926 113 1099 142 SOZOMENI

1758 114 1827 141 1200

189 174 265 202 ribus
283 177 407 209 grassata
422 173 521 202 fuerat.
537 173 592 201 Etsi
605 173 678 202 enim
695 173 763 206 haec,
782 173 856 208 quod
866 173 970 209 quideu

1063 175 1073 210 ζ)
1086 174 1238 210 ὁμοφύλους
1259 173 1292 201 τὰ
1307 173 1443 210 πολεμίων
1462 173 1528 210 δρᾷν
1550 173 1628 209 (40⁸),
1643 174 1689 200 καὶ
1700 173 1769 208 περὶ
1780 174 1828 200 ἀλ-

189 219 222 247 ad
239 221 383 248 cruciatus
402 221 515 254 attinet,
531 220 673 248 remissior
686 220 842 253 videbatur,
858 221 978 256 pruden-

189 268 262 294 tibus
276 270 369 294 tamen
381 267 447 295 viris
462 271 574 302 propter
599 265 741 293 infamiam
763 267 820 294 visa
836 271 884 294 est
901 274 980 294 acer-

1032 220 1162 255 λοφύλους
1175 219 1314 251 τοιούτους
1326 216 1407 252 εἶναι,
1419 219 1434 245 ὁ
1445 219 1582 254 ίερατικὸς
1602 219 1705 254 θεσμὸς
1724 218 1829 254 ἁπητά

1035 275 1141 302 ρευσεν.

187 313 258 341 bior.
273 313 390 349 Utrique
400 313 485 345 enim,
497 317 524 341 et
540 313 564 340 is
578 313 624 348 qui
639 313 867 348 persequebatur,
877 317 905 341 et
918 314 965 341 ille
979 314 1026 348 Qui
1043 313 1262 348 persecutionem
1277 312 1441 345 sustinebat,
1453 320 1487 340 ex
1506 311 1628 339 Ecclesia
1641 311 1721 346 173
1733 314 1827 338 erant.

187 361 332 396 Tantoque
358 360 467 395 turpius
495 365 556 388 erat
578 360 604 387 id
637 360 749 393 malum,
770 364 874 396 quanto
900 361 1011 396 gravius
1028 365 1070 388 est
1094 360 1226 388 adversus
1246 360 1362 388 tribules
1383 363 1410 387 et
1429 363 1573 394 cognatos,
1592 366 1622 387 ea
1648 366 1710 394 qua:
1733 359 1829 386 hostes

187 408 278 436 solent
303 411 463 443 perpetrare
483 415 489 435 :
512 414 575 434 eum
597 411 690 436 tamen
711 408 806 436 divina
825 408 867 435 lex
894 408 1040 443 prohibeat
1059 416 1094 436 ne
1119 409 1253 436 adversus
1276 411 1423 434 extraneos
1445 405 1581 440 ejusmodi
1605 404 1699 432 animo
1724 405 1827 432 simus.

475 452 551 480 CAP.
576 452 682 481 XXVII.

187 499 325 532 Quomodo
345 498 520 535 Macedonius
539 505 680 535 postquam
697 508 711 527 e
727 500 788 528 mle
809 509 859 528 sua
878 501 975 535 ejectus

219 539 270 565 est.
287 535 412 561 adversus
429 534 560 570 Spiritum
572 534 693 562 sanctum
709 536 789 570 impie
804 534 905 563 locutus
917 537 952 563 sit
966 544 975 568 ;

219 575 320 606 etwquo
343 574 420 606 pacto
447 570 644 604 Marathonius,
663 579 716 598 uua
741 579 800 598 cum
816 572 975 606 quibusdam

220 605 282 631 aliis
295 625 302 637 ,
323 605 380 639 ejus
401 605 521 632 hazresim
540 606 626 632 auxit.

219 649 331 678 Novitas
345 655 435 677 autem
450 658 513 677 cum
535 651 710 684 laudaretur,
727 652 814 687 magis
834 652 976 688 magisque

184 694 316 728 increvit,
339 698 367 722 ct
395 695 428 722 ad
454 703 499 723 res
516 696 639 731 quotidie
656 697 797 725 novandas
814 698 951 733 processit
967 707 973 725 :

183 739 313 775 fastuque
345 744 372 768 et
404 742 562 776 arrogantia
595 743 687 776 elata,
716 743 855 778 despectis
879 743 975 778 patriis

182 786 450 819 constitutionibus,
477 787 600 822 privatas
621 788 694 824 leges
719 788 893 816 constituit'.
920 788 975 816 Nec

1325 453 1450 480 ΚΕΦΑΛ.
1462 452 1525 478 KZ'.

1033 501 1082 533 Ὧς
1094 500 1169 535 μετὰ
1181 499 1213 526 τὸ
1240 498 1383 535 ἐκστῆναι
1407 497 1460 535 τοῦ
1483 498 1602 535 θρόνοι).
1637 496 1829 535 Μακεδόνιος

1063 532 1139 562 κὰτὰ
1153 535 1207 562 τοῦ
1220 535 1306 569 ἁγίου
1323 532 1543 569 ἐϐλασφήμησε
1558 533 1754 569 ,Πνεύμζιτοσ
1768 533 1827 569 *καὶ

1063 570 1107 597 ὅτι
1123 567 1314 603 Μαραθώνιος
1330 569 1391 595 σὺν
1411 568 1519 600 ἄλλοις
1535 567 1592 601 τὴν
1612 567 1733 594 ἐκείνου
1747 567 1829 601 αἵρε-

1063 614 1115 632 σιν
1132 606 1282 640 ηὔξησαν.

1070 653 1102 679 Ἠ
1118 652 1147 678 δὲ
1161 651 1284 686 κοινότης
1301 651 1357 686 (41)
1384 648 1567 684 ἐπαινουμένη
1583 648 1624 675 ἐτι
1645 647 1748 684 μᾶλλον
1775 648 1826 674 ἐπ-

1030 698 1128 730 εδίδου,
1139 698 1185 724 καὶ
1201 697 1269 734 πρὸς
1276 695 1460 732 νεωτερισμὸν
1476 692 1571 729 εἴρπεν
1584 703 1590 709 ·
1607 693 1828 726 ἀπαυθαδειαζο-

1030 745 1100 780 μένη
1128 753 1157 770 τε
1183 744 1231 771 καὶ
1251 744 1306 770 τῶν
1336 741 1479 778 πατρικῶν
1501 740 1721 777 ὑπερφρονοῦσα,
1742 739 1828 771 ἰδίους

1028 789 1111 816 ἐτίθει
1137 789 1246 824 νόμους.
1267 788 1322 815 Καὶ
1346 789 1379 814 τὰ
1392 787 1462 814 αὐτὰ
1485 788 1541 818 τοῖς
1553 785 1743 821 ἀρχαιοτέροις
1760 786 1828 820 περὶ

182 832 277 860 eadem
293 840 356 860 cum
371 834 569 861 vetustioribus
587 836 689 862 sentire
702 835 735 862 de
756 835 810 862 Deo
822 836 954 863 sustinuit

1067 834 1096 862 οὖ
1110 834 1232 868 δοξάζειν
1249 834 1300 860 οὐκ
1323 833 1408 868 ἠξίου.
1432 833 1487 859 Ἀεὶ
1516 832 1545 859 δὲ
1572 832 1636 864 ξένα
1659 831 1828 867 περινοοῦσα

182 879 230 906 sed
250 878 393 913 peregrina
416 879 442 906 in
464 879 523 906 dies
543 879 670 914 dogmata
696 881 855 916 excogitans
870 902 877 914 ,
906 890 977 909 nova

182 924 262 952 novis
284 924 459 952 accumulare
476 932 618 960 nunquam
633 926 749 954 destitit.
767 927 849 960 Quod
866 929 977 964 quidem

182 970 265 1003 etiam
295 974 361 997 tunc
386 970 496 998 accidit.
525 971 673 1006 Postquam
700 973 773 1000 enim
797 973 977 1002 Macedonius

181 1015 485 1050 Constantiuopolitana
503 1023 603 1044 exutus
618 1022 660 1045 est
678 1017 799 1046 Ecclesia
812 1038 820 1052 ,
848 1027 903 1046 non
920 1028 977 1047 am-

181 1061 254 1096 plius
273 1061 396 1089 eamdem
417 1070 480 1089 cum
502 1063 604 1091 Acacio
625 1068 652 1092 et
671 1064 797 1092 Eudoxio
819 1066 976 1100 opinionem

180 1108 278 1134 tenuit.
296 1107 417 1134 Docebat
439 1108 511 1135 enim
531 1108 631 1136 Filium
646 1111 757 1144 quidem
785 1111 870 1138 Deum
892 1120 954 1139 esse
967 1132 975 1145 ,

179 1160 228 1187 per
239 1153 330 1180 omnia
348 1153 466 1180 similem
486 1154 558 1181 l'atri
571 1175 577 1187 .
595 1155 718 1192 adeoque
736 1157 890 1184 secundum
908 1158 975 1186 sub-

179 1199 327 1232 stantiam;
342 1199 475 1234 Spiritum
490 1208 558 1228 vero
570 1206 708 1234 sanctum,
724 1202 849 1237 ejusdem
861 1203 975 1232 honoris

178 1247 206 1281 et
224 1242 368 1279 dignitatis
395 1249 536 1280 expertem
560 1253 621 1274 esse
647 1247 812 1275 asserebat:
841 1247 975 1275 famulum

178 1296 211 1316 ac
231 1289 388 1317 ministrum
409 1298 470 1318 eum
495 1291 652 1326 appellans,
675 1298 703 1320 et
727 1301 899 1329 quascunque
921 1293 975 1320 alia

177 1334 315 1370 quispiam
327 1335 360 1362 de
374 1336 480 1371 angelis
494 1337 589 1365 dicens
602 1358 609 1371 ,
626 1346 682 1366 non
697 1339 879 1367 aberraverit.
896 1339 976 1366 Eam-

179 1379 240 1407 dem
269 1387 332 1407 cum
355 1381 401 1408 illo
424 1382 583 1416 opinionem
615 1384 733 1420 amplexi
758 1390 824 1413 sunt
847 1385 974 1413 Eleusius

177 1430 206 1453 et
226 1427 388 1455 Eustathius
409 1432 436 1456 et
454 1429 551 1464 reliqui
573 1437 669 1458 omnes
699 1431 747 1466 qui
765 1439 798 1458 eo
819 1435 943 1467 tempore
959 1439 974 1459 a

178 1473 325 1500 contraria
348 1474 490 1501 sententia)
516 1476 701 1504 assertoribus
725 1475 842 1512 depositi
864 1478 974 1506 fuerant

1028 881 1162 915 δόγματα,
1179 880 1229 906 οὐκ
1252 880 1351 915 ἠρέμει
1365 878 1418 906 τῶν
1435 878 1536 905 καινῶν
1557 878 1728 914 καινοτέροις
1741 887 1828 904 σπου-

1027 927 1155 958 δάζουσα,
1168 926 1262 962 ὥσπερ
1278 925 1310 962 δὴ
1324 926 1371 952 καὶ
1385 925 1433 952 νῦν
1443 925 1552 961 συνέϐη.
1569 925 1678 960 Ἐπειδὴ
1696 924 1751 960 γὰρ
1764 925 1827 951 Μα-

1028 973 1145 1004 modi/:0;
1163 971 1288 1008 ἀφῃρέθη
1305 971 1353 1007 τὴν
1373 970 1687 1002 Κωνσταντινουπόλεως
1706 971 1827 1005 Ἐκκλη-

1029 1019 1100 1047 σίαν.
1123 1018 1214 1045 οὐκέτι
1244 1017 1444 1053 παραπλησίως
1469 1015 1577 1048 ἐδόξαζε
1606 1018 1664 1047 τοῖς
1684 1017 1759 1051 ἀμφὶ
1781 1017 1828 1043 τὸν

1037 1065 1162 1092 ’Ᾱκάκιον
1180 1065 1226 1090 καὶ
1242 1063 1377 1096 Εὑδόξιον.
1395 1064 1539 1098 Εὶσηγείτο
1563 1062 1591 1089 δέ
1608 1062 1654 1089 τὸν
1676 1063 1740 1088 Υίὺν
1759 1062 1828 1088 Θεὸν

1027 1109 1107 1141 εἶναι,
1122 1111 1193 1137 κατὰ
1210 1111 1298 1137 πάντα
1313 1119 1343 1137 τε
1360 1109 1406 1136 καὶ
1420 1110 1479 1136 κατ’
1491 1109 1585 1135 οὐσίαν
1596 1109 1689 1144 ὅμοιον
1707 1108 1746 1143 τῷ
1768 1109 1827 1134 Πα-

1026 1159 1080 1193 τρί.
1096 1158 1132 1183 Τὸ
1146 1157 1174 1184 δὲ
1189 1157 1266 1191 ἂγιον
1290 1156 1412 1191 Πνεῦμα,
1430 1157 1544 1191 ἄμοιρον
1558 1155 1612 1182 τῶν
1638 1155 1731 1181 αὐτῶν
1759 1163 1828 1190 πρε-

1029 1204 1128 1232 σϐείων
1138 1203 1314 1238 ἀπεφαίνετο,
1323 1203 1446 1230 διάκονον
1459 1203 1507 1229 καὶ
1517 1202 1655 1238 ὑπηρέτην
1665 1201 1770 1233 καλῶν,
1779 1201 1828 1228 καὶ

1025 1249 1076 1276 ὅσα
1099 1249 1164 1284 περὶ
1191 1247 1246 1274 τῶν
1273 1247 1352 1274 θείων
1384 1247 1506 1281 ἀγγέλων
1531 1247 1616 1281 λέγων
1637 1255 1692 1279 τις,
1722 1247 1775 1272 οὐκ
1792 1247 1828 1273 ἂν

1026 1296 1156 1332 ἁμάρτοι.
1182 1294 1290 1330 Ταύτης
1319 1294 1347 1320 δὲ
1379 1295 1428 1328 τῆς
1449 1293 1528 1329 δόξης
1554 1293 1717 1320 ἐκοινώνουν
1736 1293 1826 1327 αὐτῷ.

1033 1341 1168 1373 Ἐλεύσιός
1182 1349 1212 1367 τε
1229 1341 1276 1367 καὶ
1290 1340 1448 1372 Εὑστάῦιος,
1462 1339 1509 1366 καὶ
1527 1340 1584 1366 ὅσοι
1596 1340 1658 1366 τότε
1679 1339 1759 1374 παρὰ
1771 1340 1827 1365 τῶν

1026 1388 1058 1415 ὲκ
1090 1387 1139 1422 τῆς
1169 1386 1294 1418 ἐναντίας
1322 1386 1453 1420 αἱρέσεως
1479 1386 1507 1412 ἐν
1534 1384 1827 1412 Κωνσταντινουπόλει

1026 1432 1219 1469 καθῃρέθησαν
1230 1441 1236 1448 ·
1251 1429 1292 1464 οἷς
1303 1432 1353 1458 οὐκ
1366 1431 1444 1466 ὀλίγη
1461 1432 1543 1467 μοῖρα
1554 1430 1602 1457 τοῦ
1619 1431 1685 1458 λαοῦ
1699 1431 1829 1457 ἐπείθετο

1026 1477 1096 1505 κατὰ
1114 1477 1163 1513 τὴν
1177 1476 1485 1508 Κωνσταντινούπολινν
1498 1475 1624 1503 Βιϐυνίαν
1639 1485 1668 1502 τε
1690 1476 1739 1503 καὶ
1753 1475 1830 1512 Θρᾲ-

177 1517 426 1554 Constantinopoli.
444 1519 550 1553 Quibus
571 1521 644 1548 haud
667 1508 769 1558 exigua
788 1531 851 1558 pars
880 1524 970 1558 populi

1064 1532 1079 1551 ν
1094 1508 1149 1551 καὶ.
1163 1523 1370 1559 Ἑλλήσποντον,
1388 1523 1435 1549 καὶ
1450 1522 1485 1549 τὰ
1502 1522 1582 1557 πέριξ
1601 1521 1677 1557 ἔθνη.
1693 1522 1752 1548 Καὶ

179 1562 313 1596 adhaesit,
329 1568 384 1590 tam
400 1565 642 1601 Constantinopoli
661 1575 742 1602 quam
756 1576 804 1603 per
816 1568 971 1602 Thraciam,

178 1609 334 1648 Bithyniam
349 1631 356 1642 ,
374 1616 400 1638 et
418 1611 624 1646 Hellespontum
635 1633 643 1646 ,
659 1612 845 1649 ﬁnitimasque
860 1615 974 1649 provin-

177 1656 246 1683 cias.
273 1654 339 1682 Nam
354 1656 464 1683 vivendi
482 1658 553 1684 ratio
564 1679 571 1691 ,
586 1666 668 1692 quam
683 1659 780 1694 vulgus
798 1660 972 1695 potissimum

178 1706 302 1737 spectare
317 1703 397 1735 solet,
416 1703 626 1740 haudquaquam
642 1705 670 1733 in
686 1706 740 1734 illis
754 1707 890 1742 culpanda
901 1713 972 1736 erat.

178 1747 284 1775 Etenim
305 1748 430 1777 incessus
447 1750 556 1784 quidem
587 1759 682 1779 eorum
707 1752 809 1787 gravis,
827 1753 973 1789 disciplina

178 1801 244 1821 vero
271 1795 428 1823 monasticae
452 1795 552 1824 similis
572 1795 633 1824 fuit.
659 1798 699 1825 Ad
724 1799 782 1826 bare
804 1807 896 1827 sermo
916 1809 972 1829 non

179 1840 360 1875 invenustus,
376 1847 402 1868 el
421 1842 559 1877 ingentium
576 1843 609 1870 ad
626 1845 847 1878 persuadendum
862 1854 972 1875 accom.

176 1886 328 1917 modatum.
345 1887 505 1925 Cujnsmodi
522 1893 585 1916 tunc
603 1881 689 1917 fuisse
705 1890 809 1917 dicitur
829 1891 971 1920 Maratho-

177 1933 257 1959 nius:
276 1933 322 1967 qui
344 1940 376 1960 ex
396 1933 547 1962 rationario
566 1935 676 1969 publico
695 1936 776 1964 ollicii
801 1937 972 1972 praefectura:

175 1979 357 2013 praetoriana.
373 1986 436 2006 eum
453 1986 520 2012 opes
538 1981 673 2007 maximas
693 1981 745 2008 sibi
762 1988 970 2017 comparasset,

175 2023 252 2051 ﬁnita
279 2025 393 2056 militia,
417 2032 554 2060 aegrorum
578 2034 610 2053 ac
632 2035 781 2062 pauperum
807 2029 858 2056 sub
875 2030 970 2057 eodem

176 2074 249 2097 tecto
266 2069 424 2105 degentium
443 2079 537 2098 curam
559 2073 652 2107 gessit.
675 2073 774 2101 Postea
790 2082 865 2108 vero,
884 2083 970 2103 suasu

176 2115 313 2142 Eustatliii
329 2116 461 2144 Sebastia:
478 2118 611 2152 cpisc0pi.
631 2120 812 2147 monasticam
826 2122 970 2157 amplexus

176 2165 218 2189 est
242 2162 325 2188 vitam
353 2171 360 2189 :

176 2207 436 2242 Cotislantinopoli,
458 2208 530 2241 quod
550 2209 583 2236 ad
602 2216 725 2238 nostram
749 2220 836 2247 usque
858 2218 966 2241 mtatem

177 2254 308 2281 continua
342 2253 518 2281 successione
547 2258 743 2289 perseveravit.
777 2258 853 2286 llanc
885 2267 968 2295 porro

216 2340 224 2355 ¹
251 2339 331 2366 Socr.
343 2339 391 2366 ili).
412 2347 480 2371 ii,c.
497 2340 541 2367 45.

1024 1569 1055 1604 δὴ
1068 1570 1115 1596 καὶ
1131 1569 1165 1596 τὰ
1178 1569 1241 1604 περὶ
1254 1568 1300 1594 τὸν
1314 1567 1381 1602 βίον,
1401 1564 1424 1601 ᾧ
1442 1567 1561 1603 μάλιστα
1571 1567 1615 1594 ,τὰ
1636 1566 1726 1602 πλήθη
1742 1575 1830 1602 προσ-

1025 1614 1080 1649 έχει
1097 1615 1143 1640 τὸν
1154 1614 1227 1644 νοῦν,
1248 1614 1277 1640 οὺ
1299 1611 1407 1647 φαύλως
1435 1611 1516 1647 εἶχον.
1543 1612 1658 1647 Πρόοδός
1675 1621 1705 1639 τε
1718 1611 1775 1647 γὰρ
1790 1610 1826 1647 ἦν

1024 1661 1116 1691 αὐτοῖς
1134 1661 1235 1695 σεμνή·
1253 1659 1300 1686 καὶ
1316 1659 1494 1693 παραπλησία
1515 1659 1642 1694 μοναχοῖς
1665 1659 1682 1693 ἡ
1705 1659 1825 1692 ἁγωγή⁸

1024 1706 1071 1732 καὶ
1097 1705 1176 1740 λόγος
1195 1705 1244 1732 οὐκ
1277 1705 1410 1740 ἄκομψος,
1427 1704 1474 1730 καὶ
1502 1701 1568 1739 ἦθος
1587 1703 1691 1730 πείθειν
1716 1703 1822 1730 ἱκανόν.

1024 1750 1086 1779 υἷον
1095 1753 1127 1789 δὴ
1142 1753 1200 1779 τότε
1211 1753 1257 1779 καὶ
1270 1752 1450 1788 Μαραθώνιον
1465 1751 1593 1786 γενέσθαι
1608 1751 1691 1785 φασίν
1700 1759 1706 1765 ”
1724 1751 1754 1781 ὃς
1766 1750 1825 1776 ἀπὸ

1023 1799 1160 1835 ψηφιστοῦ
1174 1799 1303 1834 δημοσίου
1315 1799 1370 1833 (42)
1381 1798 1436 1824 τῶν
1447 1798 1499 1824 ὑπὸ
1509 1798 1572 1828 τοὺς
1584 1797 1724 1832 ὑπάρχους
1741 1805 1825 1833 στρα-

1023 1844 1139 1877 τιωτῶν,
1155 1844 1270 1871 πλοῦτον
1297 1844 1380 1871 πολὺν
1404 1843 1543 1876 συλλέξας,
1563 1843 1656 1878 ἐπειδὴ
1674 1842 1724 1877 τῆς
1737 1851 1825 1878 στρα-

1022 1892 1083 1922 τιᾶς
1113 1890 1262 1923 ἐπαύσατο,
1287 1890 1424 1921 συνοικίας
1452 1891 1602 1916 νοσούντων
1631 1890 1679 1916 καὶ
1699 1889 1824 1924 πτωχῶν

1023 1937 1204 1973 ἐπεμελεῖτο·
1235 1937 1304 1972 μετὰ
1328 1937 1356 1962 δὲ
1377 1935 1474 1966 ταῦτα.
1500 1936 1644 1967 πείσαντος
1666 1935 1822 1962 Εὐσταοίου

1022 1982 1070 2009 τοῦ
1083 1983 1247 2014 Σεϐαστείας
1268 1983 1430 2013 ἐπισκόπου,
1457 1982 1502 2008 τὸν
1522 1982 1670 2018 ἀσκητικὸν
1684 1982 1742 2016 βίον
1772 1982 1822 2008 ἐπ-

1023 2030 1114 2065 ῄνεσε,
1135 2030 1181 2056 καὶ
1197 2029 1336 2056 συνοικίαν
1353 2027 1479 2063 μοναχῶν
1491 2028 1520 2055 ἐν
1531 2027 1822 2055 Κωνσταντινουπόλει

1023 2075 1214 2109 συνεστήσατο,
1245 2075 1262 2110 ἢ
1281 2074 1328 2101 καὶ
1347 2073 1377 2105 ἐξ
1403 2073 1506 2100 ἐκείνου
1528 2073 1613 2100 εἰσέτι
1628 2073 1676 2100 νῦν
1688 2073 1748 2099 ἐστι
1761 2075 1823 2104 ταῖς

1022 2121 1158 2156 διαδοχαῖς
1175 2120 1326 2156 σωζομένη.
1353 2120 1415 2146 Ἐπὶ
1443 2119 1569 2146 τοσοῦτον
1584 2119 1612 2146 δὲ
1625 2119 1712 2154 ταύτῃ
1728 2119 1762 2154 τῇ
1778 2119 1822 2145 αἱ-

387 2167 415 2189 et
439 2162 595 2190 sodalitium
622 2166 821 2193 monachorum
849 2166 968 2194 instituit

1063 2177 1097 2194 ῑει
1113 2168 1215 2203 σπουδῇ
1225 2167 1272 2194 καὶ
1283 2167 1421 2202 χρήμασιν
1435 2165 1510 2198 ίδὶοις
1527 2165 1701 2197 συνελάὸετο,
1715 2165 1754 2197 ὠς
1774 2165 1822 2192 καὶ

1023 2215 1090 2250 πρός
1109 2223 1190 2240 τινων
1205 2212 1435 2249 Μαραθωνιανοὺς
1451 2212 1514 2244 τοὺς
1530 2212 1700 2239 Μακεδονίου
1720 2212 1822 2247 ὀνομὰο

1023 2259 1126 2292 ζεσθαι,
1154 2261 1216 2295 ἐμοὶ
1240 2260 1322 2292 δοκεῖ,
1349 2260 1400 2286 οὑκ
1422 2259 1584 2291 ἀπεικότως.
1617 2259 1748 2286 Φαίνεται
1766 2259 1822 2294 γὰρ

789 2388 922 2416 \'.\LESIl
941 2389 1220 2420 ANNOTATIONES.

211 2444 284 2482 (μη
296 2445 392 2482 Ὅσον
416 2445 491 2482 πρὸς
515 2445 555 2478 τῷ
573 2446 746 2482 ὁμοφύλους
768 2445 803 2472 τὰ
818 2447 970 2482 πολεμίων

175 2479 261 2514 δρᾷν.
276 2480 304 2507 ln
319 2481 413 2517 codice
436 2479 589 2517 Fuketiano
605 2481 801 2517 scriptuui_est
822 2479 969 2517 ὅσον’τιρῦς

176 2513 207 2542 τὶ
230 2516 380 2550 ὁμοφύλους
396 2516 430 2542 τὰ
450 2516 586 2551 πολεμίων
602 2513 687 2551 δρᾷν;
715 2513 826 2551 οι⁸ροει
851 2513 965 2544 verbum

175 2551 242 2586 δρᾷν
258 2551 381 2586 apposita
407 2556 449 2580 cst
474 2552 562 2579 media
583 2551 738 2577 distinctio.
768 2551 964 2579 Subandienda

177 2591 351 2622 mitellisunt
366 2587 422 2622 lucc
439 2587 532 2618 verba,
558 2585 658 2622 μᾶλλον
677 2587 762 2614 δεινόν
774 2587 876 2622 ἐστινὴ
896 2588 964 2622 πρὸς

174 2621 347 2654 ἀλλοφύλους.
371 2621 485 2657 Vulgata
514 2621 707 2657 tamcnlectio
724 2621 788 2649 ferri
806 2621 897 2657 potest
914 2621 967 2650 hoc

175 2664 258 2692 sensu
275 2665 281 2682 :
296 2657 329 2683 Et
339 2661 412 2684 tanto
424 2657 526 2692 turpius
540 2660 596 2684 erat
609 2656 658 2684 hoc
671 2657 781 2690 malum,
793 2656 893 2692 quanto
915 2666 966 2684 non

175 2665 258 2683 sensu
275 2665 281 2682 :
296 2665 329 2683 ut
339 2665 412 2684 (amo
424 2665 467 2683 tur
485 2665 526 2684 ma
540 2665 596 2684 erat
609 2665 658 2684 aoc
671 2665 781 2690 uratum,
793 2665 893 2692 quanto
915 2666 964 2684 non

174 2691 258 2718 solum
266 2700 328 2728 erga
339 2692 447 2719 tribules
460 2665 551 2720 [astili
567 2700 637 2718 more
645 2693 775 2727 grassari,
785 2700 871 2720 verum
885 2693 964 2720 etiam

173 2734 235 2760 erga
247 2727 387 2755 extraneos
410 2728 584 2755 sacerdotalis
603 2727 645 2754 (ea:
659 2727 787 2760 prohibet.
805 2728 964 2755 Sacerdoti-

173 2761 225 2823 μηδ
248 2765 318 2791 enim
347 2771 381 2791 ne
406 2763 539 2792 adversus
561 2764 667 2790 hostem
691 2763 802 2797 quidem
820 2763 906 2790 armis
925 2764 964 2790 uti

185 2802 250 2823 lcet.

169 2802 250 2824 ‘tlcet.
724 2823 725 2826 η

208 2833 265 2867 (Η)
296 2833 332 2860 ἰι
345 2833 378 2860 δὲ
402 2834 553 2868 κοινότης.
585 2834 766 2862 Scriliendum
795 2838 837 2862 est
865 2834 962 2869 procul

1023 2449 1118 2486 dubio_
1135 2451 1272 2486 καινρτης,
1300 2455 1329 2478 ut
1356 2451 1627 2486 Cliristophorsonus
1649 2457 1677 2480 et
1691 2453 1819 2482 Savilius

1022 2484 1181 2521 emendant.
1198 2484 1284 2513 Paulo
1300 2493 1361 2521 post
1377 2496 1408 2514 ex
1425 2484 1521 2516 codice
1547 2487 1700 2515 Fulietiano
1722 2497 1819 2517 cmen-

1021 2520 1082 2558 davi
1088 2519 1180 2558 Lupi»;
1191 2519 1374 2558 νεῳτερίσμὸν
1389 2520 1493 2558 εἷρπεν.

1056 2554 1111 2590 (42)
1130 2556 1182 2592 Ὃς
1212 2554 1449 2591 ἀπόψὴφιστὸῠ
1472 2558 1632 2592 δημοσίου.
1660 2558 1688 2585 Itl
1706 2564 1762 2590 est,
1785 2567 1816 2587 ex

1020 2591 1179 2628 numerario
1194 2592 1482 2628 ollieiipraefectorum
1501 2591 1639 2628 pI-zetorio.
1656 2593 1694 2620 De
1706 2594 1752 2622 liis
1764 2603 1816 2621 nu-

1021 2626 1260 2662 merariisnientio
1273 2627 1302 2654 ﬁt
1318 2628 1345 2655 in
1361 2628 1461 2657 Codice
1470 2626 1632 2662 Theodosii,
1648 2633 1676 2656 ct
1693 2630 1721 2656 in
1738 2629 1816 2656 Noti-

1020 2661 1058 2687 tia
1087 2661 1194 2695 imperii
1209 2661 1336 2690 Romani.
1366 2663 1448 2690 Multa
1465 2664 1499 2691 (lc
1517 2665 1560 2692 his
1577 2665 1642 2691 olim
1668 2665 1763 2692 notavi
1781 2665 1813 2691 ad

1020 2695 1125 2734 librum-
1139 2704 1172 2734 xv
1185 2697 1322 2734 Ammiani
1343 2698 1508 2730 Marcellini,
1524 2707 1587 2734 pag.
1603 2700 1649 2726 85.
1667 2698 1695 2726 In
1709 2699 1814 2726 Notitia

1019 2731 1136 2770 imperii
1155 2730 1269 2770 Romani
1286 2734 1359 2761 inter
1385 2730 1653 2769 olliciales'prazfecti
1681 2735 1816 2770 praetorio

1018 2773 1075 2802 per
1091 2766 1231 2795 Orientem
1246 2767 1300 2794 duo
1321 2774 1503 2797 recensentur
1528 2766 1690 2798 numerarii:
1712 2770 1742 2798 In
1757 2770 1812 2802 bis.

1019 2801 1077 2829 auri
1093 2809 1183 2835 unus;
1205 2809 1350 2838 operarum
1369 2804 1447 2832 alter.
