1899 3077
98 204 161 234 5‘20!

570 205 733 235 HISTORIA
750 206 1030 236 ECCLESIASTICA.
1051 223 1084 229 —-
1101 208 1165 237 LIB.
1182 209 1223 236 IV.

1647 209 1715 239 12οΞ

97 264 174 299 μόνος
193 260 269 296 οὗτος
299 264 367 299 μετὰ
386 264 440 292 τῶν
455 265 594 297 συνοίκων,
617 265 662 292 τοῦ
677 266 714 302 μὴ
738 265 873 297 παντελῶς

937 267 1058 294 haeresim
1098 271 1157 295 tum
1178 267 1288 300 studio,
1305 271 1362 295 tum
1380 267 1476 304 opibus
1499 267 1557 296 suis
1573 271 1716 304 tantopere

94 309 245 344 ἀποσϐῆναι
259 309 362 345 ταύτην
375 309 424 345 τὴν
435 310 538 344 αἰρεσιν
553 311 581 337 ἐν
596 310 878 337 Κωνσταντινουπόλει

93 355 177 387 αἴτιος
187 355 341 390 γενόμενος.
360 356 418 390 Ἀφ’
432 353 463 382 οἵ)
480 357 533 392 γὰρ
548 356 686 392 καθῃρέθη
703 356 878 387 Μακεδόνιος,

92 400 153 427 οὕτε
177 401 351 436 Ἑκκλησίας,
375 401 436 428 οὗτε
456 403 619 434 ἐπισκόπους
637 401 693 437 (45)
708 398 780 436 εἶχον
798 401 878 436 μέχρι

92 447 140 481 τῆς
161 447 298 483 Ἀρκαδίου
325 447 472 482 βασιλείας.
502 448 538 474 Οὐ
568 448 622 483 γὰρ
657 447 827 482 συνεχώρουν
852 447 877 472 οἱ

97 493 212 528 Ἀρείου,
245 493 348 525 πάντας
374 495 436 525 τοὺς
450 495 579 526 ἐναντίως
599 492 757 526 δοξάζοντας
772 493 804 519 ὲκ
823 492 877 519 τῶν

97 537 263 574 Ἐκκλησιῶν
279 539 474 573 ἐξελαύνοντες,
491 541 537 567 καὶ
555 539 647 570 δεινῶς
665 537 874 574 τιμωρούμενοι.

91 583 196 616 Πάντας
212 585 261 619 μὲν
277 583 323 612 οὖν
348 585 405 612 ὅσοι
423 585 483 612 τότε
505 585 559 612 τῶν
577 585 672 620 ἱερέων
689 585 721 610 ἐκ
734 584 787 610 τῶν
805 583 877 610 ῐδὶων

90 629 194 656 πόλεων
207 631 355 665 ἠλάθησαν,
371 631 450 667 ἔργον
461 631 514 666 ἄρα
538 631 707 665 καταλέγειν.
729 630 810 656 Οὐδὲν
821 629 876 664 γὰρ

89 674 164 706 ἔθνος
189 676 238 711 τῆς
274 676 416 711 Ῥωμαίων
437 676 610 712 οἰκουμένης,
636 675 781 711 ἀπείρατον
798 671 876 709 οἶμαι

88 721 222 755 διαμεῖναι
238 722 288 757 τῆς
302 723 429 758 τοιαύτης
441 724 592 758 συμφορᾶς.

929 312 1050 346 adjuvit,
1068 315 1098 339 ut
1113 316 1263 341 sectatores
1276 312 1427 341 Macedonii
1442 321 1458 340 a
1475 314 1639 348 quibusdam
1657 306 1714 341 IIIa-

927 357 1084 384 rathoniani
1100 357 1290 393 appellentur;
1304 367 1356 387 nec
1370 359 1506 387 immerito
1517 379 1525 392 ,
1540 364 1569 387 ut
1585 360 1713 395 equidem

928 409 1038 430 censeo.
1060 402 1111 430 Hic
1127 403 1198 431 enim
1224 404 1300 434 solus
1324 412 1378 432 una
1401 413 1463 432 cum
1492 405 1631 433 sodalibus
1656 406 1714 434 suis

928 447 1077 482 perfecisse
1089 447 1196 476 videtur
1217 456 1252 476 ne
1274 450 1332 477 haec
1345 450 1458 478 haeresis
1478 450 1558 486 174Ι
1578 450 1714 478 Constan-

927 493 1042 528 tinopoli
1069 494 1177 529 penitus
1205 495 1437 530 exstingueretur.
1464 495 1570 523 Etenim
1598 503 1631 523 ex
1659 504 1713 531 quo

928 539 1067 574 depositus
1092 540 1180 567 fuerat
1197 540 1372 570 Macedonius
1384 562 1391 575 ,
1412 550 1462 570 nec
1480 542 1618 570 Ecclesias
1632 542 1712 570 deiu-

927 592 1006 620 ceps',
1021 593 1071 614 nec
1085 587 1229 622 episcopos
1252 587 1321 615 ullos
1349 588 1504 616 habuerunt
1523 588 1712 616 Macedoniam

926 638 1014 665 usque
1030 631 1063 658 ad
1086 632 1271 666 principatum
1295 632 1413 660 Arcadii.
1439 633 1545 667 Quippe
1567 632 1659 660 Ariani
1682 631 1710 659 id

926 683 1100 711 nequaquam
1117 677 1262 709 sinebant,
1279 684 1294 704 a
1309 677 1409 712 quibus
1426 685 1521 705 omnes
1536 679 1582 713 qui
1600 682 1711 706 contra-

924 720 965 747 ria
981 721 1048 755 ipsis
1065 721 1210 754 sentirent,
1221 721 1438 749 extrudebantur
1456 721 1596 755 Ecelesiis,
1609 726 1636 749 et
1648 729 1711 758 gra-

87 767 168 794 vibus
191 768 335 802 suppliciis
359 768 558 796 aﬁiciehantur.
591 767 760 804 Ac:diﬁicile
797 764 906 800 quidem
925 765 1008 793 fuerit
1029 774 1123 795 omnes
1148 766 1294 801 episcopos
1309 766 1355 802 qui
1369 771 1436 794 tunc
1452 768 1581 802 temporis
1599 768 1710 795 sedibus

87 814 146 841 suis
161 815 268 849 expulsi
286 819 349 842 sunt
365 816 526 851 singillatim
542 824 695 845 recensere.
713 815 790 844 Nulla
800 815 872 842 enim
892 814 1034 849 provincia
1056 815 1164 850 imperii
1184 813 1318 847 Romani,
1344 819 1373 842 ut
1403 814 1531 850 equidem
1561 815 1689 842 existimo
1702 835 1710 847 ,

88 860 170 895 hujus
186 861 351 890 calamitatis
367 870 465 898 expers
481 862 542 890 fuit.

366 910 493 938 ΚΕΦΑΛ.
521 911 589 938 ΚΗ’.

87 953 195 992 Ὀζιὲοἱ
216 955 358 992 Ἀρειανοὶ
376 957 416 989 ὡς
442 958 594 992 ὁμόφρονα
618 957 801 992 λογιζόμενοι
821 957 874 984 τὸν

119 990 202 1016 θεῖον
215 990 379 1027 Μελέτιον,
399 993 433 1018 ἐκ
454 990 618 1026 Σεϐάστίας
634 990 677 1025 εὶς-
695 990 874 1027 Ἀντιόχειαν

118 1027 334 1062 προεϐίίῗασανσ
350 1026 384 1052 τὸ
404 1027 438 1053 δὲ
453 1027 614 1061 ὀρθόδοξον
628 1028 746 1055 ἐκείνου
761 1026 873 1062 πάρῤη-

119 1061 174 1097 σία
189 1061 432 1095 ὁμολογήσαντος
454 1063 720 1097 κατῃσχύνθησαν,
736 1063 784 1089 καὶ
801 1061 872 1090 καθ-

118 1096 243 1133 ε.]όντες
255 1097 357 1133 adadv,
365 1097 495 1133 Εἰιζώϊον
509 1096 706 1133 ἐγκὶιθιστῶσι
719 1097 757 1130 τῷ
768 1099 870 1132 θρόνῳ.

118 1132 264 1168 Helenae
291 1131 407 1168 ὃὲᾷιδίᾳ
423 1131 619 1165 smine/afer
629 1142 636 1148 -
653 1135 680 1160 οι
693 1133 747 1168 γὰρ
760 1133 791 1159 τὸ
804 1135 872 1166 ὁμο-

118 1166 225 1202 οὑσιον
233 1166 424 1202 φρονοῦντες,
440 1168 532 1194 αὑτὸν
546 1166 749 1202 ἐξετρέποντο,
761 1169 800 1201 ὼς
811 1168 871 1195 ὑπὸ

125 1201 284 1234 ’Λρειανῶν
300 1202 555 1236 χειροτονηθέντα.

127 1246 172 1272 Ἐν
188 1246 215 1272 δὲ
230 1246 268 1281 τῷ
292 1246 353 1273 τότε
378 1247 505 1279 Εὑδοξίου
535 1249 716 1284 κατασχόντος
737 1249 785 1284 τὴν
799 1249 872 1276 Κων-

85 1293 331 1324 σταντινουπάλεως
354 1292 527 1328 Ἐκκλησίαν,
551 1294 644 1321 πολλοὶ
665 1295 710 1321 τὸν
731 1296 760 1321 ὲν
777 1295 872 1321 Ἀντιο-

83 1337 145 1372 χείᾳ
169 1337 263 1373 Ορόνον
288 1340 440 1372 περιποιεῖν
456 1340 561 1371 ἑαυτοῖς
579 1339 752 1371 ἐσπούδαζον,
772 1339 819 1365 καὶ
835 1339 871 1370 ὡς

83 1383 157 1414 είκδς
185 1383 230 1409 ἐπὶ
249 1384 392 1419 πράγμασι
407 1384 549 1417 τοιούτοις,
566 1385 727 1419 φιλονεικίαι
743 1386 789 1411 καὶ
806 1385 871 1412 στά-

83 1436 140 1459 σεις
167 1428 289 1464 διάῳοροι
307 1429 354 1455 τοῦ
371 1429 471 1465 κλήρου
485 1430 532 1456 καὶ
550 1430 597 1457 τοῦ
620 1430 685 1457 λαοῦ
708 1430 870 1466 συνέϐησαν.

83 1472 215 1500 Ἕκαστοι
238 1474 292 1510 γὰρ
309 1474 354 1501 τὸν
383 1476 520 1511 ὁμόφρονα
547 1476 610 1511 περὶ
629 1477 678 1511 τὴν
700 1476 766 1503 ίδίαν
780 1476 871 1504 πίστιν

83 1520 318 1556 προσδοκώμενον,
348 1521 462 1557 ᾑροῦντο
487 1522 536 1557 τῆς
572 1522 733 1557 Ἐκκλησίας
766 1523 869 1558 ἄρχειν.

1210 916 1287 945 CAP.
1305 915 1424 944 XXVIII.

925 964 1063 1001 Quomodo
1090 963 1191 1001 xii-iani
1208 963 1330 1001 divimtm‘
1351 960 1630 1001 Heluium-opinioni
1644 967 1710 1001 Istue

960 1000 1045 1034 favere
1067 999 1210 1030 arbitrati,
1240 1007 1257 1025 α
1286 997 1432 1035 Sgbastenc
1449 994 1710 1035 sedentium/tiam

959 1029 1152 1062 transtulerunt
1168 1042 1177 1060 :
1190 1041 1299 1070 cumque
1309 1032 1524 1070 ille_ca_th()_licam
1541 1030 1619 1070 [ἱάεηι
1632 1029 1712 1070 libere

958 1071 1092 1104 professus
1104 1064 1293 1104 essettpudorre
1308 1067 1414 1102 stt/fusi,
1431 1064 1562 1104 Euzoittin
1579 1065 1637 1100 ejus
1652 1064 1710 1091 loco

959 1102 1161 1134 constituerunt.
1179 1103 1300 1130 Meletius
1321 1110 1381 1130 vero
1404 1102 1548 1133 separatim
1569 1104 1710 1127 conventus

962 1141 1154 1170 ecclesiasticos
1167 1139 1276 1170 habuit,
1288 1145 1347 1164 cum
1359 1136 1532 1164 Homousiam‘
1547 1135 1623 1162 illum
1640 1142 1712 1162 aver-

959 1181 1081 1206 sarentur
1090 1195 1099 1210 ,
1113 1178 1203 1209 utpote
1219 1173 1251 1200 ab
1264 1172 1372 1200 Arianis
1386 1172 1549 1199 ordinatum.

957 1254 1009 1282 Per
1025 1253 1097 1281 idem
1115 1256 1223 1286 tempus
1238 1258 1300 1279 cum
1319 1249 1461 1277 Eudoxins
1478 1247 1708 1281 Constantinopo-

922 1300 1033 1328 litanam
1061 1298 1212 1326 Ecclesiam
1233 1297 1385 1329 obtineret,
1411 1295 1490 1323 multi
1501 1293 1710 1321 ‘Antiochenam

922 1346 1013 1374 sedem
1028 1345 1131 1372 ambire
1146 1343 1318 1378 cmperunt‘,
1336 1345 1420 1377 utque
1440 1341 1469 1368 in
1481 1339 1618 1375 ejusmodi
1628 1338 1710 1366 rebus

921 1392 1033 1420 evenire
1047 1391 1133 1423 solet,
1157 1389 1240 1416 variae
1263 1387 1331 1415 cieri
1352 1394 1384 1415 ac
1404 1386 1498 1422 populi
1519 1384 1712 1413 contentiones

921 1445 954 1465 ac
969 1436 1118 1465 seditiones
1135 1435 1199 1463 inde
1211 1434 1384 1466 exstiterunt.
1396 1431 1464 1459 Eum
1475 1431 1548 1459 enim
1562 1430 1712 1464 unusquis-

921 1490 974 1518 que
993 1482 1027 1509 ad
1044 1479 1189 1515 regendam
1212 1478 1363 1506 Ecclesiam
1376 1476 1515 1511 deligebat
1527 1496 1536 1509 ,
1553 1482 1633 1510 quem
1650 1482 1714 1509 spe-

921 1529 1001 1557 rabat
1022 1535 1116 1556 secum
1137 1527 1166 1554 in
1192 1525 1245 1553 ﬁde
1270 1530 1471 1553 consensurum
1506 1529 1578 1551 esse.
1607 1520 1713 1555 Quippe

84 1564 170 1592 Οῠπω
185 1566 239 1602 γὰρ
250 1568 420 1603 πεπαυμένοι
432 1566 502 1603 ἦσαν
527 1568 578 1603 τῆς
599 1569 664 1604 περὶ
672 1567 703 1594 τὸ
715 1568 803 1604 δόγμα
814 1568 870 1595 δια-

937 1575 1109 1604 lissensiones
1122 1573 1156 1601 de
1169 1572 1297 1600 doctrina
1318 1570 1378 1598 ﬁdei
1401 1569 1523 1598 nondum
1545 1568 1617 1596 inter
1637 1567 1725 1606 ipsos

82 1612 179 1647 φορᾶς,
199 1612 259 1639 οὐδὲ
283 1614 311 1640 ὲν
325 1615 384 1646 ταῖς
407 1614 577 1650 ψαλμῳδίαις
594 1614 772 1650 συνεφρόνουν
790 1614 871 1649 ἀλλή-

80 1656 136 1689 λοις
149 1666 157 1673 ·
179 1659 247 1693 πρὸς
257 1659 285 1685 δὲ
300 1659 349 1695 τὴν
365 1661 468 1688 οἰκείαν
483 1661 570 1694 δόξαν,
592 1661 630 1693 ὡς
646 1661 675 1687 ἐν
687 1663 743 1693 τοῖς
754 1660 872 1696 πρόσθεν

81 1703 200 1739 εἴρηται,
232 1705 403 1741 μεθήρμοζον
424 1707 454 1733 τὺ
477 1707 654 1743 ψαλλόμενον.
676 1706 754 1733 Οὖτω
767 1707 871 1734 διακει-

83 1750 167 1785 μένης
196 1751 246 1786 τῆς
272 1752 427 1788 Ἀντιοχέων
454 1754 627 1790 Ἐκκλησιας,
648 1754 721 1787 ἔδοξε
734 1755 790 1785 τοῖς
801 1754 871 1789 ἀμφὶ

82 1797 126 1823 τὸν
143 1797 277 1831 Εὺδόξιον,
297 1798 387 1830 καλῶς
404 1799 474 1834 ἔχειν
492 1801 660 1835 μεταστῆσαι
677 1800 771 1827 ἐνθάδε
785 1800 871 1828 Μελέ-

81 1851 138 1869 τιον
154 1844 187 1869 ὲκ
202 1843 250 1879 τῆς
265 1845 438 1878 Σεδαστείας,
452 1843 497 1872 οἷά
511 1855 543 1880 γε
555 1846 646 1880 λέγειν
658 1856 688 1873 τε
707 1847 754 1873 καὶ
768 1846 871 1873 πείθειν

83 1889 188 1922 ἱκανὸν,
199 1890 245 1916 καὶ
260 1890 294 1917 τὰ
307 1892 371 1927 περὶ
398 1891 443 1918 τὸν
469 1892 525 1926 βίον
547 1892 659 1926 ἀγαθὸν,
682 1893 729 1919 καὶ
745 1892 870 1928 ὁμόδοξον

82 1934 175 1967 αὐτοῖς
188 1936 218 1962 τὸ
234 1936 297 1971 πρὶν
312 1937 385 1964 ὄντα.
399 1937 478 1963 Κατὰ
493 1937 582 1964 πάντα
593 1937 647 1972 γὰρ
656 1936 750 1972 ᾤοντο,
769 1939 802 1972 τῇ
827 1937 871 1964 δο-

82 1980 164 2015 κήσει
188 1981 234 2007 τοῦ
260 1982 355 2018 ἀνδρὸς
382 1982 450 2018 πρὸς
477 1983 580 2009 οἰκείαν
608 1982 712 2018 αἵρεσιν
741 1982 870 2018 θηράσειν

80 2026 144 2058 τοὺς
164 2027 329 2062 Ἀντιοχείας
353 2028 508 2063 οἰκήτορας,
524 2029 633 2060 καὶτὰς
659 2028 737 2063 πέριξ
756 2029 846 2060 πόλεις
862 2037 869 2044 ·

82 2073 130 2098 καὶ
147 2072 266 2108 μάλιστα
279 2074 341 2105 τοὺς
355 2074 537 2109 καλουμένους
549 2075 747 2106 Εὑσταθιανοὺς
757 2075 791 2108 ,οἳ
802 2075 871 2101 κατὰ

923 1623 1116 1652 cessaverant,
1150 1625 1201 1645 nec
1223 1617 1251 1644 in
1272 1615 1414 1652 psallendo
1430 1615 1502 1643 inter
1517 1622 1546 1642 se
1560 1611 1712 1641 concorda-

922 1667 999 1699 bant,
1025 1664 1084 1697 sed,
1102 1667 1134 1692 ut
1145 1670 1229 1698 supra
1246 1662 1350 1690 dictum
1362 1664 1416 1694 est,
1428 1660 1526 1696 singuli
1542 1659 1663 1694 psalmos
1677 1658 1712 1685 ad

922 1719 1001 1740 suam
1016 1714 1118 1738 sectam
1140 1717 1172 1736 ac
1186 1708 1349 1736 sententiam
1374 1706 1627 1734 accommodabant.
1642 1704 1710 1732 Cum

921 1757 1007 1792 igitur
1028 1755 1222 1783 Antiochensis
1249 1753 1373 1782 Ecclesia
1394 1753 1423 1780 in
1445 1752 1497 1779 hoc
1524 1755 1597 1780 statu
1620 1754 1710 1782 esset,

921 1801 1074 1829 Eudoxiani
1089 1800 1264 1828 commodum
1279 1799 1337 1826 l'ore
1358 1798 1519 1833 judicarunt
1543 1802 1572 1824 ut
1587 1796 1712 1823 Meletius

923 1846 1047 1875 Sehastia
1065 1846 1130 1873 illuc
1146 1844 1361 1876 transferretur,
1386 1843 1488 1878 quippe
1505 1842 1551 1876 qui
1572 1841 1607 1868 ad
1620 1841 1712 1868 dicen-

921 1891 986 1919 dum
1003 1895 1030 1919 et
1043 1891 1077 1918 ad
1092 1889 1313 1925 persuadendum
1329 1888 1446 1915 idoneus
1462 1890 1537 1915 esset
1549 1886 1577 1913 in
1593 1886 1690 1920 primis
1703 1905 1711 1916 ,

921 1942 949 1966 et
961 1938 997 1965 ob
1011 1937 1073 1965 vitae
1093 1935 1279 1970 integritatem
1301 1934 1435 1969 probatus
1446 1952 1454 1965 ,
1468 1936 1495 1959 et
1509 1931 1632 1966 ejusdem
1649 1937 1712 1957 cum

922 1983 990 2019 ipsis
1013 1982 1154 2018 opinionis
1168 1981 1224 2016 jam
1244 1979 1350 2015 pridem
1371 1979 1531 2006 haberetur.
1547 1976 1653 2004 Etenim
1669 1975 1714 2002 fu-

921 2032 1014 2055 turum
1029 2027 1140 2055 omnino
1162 2024 1308 2060 sperabant
1336 2027 1365 2050 ut
1389 2022 1459 2050 tanti
1475 2022 1525 2049 viri
1543 2021 1615 2048 fama
1631 2024 1713 2055 atque

922 2073 1086 2102 auctoritate
1103 2072 1180 2100 cives
1200 2069 1386 2098 Antioclienos
1401 2076 1433 2096 ac
1446 2068 1575 2095 ﬁnitimas
1587 2066 1712 2094 civitates

922 2121 956 2148 ad
988 2127 1065 2147 suam
1101 2117 1259 2154 opinionem
1284 2116 1453 2144 allicerent:
1483 2114 1620 2149 praecipue
1648 2120 1713 2140 vero

81 2118 131 2153 τὴν
145 2118 296 2153 παράδοσιν
314 2119 364 2153 τῆς
387 2121 415 2146 ἐν
434 2121 536 2156 Νικαία
562 2121 670 2148 συνόδου
684 2122 717 2148 τὰ
731 2122 794 2156 περὶ
804 2121 871 2148 Θεοῦ

922 2164 1116 2193 Eustathianos
1128 2184 1135 2197 ,
1154 2163 1201 2198 qui
1229 2162 1264 2189 de
1288 2161 1432 2189 divinitate
1448 2159 1486 2187 ita
1505 2158 1659 2187 sentiebant
1684 2163 1714 2186 ut

82 2163 220 2196 ἐδόξαζον.
235 2163 367 2198 Ἔμελλον
390 2164 419 2191 δὲ
448 2166 590 2201 παραπολὺ
615 2167 665 2201 τῆς
684 2167 791 2198 ἐλπίδος
802 2167 871 2193 ἀπο-

80 2208 236 2241 τεύξεσθαι.
258 2209 333 2236 Ἐπεὶ
355 2210 409 2245 γὰρ
426 2207 493 2246 ἧκεν
512 2213 552 2242 είς
573 2211 746 2246 Ἀντιόχειαν,
764 2211 871 2246 λέγεται

937 2227 939 2238 ι
958 2211 1075 2239 concilio
1097 2209 1206 2237 Nieaeno
1222 2208 1353 2236 traditum
1376 2207 1480 2234 fuerat.
1497 2205 1596 2234 Verum
1615 2212 1646 2233 ea
1668 2211 1714 2232 res

81 2254 186 2290 δήμους
194 2254 307 2286 πολλοὺς
319 2256 454 2283 συνελθεῖν
463 2257 517 2284 τῶν
527 2257 560 2284 τὰ
574 2258 680 2293 Ἀρείου
693 2258 871 2294 φρονούντων,

937 2265 1005 2293 onge
1029 2257 1107 2284 aliter
1128 2260 1258 2284 eventura
1278 2259 1337 2283 erat
1362 2261 1444 2289 quam
1462 2252 1621 2288 sperabant.
1645 2250 1713 2278 Nam

81 2300 129 2327 καὶ
157 2301 283 2336 Παυλίνῳ
301 2302 499 2331 κοινωνούντων
514 2307 525 2321 ⁰
539 2312 545 2320 ·
567 2305 592 2330 ot
609 2304 667 2339 μὲν,
684 2305 872 2340 ίστορήσοντες

937 2311 988 2331 :um
1005 2303 1050 2330 ille
1064 2302 1236 2330 Antiochiam
1248 2301 1380 2332 venisset,
1397 2300 1495 2334 ingens
1512 2297 1607 2333 populi
1621 2296 1714 2323 multi-

80 2345 126 2372 τὸν
141 2345 238 2380 ἄνδρα,
254 2345 294 2372 ὅτι
312 2347 378 2373 πολὺ
391 2347 467 2380 κλέος
475 2345 508 2384 ἦν
519 2348 601 2375 αὑτοῦ
614 2349 662 2376 καὶ
675 2350 728 2385 πρὸ
737 2350 787 2385 τῆς
800 2358 870 2385 παρ-

937 2349 989 2377 udo
1004 2347 1170 2376 conﬂuxisse
1186 2347 1303 2379 dicitur,
1320 2351 1374 2373 tam
1397 2353 1432 2373 ex
1451 2343 1562 2371 Arianis
1584 2349 1666 2378 quam
1681 2349 1714 2369 ex

80 2391 192 2422 θυσίας·
211 2392 235 2418 οἱ
259 2391 297 2424 δὲ,
327 2394 510 2428 μαθησόμενοι
532 2395 558 2421 τί
577 2395 630 2430 ἄρα
652 2395 719 2430 ὲρεί,
736 2396 784 2422 καὶ
800 2395 871 2422 τίσιν

937 2396 959 2423 is
974 2394 1020 2430 qui
1037 2401 1100 2422 cum
1115 2392 1232 2420 Paulino
1250 2390 1492 2419 communicabant
1509 2398 1517 2416 :
1533 2396 1650 2424 quorum
1668 2387 1714 2415 alii

81 2436 286 2472 ἐπιψηφίζεται.
304 2438 373 2474 Ἤδη
393 2438 446 2474 γὰρ
472 2439 550 2475 φήμη
573 2439 708 2475 διεφοίτα,
727 2441 871 2476 ἐπαινέτην

937 2441 1062 2469 nominem
1082 2439 1174 2467 videre
1186 2438 1343 2475 cupiebant,
1357 2436 1437 2472 cujus
1453 2439 1529 2463 tanta
1543 2435 1616 2462 fama
1630 2434 1713 2462 etiam

118 2527 126 2542 ³
138 2525 218 2554 Socr.
230 2527 278 2554 lib.
297 2535 326 2560 ιι,
343 2535 367 2555 c.
383 2528 426 2555 44.

671 2606 807 2634 VALESII
827 2605 1105 2634 ANNOTATIONES.

119 2652 177 2689 (4)3)
195 2652 267 2679 Οὔτε
279 2653 476 2687 ἐπισκόπους.
493 2653 736 2689 Constantinopoli
753 2654 868 2682 scilicet.

81 2686 119 2723 De
137 2687 188 2723 hac
201 2688 274 2714 enim
297 2689 431 2716 duntaxat
455 2686 526 2716 urbe
553 2686 869 2723 loquitur—Sozomenus.

81 2722 164 2754 Quod
193 2730 254 2749 cum
282 2723 415 2751 Baronius
434 2731 489 2751 non
517 2722 709 2755 intellexisset,
733 2724 870 2751 immerito

82 2757 263 2792 reprehendit
279 2757 471 2791 Sozomenum,
494 2759 566 2794 quod
585 2759 685 2787 dixerit
701 2759 872 2786 Macedonia-

925 2662 975 2682 nos
995 2655 1094 2691 abhoc
1112 2654 1387 2691 tempore_uquuead
1401 2653 1509 2691 Arcadii
1529 2652 1714 2691 principatum

925 2690 1049 2718 caruisse
1075 2687 1224 2725 episcopis.
1241 2687 1307 2717 Vide
1321 2689 1410 2721 illum,
1432 2688 1466 2715 ad
1483 2694 1583 2714 annum
1613 2687 1716 2714 Christi

924 2725 987 2757 560,
1000 2733 1059 2759 cap.
1080 2725 1122 2752 19.

773 2846 968 2875 VARIORUM.

121 2897 134 2911 °
157 2893 298 2925 Παυλίνῳ
325 2894 557 2922 κοινωνούντων.
586 2893 832 2922 Metachronismus
862 2903 868 2921 :

82 2927 221 2958 Paulinus
237 2929 320 2961 enim,
341 2928 622 2964 iinpcranleluliano,
642 2930 687 2957 diu
708 2933 770 2964 post
787 2928 869 2956 Melc-

925 2893 990 2921 tiuin
1005 2902 1018 2919 ιι
1036 2893 1163 2919 Lucifero
1180 2889 1538 2926 episcopus__Aptioclienus
1565 2888 1711 2916 ordinatus

923 2933 975 2956 est.
993 2928 1054 2955 Vid.
1073 2928 1119 2955 lib.
1136 2935 1163 2959 ι’,
1181 2923 1241 2961 cap.
1255 2925 1298 2952 12.
1318 2924 1360 2951 W.
1376 2923 1488 2951 Lownt.
