1899 3077
188 193 199 220 ‘l
204 189 257 219 9.03

912 183 1085 213 SOZOMENI

1751 189 1823 218 ιεοι

188 251 251 275 ante
268 245 356 282 ipsius
380 245 525 274 adventum
549 246 776 280 permanaverat;
803 242 848 270 alii
869 242 976 272 discere

1063 243 1109 270 τὸν
1121 242 1190 270 εἶναι
1215 244 1261 270 τοῦ
1292 243 1427 279 δόγματος
1443 245 1496 272 τῶν
1512 246 1541 272 ἐν
1555 245 1658 281 Natat;
1678 245 1823 272 συνελθόν-

187 291 316 319 volebaut
333 291 462 326 quidnam
481 290 620 321 dicturus,
637 292 664 316 et
679 296 796 324 quorum
814 289 977 316 sententiam

187 339 354 371 probaturus
363 341 444 365 esset.
452 335 511 363 Jam
521 336 593 363 enim
605 334 676 362 fama
686 335 888 370 percrebuerat,
898 335 978 363 [idem

186 384 289 412 Nicaani
301 383 409 411 concilii
421 383 454 409 ab
463 382 509 409 illo
517 381 690 416 comprobari
700 391 706 409 :
717 381 798 417 idque
810 389 902 409 verum
918 390 979 410 esse

187 430 277 458 exitus
301 429 340 456 rei
359 427 520 456 declaravit.
533 426 600 454 Nam
623 427 702 454 initio
724 428 833 462 quidem
861 427 978 455 morales

187 475 321 502 duntaxat
333 473 530 509 praaceptiones
542 473 649 509 publice
660 473 739 508 175
759 474 886 509 exposuit
898 482 904 499 :
922 479 980 502 tan-

186 521 246 547 dem
264 527 328 547 vero
339 518 438 546 Filium
447 519 570 554 ejusdem
582 526 644 546 cum
658 518 739 546 Patre
752 519 911 547 substantia:
918 527 979 548 esse

185 566 276 601 palum
303 566 431 592 asseruit.
454 565 539 592 Aiunt
566 572 649 600 porro
672 565 895 592 archidiaconum
931 565 979 600 qui

185 615 253 637 tunc
275 611 302 637 in
326 618 358 638 eo
388 610 462 637 clero
482 616 559 642 erat,
587 611 680 638 statim
694 611 865 644 accurrisse,
886 616 912 638 et
938 611 980 638 in-

184 657 256 691 jecta
281 664 383 688 manu,
404 657 494 683 adhuc
514 657 651 692 loquentis
671 665 703 685 os
719 657 873 686 obturasse.
899 659 979 685 illum

185 710 251 730 vero
262 710 344 730 manu
356 710 416 735 sua,
426 702 528 730 clarius
538 710 619 738 quam
635 711 702 731 voce
711 724 719 736 ,
729 704 891 732 sententiam
901 711 980 732 suam

186 749 369 785 signiﬁcasse.
387 749 455 777 Tres
469 750 541 777 enim
561 749 695 777 duntaxat
709 750 808 786 digitos
823 750 902 777 initio
915 757 981 785 pro-

186 796 289 830 tendit;
301 796 398 824 deinde
410 795 507 824 iisdem
521 796 646 823 retractis
655 799 682 824 et
693 796 870 831 compressis,
893 803 979 823 unum

187 847 294 870 tantum
307 842 438 878 porrexit,
447 849 546 870 manus
559 841 647 877 ﬁgura
657 842 803 877 designans
812 841 980 869 multitudini

186 894 221 914 ea
236 895 297 922 qua:
317 887 376 922 ipse
396 887 527 917 sentiret,
548 890 576 914 et
590 894 652 921 quas
665 886 757 914 dicere
774 886 977 921 prohiberetur.

188 934 312 969 Cumque
325 938 445 961 aestuans
458 932 680 965 archidiaconus,
689 932 803 961 dimisso
811 940 858 961 ore
869 940 978 960 manum

188 979 289 1007 Meletii
304 978 542 1014 apprehendisset,
555 978 601 1007 ille
610 979 722 1006 liberam
739 979 859 1014 linguam
872 983 979 1011 nactus,

190 1025 262 1053 elata
278 1033 346 1053 voce
369 1026 534 1053 sententiam
555 1032 635 1052 suam
659 1025 781 1060 apertius
801 1033 883 1060 quam
901 1029 982 1052 antea

190 1071 354 1104 declaravit,
380 1071 576 1105 auditoresque
596 1071 721 1098 hortatus
749 1074 792 1098 est
818 1074 848 1097 ut
865 1069 982 1097 Nicaeum

190 1116 291 1152 synodi
307 1116 425 1145 decretis
437 1115 654 1143 adhanescercnt
665 1134 672 1147 ,
690 1118 858 1150 protestatus
871 1122 919 1142 eos
937 1114 983 1149 qui

190 1163 271 1190 aliter
294 1162 447 1195 sentirent,
470 1168 486 1189 a
505 1169 572 1189 vero
586 1161 724 1188 aberrare.
737 1160 806 1188 Cum
820 1165 911 1188 autem
926 1160 984 1188 hiec

189 1207 285 1238 eadem
304 1207 397 1235 dicere
420 1211 447 1235 et
469 1214 550 1234 manu
575 1206 732 1241 signiﬁcare
752 1206 907 1233 alternatim
930 1213 985 1233 non

190 1253 346 1286 desineret,
360 1260 410 1288 pro
424 1260 456 1280 eo
470 1257 552 1288 atque
565 1252 779 1280 archidiaconus
796 1252 885 1288 ipsum
899 1251 986 1287 impe-

191 1298 304 1331 diebat,
334 1303 362 1326 et
386 1299 526 1326 contentio
546 1298 619 1326 inter
643 1303 778 1333 utrosque
805 1301 905 1330 esset,
931 1305 986 1325 non

191 1345 335 1372 dissimilis
349 1344 509 1378 Pancratio;
522 1344 696 1372 Eustathiani
710 1345 877 1375 exclamare,
890 1348 986 1380 gratu-

192 1391 243 1418 lari
255 1413 262 1423 ,
280 1395 306 1418 ει
320 1398 376 1426 prae
390 1391 490 1427 gaudio
505 1391 617 1419 exsilire
636 1394 790 1426 coeperunt.
807 1391 902 1418 Ariani
920 1397 986 1418 vero

193 1437 300 1464 animos
321 1437 466 1465 demisere.
488 1437 595 1470 Quibus
617 1437 734 1470 auditis,
759 1436 910 1464 Eudoxiani
927 1444 988 1472 gra-

193 1483 268 1511 viter
293 1484 424 1511 commoti
446 1487 533 1511 sunt:
559 1491 727 1519 operamque
748 1483 934 1510 adhibuerunt
958 1487 989 1510 ut

194 1528 319 1556 Meletius
335 1529 445 1558 civitate
459 1529 651 1564 expelleretur.
665 1529 796 1556 Eumdem
811 1534 900 1557 tamen
912 1532 989 1564 post-

1028 299 1082 317 των
1094 299 1101 305 ·
1118 291 1205 318 καὶτὸ
1220 290 1325 318 ἀποϐὰν
1335 290 1429 324 ἔδειξε.
1442 290 1498 327 Τὴν
1515 292 1565 327 μὲν
1579 292 1633 328 γὰρ
1645 291 1745 327 ἀρχὴν,
1759 293 1823 324 τοὺς

1029 335 1211 372 καλουμένους
1226 336 1337 372 ἠθικοὺς
1355 336 1451 370 λόγους
1469 337 1587 373 δημοσίᾳ
1600 338 1724 364 ἐδίδασκε
1739 345 1746 353 ·
1770 347 1824 364 τε-

1029 383 1131 410 λευτῶν
1141 383 1180 415 δὲ,
1195 383 1346 418 ἀναφανδὸν
1358 383 1408 418 τῆς
1420 384 1506 419 αὑτῆς
1520 384 1613 416 οὐσίας
1620 383 1660 419 τῷ
1673 385 1762 419 llath
1776 385 1824 411 τὸν

1030 429 1094 456 Υίὸν
1108 430 1274 465 ἀπεφήνατο.
1292 430 1408 464 Λέγεται
1422 429 1461 462 δὲ,
1479 430 1662 466 προσδραμὼν
1674 431 1688 457 ό
1699 430 1823 467 ἀρχιδιά-

1029 484 1117 508 κονος,
1139 476 1168 508 ὃς
1190 476 1251 503 τότε
1280 474 1314 512 ἦν
1328 476 1374 503 τοῦ
1393 476 1486 503 ἐνθάδε
1501 476 1614 512 κλήρου,
1630 477 1671 503 ἔτι
1690 477 1771 504 τοῦτο
1781 477 1826 503 λέ-

1029 530 1123 556 γοντος
1138 521 1273 549 ἐπιὸαλὼν
1293 523 1341 557 τὴν
1361 524 1451 559 χεῖρα,
1472 523 1569 549 ἔδυσεν
1584 523 1668 550 αὐτοῦ
1681 523 1711 550 τὸ
1724 523 1822 558 στόμα.

1036 569 1066 594 '0
1081 567 1118 601 δὲ,
1137 569 1169 603 τῇ
1183 567 1256 603 χειρὶ
1270 568 1439 604 σαφέστερον
1462 568 1478 604 ἢ
1494 569 1527 604 τῇ
1543 569 1630 604 φωνῇ,
1643 568 1694 603 τὴν
1707 567 1824 603 γνώμην

1030 614 1232 648 κατεσήμαινε·
1259 614 1307 641 καὶ
1334 616 1408 649 τρεῖς
1436 614 1531 650 μόνους
1561 615 1601 646 είς
1627 614 1657 640 τὸ
1685 613 1825 648 προφανὲς

1029 660 1177 692 δακτύλους
1201 660 1340 693 ἐκτείνων,
1367 662 1407 692 είς
1435 660 1532 687 ταυτὸν
1559 660 1589 686 δὲ
1612 659 1694 686 πάλιν
1713 659 1827 691 τούτους

1032 705 1168 739 συνέλεγε,
1186 705 1234 732 καὶ
1241 705 1286 732 τὸν
1300 705 1347 732 ἕνα
1357 704 1445 741 ὤρθου
1460 714 1466 720 ·
1484 704 1523 740 τῷ
1538 705 1658 740 σχήματι
1668 704 1719 739 τῆς
1734 703 1827 739 χειρὸς

1031 751 1170 784 εἰκονίζων
1199 752 1256 783 τοῖς
1287 750 1418 787 πλήθεσιν
1439 751 1510 786 ἅπερ
1533 751 1652 785 ἐφρόνει,
1671 750 1722 777 καὶ
1736 750 1827 784 λέγειν

1031 797 1165 832 ἐπείχετο.
1189 797 1234 829 Ὠς
1248 797 1275 824 δὲ
1292 798 1472 833 ἀμηχανήσας
1488 798 1502 824 ό
1518 797 1706 834 ἀρχιδιάκονος
1728 796 1828 822 ἐπελά-

1032 841 1093 869 ϐετο
1107 843 1156 878 τῆς
1173 842 1274 878 χειρὸς,
1291 842 1338 869 τοῦ
1358 842 1492 877 στόματος
1509 842 1657 877 ἀφέμενος,
1675 841 1830 877 ἐλευθερω-

1033 889 1088 922 θεὶς
1101 889 1151 925 τὴν
1168 889 1305 923 γλῶσσαν,
1324 888 1364 915 ἐτι
1376 889 1476 924 μᾶλλον
1488 888 1594 924 μεγάλῃ
1608 889 1640 924 τῇ
1650 889 1729 924 φωνῇ
1742 887 1828 922 σαφέ-

1034 943 1129 970 στερον
1157 935 1253 970 ἐδήλου
1267 933 1316 970 τὴν
1333 934 1416 962 αὑτοῦ
1430 934 1510 968 δόξαν
1520 942 1527 949 ·
1548 935 1596 961 καὶ
1613 933 1668 960 τῶν
1680 935 1710 960 ἐν
1723 933 1831 968 Natat;

1032 980 1199 1015 δεδογμένων
1209 979 1320 1015 ἔχεσθαι
1328 979 1528 1015 παρεκελεύετο
1538 988 1546 995 ο
1563 979 1610 1006 καὶ
1627 978 1831 1014 διεμαρτύρετο

1031 1027 1096 1058 τοὺς
1107 1025 1264 1058 ἀκούοντας,
1280 1026 1449 1061 ἁμαρτάνειν
1458 1026 1507 1060 τῆς
1520 1025 1649 1061 ἀληθείας
1665 1025 1731 1056 τοὺς
1741 1024 1830 1056 ἄλλως

1034 1072 1210 1108 φρονοῦντας.
1227 1072 1305 1098 Ἐπεὶ
1331 1072 1360 1099 δὲ
1378 1072 1428 1099 οὐκ
1443 1071 1558 1098 ἐνεδίδου
1575 1071 1609 1098 τὰ
1623 1071 1694 1098 αὐτὰ
1707 1071 1800 1105 λέγων
1812 1071 1830 1106 ἢ

1033 1121 1067 1155 τῇ
1099 1118 1170 1155 χειρὶ
1194 1118 1301 1150 δεικνὺς
1320 1117 1479 1154 ἀμοιϐαδὸν,
1499 1117 1536 1148 ὡς
1549 1117 1678 1152 ἐνεχώρει
1693 1116 1765 1151 πρὸς
1783 1114 1833 1150 τὴν

1034 1166 1080 1194 τοῦ
1095 1166 1282 1202 ἀρχιδιακόνου
1293 1165 1424 1198 κώλυσιν,
1436 1164 1484 1191 καὶ
1498 1164 1648 1199 φιλονεικία
1660 1161 1695 1199 ἦν
1708 1162 1833 1198 ἀμφοτέ-

1036 1221 1091 1248 ρων
1102 1213 1169 1247 (ﬂ),
1194 1212 1333 1247 μονονουχὶ
1354 1209 1517 1246 παγκρατίῳ
1540 1209 1674 1245 ἐμφερὴς,
1693 1208 1767 1244 μέγα
1785 1208 1834 1234 ἀν-

1036 1259 1154 1294 έκραγον
1171 1258 1196 1284 οι
1223 1257 1415 1289 Εὑσταθιανοὶ,
1428 1257 1475 1284 καὶ
1488 1256 1596 1292 ἔχαιρον
1607 1255 1654 1282 καὶ
1666 1254 1811 1290 ἀνεπήδων
1824 1261 1832 1268 ·

1036 1305 1062 1331 οι
1075 1304 1104 1330 δὲ
1124 1303 1239 1339 Ἀρείου,
1249 1304 1381 1338 κατηφεῖς
1396 1299 1475 1338 ἦσαν.
1489 1299 1668 1331 Ἀκούσαντες
1680 1299 1709 1325 δέ
1723 1299 1750 1324 οἱ
1760 1297 1837 1333 ἀμφὶ

1036 1349 1082 1375 τὸν
1095 1348 1230 1381 Εὑδόξιον,
1242 1347 1428 1383 ἐχαλέπαινον,
1445 1346 1492 1373 καὶ
1511 1345 1642 1380 ἐλαθῆναι
1656 1344 1707 1379 τῆς
1726 1343 1838 1374 πόλεως

1037 1395 1082 1421 τὸν
1096 1393 1229 1421 Μελέτιον
1252 1393 1422 1420 ἐσπούδασαν
1433 1400 1441 1408 ⁸
1461 1392 1508 1420 καὶ
1523 1391 1603 1419 πάλιν
1619 1389 1836 1427 μεπκαλοῦντο,

1037 1438 1075 1469 ὡς
1085 1438 1132 1464 ἐπὶ
1141 1437 1283 1472 διορθώσει
1293 1437 1347 1464 τῶν
1359 1437 1511 1473 εἰρημένων
1525 1434 1680 1472 μεταμελού
1683 1443 1775 1471 μενον,
1787 1435 1840 1461 καὶ

1036 1483 1168 1510 τάναντία
1179 1482 1334 1515 δοξάζοντα.
1344 1483 1390 1518 Μὴ
1406 1483 1590 1518 μεταθέμενον
1597 1482 1624 1508 δὲ
1644 1482 1693 1516 τῆς
1705 1480 1837 1516 γνώμης,

1038 1528 1218 1556 ἐκϐάλλεσθαι
1239 1528 1290 1563 τῆς
1311 1528 1485 1564 Ἐκκλησίας,
1509 1528 1556 1554 καὶ
1575 1527 1724 1564 ὑπερορίαν
1748 1527 1840 1553 οἰκεῖν

194 1581 226 1602 ea
260 1579 443 1607 revocarunt,
473 1575 507 1602 ad
531 1582 563 1602 ea
588 1582 649 1610 quae
679 1575 785 1602 dixerat
806 1575 986 1610 corrigenda.

1064 1573 1206 1611 ροσέταξεν
1232 1575 1245 1601 6
1274 1573 1419 1616 βασιλεύς..
1449 1574 1526 1600 Ἐπεὶ
1547 1573 1576 1600 δὲ
1601 1573 1681 1600 τοῦτο
1707 1573 1839 1607 γέγονεν,

194 1624 327 1656 tanquam
345 1621 506 1656 paenitentia
523 1621 636 1648 ductum
650 1640 657 1652 ,
682 1624 709 1647 et
732 1621 901 1648 contrariam
928 1628 987 1647 am-

1061 1620 1271 1656 πιτρέπεταιτδν
1293 1619 1452 1654 Ἀντιοχέων
1467 1619 1561 1654 θρόνον
1573 1618 1702 1650 Εὐξώῖος,
1721 1619 1752 1649 ὃς
1776 1618 1841 1652 ἅμα

195 1667 304 1702 plexum
320 1666 498 1694 sententiain.
516 1665 571 1692 Sed
592 1672 656 1692 cum
675 1665 722 1692 ille
745 1665 908 1692 sententiam
932 1673 988 1693 non

195 1717 336 1746 mutaret,
360 1712 511 1747 imperator
534 1719 596 1738 eum
622 1710 745 1738 Ecclesia
767 1712 864 1745 expelli
878 1732 885 1743 ,
913 1716 940 1739 et
960 1712 988 1739 in

195 1759 323 1787 exsilium
338 1758 476 1794 deportari
493 1758 585 1792 jussit.
610 1756 671 1789 Quo
690 1756 763 1784 facto
783 1756 918 1790 Euzoius,
940 1758 988 1792 qui

194 1805 250 1840 jam
268 1805 374 1840 pridem
395 1813 448 1831 una
468 1812 530 1831 cum
553 1803 618 1831 Ario
633 1804 776 1838 depositus
791 1807 870 1835 erat,
888 1803 987 1831 Antio-

195 1851 311 1879 chenam
327 1851 420 1878 sedem
439 1850 585 1885 regendam
601 1850 732 1884 suscepit.
751 1848 884 1876 Fautores
898 1854 988 1876 autem

195 1896 308 1928 Neletii,
325 1904 385 1924 sese
399 1896 435 1924 ab
447 1896 559 1923 Arianis
572 1900 747 1931 segregantes
761 1915 767 1928 ,
781 1903 905 1923 seorsum
921 1903 989 1922 con-

194 1946 294 1970 ventus
307 1947 431 1976 egerunt.
448 1941 515 1969 Nam
532 1942 579 1977 qui
600 1942 635 1969 ab
650 1941 730 1969 initio
743 1941 987 1969 consubstantialis

195 1987 276 2015 ﬁdem
293 1989 378 2016 secuti
393 1987 512 2019 fuerant,
530 1987 738 2014 communicare
753 1995 816 2015 cum
828 1987 882 2015 illis
895 1987 987 2015 detre-

196 2036 309 2062 ctabant
323 2055 330 2067 ,
359 2043 392 2062 eo
413 2034 486 2070 quod
513 2034 639 2062 Meletius
664 2034 698 2061 ab
719 2034 830 2061 Arianis
849 2034 987 2069 episcopis

195 2081 341 2109 ordinatus
354 2080 468 2114 fuisset,
481 2084 690 2114 sectatoresque
702 2079 764 2113 ejus
780 2079 814 2106 ab
830 2079 986 2114 huiusmodi

1045 1666 1141 1702 Ἀρείῳ
1155 1666 1288 1702 πρότερον
1297 1665 1348 1701 ήδη
1359 1665 1499 1701 καθῄρητο
1511 1674 1517 1681 ”
1538 1667 1563 1692 οἱ
1573 1665 1601 1692 δὲ
1612 1664 1746 1692 Μελετίου
1757 1664 1841 1691 ἐπαι-

1039 1712 1124 1744 νέται,
1152 1712 1357 1748 ἀποτεμόμενοι
1372 1712 1442 1746 σφᾶς
1456 1711 1511 1738 τῶν
1525 1711 1559 1738 τὰ
1583 1710 1688 1746 Ἀρείου
1702 1709 1841 1746 φρονούν-

1038 1767 1103 1791 των,
1132 1758 1185 1794 ἰδίᾳ
1217 1758 1398 1794 ἐκκλησίαζον
1412 1766 1418 1773 ·
1432 1758 1456 1784 οί
1473 1757 1528 1793 γὰρ
1542 1756 1686 1792 ὀμοούσιον
1700 1756 1732 1788 ἐξ
1745 1756 1841 1791 ἀρχῆς

1038 1803 1084 1830 τὸν
1100 1803 1165 1830 Υἰὸν
1178 1804 1216 1839 τῷ
1228 1805 1316 1839 Πατρὶ
1326 1803 1494 1837 δοξάζοντες,
1504 1803 1677 1839 παρῃτοῦντο
1693 1804 1840 1830 κοινωνεῖν

1043 1849 1190 1881 αὖτοῖς,ὠς
1204 1849 1336 1876 Μελετίου
1353 1849 1422 1884 πρὸς
1442 1848 1588 1884 Ἀρειανῶν
1605 1849 1766 1875 ἐπισκόπων
1782 1857 1840 1884 χει-

1043 1896 1241 1932 ροτονηθέντος,
1261 1896 1308 1923 καὶ
1327 1896 1380 1922 ὑπὸ
1406 1896 1538 1926 τοιούτοις
1555 1895 1657 1931 ἱερεῦσι
1675 1895 1840 1930 βαπτισθέν-

1041 1951 1094 1970 των
1109 1942 1162 1969 τῶν
1175 1942 1315 1978 ἑπομένων
1329 1941 1413 1977 αὐτῷ.
1437 1942 1492 1968 Καὶ
1503 1942 1527 1968 οἱ
1545 1941 1594 1976 μὲν
1606 1941 1679 1968 κατὰ
1697 1941 1840 1976 πρόφασιν

1040 1988 1119 2024 τήνδε
1149 1988 1288 2024 διῄρηντο,
1309 1988 1412 2024 καίπερ
1442 1987 1542 2023 ὁμοίως
1565 1986 1742 2022 φρονοῦντες.
1766 1986 1795 2013 '0
1811 1985 1839 2012 δὲ

1041 2036 1167 2072 βασιλεὺς
1185 2036 1305 2068 ἀκούσας
1319 2035 1427 2070 Πέρσας
1444 2034 1623 2070 νεωτερίζειν,
1634 2031 1703 2070 ἧκεν
1716 2033 1759 2064 είς
1777 2033 1838 2059 Ἀν-

1040 2078 1168 2114 τιόχειαν.

195 2130 385 2158 sacerdotibus
416 2133 510 2158 essent
548 2128 689 2164 baptizati.
718 2127 751 2154 Et
771 2127 815 2154 isti
837 2127 951 2162 quidem
986 2128 1021 2154 ob
1051 2127 1123 2154 hanc
1151 2134 1264 2154 causam
1290 2126 1362 2153 inter
1384 2133 1414 2153 se
1434 2124 1515 2152 divisi
1540 2128 1628 2156 sunt,
1656 2123 1788 2159 quamvis
1810 2122 1839 2150 in

196 2176 324 2204 doctrina
350 2175 411 2202 tidei
436 2175 636 2203 consentirent.
650 2174 800 2209 Imperator
825 2180 900 2206 vero,
925 2180 987 2200 cum
1023 2171 1125 2201 Persas
1164 2181 1210 2200 res
1232 2180 1318 2200 novas
1344 2172 1436 2199 moliri
1460 2171 1634 2206 accopisset,
1657 2169 1837 2197 Antiochiam

196 2221 331 2256 perrexit.

495 2267 572 2294 CAP.
593 2267 689 2295 XXIX.

199 2313 337 2347 Quomodo
361 2313 487 2340 Acaciani
512 2313 596 2340 denuo
615 2314 771 2340 tumullimti
791 2317 851 2340 sunt
864 2333 871 2344 ,
887 2317 911 2339 ct
927 2320 990 2339 con-

227 2349 413 2376 substantialis
437 2349 542 2382 quidem
560 2349 639 2384 fidem
650 2354 775 2381 evertere,
792 2349 922 2375 Ariammt
944 2355 989 2374 au-

237 2390 288 2410 tem
301 2384 421 2412 Ιιιυγεείηι
435 2385 557 2412 stabilire
567 2385 734 2411 studuerunt.

235 2429 322 2457 Porro
345 2430 475 2458 Acaciani
499 2430 591 2457 adhuc
610 2430 753 2465 quiescere
769 2437 824 2457 non
844 2432 988 2464 poterant;

156 2513 159 2515 Ι
201 2475 248 2504 sed
263 2476 414 2504 Antiochiae
434 2484 489 2503 una
510 2484 571 2503 cum
592 2475 798 2511 paucisiterum
812 2473 986 2509 congregati,

1333 2262 1458 2289 ΚΕΦΛΛ.
1479 2261 1543 2287 ΚΘ’.

1042 2313 1105 2339 Ὅτι
1120 2313 1147 2338 οἱ
1173 2311 1239 2345 περὶ
1260 2308 1395 2345 Ἀκάκιον
1417 2307 1512 2345 sum»:
1527 2307 1582 2332 οὐκ
1597 2303 1838 2345 ἠρέμρυνςεάλςιὰ

1076 2347 1108 2373 τὸ
1117 2339 1279 2381 ὀμοούἷγιοιν
1287 2343 1404 2383 ἐξεμεῖν
1411 2342 1581 2377 ἐπειρῶντο,
1591 2341 1640 2368 καὶ
1653 2340 1713 2374 τὴν
1724 2339 1837 2373 Ἀρείου

1075 2383 1193 2416 αἵρεσιν
1212 2388 1373 2413 συνιστᾳν.

1077 2427 1108 2452 Ol
1124 2426 1151 2452 δὲ
1168 2425 1240 2460 ἀμφὶ
1254 2424 1390 2455 ’Δκάκιον,
1402 2423 1516 2458 ἠρεμεῖν
1528 2421 1609 2448 πάλιν
1618 2420 1670 2446 οὐκ
1686 2419 1836 2454 ἠνείχοντο,

1042 2471 1212 2502 συνελθόντες
1224 2471 1262 2502 εἰς
1278 2469 1441 2504 ’Λντιόχειαν
1450 2467 1507 2503 (45)
1520 2473 1533 2491 P
1544 2467 1603 2502 ἅμα
1616 2465 1732 2499 ὀλίγοις,
1746 2463 1782 2491 τὰ
1795 2463 1835 2489 δε-

785 2561 922 2590 VALESll
943 2559 1222 2588 ANNOTATIONES.

237 2609 292 2646 (4i)
318 2611 373 2637 Kal
391 2611 585 2646 φιλονεικίαν,
602 2610 808 2646 κὰμφοτέρῳνη
824 2608 912 2646 Hujus
935 2608 989 2646 loci

200 2644 359 2673 emendatio
375 2644 487 2673 debetur
499 2645 587 2673 codici
601 2645 702 2673 Leonis
719 2645 822 2677 Allatii,
839 2645 866 2672 in
881 2651 935 2679 quo
951 2644 989 2670 ita

201 2682 332 2708 scribitur
349 2690 355 2708 :
370 2682 418 2708 καὶ
438 2680 588 2716 φιλονεικία
609 2679 643 2716 ἦν
660 2680 832 2716 ἀμφοτέρων.
843 2682 932 2713 Atque
952 2679 989 2706 ita

202 2716 267 2752 legit
280 2715 460 2752 Nicephorus.
475 2716 562 2743 Porro
573 2715 726 2746 sermonem
742 2715 818 2752 illurn
831 2723 912 2752 quem
923 2719 989 2742 tunc

201 2751 327 2780 Meletius
351 2752 449 2780 habuit
476 2752 642 2784 Antiochia,
673 2751 775 2786 siquis
805 2751 875 2778 forte
899 2751 990 2785 legere

1044 2607 1194 2638 desiderat,
1221 2605 1308 2633 habes
1326 2604 1397 2639 apud
1416 2603 1600 2640 Epiphanium
1618 2602 1647 2629 in
1667 2600 1768 2628 haeresi
1790 2599 1834 2626 δε-

1043 2643 1252 2670 miarianorum.
1701 2672 1707 2674 _
1799 2670 1803 2674 '

1080 2678 1136 2713 (45)
1167 2675 1386 2713 Συνελθόντες-
1398 2677 1450 2713 εἰς.
1472 2674 1664 2713 Ἀντιρχειαν.
1688 2672 1835 2713 Ἀεεεηιίοτ

1043 2708 1296 2748 (ὶὶίι-ἰειοριιοιτευυο
1316 2715 1343 2738 et
1369 2710 1490 2748 ﬁavilio,
1506 2709 1556 2748 qui
1581 2709 1656 2735 hunc
1688 2709 1782 2735 locum
1802 2708 1834 2732 ita

1044 2749 1138 2784 legunt
1154 2744 1164 2775 Ξ
1178 2747 1357 2779 Συνελθόντες
1368 2746 1396 2772 δὲ
1409 2746 1449 2777 είς
1470 2744 1648 2779 ’Δντιόχειαν.

900 2825 1095 2854 νΑιιιοιιυΜ.

237 2884 251 2902 p
266 2877 468 2908 Συνελθόντες
485 2876 530 2908 εἰς
547 2875 738 2909 Ἀντιόχειαν.
757 2875 910 2903 Concilium
935 2875 992 2901 An-

204 2911 361 2939 tiostivuum
379 2918 415 2942 vr,
432 2911 596 2944 Antiochiae,
610 2911 637 2937 in
651 2918 705 2945 qua
722 2914 786 2938 tunc
800 2911 896 2946 agebat
912 2910 993 2945 impe-

1047 2880 1134 2906 rator,
1152 2877 1269 2901 exeunte
1287 2880 1360 2900 anno
1373 2871 1435 2903 360,
1456 2871 1490 2899 ab
1506 2870 1615 2906 Arionis
1628 2871 1832 2906 congregatum.

1047 2909 1115 2937 Vide
1127 2901 1272 2943 hmanas,
1289 2908 1325 2935 De
1340 2901 1457 2943 synodis,
1476 2911 1502 2934 et
1517 2905 1633 2939 Theod.,
1647 2901 1700 2933 lib:
1713 2901 1749 2939 u;
1761 2910 1786 2931 c.
1796 2901 1834 2928 δι.
