1899 3077
56 170 125 199 1205

567 175 731 204 HISTORIA
747 175 1026 205 ECCLESIASTICA.
1047 192 1081 199 —
1099 177 1164 206 LIB.
1185 178 1231 207 IV.

1607 184 1676 213 1206

53 227 171 262 δογμένα
183 228 233 264 ἤδη
245 229 334 264 σφίσιν
347 230 502 266 ἐμέμφοντο
515 241 521 248 ·
538 234 586 260 καὶ
602 234 651 268 τῆς
664 233 839 269 ἀναγνωσθςί-

895 241 924 261 ea
947 241 1008 269 quae
1037 235 1089 270 ipsi
1118 235 1195 270 prius
1223 234 1400 263 decreverant
1434 236 1676 273 reprehenderunt,

55 281 102 307 σης
129 274 157 299 ἐν
183 274 320 310 Ἀριμήνῳ
354 277 401 304 καὶ
426 278 707 306 Κωνσταντινουπόλει
730 280 839 315 γραφῆς

53 319 208 353 περιτεμεῖν
238 320 403 356 ἐδοκίμασαν
418 323 450 349 τὸ
479 324 572 359 ὅμοιον
588 324 689 360 ὄνομα·
709 326 756 352 καὶ
770 325 840 352 κατὰ

53 363 150 411 πάντα,
165 364 270 411 ὀὑλσιαν
294 375 324 393 τε
353 368 400 394 καὶ
417 367 554 404 βούλησιν,
575 370 702 411 ἀνόμοφν
714 368 782 397 εἶναι
801 370 840 406 τῷ

54 408 138 443 Πατρὶ
148 408 193 435 τὸν
204 409 279 442 Υιὸν,
295 411 341 437 καὶ
349 412 378 444 ἐξ
386 413 435 439 οὐκ
446 413 530 440 ὀντων
541 408 704 451 γεγενῆσθαι
715 416 838 451 ἡγοῦντο,

53 453 89 484 ὡς
104 454 134 486 ἐξ
145 455 232 490 ἀρχῆς
253 456 350 492 Ἀρείῳ
369 458 465 485 ἐδόκει.
483 460 720 496 Συνελαμῦάνοντο
734 461 762 487 δὲ
777 461 840 488 τού-

53 507 108 529 τοις
127 500 172 526 καὶ
191 501 214 527 οἱ
228 501 263 528 τὰ
280 502 383 530 ’Δετιου
399 505 570 540 φρονοῦντες,
583 506 612 538 ὃς
641 506 710 541 μετὰ
731 507 840 542 ’Ἄρειον

55 543 160 578 πρῶτος
189 547 347 581 περιφανῶς
368 549 521 584 χρήσασθαι
536 551 592 582 τοῖς
605 551 718 586 ὀνόμασι
735 552 840 584 τούτοις

56 588 215 624 ἐθάρρησεν.
234 591 315 618 Ὅθεν
327 592 359 628 δὴ
374 593 421 620 καὶ
440 593 518 626 ἄθεος
530 594 696 630 ὠνομάζετο,
709 596 756 623 καὶ
770 597 793 623 οἱ
805 597 841 623 τὰ

56 634 136 660 αὑτοῦ
150 635 343 671 δοκιμάζοντες
367 638 500 674 Ἀνόμοιοι
512 640 560 667 κα).
577 641 756 674 Ἐξουκόντιοι
771 642 838 678 (46).

56 679 265 715 Πυνθανομένων
275 682 303 708 δὲ
315 682 404 710 αὐτῶν
415 684 469 711 τῶν
478 685 619 721 ἑπομένων
627 687 682 719 τοῖς
694 687 723 714 ὲν
738 688 840 724 Νικαίᾳ.

55 723 170 758 δόξασιν,
186 726 259 758 ὅπως
268 727 334 754 Θεὸν
341 728 373 754 ὲκ
381 728 447 755 Θεοῦ
456 730 502 757 τὸν
512 731 574 758 Υἱὺν
586 723 837 767 συνομολογοῦντες,

56 770 179 805 ἀνόμοιόν
207 780 236 798 τε
261 773 309 799 καὶ
333 773 363 806 ἐξ
378 775 427 802 οὐκ
439 775 522 804 ὄντων
537 778 584 805 καὶ
606 778 681 814 παρὰ
702 779 750 815 τὴν
765 780 839 814 σφῶν

55 817 143 843 αὐτῶν
153 816 261 844 ἔκθεσιν
276 819 418 855 ὀνομάζειν
432 821 577 858 θαρροῦσιν
594 832 600 839 ·
619 825 660 851 ὅτι.
674 825 720 851 καὶ
734 825 839 858 Παῦλος

56 864 70 890 6
86 864 242 896 ἀπόστολος,
275 865 390 900 ἔφασαν,
413 865 486 901 εἶπε,
515 869 553 896 Τὰ
568 870 602 896 δὲ
623 870 720 898 πάντα
731 871 765 898 ἐκ
785 873 838 899 τοῦ

57 910 127 937 Θεοῦ
142 918 149 926 ·
163 911 273 938 πάντων
290 912 318 938 δὲ
330 911 456 940 εἶναικαὶ
467 914 512 941 τὸν
527 915 597 942 Υῐόν.
611 917 666 943 Καὶ
682 917 751 944 κατὰ
762 917 840 945 τοῦτο

56 955 169 982 νοεῖσθαι
197 956 228 983 τὸ
248 958 428 993 προκείμενον
450 960 479 986 ὲν
500 957 540 993 οἷς
555 961 688 994 ἐξέθεντο,
705 963 776 990 κατὰ
790 963 840 995 τὰς

56 1000 129 1033 θείας
143 1002 256 1037 Γραφάς
272 1003 339 1040 (47).
358 1005 412 1031 Καὶ
429 1005 460 1032 τὸ
477 1006 526 1041 μὲν
541 1003 592 1034 ὧδε
604 1007 773 1043 μετέφραζον
794 1009 840 1035 καὶ

56 1046 219 1081 ἰσοφίζοντο,
230 1049 408 1082 τελευτῶντες
424 1051 453 1078 δὲ
472 1052 510 1084 ὡς
527 1052 576 1087 οὐχ
587 1049 639 1079 οἷοί
656 1062 685 1080 τε
699 1051 769 1090 ἦσαν
784 1055 839 1087 τοῖς

56 1092 117 1127 περὶ
132 1093 236 1120 τούτων
248 1094 408 1128 ἐγκαλοῦσιν
429 1097 446 1132 ἢ
467 1096 640 1130 ὀνειδίζουσιν
659 1098 758 1131 ἱκανῶς
773 1100 839 1126 ἀπο-

55 1138 200 1174 λογεῖσθαι,
214 1141 296 1168 πάλιν
309 1141 357 1176 τὴν
368 1143 398 1169 ὲν
416 1143 699 1171 Κωνσταντινουπόλει
726 1145 839 1181 δοκιμα-

56 1183 160 1212 σθεῖσαν
182 1186 273 1214 nia-rw
297 1188 469 1222 ἀναγνόντες,
487 1189 657 1225 διελύθησαν,
675 1191 721 1217 καὶ
737 1192 776 1223 εἰς
789 1192 839 1223 τὰς

55 1231 140 1258 αὐτῶν
150 1232 243 1264 πόλεις
254 1233 445 1270 ἀπεχώρησαν.

890 287 1044 314 nomenque
1068 280 1134 307 illud
1148 300 1155 312 ,
1177 280 1278 314 simile,
1295 288 1328 309 ex
1345 281 1460 309 formula
1480 282 1540 310 ﬁdei
1561 284 1677 312 Arimini

893 329 920 353 et
936 325 1174 361 Constantinopoli
1193 327 1308 354 recitata
1331 334 1486 363 expungere
1501 332 1676 356 statuerunt:

892 371 972 407 176
985 376 1012 399 et
1026 370 1123 399 Filium
1139 371 1216 399 Patri
1236 380 1286 406 per
1300 374 1408 405 omnia,
1427 377 1482 400 tam
1501 374 1529 401 in
1547 375 1676 402 substan-

889 416 926 442 tia
951 423 1034 451 quam
1061 417 1089 444 in
1115 417 1254 445 voluntate
1278 418 1457 452 dissimilem,
1483 423 1510 447 ct
1533 427 1566 447 ex
1591 420 1677 447 nihilo

890 461 990 489 factum
1017 469 1080 490 esse
1108 467 1303 497 censuerunt,
1335 465 1566 500 quemadmodum
1593 467 1676 494 Arius

890 509 924 536 ab
951 509 1030 536 initio
1052 508 1193 537 docuerat.
1217 509 1266 538 His
1293 515 1383 538 autem
1411 519 1472 540 sese
1492 512 1677 547 adjunxerunt

890 558 1040 582 sectatores
1062 554 1148 588 Aetii,
1172 555 1218 591 qui
1247 556 1352 591 primus
1379 561 1441 592 post
1463 558 1559 585 Arium
1585 559 1675 593 palam

889 599 933 627 his
955 599 1069 627 vocibus
1100 600 1139 627 uti
1166 607 1251 628 ausus
1273 605 1325 628 est.
1352 601 1411 634 Qua
1431 602 1465 630 de
1488 610 1588 636 causa,
1617 603 1677 638 ipse

889 644 997 679 quidem
1014 645 1092 676 ἄθεος
1109 646 1317 681 cognominatus
1332 650 1392 674 est:
1417 651 1568 675 sectatores
1584 652 1675 676 autem

890 690 964 719 illius
981 690 1109 718 Anommi
1132 695 1160 719 et
1189 691 1336 719 Exucontii
1354 695 1419 720 sunt
1434 693 1571 727 appellati.
1587 693 1676 722 Inter-

892 737 1052 771 rogantibus
1071 740 1162 764 autem
1177 736 1252 772 ipsos
1267 736 1382 764 Nicaeum
1395 737 1457 765 ﬁdei
1472 738 1654 772 sectatoribus
1667 759 1675 771 ,

889 782 1067 818 quamobrem
1097 782 1160 818 ipsi,
1184 782 1232 818 qui
1255 782 1353 810 Filium
1376 782 1461 811 Deum
1486 791 1519 811 ex
1535 783 1592 811 Deo
1615 791 1677 812 esse

889 827 1111 860 conﬁtebantur,
1141 828 1306 856 dissimilem
1335 833 1427 856 tamen
1456 832 1484 856 et
1520 837 1553 856 ex
1590 829 1676 857 nihilo

890 878 980 901 ortum
994 894 1001 907 ,
1017 874 1099 909 idque
1111 879 1209 902 contra
1224 882 1302 902 suam
1317 875 1440 910 ipsorum
1453 874 1515 902 ﬁdei
1532 874 1677 903 formulam

856 906 980 946 Bdicere
1009 906 1162 952 auderent,
1200 906 1404 954 respondebant
1434 919 1538 947 dictum
1568 926 1630 947 esse
1660 927 1675 946 a

887 963 974 991 Paulo
989 965 1130 999 apostolo:
1155 963 1252 992 Omnia
1266 969 1355 993 autem
1372 972 1406 993 ea:
1425 965 1498 992 Deo‘
1516 974 1523 993 :
1541 965 1569 992 in
1588 965 1678 993 omni-

888 1009 940 1037 bus
954 1015 1044 1037 autem
1057 1010 1252 1046 comprehendi
1273 1010 1356 1038 etiam
1378 1009 1490 1038 Filium.
1514 1010 1604 1046 Atque
1624 1011 1677 1037 hoc

887 1055 969 1084 modo
991 1057 1197 1092 intelligendum
1217 1064 1279 1086 esse
1300 1057 1373 1092 quod
1399 1057 1452 1092 ipsi
1473 1057 1632 1092 adjecerant
1649 1057 1677 1084 in

890 1102 1009 1130 formula
1024 1103 1086 1130 ﬁdei
1108 1110 1181 1136 suae,
1205 1103 1357 1132 secundum
1373 1103 1543 1138 Scripturas.
1567 1103 1601 1130 Et
1625 1103 1679 1131 hoc

891 1148 1002 1184 quidem
1018 1149 1055 1176 ita
1071 1149 1231 1177 cavillantes
1251 1149 1516 1184 interpretabantur.
1536 1149 1679 1177 Postremo

891 1201 953 1220 cum
973 1193 1008 1221 iis
1029 1193 1075 1228 qui
1090 1193 1165 1228 ipsos
1181 1193 1233 1221 hoc
1252 1193 1365 1221 nomine
1383 1194 1565 1227 accusabant,
1583 1193 1678 1229 objur-

890 1238 1059 1274 gahantque,
1084 1237 1247 1266 satisfacere
1266 1246 1323 1266 non
1342 1243 1471 1274 possent,
1492 1238 1561 1266 lecta
1579 1244 1678 1265 rursus

54 1276 112 1305 ﬁdei
124 1278 241 1307 formula
253 1288 312 1316 quae
322 1280 560 1318 Constantinopoli
574 1283 723 1319 approbata
739 1283 845 1322 fuerat,
857 1291 873 1312 e
887 1285 1004 1313 concilio
1019 1285 1224 1318 discesserunt,
1257 1289 1285 1313 et
1305 1285 1339 1313 ad
1361 1291 1426 1314 suas
1449 1284 1569 1320 Quisque
1599 1283 1678 1312 sedes

54 1324 153 1352 reversi
167 1330 243 1353 sunt.

349 1375 474 1401 ΚΕΦΑΛ.
496 1375 535 1402 Λ’.

55 1417 119 1456 Περ)
133 1418 285 1456 Γεωρτζου
296 1419 348 1447 τοῦ
373 1421 562 1456 Ἀντιοχείας,
584 1420 633 1448 καὶ
647 1421 714 1455 περὶ
730 1421 789 1449 τῶν
804 1422 839 1448 ἐν

94 1453 314 1491 Ἱεροσολύμοις
326 1453 633 1490 ἀρχιερατὲὺσάᾶρτων
651 1453 700 1483 mil
714 1456 757 1483 ὅτι
764 1456 840 1491 μετά

87 1488 238 1525 Eripe/Mor
249 1488 337 1525 τριῶν
345 1488 509 1525 ἄρχὶερέων
519 1491 702 1525 προϐάντων,
716 1488 809 1518 πάλιν
823 1494 840 1519 ὁ

87 1523 235 1557 Κύριλλος
248 1524 338 1559 ἐπέϐη
359 1523 411 1552 τοῦ
431 1523 545 1560 θρόνοι]
562 1525 616 1560 τῆς
634 1523 838 1562 Ἰερουσαλήμ.

1188 1375 1265 1405 CAP.
1292 1374 1376 1402 XXX.

886 1422 1062 1461 De_(_3eorgio
1086 1423 1255 1450 Alexandria:
1279 1422 1422 1461 episcopo,
1446 1424 1472 1448 et
1495 1420 1531 1448 de
1549 1420 1677 1461 episcopis

926 1455 1190 1493 Hierosolymorum:
1206 1462 1231 1484 et
1245 1455 1374 1493 quo-modo
1389 1464 1448 1493 eam
1458 1460 1528 1493 _post
1545 1455 1678 1493 Cyrillum

925 1499 978 1520 tres
993 1490 1118 1520 coninua
1133 1493 1200 1520 serie
1214 1492 1327 1527 episcopi
1346 1492 1412 1526 facti
1424 1491 1539 1526 fuissent
1552 1511 1559 1524 ,
1581 1490 1678 1517 iterum

924 1528 1042 1563 Cyr-illus
1060 1528 1146 1555 sedem
1161 1536 1236 1555 suam
1253 1527 1360 1562 recepit.

93 1568 134 1595 Ἐν
148 1568 238 1604 τούτῳ
254 1570 292 1602 δὲ,
307 1571 346 1597 ἐτι
369 1571 528 1599 Ἀθανασῑου
539 1572 738 1608 κρυπτομένου,
755 1573 837 1600 ἐπαν-

924 1574 976 1600 Per
990 1572 1060 1601 idem
1077 1576 1187 1608 tempus
1208 1579 1271 1600 cum
1292 1571 1461 1599 Athanasius
1476 1570 1567 1598 adhuc
1583 1569 1678 1597 delite-

55 1613 132 1641 ελοὼν
146 1615 285 1650 Γεώργιος
299 1618 338 1648 εις
357 1618 569 1654 Ἀλεξάνδρειαν,
583 1619 708 1654 χαλεπῶς
735 1619 834 1646 ἐκάκου

55 1659 112 1691 τοὺς
124 1660 270 1696 Ἕλληνας,
293 1663 340 1690 καὶ
359 1664 422 1696 τοὺς
448 1665 549 1700 ἑτέρως
579 1664 653 1699 αὑτῷ
676 1665 837 1698 δοξάζοντας

56 1704 241 1739 Χριστιανούς.
275 1708 436 1745 Ἐκατέρους
462 1718 491 1736 τε
508 1710 560 1746 γὰρ
577 1710 614 1742 ὡς
630 1710 753 1737 ἐϐούλετο
768 1711 836 1746 θρη-

58 1751 158 1778 σκεύειν
173 1753 309 1786 ἐϐιάζετο,
325 1755 371 1781 καὶ
385 1756 617 1791 παραιτουμένους
632 1757 754 1792 ἤλαυνεν.
764 1756 838 1791 Ἔμι-

58 1798 126 1824 σείτο
140 1798 168 1824 δὲ
183 1799 261 1834 παρὰ
274 1800 323 1835 μὲν
332 1800 385 1827 τῶν
394 1802 422 1827 ἐν
434 1801 513 1837 λόγῳ,
534 1802 572 1833 ὡς
579 1802 718 1838 ὑπερορῶν
733 1802 840 1834 αὐτοὺς,

57 1843 165 1876 καὶτοῖς
181 1844 311 1880 ἄρχουσιν
333 1847 483 1873 ἐπιτάττων
493 1856 499 1862 ·
515 1847 589 1883 παρὰ
605 1848 633 1874 δὲ
650 1848 696 1874 τοῦ
708 1848 839 1883 πλήθους,

55 1888 91 1921 ῶς
104 1892 271 1926 τυραννικὸς,
285 1892 332 1919 καὶ
350 1892 431 1919 πλέον
452 1893 561 1920 πάντων
580 1893 736 1929 δυνάμενος.
759 1893 840 1929 Ἑχα-

55 1934 159 1963 λέπαινε
172 1937 201 1964 δὲ
215 1938 367 1972 μάλιστατὸ
382 1938 546 1974 Ἑλληνικὸν,
559 1939 600 1966 ὅτι
612 1948 642 1966 τε
653 1939 726 1966 θύειν
741 1940 840 1972 αὐτοὺς

57 1982 100 2007 καὶ
111 1983 160 2014 τὰς
173 1984 304 2019 πατρίους
314 1984 410 2020 ἑορτὰς
425 1985 501 2019 ἄγειν
521 1985 634 2018 ἐκώλυε,
647 1986 694 2012 καὶ
705 1987 839 2022 στρατιώ-

55 2035 102 2058 τας
115 2029 161 2055 καὶ
177 2028 223 2055 τὸν
238 2030 267 2056 ὲν
291 2030 420 2065 Αἰγύπτῳ
444 2031 595 2066 στρατηγὸν
619 2031 674 2065 (48)
690 2032 737 2058 σὺν
748 2031 840 2063 ὅπλοις

58 2073 245 2108 ἒπεισαγαγὼν
255 2076 287 2111 τῇ
301 2075 386 2109 πόλει,
404 2076 510 2108 εἰκόνας
517 2085 545 2103 τε
557 2076 604 2103 καὶ
613 2077 784 2112 ἀναθήματα,
795 2077 842 2103 καὶ

57 2117 99 2144 τὸν
115 2119 143 2145 ὲν
153 2120 211 2151 τοῖς
222 2121 294 2151 ναοῖς
310 2120 411 2156 κόσμον
437 2121 648 2156 ἀφαιρούμενος.
667 2122 699 2147 Ἃ
727 2121 759 2157 δὴ
779 2121 843 2157 πρό-

57 2171 134 2196 φασις
145 2164 261 2200 ὕστερον
278 2165 352 2201 αὐτῴ
364 2166 472 2200 ἐγένετο
486 2167 534 2202 τῆς
545 2167 719 2202 ἀναιρέσεως,
734 2167 772 2199 ὡς
787 2168 836 2193 αὑ-

889 1622 986 1650 sceret,
1007 1618 1141 1653 Georgius
1158 1617 1355 1645 Alexandriam
1372 1624 1498 1645 reversus
1510 1637 1518 1650 ,
1540 1619 1596 1644 tum
1612 1623 1678 1651 gen-

890 1665 962 1696 tiles,
971 1668 1025 1691 tum
1034 1663 1207 1691 Christianos
1220 1663 1265 1699 qui
1281 1671 1336 1691 non
1354 1663 1424 1691 idem
1441 1670 1502 1691 cum
1520 1662 1580 1697 ipso
1597 1662 1679 1689 senti-

890 1714 962 1741 rent,
976 1710 1096 1745 graviter
1112 1710 1283 1745 oppressit'.
1305 1710 1444 1746 Utrosque
1463 1709 1537 1737 enim
1554 1708 1677 1735 divinum

893 1762 1003 1786 numen,
1022 1760 1102 1790 prout
1115 1755 1173 1790 ipse
1188 1755 1286 1789 vellet,
1302 1756 1394 1783 colere
1415 1755 1562 1790 adigebat:
1586 1754 1679 1781 detre-

889 1804 995 1829 ctantes
1019 1809 1086 1829 vero
1116 1802 1315 1830 insectabatur.
1342 1801 1451 1829 Invisus
1479 1804 1571 1828 autem
1596 1803 1677 1834 erat,

889 1846 1059 1881 primoribus
1073 1846 1183 1881 quidem
1198 1851 1343 1882 propterea
1360 1847 1433 1882 quod
1448 1853 1581 1881 arrogans
1594 1849 1678 1877 esset,

890 1895 917 1919 et
932 1891 1096 1926 praesidibus
1109 1891 1257 1926 imperaret
1275 1901 1281 1919 :
1308 1891 1423 1926 plebeiis
1445 1898 1527 1924 vero,
1547 1893 1678 1926 tanquam

891 1940 1026 1972 tyrannus
1040 1957 1048 1969 ,
1071 1940 1097 1963 et
1119 1936 1166 1971 qui
1191 1936 1253 1971 plus
1270 1941 1364 1971 posset
1386 1943 1458 1964 unus
1475 1943 1557 1971 quam
1580 1934 1677 1970 reliqui

891 1989 998 2009 omnes.
1017 1981 1068 2009 Sed
1084 1981 1220 2017 praecipue
1235 1982 1351 2017 gentiles
1368 1981 1393 2009 ei
1410 1981 1626 2013 succensebant,
1646 1988 1679 2008 eo

891 2029 964 2064 quod
981 2028 1136 2056 sacriﬁcare
1147 2032 1173 2056 et
1189 2027 1272 2056 festos
1283 2027 1343 2055 dies
1357 2027 1447 2062 patrio
1463 2027 1517 2053 ritu
1538 2026 1679 2059 celebrare

892 2073 968 2108 ipsos
987 2073 1162 2108 prohiberet,
1189 2071 1363 2107 inductisque
1380 2072 1408 2099 in
1432 2071 1527 2099 urbem
1545 2070 1679 2098 militibus

891 2119 1030 2152 armatis,
1057 2126 1112 2146 una
1144 2125 1207 2146 cum
1237 2119 1306 2146 duce
1325 2117 1456 2154 Egypti,
1484 2117 1615 2151 imagines
1647 2123 1679 2143 ac

893 2166 1005 2193 donaria
1019 2186 1026 2198 ,
1041 2173 1208 2201 omnemque
1219 2166 1385 2201 templorum
1406 2170 1532 2193 ornatum
1551 2163 1679 2192 abstulis-

55 2209 115 2235 τίκα
131 2209 211 2243 λέξω.
227 2211 359 2246 Κυρίλλου
389 2212 418 2238 δὲ
435 2212 650 2248 καθαιρεθέντος,
667 2213 704 2245 ὡς
722 2214 838 2249 εἴρηται,

895 2216 944 2239 sel.
958 2211 1023 2245 Quae
1040 2219 1083 2239 res
1099 2215 1192 2246 postea
1213 2219 1325 2239 causam
1341 2211 1415 2239 necis
1430 2211 1455 2239 ci
1473 2211 1578 2243 attulit,
1598 2210 1679 2238 sicuti

91 2296 117 2322 ‘l
132 2295 195 2324 Cor.
215 2305 254 2329 ll,
270 2297 312 2324 l2.
348 2298 358 2313 ²
372 2298 451 2326 Socr.
467 2299 513 2327 lib.
532 2307 562 2326 ll.
580 2307 605 2327 c.
620 2300 665 2333 28,
680 2303 706 2326 et
715 2300 763 2327 lib.
776 2307 816 2333 Ill,
829 2300 891 2327 (22.

653 2379 787 2407 VALESII
808 2378 1088 2406 ANNOTATIONES.

101 2454 145 2487 46)
171 2456 314 2490 Ἀνόμοιοι
341 2456 390 2483 καὶ
422 2456 630 2488 Ὲξουκόντιοι.
648 2456 719 2484 Idem
743 2457 841 2485 scribit

57 2488 279 2550 lAthanasius—in
306 2491 377 2518 libro
408 2491 444 2519 De
461 2491 574 2527 synodis
599 2492 714 2519 Arimini
744 2498 771 2520 et
793 2492 841 2519 Se-

67 2531 162 2550 CUCIKE.

67 2531 162 2552 ευοιιε.

91 2560 146 2596 (47)
168 2560 204 2586 Τὸ
217 2561 413 2596 προκείμενον·
426 2561 460 2588 ἐν
477 2559 522 2594 οἷς
546 2561 682 2594 ἐξέθεντο
698 2562 772 2589 κατὰ
788 2563 842 2596 τὰς

58 2594 137 2627 θείας
148 2594 281 2630 Γραφάς.
293 2594 371 2624 Hunc
384 2598 472 2624 locum
484 2604 539 2623 non
552 2596 743 2624 intellexerunt
755 2594 841 2624 inter;

58 2634 167 2666 pretes:
177 2630 334 2666 intelligunt
348 2633 420 2660 enim
432 2631 562 2658 Acaciani
576 2632 659 2658 verba
671 2640 730 2666 qua}
740 2634 766 2659 in
786 2632 840 2659 for-

59 2665 217 2702 m_ula__fidei
241 2665 298 2693 suae
322 2667 495 2702 addiderant,
520 2667 589 2702 κατὰ
603 2666 652 2698 τὰς
680 2665 759 2699 Θείας
772 2668 841 2702 Γρα-

59 2699 124 2736 ad;
134 2699 203 2726 Nam
221 2701 266 2728 alii
283 2703 391 2736 quidem
413 2701 510 2729 Filium
539 2701 613 2727 Patri
639 2702 757 2728 similem
781 2699 842 2730 esse

38 2766 46 2773 Ἴ
59 2733 186 2773 dicebant
198 2733 372 2773 κατίοῦσίαν,
400 2738 445 2773 alii
460 2744 525 2773 vero
539 2737 609 2763 κατὰ
625 2737 724 2764 πάντα.
741 2736 841 2773 Yernm

43 2771 186 2797 *Acaciani
204 2771 321 2799 similem
335 2772 485 2801 secundum
503 2771 660 2806 Scripturas
684 2772 842 2806 proﬁteban-

60 2808 111 2837 tur.
127 2805 243 2833 subdole
259 2812 285 2834 et
302 2807 499 2835 fraudulenter.
516 2805 639 2842 Cumque
654 2805 721 2842 ipsis
739 2807 841 2839 objirc-

60 2843 143 2875 retur,
161 2842 300 2875 quomodo
321 2843 421 2871 Filium
447 2842 493 2870 Dei
522 2843 689 2870 dicercntex
714 2843 799 2869 nihilo
814 2846 841 2869 ct

62 2872 220 2903 dissimilem
235 2876 320 2911 Patri,
337 2886 399 2906 cum
415 2878 537 2906 eumdem
560 2878 702 2906 crederent
714 2878 795 2905 Deum
808 2877 840 2905 de

895 2457 960 2496 Deo“,
977 2457 1189 2492 respondebant,
1208 2457 1369 2496 Apostolurn
1385 2456 1490 2496 dixisse
1510 2455 1604 2496 omnia
1618 2462 1679 2496 esse

893 2499 926 2520 ex
942 2493 1007 2524 Deo,
1020 2491 1081 2520 cum
1097 2496 1187 2519 tamen
1201 2491 1293 2520 creata
1305 2492 1360 2519 sint
1372 2498 1404 2518 ex
1414 2491 1510 2523 nihilo,
1520 2493 1547 2518 et
1559 2491 1678 2518 dissimi-

893 2527 928 2554 lia
944 2528 1000 2556 sint
1011 2528 1074 2555 Deo.

930 2563 984 2598 (48)
1003 2563 1057 2590 Kal
1073 2562 1126 2589 τὸν
1138 2563 1173 2589 ὲν
1181 2562 1317 2598 ,Αἰγύπτῳ
1331 2561 1517 2598 utpar-nrde
1527 2560 1677 2598 Artemium

893 2595 1023 2635 intelligit
1042 2598 1144 2635 ducem
1171 2595 1293 2635 βρέγμα,
1315 2600 1345 2635 ut
1370 2595 1628 2635 tes_tatur_.!ulianus
1649 2595 1677 2621 in

894 2630 1008 2668 epistola
1017 2633 1050 2660 ad
1062 2630 1271 2668 Alexandrinos,
1285 2635 1311 2668 et
1322 2632 1481 2658 Ammianus
1493 2630 1675 2668 lliarcellinus.

895 2666 944 2696 llic
975 2674 1068 2703 postca
1100 2671 1230 2702 regnante
1258 2666 1366 2703 Iuliano
1393 2666 1516 2703 martyrii
1546 2672 1676 2703 coronam

896 2699 1011 2740 adeptus
1033 2707 1086 2740 est,
1112 2699 1147 2730 ab
1172 2702 1370 2740 Alexandrinis
1396 2699 1522 2740 occisus,
1543 2708 1575 2728 eo
1600 2699 1676 2740 quod

895 2735 1049 2775 Constantii
1063 2735 1232 2775 temporibus
1245 2737 1344 2775 templa
1362 2744 1393 2763 ac
1405 2736 1518 2764 delubra
1536 2735 1675 2775 gentilium

895 2774 1069 2801 Alexandriae
1097 2772 1290 2801 destruxissel.
1321 2772 1433 2798 Exstant
1459 2775 1519 2798 acta
1542 2772 1678 2805 passionis

895 2810 955 2844 ejus
972 2809 1042 2841 apud
1057 2808 1237 2843 Lipomanum
1252 2811 1278 2834 et
1289 2805 1409 2839 Surium,
1426 2806 1537 2833 minime
1556 2809 1678 2832 contento

895 2845 998 2873 nenda.
