1899 3077
78 133 92 159 1
98 133 150 161 209

566 135 727 165 HISTORIA
748 138 1024 169 ECCLESIASTICA.
1045 158 1080 162 —
1095 143 1160 170 LlB.
1182 143 1212 170 V.

1642 147 1712 175 1910

72 193 145 225 ’τοὺς
157 193 208 229 μὲν
221 194 385 230 ἐχειρώσατο
397 202 404 210 ·
415 187 484 227 τοὺς
495 195 522 223 δὲ
536 196 687 234 ἐζώγρησε.
701 199 822 235 Λαμπρὸη

957 206 993 234 nt,
1026 204 1127 231 multos
1151 211 1246 231 eorum
1269 202 1415 235 interfecit,
1433 203 1502 231 alios
1516 203 1592 232 vivos
1609 207 1707 240 ccpit‘.

73 239 207 274 τηνικάδε
220 240 323 273 φανεὶς,
339 241 386 267 καὶ
401 241 453 268 ὑπὸ
468 243 643 278 μετριότητος
659 245 706 271 καὶ
719 246 869 278 ἐπιεικείας

74 285 279 320 κεχαρισμένος
294 287 350 317 τοῖς
366 287 546 322 στρατιώταις
560 290 690 323 γεγονὼς,
705 291 870 326 ἀναγορεύε-

72 340 124 358 ται
142 333 210 367 πρὸς
223 332 313 359 αὐτῶν
331 333 473 367 σεσᾳστός.
489 335 580 369 Μηδὲν
592 336 621 362 δὲ
635 337 700 371 περὶ
711 336 818 369 τούτου,
831 338 870 368 ὡς

73 377 164 409 εἰκὸς,
182 378 251 414 πρὸς
265 379 454 406 Κωνστάντιον
472 383 720 418 παραιτησάμενος,
737 383 869 418 ἄρχοντας

76 423 130 458 μὲν
144 424 208 455 τοὺς
230 425 275 451 ὑπ’
290 425 372 451 αὐτοῦ
389 427 627 462 χειροτονηθέντας
649 428 762 463 ἡμειϐεν
775 437 782 443 '
807 428 869 454 ἐπί-

73 470 158 504 τηδες
179 470 206 496 δὲ
225 471 272 496 καὶ
288 471 338 503 τὰς
360 472 505 504 ἐπιστολὰς
525 469 679 506 ἐπεδείκνυξ
700 475 734 501 δι’
752 471 790 502 ὧν
807 476 869 506 τοὺς

75 515 234 551 βαρᾶὶρους
251 517 342 545 καλῶν
361 519 431 545 κατὰ
447 520 633 554 Μαγνεντίου,
656 522 696 552 εἰς
717 522 868 556 Ῥωμαίους

74 562 194 596 ἤγαγεν
211 563 343 599 ἐξαπίνης
353 565 381 592 δὲ
396 565 446 600 τὴν
461 565 608 601 θρησκείαν
618 567 787 601 μεταϐαλὼν,
800 568 863 603 πρό-

74 616 158 642 τερον
188 611 382 644 χριστιανίζειν
418 611 524 642 δοκῶν,
558 612 688 648 ἀρχιερέα
728 612 868 648 ὠνόμαζεν

74 654 186 686 ἑαυτὸν,
205 657 253 687 x1},
267 658 321 687 τοῖς
345 657 479 692 Ἐλλήνων
502 659 576 689 ναοῖς
601 658 704 693 ἐφοίτα,
728 659 774 686 καὶ
794 659 866 691 ἔθυε,

73 701 126 727 καὶ
141 703 204 733 τοὺς
220 702 356 737 ὑπηκόους
374 701 425 730 ὦδε
446 704 607 739 θρησκεύειν
631 705 732 731 ἔπειθε.
750 706 866 740 Προσδο-

71 748 209 783 κωμένων
222 748 249 775 δὲ
266 749 377 784 Περσῶν
399 750 546 785 Ῥωμαίοις
562 751 750 786 ἐπιθήσεσθαι,
765 753 812 779 καὶ
823 752 866 779 διὰ

69 794 156 821 τοῦτο
178 795 206 821 ὲν
229 796 312 831 Συρία
330 796 517 822 Κωνσταντίου
541 797 734 832 διατρίϐοντος,
756 798 866 832 λογισά-

72 848 159 875 μενος
179 841 301 876 ἀμαχητὶ
316 841 445 868 δύνασθαι
459 841 512 869 τῶν
528 842 664 878 Ἰλλυριῶν
685 845 805 878 κρατεῐν,
826 844 865 870 εἷ-

69 893 140 920 χετο
153 886 202 920 τῆς
214 887 257 912 ὲπ¹
273 886 370 918 αὐτοὺς
383 887 443 913 ὁδοῦ
458 895 465 903 ⁸
486 888 621 922 πρόφασιν
635 889 806 924 ποιούμενος,
828 890 866 922 ὡς

69 932 224 966 ἀπολογίας
238 933 318 969 χάριν
333 933 439 961 ἐλαύνει
454 935 522 970 πρὸς
535 935 723 962 Κωνστάντιον
738 936 808 972 ὑπὲρ
818 937 864 963 τοῦ

70 977 114 1013 μὴ
132 978 202 1004 ἑκὼν
215 979 289 1011 δόξαι
306 980 376 1015 πρὸς
390 979 445 1007 τῶν
464 981 636 1016 στρατιωτῶν
661 982 736 1017 παρὰ
754 982 865 1019 γνώμην

69 1024 157 1050 αὑτοῦ
171 1024 204 1050 τὰ
219 1024 342 1060 σύμϐολα
355 1026 406 1061 τῆς
420 1027 559 1061 βασιλείας
575 1027 783 1062 καταδέχεσθαι.
812 1029 864 1055 Λέ-

66 1077 152 1103 γεται
166 1070 194 1096 δὲ
215 1070 295 1106 ἡνίκα
314 1071 367 1106 πρὸ
387 1071 442 1098 τῶν
460 1072 524 1107 τῇδε
548 1073 618 1108 ὅρων
635 1073 731 1108 ὲπέὃη,
749 1073 798 1106 τὰς
816 1075 864 1109 μὲν

66 1114 213 1149 ἀμπέλους
227 1116 294 1150 μετὰ
307 1116 410 1151 τρύγην
423 1116 494 1152 ἀμφὶ
508 1117 557 1152 τὴν
572 1118 625 1144 τῶν
641 1118 776 1145 Πλειάδων
790 1119 864 1146 δύσιν

66 1160 207 1196 ὁμφάκων
226 1161 340 1196 πλήρεις
362 1162 480 1197 φανῆναι
499 1170 506 1177 ·
534 1163 582 1198 τὴν
607 1164 634 1190 δὲ
655 1164 708 1190 ἀπὸ
721 1164 766 1190 τοῦ
784 1165 864 1200 ἀέρος

66 1207 180 1242 δρόσον,
195 1207 365 1242 διαχεθεῖσαν
378 1208 448 1235 κατά
464 1208 514 1244 τῆς
531 1209 614 1236 αὑτοῦ
627 1211 740 1245 ἐσθῆτος
752 1212 797 1237 καὶ
811 1211 863 1238 τῶν

66 1254 224 1289 ἑπομένων,
246 1254 306 1280 καθ’
322 1255 440 1290 ἑκάστην
463 1255 591 1289 σταγόνα,
612 1257 729 1291 σταυροῦ
750 1259 864 1292 σημεῖον

66 1300 236 1328 ὲντυπῶσαι.
254 1300 355 1327 Ἐδόκει
372 1301 400 1327 δὲ
415 1301 490 1337 αὐτῷ
505 1301 551 1328 καὶ
569 1301 674 1333 πολλοῖς
689 1302 743 1328 τῶν
758 1303 862 1330 συνιόν-

65 1355 125 1372 των
146 1346 212 1381 (51),
235 1347 260 1372 οἱ
287 1347 337 1381 μὲν
361 1346 473 1381 βότρυες
497 1348 574 1383 παρὰ
602 1348 697 1384 καιρὸν
721 1350 861 1383 φανέντες,

67 1392 207 1427 σύμϐολον
222 1390 290 1420 εἶναι
305 1393 405 1427 ἀγαθόν
417 1401 423 1408 ·
440 1394 456 1429 ἡ
467 1393 494 1420 δὲ
507 1394 602 1428 δρόσος
617 1395 649 1421 ὲκ
662 1396 864 1430 παρατυχόντος

65 1435 122 1465 ὧδε
136 1439 186 1473 τὴν
202 1439 303 1474 ἐσθῆτα
327 1439 487 1471 καταστίξαι
504 1439 564 1466 καθ’
579 1437 612 1475 ἧς
636 1440 714 1475 ἔτυχε
731 1440 861 1468 πεσοῦσα.

67 1484 166 1511 ⁸Ἀλλοι
191 1484 219 1511 δὲ
238 1485 328 1519 ἔλεγον
343 1486 398 1512 τοῖν
414 1485 567 1521 συμόόλοιν,
584 1486 614 1512 τὸ
633 1486 692 1521 μὲν,
708 1485 796 1521 ἄωρον
814 1495 863 1521 ση-

68 1530 178 1565 μαίνειν
191 1530 349 1557 ἀπολεῖσθαι
365 1531 410 1557 τὸν
429 1531 551 1566 βασιλέα,
565 1531 697 1566 ὸμφὰκων
710 1531 798 1567 δίκην,
816 1533 862 1558 καὶ

65 1576 254 1612 ὀλιγοχρόνιον
279 1576 389 1603 ἔσεσθαι
410 1576 492 1604 αὑτοῦ
516 1577 565 1612 τὴν
588 1577 726 1612 βασιλείαν
740 1587 746 1593 '
771 1578 802 1604 τὺ
821 1579 861 1610 δὲ,

66 1623 240 1658 προμηνύειν
253 1622 378 1658 οὐράνιον
391 1622 461 1650 εἶναι
475 1623 504 1649 τὸ
513 1623 601 1658 δόγμα
614 1623 668 1650 τῶν
680 1625 862 1659 Χριστιανῶν,

68 1669 119 1695 καὶ
135 1669 234 1704 χρῆναι
247 1669 352 1700 πάντας
372 1668 411 1704 τῷ
428 1669 533 1704 σημείῳ
548 1669 595 1695 τοῦ
610 1670 726 1705 σταυροῦ
742 1678 863 1704 καταση-

70 1714 218 1749 μανθῆναι,
238 1715 282 1746 Ὠς
296 1714 367 1741 ἔοικε
382 1715 421 1748 δὲ,
438 1716 461 1741 οἱ
475 1715 605 1742 τάναντία
619 1715 657 1750 τῷ
674 1715 779 1750 βασιλεῖ
791 1715 864 1748 δοξά-

70 1768 180 1793 σαντες,
198 1760 228 1786 οὐ
245 1760 397 1796 διήμαρτον
410 1761 458 1795 τῆς
479 1760 607 1796 ἀληθείας
620 1769 628 1777 ⁸
651 1761 796 1796 ἀμφότερα
809 1761 863 1797 γὰρ

68 1807 205 1842 εὐστόχως
220 1807 346 1843 εἰρῆσθαι
363 1807 464 1842 προῖὼν
478 1807 492 1833 ὁ
510 1807 606 1843 χρόνος
619 1807 771 1839 ἀπέδειξεν.
787 1807 863 1833 Ἐπεὶ

67 1853 99 1880 δὲ
113 1853 228 1880 ἐπύθετο
244 1853 431 1885 Κωνστὰντιος
444 1854 634 1888 ἐκστρατεύειν
649 1854 691 1879 ἐπ’
706 1853 787 1880 αὐτὸν
799 1854 862 1880 ἰου-

68 1898 180 1931 λιανὸν,
207 1899 363 1926 καταλιπὼν
387 1899 435 1934 τὴν
460 1899 528 1934 πρὸς
557 1899 619 1931 τοὺς
642 1900 750 1935 Πέρσας
775 1908 863 1935 παρα-

70 1942 191 1979 σκευὴν,
220 1944 267 1970 ἐπὶ
294 1943 578 1979 τὴν,1(ωνσταντίνου
608 1944 686 1970 πόλιν
714 1944 861 1979 ἠπείγετο·

69 1989 153 2024 ἡνίκα
167 1989 199 2025 δὴ
215 1990 264 2025 τὴν
277 1990 432 2026 ὁδοιπορίαν
457 1989 626 2025 ποιούμενος,
645 1990 819 2026 ἐτελεύτησεν
833 1991 863 2017 ὲν

69 2035 189 2070 Μὸμψου
206 2037 329 2071 κρήναις,
347 2036 446 2071 μεταξὺ
464 2035 583 2062 Κιλίκων
605 2036 652 2063 καὶ
668 2036 863 2063 Καππαδοκῶν

70 2081 126 2107 τῶν
148 2081 216 2116 πρὸς
236 2081 275 2115 τῷ
293 2081 409 2116 Ταύρῳ·
434 2081 479 2116 ἔτη
503 2081 575 2116 ἀμφὶ
596 2081 802 2117 τεσσαράκοντα
815 2082 863 2108 καὶ

71 2126 154 2153 πέντε
172 2125 298 2160 γεγονώς.
327 2127 374 2159 Ἐξ
389 2124 426 2154 ὧν
449 2127 626 2162 τρισκαίδεκα
650 2127 698 2155 σὺν
720 2126 758 2162 τῷ
779 2128 863 2164 πατρὶ

71 2172 241 2204 ἐϐασίλευσε,
260 2173 340 2199 πέντε
357 2173 386 2199 δὲ
400 2173 447 2199 καὶ
464 2173 549 2200 εἴκοσι
566 2174 624 2208 μετ’
646 2174 758 2200 ἐκεῖνον.
785 2174 862 2201 Ἐπεὶ

920 247 978 281 Qua
995 257 1026 275 ex
1039 250 1212 284 reingentem
1226 250 1339 284 gloriam
1355 250 1488 285 adeptus,
1513 258 1574 277 cum
1601 251 1636 278 ob
1653 259 1711 278 mo-

920 295 1034 322 destiam
1049 303 1080 322 ac
1098 303 1204 322 morum
1221 296 1357 323 lenitatem
1373 296 1550 331 gratissimus
1566 301 1639 324 esset
1661 298 1711 324 mi-

919 340 1028 372 litibus,
1043 342 1182 376 Augustus
1202 342 1236 369 ab
1253 342 1350 370 iisdem
1369 343 1551 370 renuntiatur.
1574 342 1710 377 Nullaque

919 386 955 412 ob
982 385 1008 412 id
1034 385 1136 413 factum
1165 387 1343 414 excusatione
1368 395 1452 419 usus,
1477 388 1550 416 sicut
1567 395 1616 422 par
1639 393 1708 420 erat,

920 431 991 466 apud
1007 431 1213 465 Constantium,
1233 433 1339 466 judices
1353 434 1462 468 quidem
1477 434 1511 460 ab
1527 441 1559 460 eo
1569 438 1710 468 promotos

919 477 1036 504 mutavit
1050 497 1057 509 ,
1074 477 1180 505 litteras
1206 482 1296 506 autem
1311 479 1371 513 ejus
1391 479 1424 506 de
1441 479 1574 507 industria
1587 483 1709 507 ostenta-

918 523 968 554 vit,
985 523 1086 558 quibus
1104 523 1148 551 ille
1162 523 1295 551 barbaros
1307 525 1340 551 ad
1356 525 1454 552 bellum
1472 530 1567 553 contra
1581 526 1710 562 Magnen-

918 567 986 594 tium
1014 567 1144 600 invitans,
1160 568 1188 595 in
1214 569 1370 603 provincias
1386 569 1571 598 Romanorum
1594 571 1709 599 induxe-

918 618 970 640 rat.
992 612 1116 648 Cumque
1139 620 1218 640 antea
1247 613 1423 642 Christianus
1447 616 1532 643 fuisse
1552 617 1706 650 videretur,

918 662 1029 692 repente
1043 663 1145 686 mutata
1161 659 1304 694 religione,
1318 660 1464 695 semetipso
1474 662 1628 695 pontiﬁcem
1648 670 1708 690 ma-

917 704 1021 730 ximum
1040 704 1206 738 appellavit:
1221 708 1247 731 ct
1265 704 1407 739 gentilium
1422 706 1522 740 templa
1540 706 1706 741 ingrediens,

918 747 972 775 diis
988 747 1172 780 sacriﬁcavit,
1198 752 1225 776 et
1245 749 1366 776 subditis
1389 749 1506 776 suadere
1522 751 1604 785 cmpit
1630 756 1659 778 ut
1676 760 1708 779 eo

917 794 971 821 ritu
998 795 1065 822 deos
1090 795 1221 822 colerent.
1242 794 1338 828 Porro,
1355 803 1416 822 cum
1434 800 1523 823 metus
1539 797 1665 824 subesset
1675 806 1709 825 ne

917 839 1008 868 Persa
1032 841 1060 867 in
1084 840 1272 868 Romanorum
1296 841 1429 868 ditionem
1454 841 1652 876 irrumperent,
1668 847 1709 869 at-

917 893 970 921 que
984 886 1087 912 idcirco
1103 886 1284 914 Constantius
1307 887 1334 914 in
1345 886 1423 922 Syria
1438 893 1605 918 moraretur,
1622 889 1709 914 anim-

916 931 1063 959 adverteris
1091 931 1218 959 Julianus
1241 941 1271 960 se
1294 933 1398 967 absque
1425 933 1480 959 ullo
1502 934 1598 968 proelio
1624 934 1710 970 Illyri-

916 986 978 1005 cum
1003 985 1139 1012 occupare
1166 986 1265 1013 posse,
1292 986 1325 1006 eo
1351 979 1495 1007 contendit
1520 989 1527 1007 :
1548 980 1653 1015 fingens
1679 988 1709 1008 se

916 1023 1067 1051 excusandi
1083 1023 1125 1050 sui
1147 1030 1242 1056 causa,
1270 1024 1304 1050 ad
1318 1023 1511 1051 Constantium
1527 1024 1581 1051 iter
1599 1026 1707 1058 facere,

915 1077 949 1097 ne
972 1070 1053 1105 178
1071 1078 1121 1098 sua
1143 1075 1241 1105 sponte
1265 1075 1364 1105 praeter
1380 1071 1455 1098 illius
1477 1072 1651 1099 voluntatem
1666 1071 1708 1099 in-

915 1116 1005 1151 signia
1033 1117 1139 1152 imperii
1170 1125 1184 1144 a
1214 1117 1349 1145 militibus
1379 1119 1537 1153 suscepisse
1555 1118 1706 1145 videretur.

915 1161 1049 1190 Caeterum
1073 1170 1105 1189 eo
1122 1162 1238 1197 primunt
1259 1163 1430 1198 ingrediente
1459 1164 1486 1190 in
1511 1163 1579 1190 lines
1600 1163 1707 1198 Illyrio-

914 1217 987 1241 rum,
1017 1209 1094 1236 aiunt
1119 1209 1187 1236 vites
1199 1208 1308 1244 quidem
1336 1214 1398 1244 post
1426 1213 1537 1244 tempus
1563 1210 1707 1237 vindemia:

915 1254 988 1281 circa
1008 1262 1137 1282 occasum
1155 1254 1354 1290 Vergiliarum,
1381 1256 1442 1283 uvis
1469 1255 1576 1283 acerbis
1610 1256 1706 1290 plenas

915 1300 1007 1327 subito
1024 1301 1183 1335 apparuisse
1202 1311 1208 1328 :
1226 1309 1317 1328 rorem
1332 1308 1396 1328 vero
1419 1309 1452 1328 ex
1471 1309 1534 1328 aere
1551 1301 1706 1336 delapsum,

915 1347 1008 1374 tumin
1026 1347 1085 1380 ejus
1098 1347 1255 1382 chlamyde.
1273 1351 1332 1374 tum
1352 1347 1379 1374 in
1400 1347 1525 1374 vestibus
1541 1355 1637 1374 eorum
1659 1349 1706 1383 qui

915 1393 1004 1428 ipsum
1025 1393 1222 1428 sequebantur,
1243 1393 1353 1428 signum
1374 1392 1466 1419 crucis
1490 1392 1606 1427 singulis
1622 1393 1707 1427 guttis

914 1438 1085 1473 depinxisse.
1125 1438 1157 1464 Et
1186 1438 1245 1472 ipse
1270 1437 1398 1472 quidem,
1431 1437 1621 1471 comitumque
1647 1436 1707 1470 ejus

915 1484 1112 1520 qnamplurimi
1126 1505 1132 1516 ,
1162 1491 1229 1511 uvas
1253 1483 1446 1518 intempestive
1468 1487 1635 1518 apparentes
1657 1490 1707 1518 pro

914 1531 986 1558 bono
999 1531 1090 1557 omine
1110 1529 1299 1564 accipiebant;
1319 1537 1408 1556 rorem
1426 1537 1491 1556 vero
1506 1537 1571 1556 casu
1588 1529 1706 1563 quodam

914 1577 1028 1604 fortuito
1049 1579 1138 1604 vestes
1160 1576 1187 1602 in
1205 1583 1275 1610 quas
1302 1575 1464 1606 ceciderat,
1485 1575 1522 1601 ita
1549 1574 1708 1610 depinxisse

914 1623 1108 1658 opinabantur.
1125 1622 1177 1648 Alii
1196 1621 1336 1653 dicebant,
1365 1629 1396 1648 ex
1416 1621 1458 1648 his
1476 1620 1587 1647 duobus
1611 1620 1706 1655 prodi-

914 1668 978 1704 giis,
992 1668 1109 1695 alterum
1123 1667 1236 1702 quidem
1260 1667 1423 1702 portendere
1444 1667 1638 1702 imperatorem
1659 1667 1706 1693 im.

913 1719 1023 1741 maturo
1050 1713 1126 1741 exitu
1156 1714 1328 1747 periturum,
1355 1713 1467 1748 perinde
1490 1720 1522 1740 ac
1544 1721 1610 1740 uvas
1639 1713 1702 1741 illas

914 1767 1086 1794 regnumque
1109 1759 1184 1785 illius
1206 1758 1282 1786 brevi
1300 1763 1424 1793 tempore
1443 1759 1610 1786 duraturum
1627 1766 1705 1792 esse;

914 1806 1031 1832 alterum
1055 1812 1121 1832 vero
1140 1805 1288 1839 praedicere
1307 1804 1528 1832 Christianorum
1544 1805 1706 1840 religionem

914 1851 1058 1880 cmlestem
1076 1859 1152 1884 esse,
1170 1856 1342 1886 cunctosque
1355 1851 1434 1885 signo
1448 1852 1539 1878 crucis
1549 1851 1705 1886 consignari

914 1901 1054 1933 oportere.
1078 1897 1118 1924 Ac
1140 1905 1201 1924 meo
1216 1897 1327 1932 quidem
1343 1896 1466 1932 judicio,
1488 1897 1507 1923 ii
1522 1897 1569 1931 qui
1591 1897 1705 1924 adversa

914 1944 1073 1979 imperatori
1093 1943 1310 1979 augurabantur,
1330 1950 1345 1969 ει
1363 1943 1479 1970 veritate
1499 1943 1610 1970 minime
1625 1943 1705 1970 aber-

913 1994 1020 2017 rarunt.
1044 1989 1199 2024 Utrumque
1223 1990 1296 2017 enim
1322 1988 1397 2016 felici
1417 1989 1577 2023 conjectura
1595 1990 1629 2016 ab
1650 1990 1704 2016 illis

913 2037 1017 2064 dictum
1048 2036 1145 2066 fuisse.
1178 2043 1341 2070 progressus
1376 2036 1509 2069 temporis
1538 2035 1702 2062 declaravit.

913 2082 1095 2110 Constantius
1112 2088 1211 2116 porro,
1229 2088 1290 2107 cum
1308 2080 1448 2107 Julianum
1468 2081 1568 2108 bellum
1591 2081 1644 2115 ipsi
1661 2080 1704 2107 in-

914 2129 986 2156 ferre
1013 2127 1175 2159 didicisset,
1199 2126 1296 2154 relicto
1321 2126 1386 2154 belli
1411 2131 1545 2161 apparatu
1571 2126 1704 2154 adversus

914 2173 1023 2206 Persas,
1039 2171 1309 2206 Constantinopolim
1325 2171 1478 2199 contendit.
1503 2171 1556 2198 Sed
1574 2171 1639 2198 dum
1653 2172 1705 2198 iter

71 2218 98 2244 δὲ
121 2218 312 2252 ἐτελεύτησεν,
336 2218 350 2243 ὁ
377 2218 426 2252 μὲν
448 2218 590 2250 Ἰουλιανὸς
611 2218 662 2253 ἤδη
685 2219 733 2254 τὴν
753 2219 821 2255 Θρᾲ)

955 2224 1028 2249 :eret,
1044 2217 1245 2254 Mopsucrenis,
1260 2217 1309 2252 qui
1326 2217 1406 2245 locus
1422 2222 1464 2245 est
1480 2217 1555 2245 inter
1566 2217 1666 2245 Cilices
1679 2221 1705 2244 et

71 2262 156 2298 εἶχεν.
169 2264 226 2290 Οὐκ
241 2263 282 2295 εἰς
297 2263 404 2298 μακρὰν
420 2263 447 2290 δὲ
457 2265 497 2295 είς
512 2264 562 2298 τὴν
575 2264 861 2292 Κωνσταντινούπολιν

72 2308 174 2342 ἐλθὼν,
201 2308 380 2344 αὐτοκράτωρ
408 2309 590 2345 ἀνηγορεύθη.
620 2309 650 2335 Οἱ
677 2309 707 2335 δὲ
730 2308 860 2344 ’Έλληνες

72 2355 254 2389 ἐλογοποίουν,
269 2354 307 2386 ὡς
327 2355 374 2381 καὶ
391 2355 443 2390 πρὸ
455 2355 503 2381 τοῦ
519 2355 643 2386 Γαλάτας
656 2354 798 2382 ἀπολιπεῖν
813 2356 861 2381 αὺ-

72 2402 128 2433 τὸν,
150 2401 274 2436 μαντικοὶ
296 2401 343 2428 καὶ
359 2400 485 2436 δαίμονες
502 2402 547 2428 ἐπὶ
562 2401 665 2436 ταύτην
683 2401 732 2437 τὴν
747 2401 863 2436 ἐκστρα-

73 2447 148 2474 τείαν
163 2447 303 2482 ἐκίνησαν,
317 2447 362 2474 τὸν
376 2447 565 2474 Κωνσταντίου
587 2447 701 2474 θάνατον
719 2447 861 2482 προμηνύ-

75 2502 180 2525 σαντες,
198 2495 245 2521 xui.
259 2493 308 2529 τὴν
321 2493 374 2520 τῶν
397 2494 566 2529 πραγμάτων
584 2494 746 2529 μεταϐολήν.
764 2492 817 2520 Ἶιν
832 2493 859 2519 δὲ

73 2541 127 2576 ἄρα
141 2540 252 2567 πιθανὸν
268 2541 420 2576 πρόγνωσιν
438 2540 524 2567 ταῦτα
539 2540 640 2573 καλεῖν,
658 2542 681 2566 εἰ
698 2540 735 2575 μὴ
748 2541 794 2566 καὶ
808 2541 856 2566 ab-

73 2586 117 2614 τὸν
142 2587 204 2613 ὅσον
229 2586 306 2613 οὔπω
327 2587 358 2613 τὸ
379 2587 426 2613 τοῦ
451 2587 507 2622 βίου
531 2586 608 2618 τέλος
625 2586 752 2620 ἔφθασεν,
776 2586 813 2618 ὡς
828 2587 858 2613 ὲν

73 2631 170 2667 ὀνείρῳ
185 2633 235 2667 τῆς
249 2631 386 2667 βασιλείας
401 2633 580 2668 γευσάμενον.
601 2622 704 2667 Εὕηθες
718 2633 772 2667 γὰρ
784 2630 859 2667 οἶμαι

109 2721 116 2736 ¹
139 2720 220 2748 Socr.
237 2721 284 2749 lib.
309 2729 341 2754 ιι,
355 2728 380 2748 c.
393 2721 442 2748 ult.
457 2725 483 2748 ct
500 2721 547 2748 lib.
564 2728 605 2754 ιιι,
624 2728 649 2748 c.
670 2722 693 2748 l.

916 2265 1096 2301 Cappadoces
1122 2264 1171 2300 qui
1194 2264 1315 2291 Taurum
1341 2264 1484 2297 accolunt,
1509 2263 1566 2291 fato
1594 2263 1706 2292 functus

915 2317 976 2345 est,
996 2319 1084 2339 annos
1102 2314 1184 2339 natus
1199 2311 1322 2346 quinque
1336 2314 1361 2338 et
1375 2311 1568 2346 quadraginta.
1591 2309 1630 2337 Ex
1643 2311 1705 2346 qui-

912 2359 965 2386 bus
987 2357 1119 2385 tredecim
1145 2356 1259 2391 quidem
1287 2364 1342 2383 una
1368 2363 1431 2383 cum
1457 2359 1548 2391 patre,
1583 2356 1707 2391 quinque

915 2412 980 2432 vero
995 2411 1027 2431 ac
1042 2403 1143 2438 viginti
1159 2406 1222 2437 post
1237 2402 1298 2437 ejus
1311 2402 1416 2430 obitum
1428 2402 1584 2437 imperavit.
1598 2401 1705 2429 Mortuo

915 2449 1012 2484 itaque
1020 2448 1194 2481 Constantio,
1212 2447 1341 2476 Julianus
1357 2448 1467 2483 quidem
1483 2447 1538 2480 jam
1559 2447 1705 2474 Thraciam

913 2495 1068 2523 obtinebat.
1089 2493 1192 2522 Verum
1208 2495 1290 2530 paulo
1305 2499 1367 2531 post
1391 2494 1532 2530 ingressus
1547 2493 1705 2521 Constanti-

913 2543 1046 2578 nopolim,
1064 2542 1215 2577 imperator
1231 2545 1274 2570 est
1299 2541 1464 2576 appellatus.
1486 2541 1621 2568 Cancrum
1638 2548 1705 2575 gen-

911 2589 974 2616 tiles
993 2589 1104 2616 aiebant
1132 2596 1212 2620 eum,
1236 2587 1323 2614 multo
1355 2591 1418 2615 ante
1438 2594 1520 2622 quam
1549 2594 1581 2614 ex
1607 2585 1703 2613 Galliis

912 2634 1084 2666 discederet,
1109 2633 1143 2660 ad
1170 2633 1242 2661 hanc
1269 2632 1471 2668 expeditionem
1498 2630 1702 2666 suscipiendam

673 2797 805 2824 VALEbll
819 2797 1102 2825 ANNOTATIONES.

111 2846 166 2882 (Si)
183 2846 235 2873 Καὶ
253 2845 379 2878 πολλοῖς
393 2845 451 2871 τῶν
469 2845 644 2872 συνιόντων,
666 2843 770 2871 Mallem
798 2843 861 2869 srril

327 2845 379 2878 [οἷς
393 2845 451 2871 τῶν
469 2845 644 2872 συνιόντων,
666 2843 770 2871 Mallem
798 2843 916 2871 scribere
935 2843 1077 2870 συνόντων.
