1899 3077
194 130 262 159 1211

922 126 1091 156 SOZOMENI

1769 123 1840 151 ιειε

193 189 338 217 incitatum
355 184 441 214 luisse
465 192 480 212 a
504 184 612 212 vatibus
631 185 715 218 atque
736 181 920 215 daemonibus,
935 183 983 218 qui

1057 183 1135 217 ἐγειν,
1150 183 1187 214 ὡς
1204 182 1248 208 διὰ
1264 181 1312 217 τῆς
1329 181 1461 216 μαντικῆς
1478 179 1594 216 προῐδὼν
1611 179 1659 214 τὴν
1675 178 1842 213 αὐτόματον

194 237 219 261 et
234 231 390 260 Constantii
407 233 535 260 mortem,
551 232 578 256 et
598 228 719 255 futuram
742 235 835 255 rerum
856 229 985 255 mutatio-

194 286 258 305 nem
274 277 298 304 ei
312 276 506 312 praedixerant.
519 273 617 301 Posset
635 273 661 300 id
677 272 787 308 quidem
802 280 856 300 non
868 273 985 300 absurde

195 322 290 350 vocari
309 320 480 357 praescientia
500 326 592 346 rerum
610 319 776 349 futurarum,
793 318 844 345 nisi
870 319 985 353 ipsemet.

196 368 289 395 statim
309 371 396 393 morte
412 369 566 400 praeventus
582 363 698 395 luisset,
720 363 836 398 imperio
860 364 933 390 velut
956 363 983 390 in

196 414 301 441 somnis
319 412 454 438 duntaxat
465 410 621 445 degustato.
639 408 759 436 Stultum
779 410 862 440 enim,
881 413 911 436 ut
924 410 984 443 opi-

196 466 257 490 nor,
277 457 359 484 fuerit
386 457 494 489 dicere,
513 463 587 488 eum,
614 463 676 483 cum
701 455 809 482 fatalem
831 453 986 482 Constantii

197 504 350 535 interitum,
360 508 387 530 et
400 511 476 530 suam
488 503 575 537 ipsius
590 502 690 529 caedem
702 502 728 528 in
743 500 854 528 Perside
866 500 984 526 futuram

198 557 247 584 per
264 549 404 576 divinandi
423 553 509 575 artem
532 547 713 582 praevidisset,
729 546 801 574 ultro
816 545 849 572 ad
870 549 985 572 mortem

199 600 261 622 ante
279 595 375 622 oculos
393 595 510 629 positam
528 600 690 628 properasse
707 601 713 619 :
728 599 790 627 quae
805 591 858 626 ipsi
875 590 986 626 quidem

1036 228 1224 256 Κωνσταντίου
1237 227 1375 263 τελευτὴν,
1391 228 1437 253 καὶ
1454 226 1503 262 τὴν
1517 226 1599 253 αὑτοῦ
1618 224 1698 260 παρὰ
1717 224 1841 258 Πέρσαις

1037 273 1154 309 σφαγὴν.
1170 273 1282 308 ὲκοντὴς
1297 274 1337 304 εἰς
1350 271 1488 309 προῦπτον
1501 273 1585 308 ἥλατο
1601 272 1726 299 θάνατον
1737 280 1746 286 ⁸
1769 271 1842 306 αὐτῷ

1038 319 1099 355 μὲν,
1115 319 1192 346 οὐδὲν
1207 320 1248 346 ὅτι
1265 319 1302 355 μὴ
1315 319 1443 352 ἀϐουλίας
1459 319 1505 346 καὶ
1519 318 1642 354 ἀμαθοῦς
1660 318 1840 353 στρατηγίας

1037 365 1216 400 προσάψαντα
1233 365 1312 398 δόξαν
1330 365 1386 399 (52)
1412 364 1488 400 παρὰ
1510 364 1634 395 πολλοῖς·
1662 365 1701 399 τῇ
1720 363 1753 390 δὲ
1778 363 1842 389 Ῥω‹

1039 411 1127 446 μαίων
1151 411 1264 446 ὑπηκόῳ
1284 410 1412 438 τοσοῦτον
1426 411 1600 445 ἐπαγαγόντα
1623 410 1777 442 κίνδυνον,
1805 410 1840 441 ὡς

1040 456 1139 491 μικροῦ
1157 457 1256 487 πᾶσαν,
1269 456 1285 492 ἠ
1300 457 1331 483 τὸ
1346 456 1469 484 πλεῖστον
1485 457 1579 491 αὐτῆς,
1593 455 1780 482 κινδυνεῦσαι
1791 455 1841 481 ὑπὸ

1038 502 1158 538 Πέρσαις
1172 503 1311 537 γενέσθαι.
1329 503 1409 530 Ἀλλὰ
1424 502 1511 530 ταῦτα
1527 503 1584 538 μὲν¹
1600 503 1644 529 ἵνα
1663 502 1705 537 μὴ
1723 502 1840 536 παραλε-

1037 547 1145 582 λεῖφθαι
1160 549 1237 586 δόξῃ,
1258 546 1310 577 ὧδε
1327 549 1447 585 εἰρήσθω
1469 549 1553 584 ἡμῖν,
1580 551 1628 576 καὶ
1643 550 1704 584 ὅπη
1723 549 1840 579 ἕκαστος

1042 593 1177 628 βούλεται,
1191 595 1276 630 ταύτῃ
1293 594 1421 630 ἡγείσθω.

199 641 269 668 nihil
294 641 410 668 allatura
425 644 510 672 esset,
527 643 627 674 praeter
649 638 806 673 opinionem
830 636 1022 672 imprudentiae
1037 642 1120 674 atque
1155 640 1298 675 imperitia
1322 640 1362 668 rei
1397 640 1546 668 militaris:
1584 639 1716 669 Romano
1751 643 1838 666 autem

199 686 313 721 imperio
329 690 434 712 tantum
453 686 593 712 invectura
610 688 682 712 esset
699 683 864 718 periculum,
889 686 918 709 ut
953 690 1048 716 parum
1070 684 1189 713 abfuerit
1221 687 1287 721 quin
1310 686 1482 717 universum,
1515 692 1563 714 aut
1593 690 1669 714 certe
1696 693 1767 721 pars
1781 686 1837 720 ejus

199 733 330 764 maxima,
348 731 440 758 Persis
455 731 647 765 subjiceretur.
667 728 765 756 Verum
782 729 839 755 haec
849 727 964 773 quidem
975 734 991 754 ιι
1008 730 1088 758 nobis
1100 731 1137 758 ita
1149 731 1223 758 dicta
1237 733 1305 765 sint,
1319 739 1353 760 ne
1374 732 1559 768 pratermissa
1579 740 1641 760 esse
1668 731 1838 758 videantur:

201 780 302 815 singuli
315 785 379 806 vero
398 779 430 806 de
444 778 479 806 iis
494 782 627 815 statuant,
641 780 724 815 prout
740 774 887 803 voluerint.
919 777 926 780 “

526 812 665 851 (Sinin?

202 868 242 897 De
255 869 309 896 vita
321 873 346 896 et
361 869 528 896 institutione
547 876 579 894 ac
597 868 666 894 victu
680 864 787 894 Iuliani
795 864 846 900 {et
858 864 988 901 quomodo

415 903 450 930 ad
463 903 602 936 imperium
615 902 769 937 pervenerit.

239 948 305 977 Post
327 949 433 977 obitum
456 953 547 976 autem
568 947 741 980 Constantii,
767 946 991 982 persecutionum

207 998 297 1022 metus
324 994 474 1022 Ecclesiam
495 993 608 1021 invasit.
621 993 740 1028 Malique
755 991 836 1027 179
847 994 992 1027 exspecta-

206 1040 309 1067 tionem
336 1040 489 1075 graviorem
513 1040 573 1075 ipso
594 1039 666 1066 malo
686 1038 804 1066 faciebat
827 1035 992 1065 Christianis

205 1091 233 1113 et
250 1086 434 1121 longinquitas
449 1085 581 1120 temporis
596 1084 694 1120 elapsi,
710 1091 771 1119 quae
793 1083 860 1119 ipsis
878 1083 994 1111 oblivio-

206 1138 268 1158 nem
304 1139 336 1158 ac
373 1131 581 1158 desuetudinem
612 1130 773 1165 huiusmodi
806 1129 993 1165 periculorum

208 1177 351 1210 attulerat,
368 1181 395 1204 et
411 1180 585 1204 vetustorum
597 1176 774 1203 cruciatuum
787 1175 954 1209 recordatio,
968 1179 996 1202 et

209 1223 302 1250 odium
327 1222 460 1258 principis
489 1222 516 1249 in
538 1222 660 1257 ipsorum
686 1221 859 1257 religionem.
886 1220 994 1248 Etenim

209 1269 301 1297 statim
323 1269 358 1296 ab
380 1269 459 1296 initio
482 1268 562 1296 ﬁdem
591 1267 695 1296 Christi
723 1267 792 1295 adeo
823 1267 996 1302 impudenter

209 1315 360 1350 abnegasse
385 1314 484 1346 fertur,
505 1319 536 1341 ut
563 1313 709 1341 sacrificiis
728 1313 894 1348 quibusdam
914 1316 998 1348 atque

208 1360 430 1388 invocationibus
452 1367 522 1395 quas
545 1358 632 1386 Grmci
654 1358 827 1394 depulsorias
841 1362 956 1390 vocant,
971 1362 999 1386 et

208 1406 383 1433 victimarum
409 1405 543 1440 sanguine
575 1404 741 1439 baptismum
777 1403 998 1431 Christianorum

210 1451 322 1483 eluerit,
349 1450 531 1483 sacramentis
557 1449 686 1478 Ecclesia!
710 1450 873 1477 renuntians
891 1459 897 1476 :
917 1453 1000 1484 atque

1344 823 1472 850 ΚΕΦΔΛ.
1492 823 1529 849 B'.

1039 867 1110 902 Περὶ
1125 868 1198 904 ,βίου
1215 868 1266 896 καί
1285 868 1404 904 ἀγωγῆς
1427 868 1618 904 καινδιαιτης,
1641 868 1695 895 καὶ
1720 868 1778 902 τῆς
1795 870 1832 902 εἰ(

1145 902 1204 937 τὴν
1218 902 1386 936 ,ϐασιλείαν
1399 903 1532 938 παρόδου
1549 903 1734 931 Ἰουλιανοῦ.

1076 948 1268 976 Κωνσταντίου
1285 949 1313 976 δὲ
1333 949 1555 985 τελευτήσαντος,
1574 950 1613 981 είς
1627 948 1690 980 δέος
1709 949 1836 984 διωγμῶν

1041 994 1059 1030 ὴ
1081 993 1230 1030 Ἐκκλησία
1249 995 1413 1022 καθίστατο*
1437 995 1484 1022 καὶ
1502 995 1698 1030 φοϐερωτέραν
1713 995 1765 1029 τῆς
1780 996 1834 1022 πεί»

1045 1048 1092 1075 ρας
1112 1040 1164 1076 τὴν
1186 1041 1348 1076 προσδοκίαν
1371 1041 1489 1068 ἐποιεῖτο
1508 1042 1564 1073 τοῖς
1582 1041 1776 1077 Χριστιανοῖς,
1798 1042 1836 1067 ore

1043 1085 1088 1112 διὰ
1105 1086 1188 1121 μέσου
1205 1086 1288 1118 πολὺς
1312 1086 1417 1122 χρόνος,
1441 1086 1536 1122 ἀήθεις
1548 1086 1647 1118 αὐτοὺς
1662 1087 1834 1122 καταστήσας

1044 1130 1098 1158 τῶν
1120 1132 1248 1159 τοιούτων
1263 1132 1406 1165 κινδύνων,
1421 1133 1468 1160 καὶ
1488 1132 1542 1159 τῶν
1564 1132 1649 1159 πάλαι
1662 1132 1807 1168 τιμωριῶν
1821 1133 1835 1166 ἡ

1046 1177 1198 1213 ἀνάμνησις
1209 1198 1217 1211 ,
1241 1177 1289 1204 καὶ
1305 1177 1336 1205 τὸ
1353 1177 1401 1205 τοῦ
1422 1177 1589 1214 κρατοῦντος
1607 1179 1673 1213 περὶ
1701 1178 1734 1205 τὸ
1754 1178 1835 1213 δόγμα

1048 1224 1136 1259 μίσος.
1151 1223 1267 1258 Λέγεται
1283 1223 1337 1260 γὰρ
1350 1223 1432 1255 εὐθὺς
1445 1224 1604 1260 περιφανῶς
1619 1224 1709 1256 οὕτως
1732 1224 1836 1258 ἁναίδην

1046 1268 1256 1303 ἀπαρνήσασθαι
1276 1267 1326 1303 τὴν
1348 1268 1389 1300 είς
1411 1268 1529 1304 Χριστὸν
1552 1268 1652 1301 πίστιν,
1677 1269 1718 1300 ὡς
1735 1269 1834 1300 θυσίαις

1047 1313 1103 1340 τισὶ
1119 1312 1167 1340 καὶ
1183 1313 1369 1348 ὲπικλήσεσιν,
1387 1313 1419 1346 ἃς
1435 1313 1637 1349 ἀποτροπαίους
1649 1313 1784 1349 ’Έλληνες
1795 1322 1836 1339 κα-

1048 1358 1134 1390 λοῦσι,
1151 1359 1198 1385 καὶ
1215 1359 1311 1394 αἵματι
1327 1359 1449 1394 σφαγίων
1470 1359 1519 1394 τὴν
1535 1358 1596 1385 καθ’
1617 1359 1694 1393 ἡμᾶς
1712 1358 1833 1392 βάπτιτιν

1049 1404 1249 1439 ἀπονίψασθαι,
1271 1406 1303 1440 τῇ
1331 1406 1429 1440 μυήσει
1445 1407 1495 1441 τῆς
1515 1404 1679 1439 Ἐκκλησίας
1705 1404 1835 1436 ἀποταξάο

1052 1457 1131 1485 μενον
1141 1457 1148 1465 ⁸
1172 1449 1219 1476 καὶ
1234 1450 1265 1476 τὸ
1282 1450 1311 1483 ἐξ
1328 1450 1444 1482 ἐκείνου,
1460 1450 1512 1486 ίόίᾳ
1528 1458 1557 1476 τε
1576 1450 1622 1476 καὶ
1637 1450 1758 1485 δημοσίᾳ
1770 1449 1833 1476 ἐντό-

210 1505 286 1526 exeo
303 1500 427 1532 tempore
449 1495 636 1530 haruspicina,
651 1499 679 1523 et
700 1495 831 1527 victimis,
848 1499 875 1522 et
889 1494 998 1522 czeteris

1057 1503 1120 1528 ιοις,
1136 1495 1184 1522 καὶ
1199 1495 1316 1531 ἱερείοις,
1339 1496 1453 1528 καὶτοῖς
1467 1497 1517 1523 ὅσα
1530 1496 1609 1531 θέμις
1626 1497 1704 1523 ἐστὶν
1719 1496 1832 1531 Ἕλλησι,

211 1543 354 1579 gentilium
375 1542 486 1574 ritibus,
505 1545 563 1568 tum
581 1542 719 1576 privatim,
738 1545 795 1568 tum
811 1540 918 1575 publice
933 1547 1000 1567 usus

212 1590 258 1617 sit.
275 1588 399 1621 Quodam
416 1588 501 1623 igitur
530 1591 663 1622 tempore,
678 1594 739 1614 cum
760 1590 823 1614 exta
839 1586 999 1621 inspiceret,

213 1634 291 1661 aiunt
304 1635 412 1668 signum
430 1633 523 1660 crucis
544 1633 569 1659 ei
590 1633 617 1659 in
631 1632 702 1660 extis
724 1631 884 1667 apparuisse
896 1638 1001 1658 corona

213 1679 426 1708 circumdatum.
459 1678 492 1705 Et
525 1678 647 1714 reliquos
681 1677 791 1712 quidem
821 1676 1001 1704 divinationis

214 1725 288 1753 illius
307 1726 431 1752 conscios
454 1731 486 1752 ac
501 1724 658 1759 participes,
678 1728 752 1750 metu
773 1722 914 1757 perculsos
929 1729 1000 1753 esse.

214 1771 316 1806 quippe
328 1771 374 1805 qui
398 1770 539 1805 religionis
557 1773 659 1796 nostrae
684 1769 737 1796 vim
754 1772 781 1796 et
797 1775 952 1795 mansuram
973 1767 1002 1794 in

214 1822 379 1853 perpetuum
401 1817 554 1844 doctrinam
579 1823 612 1843 ex
636 1823 668 1843 eo
693 1815 871 1850 conjicerent.
896 1814 1002 1842 Corona

216 1863 351 1898 siquidem
371 1870 424 1898 qua
447 1869 514 1889 crux
540 1865 600 1889 erat
625 1861 807 1895 circumdata,
829 1861 937 1895 signum
961 1864 1004 1887 est

215 1909 357 1937 victoriae:
373 1914 399 1935 ct
417 1908 599 1943 undeqnaque
624 1907 764 1934 exordium
779 1914 907 1938 sumens,
922 1910 1004 1941 atque

216 1954 245 1981 in
261 1961 290 1981 se
305 1954 450 1986 desinens,
472 1953 574 1980 ambitu
598 1952 694 1980 circuli
719 1958 853 1986 nusquam
872 1951 1004 1978 termina-

219 2003 276 2025 tur.
307 1998 407 2026 Verum
432 1998 528 2026 doctor
554 1997 636 2032 hujus
668 1997 789 2024 scientia
813 1996 1004 2030 imperatorem

218 2044 291 2072 bono
312 2046 403 2072 animo
422 2052 483 2072 esse
503 2043 596 2079 jussit.
617 2043 684 2070 Exta
710 2043 782 2070 cnim
807 2041 899 2070 fausta
922 2046 949 2068 et
972 2050 1004 2068 ex

221 2089 305 2116 animi
324 2090 458 2117 sententia
485 2089 553 2124 ipsis
572 2096 719 2124 apparere,
736 2088 836 2123 quippe
851 2095 912 2123 quae
929 2095 1005 2122 sym-

219 2134 312 2161 bolum
332 2134 474 2168 religionis
487 2134 707 2162 Christianorum
721 2133 842 2168 undique
860 2133 1006 2161 conclude-

220 2184 295 2211 rent,
318 2180 443 2214 atquein
461 2184 606 2214 angustum
629 2184 819 2212 coarclarent;
838 2180 875 2206 ita
903 2183 932 2206 ut
956 2187 1005 2206 nec

222 2226 341 2259 dilatari,
360 2233 409 2252 nec
426 2225 512 2252 libere
532 2233 586 2260 quo
608 2227 689 2254 vellet
708 2226 817 2262 evagari
834 2230 937 2260 posset,
960 2229 1006 2252 ut-

221 2275 285 2307 pote
310 2271 415 2298 ambitu
442 2271 538 2297 circuli
563 2272 780 2306 circumscripta.
811 2271 910 2298 Audivi
937 2278 1006 2306 pm-

222 2322 296 2345 terea
319 2325 382 2345 eum
404 2317 550 2352 aliquando
572 2317 599 2344 in
628 2318 846 2345 illustrissimum
872 2317 1008 2354 quoddam

222 2371 256 2391 ac
290 2363 448 2397 religiosum
479 2364 590 2399 adytum
622 2364 817 2394 descendisse.
847 2365 1010 2391 initiationis

223 2409 389 2444 cujusdam,
418 2414 464 2437 aut
489 2414 562 2438 certe
590 2410 695 2438 oraculi
725 2409 885 2437 consulendi
914 2417 1009 2437 causa.

224 2456 350 2490 Cumque
377 2459 490 2491 repente
520 2459 647 2491 spcctra,
673 2463 733 2490 qua:
761 2455 1011 2483 machinationibus

225 2500 388 2537 quibusdam
406 2505 434 2529 et
448 2502 559 2536 magicis
579 2501 724 2537 praestigiis
746 2501 772 2528 in
786 2501 921 2536 ejusmodi
942 2501 1009 2528 locis

226 2554 357 2582 apparere
381 2548 480 2580 solent,
495 2548 520 2574 ei
537 2548 643 2583 objecta
665 2551 768 2581 essent,
784 2556 839 2582 prae
856 2551 962 2576 terrore
978 2556 1010 2575 ac

225 2596 311 2626 metu,
330 2593 435 2621 oblitus
460 2601 555 2621 eorum
572 2601 632 2629 quae
650 2594 814 2629 gerebantur
835 2602 842 2620 :
861 2593 917 2628 jam
937 2593 1008 2621 enim

1049 1541 1177 1576 χρῆσθαι.
1193 1541 1262 1567 Ποτὲ
1285 1541 1351 1576 γοῦν
1367 1541 1444 1577 αὐτῷ
1467 1541 1610 1578 θεωμένῳ,
1633 1542 1715 1576 λόγος
1738 1541 1833 1569 ἀναδει-

1050 1586 1147 1622 χθῆναι
1161 1586 1277 1622 σταυροῦ
1295 1587 1408 1622 σημεῖον
1424 1588 1452 1614 ὲν
1467 1588 1522 1620 τοῖς
1540 1587 1708 1623 σπλάγχνοις
1719 1587 1832 1622 στεφάνῳ

1050 1632 1234 1668 κυκλούμενον
1248 1641 1254 1647 ·
1283 1634 1330 1660 καὶ
1352 1633 1415 1665 τοὺς
1438 1633 1488 1669 μὲν
1505 1634 1601 1665 ἄλλους
1625 1634 1772 1665 κοινωνοὺς
1791 1634 1832 1668 τῆς

1053 1678 1183 1714 μαντείας
1201 1680 1241 1709 εἰς
1259 1678 1317 1710 δέος
1331 1678 1472 1714 ἐμϐαλεῖν,
1497 1679 1705 1714 ωμὸάλλοντας
1719 1678 1830 1705 ἐντεῦθεν

1051 1724 1101 1759 τὴν
1116 1723 1184 1759 μετὰ
1207 1723 1294 1750 ταῦτα
1307 1724 1357 1759 τῆς
1373 1724 1522 1759 θρησκείας
1544 1725 1632 1760 ίσχὺν,
1649 1725 1699 1752 καὶ
1718 1724 1764 1750 τοῦ
1778 1723 1830 1756 δόγ-

1055 1777 1139 1803 ματος
1167 1769 1196 1795 τὸ
1210 1769 1294 1795 ἀΐδιον
1307 1777 1313 1783 ·
1334 1769 1428 1795 καθότι
1445 1770 1458 1795 ὁ
1471 1770 1604 1804 στέφανος
1618 1766 1640 1804 ᾧ
1655 1769 1829 1805 περιείληπτο,

1053 1815 1132 1850 νίκης
1145 1823 1175 1841 τε
1193 1815 1358 1850 σημαντικόν
1375 1815 1433 1841 ἐστι
1448 1823 1456 1831 ·
1478 1815 1524 1842 καὶ
1538 1817 1571 1852 τῇ
1594 1816 1712 1851 περιόδῳ
1731 1815 1775 1842 τοῦ
1789 1815 1829 1841 κὺ-

1054 1860 1128 1891 κλου,
1153 1861 1284 1887 πάντοθεν
1303 1860 1463 1896 ἀρχόμενος,
1491 1864 1539 1888 καὶ
1562 1863 1601 1894 είς
1626 1863 1724 1889 ἑαυτὸν
1741 1862 1828 1897 λήγων,

1054 1906 1171 1942 οὐδαμοῦ
1191 1906 1361 1942 περαιοῦται.
1387 1908 1420 1935 '0
1438 1917 1469 1942 γε
1484 1909 1537 1944 μὴν
1560 1909 1683 1944 ἀρχηγὸς
1707 1909 1754 1943 τῆς
1777 1908 1829 1943 περὶ

1054 1953 1139 1979 ταῦτα
1165 1953 1352 1986 διαγνώσεως,
1376 1953 1487 1989 θαρρεῖν
1510 1954 1669 1987 ἐκέλευσεν,
1696 1954 1732 1985 ὡς
1747 1953 1827 1980 αἰσίων

1056 1998 1125 2024 κατὰ
1140 1998 1252 2033 γνώμην
1269 1998 1325 2033 (55)
1351 1999 1442 2030 αὐτοῖς
1465 1998 1519 2025 τῶν
1542 1999 1664 2033 σφαγίων
1691 1999 1828 2026 ἀναδεικνυ-

1058 2044 1155 2078 μένων,
1173 2044 1219 2071 καὶ
1232 2044 1440 2079 περικλειόντων
1454 2043 1485 2070 τὸ
1494 2043 1540 2070 τοῦ
1555 2044 1690 2080 δόγματος
1703 2043 1826 2080 σύμϐολον,

1056 2089 1103 2115 καὶ
1120 2090 1159 2120 είς
1175 2089 1272 2116 ταύτὸν
1291 2089 1494 2121 συνωθούντων,
1509 2089 1579 2116 ὥστε
1595 2090 1633 2126 μὴ
1652 2089 1826 2118 πλατύνεσθαι,

1058 2135 1105 2160 καὶ
1119 2133 1204 2166 ἀδεῶς
1221 2136 1318 2170 χωρεῖν
1337 2135 1379 2169 ἐφ’
1394 2134 1441 2166 οὒς
1456 2135 1588 2170 βούλεται,
1607 2136 1670 2171 ὅρον
1689 2136 1776 2171 ἔχοντα
1790 2133 1825 2167 τὴν

1059 2179 1105 2206 τοῦ
1124 2180 1223 2207 κύκλου
1246 2181 1428 2216 περιγραφήν.
1459 2181 1613 2216 Ἐπυθόμην
1627 2181 1655 2208 δὲ
1678 2182 1715 2213 ὡς
1731 2179 1826 2207 καὶτῶν

1060 2226 1268 2261 ἐπισημοτάτων
1292 2227 1338 2252 καὶ
1361 2226 1483 2261 φοσερῶν
1508 2227 1612 2253 ἀδύτων
1634 2227 1675 2259 εἴς
1698 2236 1721 2253 τι
1739 2224 1824 2259 κατῄει.

1059 2272 1168 2307 τελετῆς
1187 2281 1258 2304 τινος
1277 2272 1294 2308 ἦ
1320 2272 1449 2307 μαντείας
1466 2272 1545 2308 χάριν
1557 2281 1563 2288 '
1584 2272 1714 2308 ἐξαπίνης
1724 2273 1748 2298 δὲ
1761 2277 1825 2305 προσ-

1059 2317 1209 2344 ϐαλλόντων
1234 2317 1307 2352 αὐτῷ
1330 2317 1384 2344 τῶν
1406 2318 1453 2344 ἐπὶ
1467 2317 1571 2349 τούτοις
1587 2316 1821 2354 μεμηχανευμένωνι

1059 2364 1105 2390 καὶ
1116 2364 1253 2399 γοητείαις
1272 2365 1518 2399 παραφαινομένων
1533 2364 1695 2399 φασμάτων,
1710 2363 1755 2389 ὑπο
1765 2359 1823 2394 θορύ-

1059 2410 1108 2436 ὃου
1127 2410 1173 2435 καὶ
1189 2409 1264 2440 δέους
1278 2408 1332 2434 τῶν
1353 2409 1496 2444 παρόντων
1513 2408 1766 2443 ἐπιλανθανόμενος·
1785 2404 1821 2438 ὀψὲ

1060 2454 1114 2489 γὰρ
1127 2453 1177 2488 τῆς
1200 2453 1310 2488 ἡλικίας
1334 2454 1380 2480 ἐπὶ
1402 2453 1529 2489 τοιαύτην
1550 2452 1615 2490 ἦλθε
1638 2454 1688 2489 τὴν
1707 2452 1818 2488 μάθησιν·

1062 2499 1154 2526 ἔλαθεν
1171 2499 1222 2525 ὑπὸ
1234 2499 1284 2534 τῆς
1299 2499 1433 2534 προτέρας
1452 2499 1604 2534 συνηθείας,
1618 2497 1664 2526 οἷά
1675 2508 1706 2534 γε
1718 2497 1820 2533 Χριστια-

1062 2547 1106 2578 Vb;
1124 2547 1152 2572 ὲν
1169 2546 1281 2580 ἀπόροις
1298 2544 1432 2576 κινδύνοις
1448 2544 1639 2580 περιληφθεὶς,
1663 2544 1702 2580 τῷ
1722 2539 1819 2577 συμβόλῳ

1063 2593 1109 2619 τοῦ
1125 2591 1243 2628 Χριστοῦ
1259 2592 1454 2626 κατασημόινας
1465 2591 1569 2619 ἑαυτόν.
1586 2591 1690 2618 Αὐτίκα
1703 2599 1729 2617 τε
1741 2584 1820 2623 φροῦδα

823 2649 961 2677 VALESH
982 2646 1263 2678 ANNOTATIONES.

261 2695 319 2731 (5'2)
345 2696 548 2731 Προσάψαντα
562 2696 666 2729 δόξαν.
679 2695 723 2731 ,1η
738 2694 889 2731 Fukctiano
918 2696 1012 2724 codice

228 2730 429 2765 scriptunl'est
453 2730 645 2767 προετάξαντα.
670 2730 757 2764 Quam
792 2730 1011 2767 emendationem

226 2766 492 2801 Cliristophorsonns
522 2767 603 2794 ctiam
630 2775 662 2793 ac
684 2766 803 2794 Savilius
835 2766 864 2793 in
890 2766 1012 2800 margine

228 2802 425 2836 ascripserunt.

264 2834 320 2871 (5'5)
359 2837 406 2869 Ὧς
437 2837 542 2864 αἰσίων
571 2837 645 2864 κατὰ
673 2836 800 2870 γνώμην.
832 2834 1010 2863 Scribcndum

1066 2700 1156 2731 puto;
1180 2695 1224 2725 Ὠς
1252 2694 1348 2731 αἰσίων
1375 2693 1422 2731 κού¹
1451 2692 1521 2731 κατὰ
1542 2691 1655 2731 γνώμην
1679 2688 1818 2731 αὑτοῖς-Ἧι

1067 2718 1611 2764 geist-inv:Ietciilsorrohmc"historia:
1631 2718 1659 2752 et
1678 2718 1816 2764 sequenfjf‘;

1066 2750 1140 2792 Hirti.
1353 2750 1673 2799 _r
1679 2750 1756 2799 etiam)

1065 2790 1227 2833 Cyregor'inm
1259 2792 1478 2830 Naziaiizcnlim,
1507 2790 1534 2824 in
1565 2790 1696 2823 invectiva
1723 2790 1816 2819 adimus

1064 2834 1214 2862 Iulianum.
