  <div class='ocr_page' id='page_1' title='image "/cluster/home/n/w/nwhite01/storage/ocr_20150623/67/njp.32101077772703/698.png"; bbox 0 0 1899 3077; ppageno 0'>
   <div class='ocr_carea' id='block_1_1' title="bbox 21 146 104 177">
    <p class='ocr_par' dir='ltr' id='par_1_1' title="bbox 21 146 104 177">
     <span class='ocr_line' id='line_1_1' title="bbox 21 146 104 177; baseline 0.036 -3"><span class='ocrx_word' id='word_1_1' title='bbox 21 146 104 177; x_wconf 70' lang='lat'><strong>213</strong></span> 
     </span>
    </p>
   </div>
   <div class='ocr_carea' id='block_1_2' title="bbox 531 148 1180 179">
    <p class='ocr_par' dir='ltr' id='par_1_2' title="bbox 531 148 1180 179">
     <span class='ocr_line' id='line_1_2' title="bbox 531 148 1180 179; baseline 0.005 -3"><span class='ocrx_word' id='word_1_2' title='bbox 531 148 693 177; x_wconf 79' lang='lat' dir='ltr'><strong>HISTORIA</strong></span> <span class='ocrx_word' id='word_1_3' title='bbox 711 148 987 179; x_wconf 75' lang='lat' dir='ltr'><strong>ECCLESIASTICA.</strong></span> <span class='ocrx_word' id='word_1_4' title='bbox 1008 168 1042 172; x_wconf 98' lang='lat'><strong>—</strong></span> <span class='ocrx_word' id='word_1_5' title='bbox 1061 152 1126 179; x_wconf 83' lang='lat' dir='ltr'><strong>LIB.</strong></span> <span class='ocrx_word' id='word_1_6' title='bbox 1148 151 1180 179; x_wconf 86' lang='lat' dir='ltr'><strong>V.</strong></span> 
     </span>
    </p>
   </div>
   <div class='ocr_carea' id='block_1_3' title="bbox 1599 155 1670 182">
    <p class='ocr_par' dir='ltr' id='par_1_3' title="bbox 1599 155 1670 182">
     <span class='ocr_line' id='line_1_3' title="bbox 1599 155 1670 182; baseline 0 0"><span class='ocrx_word' id='word_1_7' title='bbox 1599 155 1670 182; x_wconf 69' lang='grc'><strong>1214</strong></span> 
     </span>
    </p>
   </div>
   <div class='ocr_carea' id='block_1_4' title="bbox 15 204 840 244">
    <p class='ocr_par' dir='ltr' id='par_1_4' title="bbox 15 204 827 241">
     <span class='ocr_line' id='line_1_4' title="bbox 15 204 827 241; baseline -0.001 -8"><span class='ocrx_word' id='word_1_8' title='bbox 15 205 50 232; x_wconf 70' lang='grc' dir='ltr'><strong>ὰ</strong></span> <span class='ocrx_word' id='word_1_9' title='bbox 83 206 220 241; x_wconf 81' lang='grc' dir='ltr'><strong>φάσματα</strong></span> <span class='ocrx_word' id='word_1_10' title='bbox 236 204 360 238; x_wconf 76' lang='grc' dir='ltr'>ἐγένετο,</span> <span class='ocrx_word' id='word_1_11' title='bbox 383 205 431 232; x_wconf 73' lang='grc' dir='ltr'><strong>καὶ</strong></span> <span class='ocrx_word' id='word_1_12' title='bbox 451 204 482 232; x_wconf 81' lang='grc' dir='ltr'><strong>τὺ</strong></span> <span class='ocrx_word' id='word_1_13' title='bbox 499 205 716 241; x_wconf 78' lang='grc' dir='ltr'><strong>σπουδαζόμενον</strong></span> <span class='ocrx_word' id='word_1_14' title='bbox 739 206 827 241; x_wconf 78' lang='grc' dir='ltr'>ἐμπε-</span> 
     </span>
    </p>
   </div>
   <div class='ocr_carea' id='block_1_5' title="bbox 889 204 1668 244">
    <p class='ocr_par' dir='ltr' id='par_1_5' title="bbox 889 208 1668 244">
     <span class='ocr_line' id='line_1_5' title="bbox 889 208 1668 244; baseline 0.003 -9"><span class='ocrx_word' id='word_1_15' title='bbox 889 209 972 235; x_wconf 74' lang='lat' dir='ltr'><strong>nlulta</strong></span> <span class='ocrx_word' id='word_1_16' title='bbox 995 212 1075 236; x_wconf 59' lang='lat' dir='ltr'><strong>aetate</strong></span> <span class='ocrx_word' id='word_1_17' title='bbox 1087 209 1121 236; x_wconf 91' lang='lat' dir='ltr'><strong>ad</strong></span> <span class='ocrx_word' id='word_1_18' title='bbox 1136 216 1195 236; x_wconf 87' lang='lat' dir='ltr'><strong>eam</strong></span> <span class='ocrx_word' id='word_1_19' title='bbox 1217 208 1393 244; x_wconf 82' lang='lat' dir='ltr'><strong>disciplinam</strong></span> <span class='ocrx_word' id='word_1_20' title='bbox 1409 217 1440 237; x_wconf 86' lang='lat' dir='ltr'><strong>se</strong></span> <span class='ocrx_word' id='word_1_21' title='bbox 1462 210 1646 237; x_wconf 88' lang='lat' dir='ltr'><strong>transtulerat</strong></span> <span class='ocrx_word' id='word_1_22' title='bbox 1661 219 1668 237; x_wconf 90' lang='lat'><strong>:</strong></span> 
     </span>
    </p>
   </div>
   <div class='ocr_carea' id='block_1_6' title="bbox 15 250 826 287">
    <p class='ocr_par' dir='ltr' id='par_1_6' title="bbox 15 250 826 287">
     <span class='ocr_line' id='line_1_6' title="bbox 15 250 826 287; baseline 0 -9"><span class='ocrx_word' id='word_1_23' title='bbox 15 252 157 278; x_wconf 77' lang='grc' dir='ltr'>εόδιστο.</span> <span class='ocrx_word' id='word_1_24' title='bbox 175 250 375 286; x_wconf 85' lang='grc' dir='ltr'>Ἀπορούμενος</span> <span class='ocrx_word' id='word_1_25' title='bbox 386 251 414 277; x_wconf 84' lang='grc' dir='ltr'>δὲ</span> <span class='ocrx_word' id='word_1_26' title='bbox 427 251 490 286; x_wconf 72' lang='grc' dir='ltr'>περὶ</span> <span class='ocrx_word' id='word_1_27' title='bbox 502 250 595 278; x_wconf 81' lang='grc' dir='ltr'>τούτου</span> <span class='ocrx_word' id='word_1_28' title='bbox 607 252 621 277; x_wconf 82' lang='grc' dir='ltr'>ὁ</span> <span class='ocrx_word' id='word_1_29' title='bbox 638 252 826 287; x_wconf 78' lang='grc' dir='ltr'>μυσταγωγὸς,</span> 
     </span>
    </p>
   </div>
   <div class='ocr_carea' id='block_1_7' title="bbox 22 296 829 332">
    <p class='ocr_par' dir='ltr' id='par_1_7' title="bbox 22 296 829 332">
     <span class='ocr_line' id='line_1_7' title="bbox 22 296 829 332; baseline 0.002 -10"><span class='ocrx_word' id='word_1_30' title='bbox 22 297 129 332; x_wconf 79' lang='grc' dir='ltr'>πειδὴ</span> <span class='ocrx_word' id='word_1_31' title='bbox 146 297 217 331; x_wconf 78' lang='grc' dir='ltr'>ἔγνω</span> <span class='ocrx_word' id='word_1_32' title='bbox 231 297 261 323; x_wconf 83' lang='grc' dir='ltr'>τὸ</span> <span class='ocrx_word' id='word_1_33' title='bbox 274 296 359 323; x_wconf 85' lang='grc' dir='ltr'>αῐτιον</span> <span class='ocrx_word' id='word_1_34' title='bbox 371 297 421 331; x_wconf 88' lang='grc' dir='ltr'><strong>τῆς</strong></span> <span class='ocrx_word' id='word_1_35' title='bbox 436 297 524 332; x_wconf 79' lang='grc' dir='ltr'>φυγῆς</span> <span class='ocrx_word' id='word_1_36' title='bbox 538 296 591 324; x_wconf 83' lang='grc' dir='ltr'>τῶν</span> <span class='ocrx_word' id='word_1_37' title='bbox 608 297 751 332; x_wconf 84' lang='grc' dir='ltr'><strong>δαιμόνων,</strong></span> <span class='ocrx_word' id='word_1_38' title='bbox 764 298 829 332; x_wconf 76' lang='grc' dir='ltr'>ἄγος</span> 
     </span>
    </p>
   </div>
   <div class='ocr_carea' id='block_1_8' title="bbox 15 342 831 379">
    <p class='ocr_par' dir='ltr' id='par_1_8' title="bbox 15 342 831 379">
     <span class='ocr_line' id='line_1_8' title="bbox 15 342 831 379; baseline 0.004 -11"><span class='ocrx_word' id='word_1_39' title='bbox 15 342 46 368; x_wconf 57' lang='grc' dir='ltr'><strong>ιδ</strong></span> <span class='ocrx_word' id='word_1_40' title='bbox 69 342 192 377; x_wconf 81' lang='grc' dir='ltr'>γεγονὸς</span> <span class='ocrx_word' id='word_1_41' title='bbox 206 343 390 373; x_wconf 82' lang='grc' dir='ltr'>ἀποκαλέσας,</span> <span class='ocrx_word' id='word_1_42' title='bbox 405 342 452 369; x_wconf 79' lang='grc' dir='ltr'>καὶ</span> <span class='ocrx_word' id='word_1_43' title='bbox 468 343 591 378; x_wconf 78' lang='grc' dir='ltr'>ἀνδρεῖον</span> <span class='ocrx_word' id='word_1_44' title='bbox 607 343 689 376; x_wconf 84' lang='grc' dir='ltr'>εἶναι,</span> <span class='ocrx_word' id='word_1_45' title='bbox 712 344 758 371; x_wconf 81' lang='grc' dir='ltr'>καὶ</span> <span class='ocrx_word' id='word_1_46' title='bbox 779 353 831 379; x_wconf 88' lang='grc' dir='ltr'>μη-</span> 
     </span>
    </p>
   </div>
   <div class='ocr_carea' id='block_1_9' title="bbox 15 387 830 424">
    <p class='ocr_par' dir='ltr' id='par_1_9' title="bbox 15 387 830 424">
     <span class='ocr_line' id='line_1_9' title="bbox 15 387 830 424; baseline 0.004 -11"><span class='ocrx_word' id='word_1_47' title='bbox 15 387 70 414; x_wconf 73' lang='grc' dir='ltr'>ῐὲν</span> <span class='ocrx_word' id='word_1_48' title='bbox 104 389 209 424; x_wconf 76' lang='grc' dir='ltr'>πρᾶξαι</span> <span class='ocrx_word' id='word_1_49' title='bbox 233 388 250 423; x_wconf 84' lang='grc' dir='ltr'>ἢ</span> <span class='ocrx_word' id='word_1_50' title='bbox 271 388 397 421; x_wconf 79' lang='grc' dir='ltr'>ἐννοῆσαι</span> <span class='ocrx_word' id='word_1_51' title='bbox 414 388 607 423; x_wconf 71' lang='grc' dir='ltr'>Χριστιανικδν</span> <span class='ocrx_word' id='word_1_52' title='bbox 622 390 830 424; x_wconf 81' lang='grc' dir='ltr'>παρακελευσά-</span> 
     </span>
    </p>
   </div>
   <div class='ocr_carea' id='block_1_10' title="bbox 15 432 830 471">
    <p class='ocr_par' dir='ltr' id='par_1_10' title="bbox 15 432 830 471">
     <span class='ocr_line' id='line_1_10' title="bbox 15 432 830 471; baseline 0.004 -12"><span class='ocrx_word' id='word_1_53' title='bbox 15 442 133 466; x_wconf 69' lang='grc' dir='ltr'>ιενος,</span> <span class='ocrx_word' id='word_1_54' title='bbox 159 432 237 465; x_wconf 81' lang='grc' dir='ltr'>αὖθις</span> <span class='ocrx_word' id='word_1_55' title='bbox 263 433 310 460; x_wconf 75' lang='grc' dir='ltr'>ἐπὶ</span> <span class='ocrx_word' id='word_1_56' title='bbox 324 434 374 468; x_wconf 82' lang='grc' dir='ltr'><strong>τὴν</strong></span> <span class='ocrx_word' id='word_1_57' title='bbox 393 434 504 469; x_wconf 80' lang='grc' dir='ltr'>τελετὴν</span> <span class='ocrx_word' id='word_1_58' title='bbox 525 435 605 462; x_wconf 78' lang='grc' dir='ltr'>αὑτὸν</span> <span class='ocrx_word' id='word_1_59' title='bbox 623 433 701 471; x_wconf 85' lang='grc' dir='ltr'><strong>ἦγεν.</strong></span> <span class='ocrx_word' id='word_1_60' title='bbox 725 436 761 462; x_wconf 81' lang='grc' dir='ltr'>οὐ</span> <span class='ocrx_word' id='word_1_61' title='bbox 782 443 830 471; x_wconf 80' lang='grc' dir='ltr'>με·</span> 
     </span>
    </p>
   </div>
   <div class='ocr_carea' id='block_1_11' title="bbox 15 480 831 517">
    <p class='ocr_par' dir='ltr' id='par_1_11' title="bbox 15 480 831 517">
     <span class='ocr_line' id='line_1_11' title="bbox 15 480 831 517; baseline 0.006 -13"><span class='ocrx_word' id='word_1_62' title='bbox 15 480 120 515; x_wconf 68' lang='grc' dir='ltr'>τρίως</span> <span class='ocrx_word' id='word_1_63' title='bbox 144 480 173 507; x_wconf 80' lang='grc' dir='ltr'>δὲ</span> <span class='ocrx_word' id='word_1_64' title='bbox 198 480 291 506; x_wconf 78' lang='grc' dir='ltr'>ὲλύπει</span> <span class='ocrx_word' id='word_1_65' title='bbox 325 481 389 512; x_wconf 80' lang='grc' dir='ltr'>τοὺς</span> <span class='ocrx_word' id='word_1_66' title='bbox 415 481 597 515; x_wconf 86' lang='grc' dir='ltr'>Χριστιανοὺς</span> <span class='ocrx_word' id='word_1_67' title='bbox 622 482 670 509; x_wconf 74' lang='grc' dir='ltr'>καὶ</span> <span class='ocrx_word' id='word_1_68' title='bbox 695 482 831 517; x_wconf 77' lang='grc' dir='ltr'>περιδεεῖς</span> 
     </span>
    </p>
   </div>
   <div class='ocr_carea' id='block_1_12' title="bbox 15 526 830 564">
    <p class='ocr_par' dir='ltr' id='par_1_12' title="bbox 15 526 830 564">
     <span class='ocr_line' id='line_1_12' title="bbox 15 526 830 564; baseline 0.006 -13"><span class='ocrx_word' id='word_1_69' title='bbox 15 526 124 552; x_wconf 76' lang='grc' dir='ltr'>ιποίει</span> <span class='ocrx_word' id='word_1_70' title='bbox 142 527 159 561; x_wconf 86' lang='grc' dir='ltr'>ἡ</span> <span class='ocrx_word' id='word_1_71' title='bbox 177 527 242 561; x_wconf 70' lang='grc' dir='ltr'>περὶ</span> <span class='ocrx_word' id='word_1_72' title='bbox 260 526 345 553; x_wconf 79' lang='grc' dir='ltr'>ταῦτα</span> <span class='ocrx_word' id='word_1_73' title='bbox 358 526 459 562; x_wconf 83' lang='grc' dir='ltr'>σπουδὴ</span> <span class='ocrx_word' id='word_1_74' title='bbox 480 527 527 554; x_wconf 81' lang='grc' dir='ltr'>τοῦ</span> <span class='ocrx_word' id='word_1_75' title='bbox 545 527 686 562; x_wconf 84' lang='grc' dir='ltr'>βασιλέως,</span> <span class='ocrx_word' id='word_1_76' title='bbox 710 530 758 556; x_wconf 75' lang='grc' dir='ltr'>καὶ</span> <span class='ocrx_word' id='word_1_77' title='bbox 776 529 830 564; x_wconf 78' lang='grc' dir='ltr'>μά-</span> 
     </span>
    </p>
   </div>
   <div class='ocr_carea' id='block_1_13' title="bbox 15 570 831 610">
    <p class='ocr_par' dir='ltr' id='par_1_13' title="bbox 15 570 831 610">
     <span class='ocr_line' id='line_1_13' title="bbox 15 570 831 610; baseline 0.004 -12"><span class='ocrx_word' id='word_1_78' title='bbox 15 580 114 598; x_wconf 55' lang='grc' dir='ltr'>κιστα</span> <span class='ocrx_word' id='word_1_79' title='bbox 138 572 180 598; x_wconf 79' lang='grc' dir='ltr'>ὅτι</span> <span class='ocrx_word' id='word_1_80' title='bbox 204 572 366 607; x_wconf 87' lang='grc' dir='ltr'>Χριστιανὸς</span> <span class='ocrx_word' id='word_1_81' title='bbox 389 570 422 607; x_wconf 79' lang='grc' dir='ltr'>ἦν</span> <span class='ocrx_word' id='word_1_82' title='bbox 449 573 590 609; x_wconf 84' lang='grc' dir='ltr'>πρότερον.</span> <span class='ocrx_word' id='word_1_83' title='bbox 619 574 749 602; x_wconf 75' lang='grc' dir='ltr'>Εὑλαῆῶν</span> <span class='ocrx_word' id='word_1_84' title='bbox 775 575 831 610; x_wconf 84' lang='grc' dir='ltr'><strong>γὰρ</strong></span> 
     </span>
    </p>
   </div>
   <div class='ocr_carea' id='block_1_14' title="bbox 15 618 830 655">
    <p class='ocr_par' dir='ltr' id='par_1_14' title="bbox 15 618 830 655">
     <span class='ocr_line' id='line_1_14' title="bbox 15 618 830 655; baseline 0.006 -12"><span class='ocrx_word' id='word_1_85' title='bbox 15 619 101 653; x_wconf 71' lang='grc' dir='ltr'>περὶ</span> <span class='ocrx_word' id='word_1_86' title='bbox 124 618 174 653; x_wconf 87' lang='grc' dir='ltr'>τὴν</span> <span class='ocrx_word' id='word_1_87' title='bbox 195 618 343 653; x_wconf 80' lang='grc' dir='ltr'><strong>θρησκείαν</strong></span> <span class='ocrx_word' id='word_1_88' title='bbox 370 618 496 654; x_wconf 79' lang='grc' dir='ltr'><strong>πατέρων</strong></span> <span class='ocrx_word' id='word_1_89' title='bbox 528 620 691 655; x_wconf 84' lang='grc' dir='ltr'>γενόμενος,</span> <span class='ocrx_word' id='word_1_90' title='bbox 716 621 748 648; x_wconf 83' lang='grc' dir='ltr'>ἐκ</span> <span class='ocrx_word' id='word_1_91' title='bbox 764 618 830 648; x_wconf 75' lang='grc' dir='ltr'>’νέου</span> 
     </span>
    </p>
   </div>
   <div class='ocr_carea' id='block_1_15' title="bbox 15 663 830 702">
    <p class='ocr_par' dir='ltr' id='par_1_15' title="bbox 15 663 830 702">
     <span class='ocr_line' id='line_1_15' title="bbox 15 663 830 702; baseline 0.007 -13"><span class='ocrx_word' id='word_1_92' title='bbox 15 664 148 699; x_wconf 68' lang='grc' dir='ltr'>ἐμυήθη</span> <span class='ocrx_word' id='word_1_93' title='bbox 172 663 244 690; x_wconf 82' lang='grc' dir='ltr'>κατὰ</span> <span class='ocrx_word' id='word_1_94' title='bbox 267 664 312 690; x_wconf 78' lang='grc' dir='ltr'>τὸν</span> <span class='ocrx_word' id='word_1_95' title='bbox 339 664 439 700; x_wconf 79' lang='grc' dir='ltr'>θεσμὸν</span> <span class='ocrx_word' id='word_1_96' title='bbox 452 665 502 700; x_wconf 81' lang='grc' dir='ltr'><strong>τῆς</strong></span> <span class='ocrx_word' id='word_1_97' title='bbox 523 666 696 702; x_wconf 82' lang='grc' dir='ltr'>Ἐκκλησίας,</span> <span class='ocrx_word' id='word_1_98' title='bbox 717 668 764 694; x_wconf 75' lang='grc' dir='ltr'>καὶ</span> <span class='ocrx_word' id='word_1_99' title='bbox 781 668 830 700; x_wconf 85' lang='grc' dir='ltr'><strong>τὰς</strong></span> 
     </span>
    </p>
   </div>
   <div class='ocr_carea' id='block_1_16' title="bbox 15 710 828 750">
    <p class='ocr_par' dir='ltr' id='par_1_16' title="bbox 15 710 828 750">
     <span class='ocr_line' id='line_1_16' title="bbox 15 710 828 750; baseline 0.007 -15"><span class='ocrx_word' id='word_1_100' title='bbox 15 710 114 745; x_wconf 76' lang='grc' dir='ltr'>ἱερὰς</span> <span class='ocrx_word' id='word_1_101' title='bbox 129 710 241 746; x_wconf 79' lang='grc' dir='ltr'>Γραφὰς</span> <span class='ocrx_word' id='word_1_102' title='bbox 265 710 423 746; x_wconf 71' lang='grc' dir='ltr'>ἐπαιδεύθη,</span> <span class='ocrx_word' id='word_1_103' title='bbox 443 711 491 738; x_wconf 75' lang='grc' dir='ltr'>καὶ</span> <span class='ocrx_word' id='word_1_104' title='bbox 517 712 569 739; x_wconf 73' lang='grc' dir='ltr'><strong>ὑπὸ</strong></span> <span class='ocrx_word' id='word_1_105' title='bbox 594 713 755 746; x_wconf 78' lang='grc' dir='ltr'>ἐπισκόποις</span> <span class='ocrx_word' id='word_1_106' title='bbox 772 714 828 750; x_wconf 69' lang='grc'>(54)</span> 
     </span>
    </p>
   </div>
   <div class='ocr_carea' id='block_1_17' title="bbox 15 756 830 796">
    <p class='ocr_par' dir='ltr' id='par_1_17' title="bbox 15 756 830 796">
     <span class='ocr_line' id='line_1_17' title="bbox 15 756 830 796; baseline 0.007 -15"><span class='ocrx_word' id='word_1_107' title='bbox 15 757 80 782; x_wconf 72' lang='grc' dir='ltr'><strong>καὶ</strong></span> <span class='ocrx_word' id='word_1_108' title='bbox 108 756 348 791; x_wconf 81' lang='grc' dir='ltr'>ὲκκλησιαστικοῖς</span> <span class='ocrx_word' id='word_1_109' title='bbox 370 757 499 791; x_wconf 82' lang='grc' dir='ltr'>ἀνδράσιν</span> <span class='ocrx_word' id='word_1_110' title='bbox 522 758 637 794; x_wconf 76' lang='grc' dir='ltr'>ἐτράφη.</span> <span class='ocrx_word' id='word_1_111' title='bbox 662 760 760 794; x_wconf 83' lang='grc' dir='ltr'><strong>Γέγονε</strong></span> <span class='ocrx_word' id='word_1_112' title='bbox 776 760 830 796; x_wconf 76' lang='grc' dir='ltr'><strong>γὰρ</strong></span> 
     </span>
    </p>
   </div>
   <div class='ocr_carea' id='block_1_18' title="bbox 15 801 831 841">
    <p class='ocr_par' dir='ltr' id='par_1_18' title="bbox 15 801 831 841">
     <span class='ocr_line' id='line_1_18' title="bbox 15 801 831 841; baseline 0.005 -13"><span class='ocrx_word' id='word_1_113' title='bbox 15 802 112 837; x_wconf 77' lang='grc' dir='ltr'>αὐτῷ</span> <span class='ocrx_word' id='word_1_114' title='bbox 134 802 181 828; x_wconf 74' lang='grc' dir='ltr'>καὶ</span> <span class='ocrx_word' id='word_1_115' title='bbox 205 801 298 836; x_wconf 79' lang='grc' dir='ltr'><strong>Γάλλῳ</strong></span> <span class='ocrx_word' id='word_1_116' title='bbox 321 802 413 838; x_wconf 81' lang='grc' dir='ltr'>πατὴρ</span> <span class='ocrx_word' id='word_1_117' title='bbox 430 803 638 836; x_wconf 78' lang='grc' dir='ltr'>Κωνστάντιος,</span> <span class='ocrx_word' id='word_1_118' title='bbox 662 805 831 841; x_wconf 79' lang='grc' dir='ltr'>ὁμοπάτριος</span> 
     </span>
    </p>
   </div>
   <div class='ocr_carea' id='block_1_19' title="bbox 15 847 831 886">
    <p class='ocr_par' dir='ltr' id='par_1_19' title="bbox 15 847 831 886">
     <span class='ocr_line' id='line_1_19' title="bbox 15 847 831 886; baseline 0.006 -13"><span class='ocrx_word' id='word_1_119' title='bbox 15 847 155 882; x_wconf 66' lang='grc' dir='ltr'>ἀδελφὸς</span> <span class='ocrx_word' id='word_1_120' title='bbox 162 847 368 874; x_wconf 85' lang='grc' dir='ltr'>Κωνσταντίνου</span> <span class='ocrx_word' id='word_1_121' title='bbox 380 848 427 874; x_wconf 82' lang='grc' dir='ltr'>τοῦ</span> <span class='ocrx_word' id='word_1_122' title='bbox 439 848 658 883; x_wconf 82' lang='grc' dir='ltr'>βασιλεύσαντος,</span> <span class='ocrx_word' id='word_1_123' title='bbox 670 851 717 877; x_wconf 79' lang='grc' dir='ltr'>καὶ</span> <span class='ocrx_word' id='word_1_124' title='bbox 728 851 831 886; x_wconf 79' lang='grc' dir='ltr'>Δαλμα‹</span> 
     </span>
    </p>
   </div>
   <div class='ocr_carea' id='block_1_20' title="bbox 881 253 1670 288">
    <p class='ocr_par' dir='ltr' id='par_1_20' title="bbox 881 253 1670 288">
     <span class='ocr_line' id='line_1_20' title="bbox 881 253 1670 288; baseline 0.006 -10"><span class='ocrx_word' id='word_1_125' title='bbox 881 260 912 279; x_wconf 77' lang='lat' dir='ltr'><strong>ex</strong></span> <span class='ocrx_word' id='word_1_126' title='bbox 930 253 1045 287; x_wconf 85' lang='lat' dir='ltr'><strong>pristina</strong></span> <span class='ocrx_word' id='word_1_127' title='bbox 1068 254 1278 286; x_wconf 86' lang='lat' dir='ltr'><strong>consuetudine,</strong></span> <span class='ocrx_word' id='word_1_128' title='bbox 1304 258 1397 288; x_wconf 87' lang='lat' dir='ltr'><strong>utpote</strong></span> <span class='ocrx_word' id='word_1_129' title='bbox 1422 254 1612 286; x_wconf 82' lang='lat' dir='ltr'><strong>Christianus,</strong></span> <span class='ocrx_word' id='word_1_130' title='bbox 1641 256 1670 283; x_wconf 90' lang='lat' dir='ltr'><strong>in</strong></span> 
     </span>
    </p>
   </div>
   <div class='ocr_carea' id='block_1_21' title="bbox 882 298 1670 336">
    <p class='ocr_par' dir='ltr' id='par_1_21' title="bbox 882 298 1670 336">
     <span class='ocr_line' id='line_1_21' title="bbox 882 298 1670 336; baseline 0.006 -12"><span class='ocrx_word' id='word_1_131' title='bbox 882 298 1048 332; x_wconf 76' lang='lat' dir='ltr'><strong>gravissimo</strong></span> <span class='ocrx_word' id='word_1_132' title='bbox 1084 299 1244 327; x_wconf 86' lang='lat' dir='ltr'><strong>discrimine</strong></span> <span class='ocrx_word' id='word_1_133' title='bbox 1278 300 1469 333; x_wconf 87' lang='lat' dir='ltr'><strong>constitutus,</strong></span> <span class='ocrx_word' id='word_1_134' title='bbox 1509 301 1670 336; x_wconf 84' lang='lat' dir='ltr'><strong>imprudens</strong></span> 
     </span>
    </p>
   </div>
   <div class='ocr_carea' id='block_1_22' title="bbox 882 343 1670 382">
    <p class='ocr_par' dir='ltr' id='par_1_22' title="bbox 882 343 1670 382">
     <span class='ocr_line' id='line_1_22' title="bbox 882 343 1670 382; baseline 0.005 -12"><span class='ocrx_word' id='word_1_135' title='bbox 882 343 960 378; x_wconf 79' lang='lat' dir='ltr'><strong>signo</strong></span> <span class='ocrx_word' id='word_1_136' title='bbox 976 343 1067 370; x_wconf 80' lang='lat' dir='ltr'><strong>crucis</strong></span> <span class='ocrx_word' id='word_1_137' title='bbox 1083 344 1203 378; x_wconf 87' lang='lat' dir='ltr'><strong>seipsum</strong></span> <span class='ocrx_word' id='word_1_138' title='bbox 1226 345 1417 380; x_wconf 79' lang='lat' dir='ltr'><strong>eonsignavit;</strong></span> <span class='ocrx_word' id='word_1_139' title='bbox 1445 346 1592 381; x_wconf 73' lang='lat' dir='ltr'><strong>statimque</strong></span> <span class='ocrx_word' id='word_1_140' title='bbox 1607 354 1670 382; x_wconf 87' lang='lat' dir='ltr'><strong>spe-</strong></span> 
     </span>
    </p>
   </div>
   <div class='ocr_carea' id='block_1_23' title="bbox 883 390 1670 427">
    <p class='ocr_par' dir='ltr' id='par_1_23' title="bbox 883 390 1670 427">
     <span class='ocr_line' id='line_1_23' title="bbox 883 390 1670 427; baseline 0.008 -12"><span class='ocrx_word' id='word_1_141' title='bbox 883 394 943 416; x_wconf 84' lang='lat' dir='ltr'><strong>etra</strong></span> <span class='ocrx_word' id='word_1_142' title='bbox 956 394 1138 422; x_wconf 84' lang='lat' dir='ltr'><strong>evanuerunt,</strong></span> <span class='ocrx_word' id='word_1_143' title='bbox 1153 396 1180 418; x_wconf 90' lang='lat' dir='ltr'><strong>et</strong></span> <span class='ocrx_word' id='word_1_144' title='bbox 1201 390 1227 418; x_wconf 87' lang='lat' dir='ltr'><strong>id</strong></span> <span class='ocrx_word' id='word_1_145' title='bbox 1245 392 1318 426; x_wconf 90' lang='lat' dir='ltr'><strong>quod</strong></span> <span class='ocrx_word' id='word_1_146' title='bbox 1337 393 1467 427; x_wconf 86' lang='lat' dir='ltr'><strong>perlicere</strong></span> <span class='ocrx_word' id='word_1_147' title='bbox 1480 393 1606 420; x_wconf 76' lang='lat' dir='ltr'><strong>volebant</strong></span> <span class='ocrx_word' id='word_1_148' title='bbox 1619 394 1670 420; x_wconf 48' lang='lat' dir='ltr'><strong>im.</strong></span> 
     </span>
    </p>
   </div>
   <div class='ocr_carea' id='block_1_24' title="bbox 881 435 1670 473">
    <p class='ocr_par' dir='ltr' id='par_1_24' title="bbox 881 435 1670 473">
     <span class='ocr_line' id='line_1_24' title="bbox 881 435 1670 473; baseline 0.004 -11"><span class='ocrx_word' id='word_1_149' title='bbox 881 435 1001 469; x_wconf 87' lang='lat' dir='ltr'><strong>peditum</strong></span> <span class='ocrx_word' id='word_1_150' title='bbox 1017 440 1070 462; x_wconf 90' lang='lat' dir='ltr'><strong>est.</strong></span> <span class='ocrx_word' id='word_1_151' title='bbox 1087 435 1232 463; x_wconf 78' lang='lat' dir='ltr'><strong>Sacrorum</strong></span> <span class='ocrx_word' id='word_1_152' title='bbox 1250 443 1340 464; x_wconf 87' lang='lat' dir='ltr'><strong>autem</strong></span> <span class='ocrx_word' id='word_1_153' title='bbox 1364 438 1477 466; x_wconf 84' lang='lat' dir='ltr'><strong>antistes</strong></span> <span class='ocrx_word' id='word_1_154' title='bbox 1501 445 1532 465; x_wconf 86' lang='lat' dir='ltr'><strong>ea</strong></span> <span class='ocrx_word' id='word_1_155' title='bbox 1556 446 1585 466; x_wconf 90' lang='lat' dir='ltr'><strong>re</strong></span> <span class='ocrx_word' id='word_1_156' title='bbox 1608 446 1670 473; x_wconf 86' lang='lat' dir='ltr'><strong>per-</strong></span> 
     </span>
    </p>
   </div>
   <div class='ocr_carea' id='block_1_25' title="bbox 881 480 1668 517">
    <p class='ocr_par' dir='ltr' id='par_1_25' title="bbox 881 480 1668 517">
     <span class='ocr_line' id='line_1_25' title="bbox 881 480 1668 517; baseline 0.008 -12"><span class='ocrx_word' id='word_1_157' title='bbox 881 480 1021 512; x_wconf 89' lang='lat' dir='ltr'><strong>turbatus,</strong></span> <span class='ocrx_word' id='word_1_158' title='bbox 1043 485 1188 514; x_wconf 80' lang='lat' dir='ltr'><strong>postquam</strong></span> <span class='ocrx_word' id='word_1_159' title='bbox 1212 481 1308 508; x_wconf 85' lang='lat' dir='ltr'><strong>didicit</strong></span> <span class='ocrx_word' id='word_1_160' title='bbox 1326 490 1407 517; x_wconf 89' lang='lat' dir='ltr'><strong>quam</strong></span> <span class='ocrx_word' id='word_1_161' title='bbox 1422 483 1458 510; x_wconf 90' lang='lat' dir='ltr'><strong>ob</strong></span> <span class='ocrx_word' id='word_1_162' title='bbox 1477 491 1588 511; x_wconf 85' lang='lat' dir='ltr'><strong>causam</strong></span> <span class='ocrx_word' id='word_1_163' title='bbox 1613 484 1668 510; x_wconf 60' lang='lat' dir='ltr'><strong>da!-</strong></span> 
     </span>
    </p>
   </div>
   <div class='ocr_carea' id='block_1_26' title="bbox 882 526 1671 564">
    <p class='ocr_par' dir='ltr' id='par_1_26' title="bbox 882 526 1671 564">
     <span class='ocr_line' id='line_1_26' title="bbox 882 526 1671 564; baseline 0.008 -13"><span class='ocrx_word' id='word_1_164' title='bbox 882 533 977 553; x_wconf 83' lang='lat' dir='ltr'><strong>nioues</strong></span> <span class='ocrx_word' id='word_1_165' title='bbox 992 526 1174 561; x_wconf 79' lang='lat' dir='ltr'><strong>aul&#39;ugissent.</strong></span> <span class='ocrx_word' id='word_1_166' title='bbox 1187 527 1325 561; x_wconf 86' lang='lat' dir='ltr'><strong>piaculum</strong></span> <span class='ocrx_word' id='word_1_167' title='bbox 1343 535 1403 556; x_wconf 82' lang='lat' dir='ltr'><strong>esse</strong></span> <span class='ocrx_word' id='word_1_168' title='bbox 1419 529 1487 556; x_wconf 71' lang='lat' dir='ltr'><strong>dixit</strong></span> <span class='ocrx_word' id='word_1_169' title='bbox 1508 529 1534 556; x_wconf 96' lang='lat' dir='ltr'><strong>id</strong></span> <span class='ocrx_word' id='word_1_170' title='bbox 1546 529 1618 564; x_wconf 88' lang='lat' dir='ltr'><strong>quod</strong></span> <span class='ocrx_word' id='word_1_171' title='bbox 1635 530 1671 556; x_wconf 85' lang='lat' dir='ltr'><strong>ab</strong></span> 
     </span>
    </p>
   </div>
   <div class='ocr_carea' id='block_1_27' title="bbox 882 571 1670 610">
    <p class='ocr_par' dir='ltr' id='par_1_27' title="bbox 882 571 1670 610">
     <span class='ocr_line' id='line_1_27' title="bbox 882 571 1670 610; baseline 0.006 -13"><span class='ocrx_word' id='word_1_172' title='bbox 882 571 1046 606; x_wconf 90' lang='lat' dir='ltr'><strong>imperatore</strong></span> <span class='ocrx_word' id='word_1_173' title='bbox 1080 572 1183 599; x_wconf 80' lang='lat' dir='ltr'><strong>factum</strong></span> <span class='ocrx_word' id='word_1_174' title='bbox 1218 577 1307 600; x_wconf 87' lang='lat' dir='ltr'><strong>erat:</strong></span> <span class='ocrx_word' id='word_1_175' title='bbox 1336 574 1515 610; x_wconf 82' lang='lat' dir='ltr'><strong>hortatusque</strong></span> <span class='ocrx_word' id='word_1_176' title='bbox 1543 581 1571 602; x_wconf 90' lang='lat' dir='ltr'><strong>ut</strong></span> <span class='ocrx_word' id='word_1_177' title='bbox 1605 575 1670 602; x_wconf 79' lang='lat' dir='ltr'><strong>forti</strong></span> 
     </span>
    </p>
   </div>
   <div class='ocr_carea' id='block_1_28' title="bbox 882 618 1670 656">
    <p class='ocr_par' dir='ltr' id='par_1_28' title="bbox 882 618 1670 656">
     <span class='ocr_line' id='line_1_28' title="bbox 882 618 1670 656; baseline 0.005 -12"><span class='ocrx_word' id='word_1_178' title='bbox 882 618 973 645; x_wconf 88' lang='lat' dir='ltr'><strong>animo</strong></span> <span class='ocrx_word' id='word_1_179' title='bbox 990 623 1074 651; x_wconf 88' lang='lat' dir='ltr'><strong>esset,</strong></span> <span class='ocrx_word' id='word_1_180' title='bbox 1101 626 1151 646; x_wconf 91' lang='lat' dir='ltr'><strong>nec</strong></span> <span class='ocrx_word' id='word_1_181' title='bbox 1165 618 1353 646; x_wconf 85' lang='lat' dir='ltr'><strong>Christianum</strong></span> <span class='ocrx_word' id='word_1_182' title='bbox 1368 621 1520 656; x_wconf 82' lang='lat' dir='ltr'><strong>quidquam</strong></span> <span class='ocrx_word' id='word_1_183' title='bbox 1544 626 1589 648; x_wconf 89' lang='lat' dir='ltr'><strong>aut</strong></span> <span class='ocrx_word' id='word_1_184' title='bbox 1605 629 1670 656; x_wconf 82' lang='lat' dir='ltr'><strong>age-</strong></span> 
     </span>
    </p>
   </div>
   <div class='ocr_carea' id='block_1_29' title="bbox 881 664 1669 701">
    <p class='ocr_par' dir='ltr' id='par_1_29' title="bbox 881 664 1669 701">
     <span class='ocr_line' id='line_1_29' title="bbox 881 664 1669 701; baseline 0.004 -11"><span class='ocrx_word' id='word_1_185' title='bbox 881 666 941 695; x_wconf 91' lang='lat' dir='ltr'><strong>ret,</strong></span> <span class='ocrx_word' id='word_1_186' title='bbox 969 668 1016 691; x_wconf 86' lang='lat' dir='ltr'><strong>aut</strong></span> <span class='ocrx_word' id='word_1_187' title='bbox 1041 664 1189 698; x_wconf 82' lang='lat' dir='ltr'><strong>cogitaret,</strong></span> <span class='ocrx_word' id='word_1_188' title='bbox 1216 672 1278 692; x_wconf 88' lang='lat' dir='ltr'><strong>eum</strong></span> <span class='ocrx_word' id='word_1_189' title='bbox 1303 672 1400 693; x_wconf 88' lang='lat' dir='ltr'><strong>rursus</strong></span> <span class='ocrx_word' id='word_1_190' title='bbox 1423 666 1456 693; x_wconf 81' lang='lat' dir='ltr'><strong>ad</strong></span> <span class='ocrx_word' id='word_1_191' title='bbox 1484 667 1669 701; x_wconf 76' lang='lat' dir='ltr'><strong>peragendum</strong></span> 
     </span>
    </p>
   </div>
   <div class='ocr_carea' id='block_1_30' title="bbox 881 709 1669 739">
    <p class='ocr_par' dir='ltr' id='par_1_30' title="bbox 881 709 1669 739">
     <span class='ocr_line' id='line_1_30' title="bbox 881 709 1669 739; baseline 0.005 -5"><span class='ocrx_word' id='word_1_192' title='bbox 881 715 989 735; x_wconf 86' lang='lat' dir='ltr'><strong>sacrum</strong></span> <span class='ocrx_word' id='word_1_193' title='bbox 1005 709 1128 736; x_wconf 79' lang='lat' dir='ltr'><strong>deduxit.</strong></span> <span class='ocrx_word' id='word_1_194' title='bbox 1149 709 1237 737; x_wconf 86' lang='lat' dir='ltr'><strong>Porro</strong></span> <span class='ocrx_word' id='word_1_195' title='bbox 1249 710 1414 738; x_wconf 86' lang='lat' dir='ltr'><strong>Christianis</strong></span> <span class='ocrx_word' id='word_1_196' title='bbox 1430 719 1483 738; x_wconf 93' lang='lat' dir='ltr'><strong>non</strong></span> <span class='ocrx_word' id='word_1_197' title='bbox 1505 712 1669 739; x_wconf 69' lang='lat' dir='ltr'><strong>mediotzretn</strong></span> 
     </span>
    </p>
   </div>
   <div class='ocr_carea' id='block_1_31' title="bbox 881 753 1670 792">
    <p class='ocr_par' dir='ltr' id='par_1_31' title="bbox 881 753 1670 792">
     <span class='ocr_line' id='line_1_31' title="bbox 881 753 1670 792; baseline 0.005 -11"><span class='ocrx_word' id='word_1_198' title='bbox 881 753 1004 792; x_wconf 80' lang='lat' dir='ltr'><strong>dolorem</strong></span> <span class='ocrx_word' id='word_1_199' title='bbox 1027 761 1069 786; x_wconf 59' lang='lat' dir='ltr'><strong>ac,</strong></span> <span class='ocrx_word' id='word_1_200' title='bbox 1085 759 1184 782; x_wconf 87' lang='lat' dir='ltr'><strong>metum</strong></span> <span class='ocrx_word' id='word_1_201' title='bbox 1210 755 1364 783; x_wconf 84' lang='lat' dir='ltr'><strong>incutiebat</strong></span> <span class='ocrx_word' id='word_1_202' title='bbox 1393 756 1514 784; x_wconf 90' lang='lat' dir='ltr'><strong>studium</strong></span> <span class='ocrx_word' id='word_1_203' title='bbox 1540 757 1670 792; x_wconf 87' lang='lat' dir='ltr'><strong>principis</strong></span> 
     </span>
    </p>
   </div>
   <div class='ocr_carea' id='block_1_32' title="bbox 881 791 1672 838">
    <p class='ocr_par' dir='ltr' id='par_1_32' title="bbox 881 791 1672 838">
     <span class='ocr_line' id='line_1_32' title="bbox 881 791 1672 838; baseline 0.005 -12"><span class='ocrx_word' id='word_1_204' title='bbox 881 807 946 834; x_wconf 79' lang='lat' dir='ltr'><strong>erga</strong></span> <span class='ocrx_word' id='word_1_205' title='bbox 963 791 1119 834; x_wconf 78' lang='lat' dir='ltr'><strong>hujusmodi</strong></span> <span class='ocrx_word' id='word_1_206' title='bbox 1133 802 1375 836; x_wconf 80' lang='lat' dir='ltr'><strong>superstitionem,</strong></span> <span class='ocrx_word' id='word_1_207' title='bbox 1392 809 1425 829; x_wconf 90' lang='lat' dir='ltr'><strong>ac</strong></span> <span class='ocrx_word' id='word_1_208' title='bbox 1439 803 1575 838; x_wconf 70' lang='lat' dir='ltr'><strong>praecipue</strong></span> <span class='ocrx_word' id='word_1_209' title='bbox 1598 791 1672 838; x_wconf 77' lang='lat' dir='ltr'><strong>quod</strong></span> 
     </span>
    </p>
   </div>
   <div class='ocr_carea' id='block_1_33' title="bbox 880 845 1672 884">
    <p class='ocr_par' dir='ltr' id='par_1_33' title="bbox 880 845 1672 884">
     <span class='ocr_line' id='line_1_33' title="bbox 880 845 1672 884; baseline 0.004 -11"><span class='ocrx_word' id='word_1_210' title='bbox 880 845 1057 874; x_wconf 85' lang='lat' dir='ltr'><strong>Christianus</strong></span> <span class='ocrx_word' id='word_1_211' title='bbox 1076 851 1140 873; x_wconf 86' lang='lat' dir='ltr'><strong>ante</strong></span> <span class='ocrx_word' id='word_1_212' title='bbox 1164 847 1326 875; x_wconf 76' lang='lat' dir='ltr'><strong>exstitisset.</strong></span> <span class='ocrx_word' id='word_1_213' title='bbox 1346 847 1413 875; x_wconf 83' lang='lat' dir='ltr'><strong>Nam</strong></span> <span class='ocrx_word' id='word_1_214' title='bbox 1428 856 1491 876; x_wconf 87' lang='lat' dir='ltr'><strong>eum</strong></span> <span class='ocrx_word' id='word_1_215' title='bbox 1514 849 1672 884; x_wconf 80' lang='lat' dir='ltr'><strong>parentibus</strong></span> 
     </span>
    </p>
   </div>
   <div class='ocr_carea' id='block_1_34' title="bbox 15 881 840 931">
    <p class='ocr_par' dir='ltr' id='par_1_34' title="bbox 15 881 830 931">
     <span class='ocr_line' id='line_1_34' title="bbox 15 881 830 931; baseline 0.004 -11"><span class='ocrx_word' id='word_1_216' title='bbox 15 894 94 921; x_wconf 78' lang='grc' dir='ltr'>τίου</span> <span class='ocrx_word' id='word_1_217' title='bbox 109 881 116 910; x_wconf 53' lang='grc' dir='ltr'><strong>έ</strong></span> <span class='ocrx_word' id='word_1_218' title='bbox 144 890 176 920; x_wconf 74' lang='grc' dir='ltr'><strong>οὗ</strong></span> <span class='ocrx_word' id='word_1_219' title='bbox 192 895 257 926; x_wconf 84' lang='grc' dir='ltr'>παῖς</span> <span class='ocrx_word' id='word_1_220' title='bbox 279 892 424 929; x_wconf 80' lang='grc' dir='ltr'>ὁμώνυμος</span> <span class='ocrx_word' id='word_1_221' title='bbox 440 881 559 930; x_wconf 40' lang='grc' dir='ltr'>’Καῖσαρ</span> <span class='ocrx_word' id='word_1_222' title='bbox 576 895 759 931; x_wconf 77' lang='grc' dir='ltr'><strong>ἀναδειχθεὶς,</strong></span> <span class='ocrx_word' id='word_1_223' title='bbox 781 881 830 924; x_wconf 67' lang='grc' dir='ltr'>αν-</span> 
     </span>
    </p>
   </div>
   <div class='ocr_carea' id='block_1_35' title="bbox 889 881 1672 931">
    <p class='ocr_par' dir='ltr' id='par_1_35' title="bbox 889 889 1672 926">
     <span class='ocr_line' id='line_1_35' title="bbox 889 889 1672 926; baseline 0.006 -9"><span class='ocrx_word' id='word_1_224' title='bbox 889 889 1044 918; x_wconf 70' lang='lat' dir='ltr'><strong>Zhristiante</strong></span> <span class='ocrx_word' id='word_1_225' title='bbox 1067 891 1193 926; x_wconf 74' lang='lat' dir='ltr'><strong>religioni</strong></span> <span class='ocrx_word' id='word_1_226' title='bbox 1217 892 1415 921; x_wconf 78' lang='lat' dir='ltr'><strong>addictissimis</strong></span> <span class='ocrx_word' id='word_1_227' title='bbox 1440 899 1520 922; x_wconf 85' lang='lat' dir='ltr'><strong>ortus</strong></span> <span class='ocrx_word' id='word_1_228' title='bbox 1545 898 1634 926; x_wconf 84' lang='lat' dir='ltr'><strong>esset.</strong></span> <span class='ocrx_word' id='word_1_229' title='bbox 1656 902 1672 921; x_wconf 85' lang='lat' dir='ltr'><strong>a</strong></span> 
     </span>
    </p>
   </div>
   <div class='ocr_carea' id='block_1_36' title="bbox 15 939 831 976">
    <p class='ocr_par' dir='ltr' id='par_1_36' title="bbox 15 939 831 976">
     <span class='ocr_line' id='line_1_36' title="bbox 15 939 831 976; baseline 0.004 -10"><span class='ocrx_word' id='word_1_230' title='bbox 15 941 126 976; x_wconf 80' lang='grc' dir='ltr'><strong>ῃρέθη</strong></span> <span class='ocrx_word' id='word_1_231' title='bbox 146 939 199 966; x_wconf 74' lang='grc' dir='ltr'>ὑπὸ</span> <span class='ocrx_word' id='word_1_232' title='bbox 213 939 266 966; x_wconf 88' lang='grc' dir='ltr'>τῶν</span> <span class='ocrx_word' id='word_1_233' title='bbox 284 939 459 974; x_wconf 72' lang='grc' dir='ltr'>στρατιωτῶν</span> <span class='ocrx_word' id='word_1_234' title='bbox 475 939 545 975; x_wconf 80' lang='grc' dir='ltr'>μετὰ</span> <span class='ocrx_word' id='word_1_235' title='bbox 557 941 608 976; x_wconf 83' lang='grc' dir='ltr'>τὴν</span> <span class='ocrx_word' id='word_1_236' title='bbox 625 941 831 969; x_wconf 74' lang='grc' dir='ltr'>Κωνσταντινου</span> 
     </span>
    </p>
   </div>
   <div class='ocr_carea' id='block_1_37' title="bbox 15 986 832 1022">
    <p class='ocr_par' dir='ltr' id='par_1_37' title="bbox 15 986 832 1022">
     <span class='ocr_line' id='line_1_37' title="bbox 15 986 832 1022; baseline 0.005 -10"><span class='ocrx_word' id='word_1_237' title='bbox 15 986 181 1021; x_wconf 77' lang='grc' dir='ltr'>τελευτήν.</span> <span class='ocrx_word' id='word_1_238' title='bbox 203 986 330 1021; x_wconf 79' lang='grc' dir='ltr'>Ὀρφανοὶ</span> <span class='ocrx_word' id='word_1_239' title='bbox 345 986 374 1012; x_wconf 83' lang='grc' dir='ltr'>δὲ</span> <span class='ocrx_word' id='word_1_240' title='bbox 397 986 502 1022; x_wconf 83' lang='grc' dir='ltr'>πατρὸς</span> <span class='ocrx_word' id='word_1_241' title='bbox 526 987 666 1022; x_wconf 84' lang='grc' dir='ltr'>γενόμενοι</span> <span class='ocrx_word' id='word_1_242' title='bbox 689 988 738 1015; x_wconf 77' lang='grc' dir='ltr'>καὶ</span> <span class='ocrx_word' id='word_1_243' title='bbox 755 989 832 1016; x_wconf 76' lang='grc' dir='ltr'>αὐτοὶ</span> 
     </span>
    </p>
   </div>
   <div class='ocr_carea' id='block_1_38' title="bbox 16 1031 833 1069">
    <p class='ocr_par' dir='ltr' id='par_1_38' title="bbox 16 1031 833 1069">
     <span class='ocr_line' id='line_1_38' title="bbox 16 1031 833 1069; baseline 0.005 -11"><span class='ocrx_word' id='word_1_244' title='bbox 16 1032 108 1064; x_wconf 82' lang='grc' dir='ltr'>τότε,</span> <span class='ocrx_word' id='word_1_245' title='bbox 129 1031 273 1067; x_wconf 83' lang='grc' dir='ltr'>Δαλματίῳ</span> <span class='ocrx_word' id='word_1_246' title='bbox 288 1032 486 1061; x_wconf 80' lang='grc' dir='ltr'>συναπολέσθαι</span> <span class='ocrx_word' id='word_1_247' title='bbox 501 1033 679 1062; x_wconf 72' lang='grc' dir='ltr'>ἐκινδύνευον.</span> <span class='ocrx_word' id='word_1_248' title='bbox 699 1034 833 1069; x_wconf 79' lang='grc' dir='ltr'>Ἐξείλετο</span> 
     </span>
    </p>
   </div>
   <div class='ocr_carea' id='block_1_39' title="bbox 17 1077 833 1115">
    <p class='ocr_par' dir='ltr' id='par_1_39' title="bbox 17 1077 833 1115">
     <span class='ocr_line' id='line_1_39' title="bbox 17 1077 833 1115; baseline 0.005 -12"><span class='ocrx_word' id='word_1_249' title='bbox 17 1077 56 1104; x_wconf 79' lang='grc' dir='ltr'>δὲ</span> <span class='ocrx_word' id='word_1_250' title='bbox 85 1077 139 1112; x_wconf 86' lang='grc' dir='ltr'><strong>τῆς</strong></span> <span class='ocrx_word' id='word_1_251' title='bbox 153 1077 300 1112; x_wconf 74' lang='grc' dir='ltr'>ἐπιϐουλῆς</span> <span class='ocrx_word' id='word_1_252' title='bbox 316 1077 417 1104; x_wconf 84' lang='grc' dir='ltr'>Γάλλον</span> <span class='ocrx_word' id='word_1_253' title='bbox 434 1077 494 1113; x_wconf 59' lang='grc' dir='ltr'>μὲν,</span> <span class='ocrx_word' id='word_1_254' title='bbox 517 1079 558 1105; x_wconf 81' lang='grc' dir='ltr'>ὅτι</span> <span class='ocrx_word' id='word_1_255' title='bbox 579 1079 664 1106; x_wconf 85' lang='grc' dir='ltr'>νοσῶν</span> <span class='ocrx_word' id='word_1_256' title='bbox 680 1079 770 1115; x_wconf 73' lang='grc' dir='ltr'>ἔτυχε,</span> <span class='ocrx_word' id='word_1_257' title='bbox 785 1080 833 1108; x_wconf 79' lang='grc' dir='ltr'>καὶ</span> 
     </span>
    </p>
   </div>
   <div class='ocr_carea' id='block_1_40' title="bbox 19 1123 832 1162">
    <p class='ocr_par' dir='ltr' id='par_1_40' title="bbox 19 1123 832 1162">
     <span class='ocr_line' id='line_1_40' title="bbox 19 1123 832 1162; baseline 0.005 -13"><span class='ocrx_word' id='word_1_258' title='bbox 19 1124 100 1150; x_wconf 79' lang='grc' dir='ltr'>ὅσον</span> <span class='ocrx_word' id='word_1_259' title='bbox 124 1123 202 1150; x_wconf 80' lang='grc' dir='ltr'>οὔπω</span> <span class='ocrx_word' id='word_1_260' title='bbox 231 1123 393 1158; x_wconf 82' lang='grc' dir='ltr'><strong>αὐτομάτως</strong></span> <span class='ocrx_word' id='word_1_261' title='bbox 424 1123 600 1159; x_wconf 81' lang='grc' dir='ltr'>τεθνήξεσθαι</span> <span class='ocrx_word' id='word_1_262' title='bbox 623 1126 810 1162; x_wconf 81' lang='grc' dir='ltr'>προσεδοκήθη</span> <span class='ocrx_word' id='word_1_263' title='bbox 824 1135 832 1142; x_wconf 89' lang='grc'><strong>·</strong></span> 
     </span>
    </p>
   </div>
   <div class='ocr_carea' id='block_1_41' title="bbox 28 1169 834 1208">
    <p class='ocr_par' dir='ltr' id='par_1_41' title="bbox 28 1169 834 1208">
     <span class='ocr_line' id='line_1_41' title="bbox 28 1169 834 1208; baseline 0.005 -13"><span class='ocrx_word' id='word_1_264' title='bbox 28 1169 192 1196; x_wconf 77' lang='grc' dir='ltr'>Ἰουλιανδν</span> <span class='ocrx_word' id='word_1_265' title='bbox 212 1169 240 1196; x_wconf 77' lang='grc' dir='ltr'>δὲ</span> <span class='ocrx_word' id='word_1_266' title='bbox 254 1170 285 1195; x_wconf 81' lang='grc' dir='ltr'>τὸ</span> <span class='ocrx_word' id='word_1_267' title='bbox 300 1170 360 1196; x_wconf 87' lang='grc' dir='ltr'>νέον</span> <span class='ocrx_word' id='word_1_268' title='bbox 372 1178 379 1185; x_wconf 82' lang='grc'><em>”</em></span> <span class='ocrx_word' id='word_1_269' title='bbox 402 1169 442 1196; x_wconf 76' lang='grc' dir='ltr'>ἔτι</span> <span class='ocrx_word' id='word_1_270' title='bbox 458 1169 512 1206; x_wconf 90' lang='grc' dir='ltr'><strong>γὰρ</strong></span> <span class='ocrx_word' id='word_1_271' title='bbox 531 1170 623 1204; x_wconf 78' lang='grc' dir='ltr'>ὃγδοον</span> <span class='ocrx_word' id='word_1_272' title='bbox 645 1171 753 1207; x_wconf 79' lang='grc' dir='ltr'>ἡλικίας</span> <span class='ocrx_word' id='word_1_273' title='bbox 766 1170 834 1208; x_wconf 82' lang='grc' dir='ltr'>ἦγεν</span> 
     </span>
    </p>
   </div>
   <div class='ocr_carea' id='block_1_42' title="bbox 22 1213 833 1254">
    <p class='ocr_par' dir='ltr' id='par_1_42' title="bbox 22 1213 833 1254">
     <span class='ocr_line' id='line_1_42' title="bbox 22 1213 833 1254; baseline 0.005 -12"><span class='ocrx_word' id='word_1_274' title='bbox 22 1216 110 1247; x_wconf 76' lang='grc' dir='ltr'>ἔτος.</span> <span class='ocrx_word' id='word_1_275' title='bbox 127 1215 290 1251; x_wconf 76' lang='grc' dir='ltr'>Παραδόεως</span> <span class='ocrx_word' id='word_1_276' title='bbox 302 1216 330 1242; x_wconf 83' lang='grc' dir='ltr'>δὲ</span> <span class='ocrx_word' id='word_1_277' title='bbox 341 1213 392 1243; x_wconf 81' lang='grc' dir='ltr'>ὦδε</span> <span class='ocrx_word' id='word_1_278' title='bbox 408 1215 596 1250; x_wconf 82' lang='grc' dir='ltr'>διασωθέντες,</span> <span class='ocrx_word' id='word_1_279' title='bbox 608 1218 833 1254; x_wconf 84' lang='grc' dir='ltr'>προσετάχθησαν</span> 
     </span>
    </p>
   </div>
   <div class='ocr_carea' id='block_1_43' title="bbox 23 1261 834 1300">
    <p class='ocr_par' dir='ltr' id='par_1_43' title="bbox 23 1261 834 1300">
     <span class='ocr_line' id='line_1_43' title="bbox 23 1261 834 1300; baseline 0.006 -12"><span class='ocrx_word' id='word_1_280' title='bbox 23 1263 61 1288; x_wconf 85' lang='grc' dir='ltr'>ὲν</span> <span class='ocrx_word' id='word_1_281' title='bbox 88 1262 275 1298; x_wconf 77' lang='grc' dir='ltr'>Καππαδοκίᾳ</span> <span class='ocrx_word' id='word_1_282' title='bbox 295 1261 444 1298; x_wconf 76' lang='grc' dir='ltr'>διατρίϐειν</span> <span class='ocrx_word' id='word_1_283' title='bbox 460 1264 489 1290; x_wconf 83' lang='grc' dir='ltr'>ὲν</span> <span class='ocrx_word' id='word_1_284' title='bbox 510 1264 654 1299; x_wconf 82' lang='grc' dir='ltr'>Μακέλλῳ.</span> <span class='ocrx_word' id='word_1_285' title='bbox 679 1265 786 1300; x_wconf 82' lang='grc' dir='ltr'>Χωρίον</span> <span class='ocrx_word' id='word_1_286' title='bbox 805 1265 834 1293; x_wconf 79' lang='grc' dir='ltr'>δὲ</span> 
     </span>
    </p>
   </div>
   <div class='ocr_carea' id='block_1_44' title="bbox 26 1308 834 1345">
    <p class='ocr_par' dir='ltr' id='par_1_44' title="bbox 26 1308 834 1345">
     <span class='ocr_line' id='line_1_44' title="bbox 26 1308 834 1345; baseline 0.004 -11"><span class='ocrx_word' id='word_1_287' title='bbox 26 1308 120 1335; x_wconf 75' lang='grc' dir='ltr'>τοῦτο</span> <span class='ocrx_word' id='word_1_288' title='bbox 139 1308 278 1343; x_wconf 70' lang='grc' dir='ltr'>βασιλικὸν</span> <span class='ocrx_word' id='word_1_289' title='bbox 295 1308 364 1344; x_wconf 80' lang='grc' dir='ltr'>πρὸς</span> <span class='ocrx_word' id='word_1_290' title='bbox 381 1308 548 1345; x_wconf 81' lang='grc' dir='ltr'>τῷἈργαιῳ</span> <span class='ocrx_word' id='word_1_291' title='bbox 557 1308 625 1344; x_wconf 71' lang='grc' dir='ltr'>ὄρει,</span> <span class='ocrx_word' id='word_1_292' title='bbox 639 1310 688 1336; x_wconf 82' lang='grc' dir='ltr'>οὐκ</span> <span class='ocrx_word' id='word_1_293' title='bbox 701 1310 755 1337; x_wconf 81' lang='grc' dir='ltr'>ἀπὸ</span> <span class='ocrx_word' id='word_1_294' title='bbox 768 1311 834 1337; x_wconf 81' lang='grc' dir='ltr'>πολ-</span> 
     </span>
    </p>
   </div>
   <div class='ocr_carea' id='block_1_45' title="bbox 26 1355 835 1391">
    <p class='ocr_par' dir='ltr' id='par_1_45' title="bbox 26 1355 835 1391">
     <span class='ocr_line' id='line_1_45' title="bbox 26 1355 835 1391; baseline 0.004 -11"><span class='ocrx_word' id='word_1_295' title='bbox 26 1355 85 1381; x_wconf 77' lang='grc' dir='ltr'>λοῦ</span> <span class='ocrx_word' id='word_1_296' title='bbox 107 1355 158 1390; x_wconf 78' lang='grc' dir='ltr'><strong>τῆς</strong></span> <span class='ocrx_word' id='word_1_297' title='bbox 182 1355 345 1390; x_wconf 83' lang='grc' dir='ltr'>Καισαρέων</span> <span class='ocrx_word' id='word_1_298' title='bbox 363 1355 477 1387; x_wconf 84' lang='grc' dir='ltr'>πόλεως,</span> <span class='ocrx_word' id='word_1_299' title='bbox 502 1355 699 1391; x_wconf 86' lang='grc' dir='ltr'>μεγαλοπρεπῆ</span> <span class='ocrx_word' id='word_1_300' title='bbox 714 1365 743 1382; x_wconf 86' lang='grc' dir='ltr'><strong>τε</strong></span> <span class='ocrx_word' id='word_1_301' title='bbox 759 1356 835 1391; x_wconf 82' lang='grc' dir='ltr'>βασί-</span> 
     </span>
    </p>
   </div>
   <div class='ocr_carea' id='block_1_46' title="bbox 28 1400 835 1437">
    <p class='ocr_par' dir='ltr' id='par_1_46' title="bbox 28 1400 835 1437">
     <span class='ocr_line' id='line_1_46' title="bbox 28 1400 835 1437; baseline 0.005 -11"><span class='ocrx_word' id='word_1_302' title='bbox 28 1401 100 1427; x_wconf 81' lang='grc' dir='ltr'>λεια</span> <span class='ocrx_word' id='word_1_303' title='bbox 125 1400 197 1435; x_wconf 81' lang='grc' dir='ltr'>ἕχον,</span> <span class='ocrx_word' id='word_1_304' title='bbox 215 1401 262 1427; x_wconf 68' lang='grc' dir='ltr'>καὶ</span> <span class='ocrx_word' id='word_1_305' title='bbox 273 1400 374 1436; x_wconf 73' lang='grc' dir='ltr'>λουτρὰ</span> <span class='ocrx_word' id='word_1_306' title='bbox 397 1401 443 1427; x_wconf 77' lang='grc' dir='ltr'>καὶ</span> <span class='ocrx_word' id='word_1_307' title='bbox 462 1401 578 1436; x_wconf 83' lang='grc' dir='ltr'>κήπους,</span> <span class='ocrx_word' id='word_1_308' title='bbox 602 1402 649 1428; x_wconf 73' lang='grc' dir='ltr'><strong>καὶ</strong></span> <span class='ocrx_word' id='word_1_309' title='bbox 668 1403 761 1437; x_wconf 80' lang='grc' dir='ltr'>πηγὰς</span> <span class='ocrx_word' id='word_1_310' title='bbox 774 1403 835 1430; x_wconf 85' lang='grc' dir='ltr'>ἀεν-</span> 
     </span>
    </p>
   </div>
   <div class='ocr_carea' id='block_1_47' title="bbox 28 1445 835 1484">
    <p class='ocr_par' dir='ltr' id='par_1_47' title="bbox 28 1445 835 1484">
     <span class='ocr_line' id='line_1_47' title="bbox 28 1445 835 1484; baseline 0.004 -12"><span class='ocrx_word' id='word_1_311' title='bbox 28 1446 134 1478; x_wconf 81' lang='grc' dir='ltr'>νάους.</span> <span class='ocrx_word' id='word_1_312' title='bbox 154 1445 239 1473; x_wconf 82' lang='grc' dir='ltr'>Ἔνθα</span> <span class='ocrx_word' id='word_1_313' title='bbox 261 1447 293 1482; x_wconf 84' lang='grc' dir='ltr'>δὴ</span> <span class='ocrx_word' id='word_1_314' title='bbox 318 1447 468 1479; x_wconf 84' lang='grc' dir='ltr'>θεραπείας</span> <span class='ocrx_word' id='word_1_315' title='bbox 491 1447 538 1473; x_wconf 78' lang='grc' dir='ltr'>καὶ</span> <span class='ocrx_word' id='word_1_316' title='bbox 562 1447 675 1482; x_wconf 80' lang='grc' dir='ltr'>ἀγωγῆς</span> <span class='ocrx_word' id='word_1_317' title='bbox 692 1447 835 1484; x_wconf 82' lang='grc' dir='ltr'>βασιλικῆς</span> 
     </span>
    </p>
   </div>
   <div class='ocr_carea' id='block_1_48' title="bbox 30 1491 834 1528">
    <p class='ocr_par' dir='ltr' id='par_1_48' title="bbox 30 1491 834 1528">
     <span class='ocr_line' id='line_1_48' title="bbox 30 1491 834 1528; baseline 0.002 -10"><span class='ocrx_word' id='word_1_318' title='bbox 30 1491 180 1525; x_wconf 66' lang='grc' dir='ltr'>ἠξιοῦντο,</span> <span class='ocrx_word' id='word_1_319' title='bbox 206 1493 253 1518; x_wconf 75' lang='grc' dir='ltr'>καὶ</span> <span class='ocrx_word' id='word_1_320' title='bbox 278 1491 422 1528; x_wconf 80' lang='grc' dir='ltr'>μαθήμασι</span> <span class='ocrx_word' id='word_1_321' title='bbox 444 1492 492 1519; x_wconf 70' lang='grc' dir='ltr'>καὶ</span> <span class='ocrx_word' id='word_1_322' title='bbox 510 1493 673 1527; x_wconf 80' lang='grc' dir='ltr'>γυμνασίοις</span> <span class='ocrx_word' id='word_1_323' title='bbox 695 1494 751 1524; x_wconf 82' lang='grc' dir='ltr'>τοῖς</span> <span class='ocrx_word' id='word_1_324' title='bbox 774 1493 834 1520; x_wconf 83' lang='grc' dir='ltr'>καθ’</span> 
     </span>
    </p>
   </div>
   <div class='ocr_carea' id='block_1_49' title="bbox 30 1537 834 1573">
    <p class='ocr_par' dir='ltr' id='par_1_49' title="bbox 30 1537 834 1573">
     <span class='ocr_line' id='line_1_49' title="bbox 30 1537 834 1573; baseline 0.002 -9"><span class='ocrx_word' id='word_1_325' title='bbox 30 1538 153 1573; x_wconf 76' lang='grc' dir='ltr'>ἡλικίαν</span> <span class='ocrx_word' id='word_1_326' title='bbox 173 1537 309 1573; x_wconf 78' lang='grc' dir='ltr'>ἐχρῶντο,</span> <span class='ocrx_word' id='word_1_327' title='bbox 337 1538 385 1564; x_wconf 81' lang='grc' dir='ltr'><strong>καὶ</strong></span> <span class='ocrx_word' id='word_1_328' title='bbox 409 1538 496 1572; x_wconf 84' lang='grc' dir='ltr'>λόγων</span> <span class='ocrx_word' id='word_1_329' title='bbox 517 1538 698 1571; x_wconf 83' lang='grc' dir='ltr'>διδασκάλοις,</span> <span class='ocrx_word' id='word_1_330' title='bbox 716 1540 762 1566; x_wconf 84' lang='grc' dir='ltr'>καὶ</span> <span class='ocrx_word' id='word_1_331' title='bbox 779 1541 834 1572; x_wconf 81' lang='grc' dir='ltr'>τοῖς</span> 
     </span>
    </p>
   </div>
   <div class='ocr_carea' id='block_1_50' title="bbox 34 1583 835 1622">
    <p class='ocr_par' dir='ltr' id='par_1_50' title="bbox 34 1583 835 1622">
     <span class='ocr_line' id='line_1_50' title="bbox 34 1583 835 1622; baseline 0.005 -13"><span class='ocrx_word' id='word_1_332' title='bbox 34 1584 199 1619; x_wconf 70' lang='grc' dir='ltr'>ὑφηγηταϊς</span> <span class='ocrx_word' id='word_1_333' title='bbox 212 1583 266 1610; x_wconf 83' lang='grc' dir='ltr'>τῶν</span> <span class='ocrx_word' id='word_1_334' title='bbox 281 1584 366 1618; x_wconf 79' lang='grc' dir='ltr'>ἁγίων</span> <span class='ocrx_word' id='word_1_335' title='bbox 379 1584 497 1620; x_wconf 84' lang='grc' dir='ltr'>Γραφῶν</span> <span class='ocrx_word' id='word_1_336' title='bbox 510 1593 516 1600; x_wconf 94' lang='grc'><strong>·</strong></span> <span class='ocrx_word' id='word_1_337' title='bbox 534 1585 572 1616; x_wconf 90' lang='grc' dir='ltr'>ὡς</span> <span class='ocrx_word' id='word_1_338' title='bbox 584 1585 631 1611; x_wconf 72' lang='grc' dir='ltr'>καὶ</span> <span class='ocrx_word' id='word_1_339' title='bbox 646 1586 740 1622; x_wconf 86' lang='grc' dir='ltr'>κλήρῳ</span> <span class='ocrx_word' id='word_1_340' title='bbox 755 1587 835 1620; x_wconf 84' lang='grc' dir='ltr'>ὲγκα-</span> 
     </span>
    </p>
   </div>
   <div class='ocr_carea' id='block_1_51' title="bbox 34 1628 835 1665">
    <p class='ocr_par' dir='ltr' id='par_1_51' title="bbox 34 1628 835 1665">
     <span class='ocr_line' id='line_1_51' title="bbox 34 1628 835 1665; baseline 0.002 -11"><span class='ocrx_word' id='word_1_341' title='bbox 34 1628 204 1662; x_wconf 81' lang='grc' dir='ltr'>ταλεγῆναι,</span> <span class='ocrx_word' id='word_1_342' title='bbox 227 1628 274 1655; x_wconf 78' lang='grc' dir='ltr'><strong>καὶ</strong></span> <span class='ocrx_word' id='word_1_343' title='bbox 290 1628 526 1663; x_wconf 83' lang='grc' dir='ltr'>ὑπαναγινώσκειν</span> <span class='ocrx_word' id='word_1_344' title='bbox 541 1628 581 1664; x_wconf 87' lang='grc' dir='ltr'>τῷ</span> <span class='ocrx_word' id='word_1_345' title='bbox 599 1629 656 1664; x_wconf 88' lang='grc' dir='ltr'>λαῷ</span> <span class='ocrx_word' id='word_1_346' title='bbox 672 1629 722 1660; x_wconf 80' lang='grc' dir='ltr'><strong>τὰς</strong></span> <span class='ocrx_word' id='word_1_347' title='bbox 734 1630 835 1665; x_wconf 77' lang='grc' dir='ltr'>ἐκκλη-</span> 
     </span>
    </p>
   </div>
   <div class='ocr_carea' id='block_1_52' title="bbox 37 1673 835 1711">
    <p class='ocr_par' dir='ltr' id='par_1_52' title="bbox 37 1673 835 1711">
     <span class='ocr_line' id='line_1_52' title="bbox 37 1673 835 1711; baseline 0.001 -11"><span class='ocrx_word' id='word_1_348' title='bbox 37 1674 189 1705; x_wconf 77' lang='grc' dir='ltr'>σιαστικὰς</span> <span class='ocrx_word' id='word_1_349' title='bbox 206 1673 323 1708; x_wconf 80' lang='grc' dir='ltr'>βίϐλους.</span> <span class='ocrx_word' id='word_1_350' title='bbox 342 1675 380 1701; x_wconf 87' lang='grc' dir='ltr'><strong>οὺ</strong></span> <span class='ocrx_word' id='word_1_351' title='bbox 400 1675 453 1711; x_wconf 82' lang='grc' dir='ltr'>μὴν</span> <span class='ocrx_word' id='word_1_352' title='bbox 470 1675 538 1702; x_wconf 81' lang='grc' dir='ltr'>ἀλλὰ</span> <span class='ocrx_word' id='word_1_353' title='bbox 559 1675 606 1701; x_wconf 78' lang='grc' dir='ltr'><strong>καὶ</strong></span> <span class='ocrx_word' id='word_1_354' title='bbox 628 1674 672 1702; x_wconf 85' lang='grc' dir='ltr'><strong>διὰ</strong></span> <span class='ocrx_word' id='word_1_355' title='bbox 692 1675 746 1701; x_wconf 88' lang='grc' dir='ltr'>τῶν</span> <span class='ocrx_word' id='word_1_356' title='bbox 762 1675 835 1710; x_wconf 82' lang='grc' dir='ltr'>ἠθῶν</span> 
     </span>
    </p>
   </div>
   <div class='ocr_carea' id='block_1_53' title="bbox 36 1720 836 1756">
    <p class='ocr_par' dir='ltr' id='par_1_53' title="bbox 36 1720 836 1756">
     <span class='ocr_line' id='line_1_53' title="bbox 36 1720 836 1756; baseline -0.001 -8"><span class='ocrx_word' id='word_1_357' title='bbox 36 1722 90 1748; x_wconf 71' lang='grc' dir='ltr'>καὶ</span> <span class='ocrx_word' id='word_1_358' title='bbox 103 1721 159 1748; x_wconf 82' lang='grc' dir='ltr'><strong>τῶν</strong></span> <span class='ocrx_word' id='word_1_359' title='bbox 183 1720 287 1756; x_wconf 73' lang='grc' dir='ltr'>ἔργων,</span> <span class='ocrx_word' id='word_1_360' title='bbox 310 1721 360 1756; x_wconf 86' lang='grc' dir='ltr'>τὴν</span> <span class='ocrx_word' id='word_1_361' title='bbox 380 1721 521 1748; x_wconf 72' lang='grc' dir='ltr'>εὐσέϐειαν</span> <span class='ocrx_word' id='word_1_362' title='bbox 541 1720 728 1747; x_wconf 76' lang='grc' dir='ltr'>ἐπεδείκνυντο</span> <span class='ocrx_word' id='word_1_363' title='bbox 741 1729 747 1735; x_wconf 89' lang='grc'>·</span> <span class='ocrx_word' id='word_1_364' title='bbox 773 1721 836 1756; x_wconf 82' lang='grc' dir='ltr'>περὶ</span> 
     </span>
    </p>
   </div>
   <div class='ocr_carea' id='block_1_54' title="bbox 38 1767 837 1802">
    <p class='ocr_par' dir='ltr' id='par_1_54' title="bbox 38 1767 837 1802">
     <span class='ocr_line' id='line_1_54' title="bbox 38 1767 837 1802; baseline 0 -8"><span class='ocrx_word' id='word_1_365' title='bbox 38 1767 145 1794; x_wconf 78' lang='grc' dir='ltr'>πολλοῦ</span> <span class='ocrx_word' id='word_1_366' title='bbox 161 1767 318 1802; x_wconf 85' lang='grc' dir='ltr'>ποιούμενοι</span> <span class='ocrx_word' id='word_1_367' title='bbox 335 1768 398 1799; x_wconf 84' lang='grc' dir='ltr'>τοὺς</span> <span class='ocrx_word' id='word_1_368' title='bbox 416 1768 518 1802; x_wconf 78' lang='grc' dir='ltr'>ἱερέας,</span> <span class='ocrx_word' id='word_1_369' title='bbox 531 1767 578 1794; x_wconf 71' lang='grc' dir='ltr'><strong>καὶ</strong></span> <span class='ocrx_word' id='word_1_370' title='bbox 592 1767 656 1799; x_wconf 72' lang='grc' dir='ltr'>τοὺς</span> <span class='ocrx_word' id='word_1_371' title='bbox 669 1767 756 1798; x_wconf 78' lang='grc' dir='ltr'>ἄλλως</span> <span class='ocrx_word' id='word_1_372' title='bbox 768 1767 837 1801; x_wconf 86' lang='grc' dir='ltr'>ἀγα-</span> 
     </span>
    </p>
   </div>
   <div class='ocr_carea' id='block_1_55' title="bbox 39 1813 836 1850">
    <p class='ocr_par' dir='ltr' id='par_1_55' title="bbox 39 1813 836 1850">
     <span class='ocr_line' id='line_1_55' title="bbox 39 1813 836 1850; baseline 0 -10"><span class='ocrx_word' id='word_1_373' title='bbox 39 1814 119 1846; x_wconf 76' lang='grc' dir='ltr'>θοὺς,</span> <span class='ocrx_word' id='word_1_374' title='bbox 137 1814 184 1840; x_wconf 80' lang='grc' dir='ltr'>καὶ</span> <span class='ocrx_word' id='word_1_375' title='bbox 199 1814 264 1849; x_wconf 82' lang='grc' dir='ltr'>περὶ</span> <span class='ocrx_word' id='word_1_376' title='bbox 276 1814 365 1850; x_wconf 87' lang='grc' dir='ltr'>δόγμα</span> <span class='ocrx_word' id='word_1_377' title='bbox 383 1813 554 1845; x_wconf 81' lang='grc' dir='ltr'>σπουδαίους,</span> <span class='ocrx_word' id='word_1_378' title='bbox 569 1814 626 1844; x_wconf 81' lang='grc' dir='ltr'>τοῖς</span> <span class='ocrx_word' id='word_1_379' title='bbox 638 1822 667 1840; x_wconf 85' lang='grc' dir='ltr'><strong>τε</strong></span> <span class='ocrx_word' id='word_1_380' title='bbox 682 1813 836 1849; x_wconf 79' lang='grc' dir='ltr'>εὐκτηρίοις</span> 
     </span>
    </p>
   </div>
   <div class='ocr_carea' id='block_1_56' title="bbox 38 1856 836 1893">
    <p class='ocr_par' dir='ltr' id='par_1_56' title="bbox 38 1856 836 1893">
     <span class='ocr_line' id='line_1_56' title="bbox 38 1856 836 1893; baseline -0.003 -9"><span class='ocrx_word' id='word_1_381' title='bbox 38 1859 132 1890; x_wconf 78' lang='grc' dir='ltr'>οἴκοις</span> <span class='ocrx_word' id='word_1_382' title='bbox 147 1858 318 1893; x_wconf 77' lang='grc' dir='ltr'>θαμίζοντες,</span> <span class='ocrx_word' id='word_1_383' title='bbox 333 1859 379 1885; x_wconf 70' lang='grc' dir='ltr'><strong>καὶ</strong></span> <span class='ocrx_word' id='word_1_384' title='bbox 394 1859 453 1889; x_wconf 81' lang='grc' dir='ltr'>ταῖς</span> <span class='ocrx_word' id='word_1_385' title='bbox 464 1856 666 1892; x_wconf 82' lang='grc' dir='ltr'>προσηκούσαις</span> <span class='ocrx_word' id='word_1_386' title='bbox 681 1858 772 1891; x_wconf 84' lang='grc' dir='ltr'>τιμαῖς</span> <span class='ocrx_word' id='word_1_387' title='bbox 787 1857 836 1888; x_wconf 79' lang='grc' dir='ltr'>τὰς</span> 
     </span>
    </p>
   </div>
   <div class='ocr_carea' id='block_1_57' title="bbox 39 1901 837 1940">
    <p class='ocr_par' dir='ltr' id='par_1_57' title="bbox 39 1901 837 1940">
     <span class='ocr_line' id='line_1_57' title="bbox 39 1901 837 1940; baseline -0.005 -9"><span class='ocrx_word' id='word_1_388' title='bbox 39 1906 100 1931; x_wconf 81' lang='grc' dir='ltr'>τῶν</span> <span class='ocrx_word' id='word_1_389' title='bbox 119 1904 267 1940; x_wconf 83' lang='grc' dir='ltr'>μαρτύρων</span> <span class='ocrx_word' id='word_1_390' title='bbox 283 1904 370 1940; x_wconf 83' lang='grc' dir='ltr'>θήκας</span> <span class='ocrx_word' id='word_1_391' title='bbox 390 1903 576 1939; x_wconf 85' lang='grc' dir='ltr'>γεραίροντες.</span> <span class='ocrx_word' id='word_1_392' title='bbox 599 1901 756 1937; x_wconf 83' lang='grc' dir='ltr'>Τηνικαῦτα</span> <span class='ocrx_word' id='word_1_393' title='bbox 771 1901 837 1936; x_wconf 82' lang='grc' dir='ltr'>γοῦν</span> 
     </span>
    </p>
   </div>
   <div class='ocr_carea' id='block_1_58' title="bbox 40 1948 839 1986">
    <p class='ocr_par' dir='ltr' id='par_1_58' title="bbox 40 1948 839 1986">
     <span class='ocr_line' id='line_1_58' title="bbox 40 1948 839 1986; baseline -0.004 -9"><span class='ocrx_word' id='word_1_394' title='bbox 40 1951 129 1986; x_wconf 79' lang='grc' dir='ltr'>φασὶν</span> <span class='ocrx_word' id='word_1_395' title='bbox 158 1950 277 1982; x_wconf 82' lang='grc' dir='ltr'>αὐτοὺς,</span> <span class='ocrx_word' id='word_1_396' title='bbox 309 1949 508 1982; x_wconf 74' lang='grc' dir='ltr'>σπουδάζοντας</span> <span class='ocrx_word' id='word_1_397' title='bbox 537 1948 657 1983; x_wconf 84' lang='grc' dir='ltr'>μεγίστῳ</span> <span class='ocrx_word' id='word_1_398' title='bbox 683 1948 839 1983; x_wconf 72' lang='grc' dir='ltr'>περιλαϐεῖν</span> 
     </span>
    </p>
   </div>
   <div class='ocr_carea' id='block_1_59' title="bbox 41 1994 839 2032">
    <p class='ocr_par' dir='ltr' id='par_1_59' title="bbox 41 1994 839 2032">
     <span class='ocr_line' id='line_1_59' title="bbox 41 1994 839 2032; baseline -0.006 -8"><span class='ocrx_word' id='word_1_399' title='bbox 41 1999 113 2032; x_wconf 78' lang='grc' dir='ltr'>οἴκῳ</span> <span class='ocrx_word' id='word_1_400' title='bbox 130 1997 175 2024; x_wconf 72' lang='grc' dir='ltr'>τὸν</span> <span class='ocrx_word' id='word_1_401' title='bbox 199 1997 283 2031; x_wconf 79' lang='grc' dir='ltr'>τάφον</span> <span class='ocrx_word' id='word_1_402' title='bbox 306 1997 394 2032; x_wconf 81' lang='grc' dir='ltr'>Μάμα</span> <span class='ocrx_word' id='word_1_403' title='bbox 417 1995 464 2025; x_wconf 85' lang='grc' dir='ltr'><strong>τοῦ</strong></span> <span class='ocrx_word' id='word_1_404' title='bbox 487 1995 656 2031; x_wconf 73' lang='grc' dir='ltr'>μάρτυροςιι,</span> <span class='ocrx_word' id='word_1_405' title='bbox 686 1995 726 2025; x_wconf 80' lang='grc' dir='ltr'>εἰς</span> <span class='ocrx_word' id='word_1_406' title='bbox 749 1994 839 2030; x_wconf 63' lang='grc' dir='ltr'>ὰμφοτ</span> 
     </span>
    </p>
   </div>
   <div class='ocr_carea' id='block_1_60' title="bbox 42 2040 837 2079">
    <p class='ocr_par' dir='ltr' id='par_1_60' title="bbox 42 2040 837 2079">
     <span class='ocr_line' id='line_1_60' title="bbox 42 2040 837 2079; baseline -0.005 -10"><span class='ocrx_word' id='word_1_407' title='bbox 42 2044 141 2078; x_wconf 80' lang='grc' dir='ltr'>τέρους</span> <span class='ocrx_word' id='word_1_408' title='bbox 166 2043 276 2079; x_wconf 78' lang='grc' dir='ltr'>μερίσαι</span> <span class='ocrx_word' id='word_1_409' title='bbox 293 2043 323 2070; x_wconf 84' lang='grc' dir='ltr'>τὸ</span> <span class='ocrx_word' id='word_1_410' title='bbox 342 2043 432 2078; x_wconf 73' lang='grc' dir='ltr'>ἔργον.</span> <span class='ocrx_word' id='word_1_411' title='bbox 450 2041 653 2077; x_wconf 75' lang='grc' dir='ltr'>Ἀμιλλωμένου</span> <span class='ocrx_word' id='word_1_412' title='bbox 664 2040 693 2066; x_wconf 70' lang='grc' dir='ltr'>δὲ</span> <span class='ocrx_word' id='word_1_413' title='bbox 708 2040 837 2075; x_wconf 77' lang='grc' dir='ltr'>ἐκατέρου</span> 
     </span>
    </p>
   </div>
   <div class='ocr_carea' id='block_1_61' title="bbox 44 2085 841 2125">
    <p class='ocr_par' dir='ltr' id='par_1_61' title="bbox 44 2085 841 2125">
     <span class='ocr_line' id='line_1_61' title="bbox 44 2085 841 2125; baseline -0.005 -9"><span class='ocrx_word' id='word_1_414' title='bbox 44 2089 190 2124; x_wconf 66' lang='grc' dir='ltr'>φιλοτιμίᾳ</span> <span class='ocrx_word' id='word_1_415' title='bbox 203 2090 250 2116; x_wconf 77' lang='grc' dir='ltr'>καὶ</span> <span class='ocrx_word' id='word_1_416' title='bbox 262 2091 328 2125; x_wconf 75' lang='grc' dir='ltr'>τιμῇ</span> <span class='ocrx_word' id='word_1_417' title='bbox 346 2088 563 2125; x_wconf 79' lang='grc' dir='ltr'>ὑπερὸἀλλεσθαι</span> <span class='ocrx_word' id='word_1_418' title='bbox 577 2087 622 2114; x_wconf 81' lang='grc' dir='ltr'>τὸν</span> <span class='ocrx_word' id='word_1_419' title='bbox 638 2086 739 2121; x_wconf 77' lang='grc' dir='ltr'>ἕτερον,</span> <span class='ocrx_word' id='word_1_420' title='bbox 754 2085 841 2121; x_wconf 80' lang='grc' dir='ltr'>παρά-</span> 
     </span>
    </p>
   </div>
   <div class='ocr_carea' id='block_1_62' title="bbox 44 2131 842 2172">
    <p class='ocr_par' dir='ltr' id='par_1_62' title="bbox 44 2131 842 2172">
     <span class='ocr_line' id='line_1_62' title="bbox 44 2131 842 2172; baseline -0.006 -10"><span class='ocrx_word' id='word_1_421' title='bbox 44 2137 122 2169; x_wconf 62' lang='grc' dir='ltr'>δοξον</span> <span class='ocrx_word' id='word_1_422' title='bbox 143 2135 278 2172; x_wconf 75' lang='grc' dir='ltr'>συμϐῆναι</span> <span class='ocrx_word' id='word_1_423' title='bbox 294 2137 341 2162; x_wconf 75' lang='grc' dir='ltr'><strong>καὶ</strong></span> <span class='ocrx_word' id='word_1_424' title='bbox 359 2134 496 2166; x_wconf 85' lang='grc' dir='ltr'>παντελῶς</span> <span class='ocrx_word' id='word_1_425' title='bbox 512 2134 636 2164; x_wconf 76' lang='grc' dir='ltr'>ἄπιστον,</span> <span class='ocrx_word' id='word_1_426' title='bbox 651 2133 676 2158; x_wconf 77' lang='grc' dir='ltr'>εἰ</span> <span class='ocrx_word' id='word_1_427' title='bbox 693 2131 730 2166; x_wconf 80' lang='grc' dir='ltr'>μὴ</span> <span class='ocrx_word' id='word_1_428' title='bbox 749 2131 842 2158; x_wconf 82' lang='grc' dir='ltr'>πολλοὶ</span> 
     </span>
    </p>
   </div>
   <div class='ocr_carea' id='block_1_63' title="bbox 849 1559 871 1589">
    <p class='ocr_par' dir='ltr' id='par_1_63' title="bbox 849 1559 871 1589">
     <span class='ocr_line' id='line_1_63' title="bbox 849 1559 871 1589; baseline 0 0"><span class='ocrx_word' id='word_1_429' title='bbox 849 1559 871 1589; x_wconf 88' lang='lat' dir='ltr'><strong>C</strong></span> 
     </span>
    </p>
   </div>
   <div class='ocr_carea' id='block_1_64' title="bbox 883 936 1673 972">
    <p class='ocr_par' dir='ltr' id='par_1_64' title="bbox 883 936 1673 972">
     <span class='ocr_line' id='line_1_64' title="bbox 883 936 1673 972; baseline 0.006 -9"><span class='ocrx_word' id='word_1_430' title='bbox 883 944 968 972; x_wconf 88' lang='lat' dir='ltr'><strong>puero</strong></span> <span class='ocrx_word' id='word_1_431' title='bbox 978 937 1058 972; x_wconf 79' lang='lat' dir='ltr'><strong>juxta</strong></span> <span class='ocrx_word' id='word_1_432' title='bbox 1075 936 1206 966; x_wconf 62' lang='lat' dir='ltr'><strong>Ecclesia</strong></span> <span class='ocrx_word' id='word_1_433' title='bbox 1215 939 1298 966; x_wconf 93' lang='lat' dir='ltr'><strong>ritum</strong></span> <span class='ocrx_word' id='word_1_434' title='bbox 1310 939 1436 967; x_wconf 84' lang='lat' dir='ltr'><strong>initiatus</strong></span> <span class='ocrx_word' id='word_1_435' title='bbox 1449 944 1478 967; x_wconf 85' lang='lat' dir='ltr'><strong>et</strong></span> <span class='ocrx_word' id='word_1_436' title='bbox 1492 940 1579 968; x_wconf 87' lang='lat' dir='ltr'><strong>sacris</strong></span> <span class='ocrx_word' id='word_1_437' title='bbox 1592 940 1673 968; x_wconf 81' lang='lat' dir='ltr'><strong>Litte-</strong></span> 
     </span>
    </p>
   </div>
   <div class='ocr_carea' id='block_1_65' title="bbox 881 981 1674 1020">
    <p class='ocr_par' dir='ltr' id='par_1_65' title="bbox 881 981 1674 1020">
     <span class='ocr_line' id='line_1_65' title="bbox 881 981 1674 1020; baseline 0.005 -12"><span class='ocrx_word' id='word_1_438' title='bbox 881 981 922 1009; x_wconf 86' lang='lat' dir='ltr'><strong>ris</strong></span> <span class='ocrx_word' id='word_1_439' title='bbox 941 981 1088 1009; x_wconf 88' lang='lat' dir='ltr'><strong>institutus</strong></span> <span class='ocrx_word' id='word_1_440' title='bbox 1101 1001 1109 1014; x_wconf 90' lang='lat'><strong>,</strong></span> <span class='ocrx_word' id='word_1_441' title='bbox 1135 981 1187 1009; x_wconf 89' lang='lat' dir='ltr'><strong>sub</strong></span> <span class='ocrx_word' id='word_1_442' title='bbox 1206 983 1346 1018; x_wconf 80' lang='lat' dir='ltr'><strong>episcopis</strong></span> <span class='ocrx_word' id='word_1_443' title='bbox 1361 983 1480 1020; x_wconf 91' lang='lat' dir='ltr'><strong>denique</strong></span> <span class='ocrx_word' id='word_1_444' title='bbox 1499 989 1526 1012; x_wconf 83' lang='lat' dir='ltr'><strong>et</strong></span> <span class='ocrx_word' id='word_1_445' title='bbox 1544 985 1674 1013; x_wconf 83' lang='lat' dir='ltr'><strong>ecclesia-</strong></span> 
     </span>
    </p>
   </div>
   <div class='ocr_carea' id='block_1_66' title="bbox 883 1027 1673 1065">
    <p class='ocr_par' dir='ltr' id='par_1_66' title="bbox 883 1027 1673 1065">
     <span class='ocr_line' id='line_1_66' title="bbox 883 1027 1673 1065; baseline 0.005 -11"><span class='ocrx_word' id='word_1_446' title='bbox 883 1027 960 1055; x_wconf 88' lang='lat' dir='ltr'><strong>sticis</strong></span> <span class='ocrx_word' id='word_1_447' title='bbox 989 1027 1056 1055; x_wconf 90' lang='lat' dir='ltr'><strong>viris</strong></span> <span class='ocrx_word' id='word_1_448' title='bbox 1084 1027 1218 1055; x_wconf 83' lang='lat' dir='ltr'><strong>educatus</strong></span> <span class='ocrx_word' id='word_1_449' title='bbox 1244 1028 1344 1057; x_wconf 82' lang='lat' dir='ltr'><strong>fuerat.</strong></span> <span class='ocrx_word' id='word_1_450' title='bbox 1371 1030 1425 1065; x_wconf 89' lang='lat' dir='ltr'><strong>Ipsi</strong></span> <span class='ocrx_word' id='word_1_451' title='bbox 1449 1031 1524 1058; x_wconf 87' lang='lat' dir='ltr'><strong>enim</strong></span> <span class='ocrx_word' id='word_1_452' title='bbox 1545 1036 1572 1058; x_wconf 86' lang='lat' dir='ltr'><strong>et</strong></span> <span class='ocrx_word' id='word_1_453' title='bbox 1595 1031 1673 1058; x_wconf 86' lang='lat' dir='ltr'><strong>Gallo</strong></span> 
     </span>
    </p>
   </div>
   <div class='ocr_carea' id='block_1_67' title="bbox 884 1073 1674 1111">
    <p class='ocr_par' dir='ltr' id='par_1_67' title="bbox 884 1073 1674 1111">
     <span class='ocr_line' id='line_1_67' title="bbox 884 1073 1674 1111; baseline 0.005 -11"><span class='ocrx_word' id='word_1_454' title='bbox 884 1077 961 1108; x_wconf 86' lang='lat' dir='ltr'><strong>pater</strong></span> <span class='ocrx_word' id='word_1_455' title='bbox 974 1073 1026 1100; x_wconf 78' lang='lat' dir='ltr'><strong>fuit</strong></span> <span class='ocrx_word' id='word_1_456' title='bbox 1040 1073 1231 1107; x_wconf 67' lang='lat' dir='ltr'><strong>Constantius,</strong></span> <span class='ocrx_word' id='word_1_457' title='bbox 1249 1075 1329 1110; x_wconf 74' lang='lat'><strong>180</strong></span> <span class='ocrx_word' id='word_1_458' title='bbox 1338 1084 1486 1111; x_wconf 82' lang='lat' dir='ltr'><strong>germanus</strong></span> <span class='ocrx_word' id='word_1_459' title='bbox 1506 1077 1589 1105; x_wconf 79' lang='lat' dir='ltr'><strong>frater</strong></span> <span class='ocrx_word' id='word_1_460' title='bbox 1602 1078 1674 1105; x_wconf 88' lang='lat' dir='ltr'><strong>Con-</strong></span> 
     </span>
    </p>
   </div>
   <div class='ocr_carea' id='block_1_68' title="bbox 882 1119 1673 1158">
    <p class='ocr_par' dir='ltr' id='par_1_68' title="bbox 882 1119 1673 1158">
     <span class='ocr_line' id='line_1_68' title="bbox 882 1119 1673 1158; baseline 0.005 -11"><span class='ocrx_word' id='word_1_461' title='bbox 882 1119 997 1148; x_wconf 88' lang='lat' dir='ltr'><strong>stantini</strong></span> <span class='ocrx_word' id='word_1_462' title='bbox 1012 1121 1186 1155; x_wconf 84' lang='lat' dir='ltr'><strong>imperatoris</strong></span> <span class='ocrx_word' id='word_1_463' title='bbox 1200 1139 1208 1152; x_wconf 88' lang='grc'><strong>,</strong></span> <span class='ocrx_word' id='word_1_464' title='bbox 1228 1125 1311 1156; x_wconf 87' lang='lat' dir='ltr'><strong>atque</strong></span> <span class='ocrx_word' id='word_1_465' title='bbox 1329 1122 1468 1156; x_wconf 86' lang='lat' dir='ltr'><strong>Dalmatii,</strong></span> <span class='ocrx_word' id='word_1_466' title='bbox 1496 1124 1575 1158; x_wconf 87' lang='lat' dir='ltr'><strong>cujus</strong></span> <span class='ocrx_word' id='word_1_467' title='bbox 1602 1124 1673 1152; x_wconf 77' lang='lat' dir='ltr'><strong>illitis</strong></span> 
     </span>
    </p>
   </div>
   <div class='ocr_carea' id='block_1_69' title="bbox 883 1165 1675 1201">
    <p class='ocr_par' dir='ltr' id='par_1_69' title="bbox 883 1165 1675 1201">
     <span class='ocr_line' id='line_1_69' title="bbox 883 1165 1675 1201; baseline 0.005 -9"><span class='ocrx_word' id='word_1_468' title='bbox 883 1165 980 1193; x_wconf 90' lang='lat' dir='ltr'><strong>eodem</strong></span> <span class='ocrx_word' id='word_1_469' title='bbox 1000 1166 1111 1194; x_wconf 89' lang='lat' dir='ltr'><strong>nomine</strong></span> <span class='ocrx_word' id='word_1_470' title='bbox 1135 1170 1311 1201; x_wconf 81' lang='lat' dir='ltr'><strong>nuncupatus</strong></span> <span class='ocrx_word' id='word_1_471' title='bbox 1331 1167 1492 1200; x_wconf 88' lang='lat' dir='ltr'><strong>Dalmatius,</strong></span> <span class='ocrx_word' id='word_1_472' title='bbox 1508 1176 1569 1196; x_wconf 89' lang='lat' dir='ltr'><strong>cum</strong></span> <span class='ocrx_word' id='word_1_473' title='bbox 1584 1169 1675 1196; x_wconf 69' lang='lat' dir='ltr'><strong>Caasar</strong></span> 
     </span>
    </p>
   </div>
   <div class='ocr_carea' id='block_1_70' title="bbox 882 1211 1674 1247">
    <p class='ocr_par' dir='ltr' id='par_1_70' title="bbox 882 1211 1674 1247">
     <span class='ocr_line' id='line_1_70' title="bbox 882 1211 1674 1247; baseline 0.006 -9"><span class='ocrx_word' id='word_1_474' title='bbox 882 1211 1056 1240; x_wconf 82' lang='lat' dir='ltr'><strong>renuntiatus</strong></span> <span class='ocrx_word' id='word_1_475' title='bbox 1084 1211 1197 1244; x_wconf 83' lang='lat' dir='ltr'><strong>fuisset,</strong></span> <span class='ocrx_word' id='word_1_476' title='bbox 1228 1217 1292 1247; x_wconf 88' lang='lat' dir='ltr'><strong>post</strong></span> <span class='ocrx_word' id='word_1_477' title='bbox 1316 1213 1421 1241; x_wconf 91' lang='lat' dir='ltr'><strong>obitum</strong></span> <span class='ocrx_word' id='word_1_478' title='bbox 1451 1213 1625 1242; x_wconf 87' lang='lat' dir='ltr'><strong>Constantini</strong></span> <span class='ocrx_word' id='word_1_479' title='bbox 1658 1223 1674 1243; x_wconf 88' lang='lat' dir='ltr'><strong>a</strong></span> 
     </span>
    </p>
   </div>
   <div class='ocr_carea' id='block_1_71' title="bbox 884 1256 1674 1294">
    <p class='ocr_par' dir='ltr' id='par_1_71' title="bbox 884 1256 1674 1294">
     <span class='ocr_line' id='line_1_71' title="bbox 884 1256 1674 1294; baseline 0.005 -12"><span class='ocrx_word' id='word_1_480' title='bbox 884 1256 1018 1284; x_wconf 83' lang='lat' dir='ltr'><strong>militibus</strong></span> <span class='ocrx_word' id='word_1_481' title='bbox 1029 1262 1070 1284; x_wconf 87' lang='lat' dir='ltr'><strong>est</strong></span> <span class='ocrx_word' id='word_1_482' title='bbox 1085 1258 1258 1287; x_wconf 84' lang='lat' dir='ltr'><strong>interfectus.</strong></span> <span class='ocrx_word' id='word_1_483' title='bbox 1278 1259 1339 1292; x_wconf 88' lang='lat' dir='ltr'><strong>Quo</strong></span> <span class='ocrx_word' id='word_1_484' title='bbox 1355 1259 1466 1293; x_wconf 85' lang='lat' dir='ltr'><strong>quidem</strong></span> <span class='ocrx_word' id='word_1_485' title='bbox 1483 1263 1605 1294; x_wconf 86' lang='lat' dir='ltr'><strong>tempore</strong></span> <span class='ocrx_word' id='word_1_486' title='bbox 1621 1259 1674 1294; x_wconf 82' lang='lat' dir='ltr'><strong>ipsi</strong></span> 
     </span>
    </p>
   </div>
   <div class='ocr_carea' id='block_1_72' title="bbox 884 1304 1675 1340">
    <p class='ocr_par' dir='ltr' id='par_1_72' title="bbox 884 1304 1675 1340">
     <span class='ocr_line' id='line_1_72' title="bbox 884 1304 1675 1340; baseline 0.005 -12"><span class='ocrx_word' id='word_1_487' title='bbox 884 1309 993 1337; x_wconf 89' lang='lat' dir='ltr'><strong>quoque</strong></span> <span class='ocrx_word' id='word_1_488' title='bbox 1012 1308 1089 1337; x_wconf 86' lang='lat' dir='ltr'><strong>patre</strong></span> <span class='ocrx_word' id='word_1_489' title='bbox 1106 1305 1212 1337; x_wconf 86' lang='lat' dir='ltr'><strong>orbati,</strong></span> <span class='ocrx_word' id='word_1_490' title='bbox 1237 1313 1336 1340; x_wconf 88' lang='lat' dir='ltr'><strong>parum</strong></span> <span class='ocrx_word' id='word_1_491' title='bbox 1364 1304 1452 1333; x_wconf 75' lang='lat' dir='ltr'><strong>abfuit</strong></span> <span class='ocrx_word' id='word_1_492' title='bbox 1469 1304 1535 1339; x_wconf 90' lang='lat' dir='ltr'><strong>quin</strong></span> <span class='ocrx_word' id='word_1_493' title='bbox 1554 1306 1675 1340; x_wconf 80' lang='lat' dir='ltr'><strong>perirent</strong></span> 
     </span>
    </p>
   </div>
   <div class='ocr_carea' id='block_1_73' title="bbox 884 1348 1674 1387">
    <p class='ocr_par' dir='ltr' id='par_1_73' title="bbox 884 1348 1674 1387">
     <span class='ocr_line' id='line_1_73' title="bbox 884 1348 1674 1387; baseline 0.006 -14"><span class='ocrx_word' id='word_1_494' title='bbox 884 1355 939 1374; x_wconf 86' lang='lat' dir='ltr'><strong>una</strong></span> <span class='ocrx_word' id='word_1_495' title='bbox 957 1355 1019 1375; x_wconf 89' lang='lat' dir='ltr'><strong>cum</strong></span> <span class='ocrx_word' id='word_1_496' title='bbox 1045 1348 1190 1377; x_wconf 88' lang='lat' dir='ltr'><strong>Dalmatio.</strong></span> <span class='ocrx_word' id='word_1_497' title='bbox 1218 1349 1271 1378; x_wconf 81' lang='lat' dir='ltr'><strong>Sed</strong></span> <span class='ocrx_word' id='word_1_498' title='bbox 1289 1351 1397 1378; x_wconf 83' lang='lat' dir='ltr'><strong>Gallum</strong></span> <span class='ocrx_word' id='word_1_499' title='bbox 1417 1351 1526 1386; x_wconf 85' lang='lat' dir='ltr'><strong>quidem</strong></span> <span class='ocrx_word' id='word_1_500' title='bbox 1552 1350 1674 1387; x_wconf 84' lang='lat' dir='ltr'><strong>periculo</strong></span> 
     </span>
    </p>
   </div>
   <div class='ocr_carea' id='block_1_74' title="bbox 884 1394 1676 1434">
    <p class='ocr_par' dir='ltr' id='par_1_74' title="bbox 884 1394 1676 1434">
     <span class='ocr_line' id='line_1_74' title="bbox 884 1394 1676 1434; baseline 0.006 -13"><span class='ocrx_word' id='word_1_501' title='bbox 884 1394 986 1422; x_wconf 80' lang='lat' dir='ltr'><strong>exemit</strong></span> <span class='ocrx_word' id='word_1_502' title='bbox 1004 1395 1117 1424; x_wconf 88' lang='lat' dir='ltr'><strong>morbus</strong></span> <span class='ocrx_word' id='word_1_503' title='bbox 1131 1404 1187 1431; x_wconf 90' lang='lat' dir='ltr'><strong>quo</strong></span> <span class='ocrx_word' id='word_1_504' title='bbox 1209 1402 1265 1424; x_wconf 90' lang='lat' dir='ltr'><strong>tum</strong></span> <span class='ocrx_word' id='word_1_505' title='bbox 1291 1397 1445 1431; x_wconf 85' lang='lat' dir='ltr'><strong>laborabat,</strong></span> <span class='ocrx_word' id='word_1_506' title='bbox 1462 1402 1490 1426; x_wconf 88' lang='lat' dir='ltr'><strong>et</strong></span> <span class='ocrx_word' id='word_1_507' title='bbox 1503 1406 1557 1433; x_wconf 87' lang='lat' dir='ltr'><strong>quo</strong></span> <span class='ocrx_word' id='word_1_508' title='bbox 1578 1407 1676 1434; x_wconf 58' lang='lat' dir='ltr'><strong>prope.</strong></span> 
     </span>
    </p>
   </div>
   <div class='ocr_carea' id='block_1_75' title="bbox 884 1438 1675 1476">
    <p class='ocr_par' dir='ltr' id='par_1_75' title="bbox 884 1438 1675 1476">
     <span class='ocr_line' id='line_1_75' title="bbox 884 1438 1675 1476; baseline 0.006 -10"><span class='ocrx_word' id='word_1_509' title='bbox 884 1438 957 1466; x_wconf 87' lang='lat' dir='ltr'><strong>diem</strong></span> <span class='ocrx_word' id='word_1_510' title='bbox 980 1440 1129 1468; x_wconf 87' lang='lat' dir='ltr'><strong>moriturus</strong></span> <span class='ocrx_word' id='word_1_511' title='bbox 1156 1443 1304 1476; x_wconf 81' lang='lat' dir='ltr'><strong>putabatur</strong></span> <span class='ocrx_word' id='word_1_512' title='bbox 1325 1451 1332 1469; x_wconf 86' lang='lat'><strong>:</strong></span> <span class='ocrx_word' id='word_1_513' title='bbox 1352 1442 1490 1470; x_wconf 85' lang='lat' dir='ltr'><strong>Julianum</strong></span> <span class='ocrx_word' id='word_1_514' title='bbox 1518 1451 1582 1471; x_wconf 82' lang='lat' dir='ltr'><strong>vero</strong></span> <span class='ocrx_word' id='word_1_515' title='bbox 1609 1448 1675 1472; x_wconf 74' lang='lat' dir='ltr'><strong>tetas</strong></span> 
     </span>
    </p>
   </div>
   <div class='ocr_carea' id='block_1_76' title="bbox 885 1487 1676 1518">
    <p class='ocr_par' dir='ltr' id='par_1_76' title="bbox 885 1487 1676 1518">
     <span class='ocr_line' id='line_1_76' title="bbox 885 1487 1676 1518; baseline 0.008 -6"><span class='ocrx_word' id='word_1_516' title='bbox 885 1489 987 1513; x_wconf 88' lang='lat' dir='ltr'><strong>tenera.</strong></span> <span class='ocrx_word' id='word_1_517' title='bbox 1010 1487 1140 1514; x_wconf 85' lang='lat' dir='ltr'><strong>Octavum</strong></span> <span class='ocrx_word' id='word_1_518' title='bbox 1156 1489 1230 1515; x_wconf 91' lang='lat' dir='ltr'><strong>enim</strong></span> <span class='ocrx_word' id='word_1_519' title='bbox 1254 1489 1344 1516; x_wconf 79' lang='lat' dir='ltr'><strong>aetatis</strong></span> <span class='ocrx_word' id='word_1_520' title='bbox 1362 1496 1464 1516; x_wconf 83' lang='lat' dir='ltr'><strong>annum</strong></span> <span class='ocrx_word' id='word_1_521' title='bbox 1489 1490 1610 1518; x_wconf 90' lang='lat' dir='ltr'><strong>nondum</strong></span> <span class='ocrx_word' id='word_1_522' title='bbox 1631 1498 1676 1518; x_wconf 83' lang='lat' dir='ltr'><strong>ex-</strong></span> 
     </span>
    </p>
   </div>
   <div class='ocr_carea' id='block_1_77' title="bbox 885 1533 1677 1571">
    <p class='ocr_par' dir='ltr' id='par_1_77' title="bbox 885 1533 1677 1571">
     <span class='ocr_line' id='line_1_77' title="bbox 885 1533 1677 1571; baseline 0.005 -12"><span class='ocrx_word' id='word_1_523' title='bbox 885 1537 989 1567; x_wconf 83' lang='lat' dir='ltr'><strong>egerat.</strong></span> <span class='ocrx_word' id='word_1_524' title='bbox 1007 1533 1046 1560; x_wconf 91' lang='lat' dir='ltr'><strong>lta</strong></span> <span class='ocrx_word' id='word_1_525' title='bbox 1068 1539 1168 1568; x_wconf 72' lang='lat' dir='ltr'><strong>praeter</strong></span> <span class='ocrx_word' id='word_1_526' title='bbox 1185 1535 1308 1562; x_wconf 88' lang='lat' dir='ltr'><strong>omnium</strong></span> <span class='ocrx_word' id='word_1_527' title='bbox 1331 1543 1405 1570; x_wconf 84' lang='lat' dir='ltr'><strong>spem</strong></span> <span class='ocrx_word' id='word_1_528' title='bbox 1421 1540 1504 1570; x_wconf 88' lang='lat' dir='ltr'><strong>atque</strong></span> <span class='ocrx_word' id='word_1_529' title='bbox 1519 1536 1677 1571; x_wconf 90' lang='lat' dir='ltr'><strong>opinionem</strong></span> 
     </span>
    </p>
   </div>
   <div class='ocr_carea' id='block_1_78' title="bbox 886 1580 1674 1617">
    <p class='ocr_par' dir='ltr' id='par_1_78' title="bbox 886 1580 1674 1617">
     <span class='ocr_line' id='line_1_78' title="bbox 886 1580 1674 1617; baseline 0.005 -11"><span class='ocrx_word' id='word_1_530' title='bbox 886 1581 999 1614; x_wconf 88' lang='lat' dir='ltr'><strong>servati,</strong></span> <span class='ocrx_word' id='word_1_531' title='bbox 1012 1581 1038 1608; x_wconf 94' lang='lat' dir='ltr'><strong>in</strong></span> <span class='ocrx_word' id='word_1_532' title='bbox 1049 1580 1223 1616; x_wconf 83' lang='lat' dir='ltr'><strong>Cappadocia</strong></span> <span class='ocrx_word' id='word_1_533' title='bbox 1239 1583 1338 1617; x_wconf 77' lang='lat' dir='ltr'><strong>degere</strong></span> <span class='ocrx_word' id='word_1_534' title='bbox 1349 1583 1421 1617; x_wconf 89' lang='lat' dir='ltr'><strong>jussi</strong></span> <span class='ocrx_word' id='word_1_535' title='bbox 1435 1588 1499 1610; x_wconf 86' lang='lat' dir='ltr'><strong>sunt</strong></span> <span class='ocrx_word' id='word_1_536' title='bbox 1513 1583 1539 1610; x_wconf 90' lang='lat' dir='ltr'><strong>in</strong></span> <span class='ocrx_word' id='word_1_537' title='bbox 1552 1583 1674 1611; x_wconf 82' lang='lat' dir='ltr'><strong>Macella.</strong></span> 
     </span>
    </p>
   </div>
   <div class='ocr_carea' id='block_1_79' title="bbox 887 1624 1675 1662">
    <p class='ocr_par' dir='ltr' id='par_1_79' title="bbox 887 1624 1675 1662">
     <span class='ocr_line' id='line_1_79' title="bbox 887 1624 1675 1662; baseline 0.006 -11"><span class='ocrx_word' id='word_1_538' title='bbox 887 1624 959 1652; x_wconf 82' lang='lat' dir='ltr'><strong>Villa</strong></span> <span class='ocrx_word' id='word_1_539' title='bbox 986 1626 1043 1653; x_wconf 64' lang='lat' dir='ltr'><strong>haec</strong></span> <span class='ocrx_word' id='word_1_540' title='bbox 1063 1630 1106 1654; x_wconf 89' lang='lat' dir='ltr'><strong>est</strong></span> <span class='ocrx_word' id='word_1_541' title='bbox 1122 1627 1241 1661; x_wconf 86' lang='lat' dir='ltr'><strong>publica,</strong></span> <span class='ocrx_word' id='word_1_542' title='bbox 1268 1627 1301 1654; x_wconf 81' lang='lat' dir='ltr'><strong>ad</strong></span> <span class='ocrx_word' id='word_1_543' title='bbox 1327 1628 1453 1662; x_wconf 67' lang='lat' dir='ltr'><strong>Argaaum</strong></span> <span class='ocrx_word' id='word_1_544' title='bbox 1475 1633 1594 1655; x_wconf 85' lang='lat' dir='ltr'><strong>montem</strong></span> <span class='ocrx_word' id='word_1_545' title='bbox 1613 1629 1675 1661; x_wconf 83' lang='lat' dir='ltr'><strong>sita,</strong></span> 
     </span>
    </p>
   </div>
   <div class='ocr_carea' id='block_1_80' title="bbox 888 1663 1676 1710">
    <p class='ocr_par' dir='ltr' id='par_1_80' title="bbox 888 1663 1676 1710">
     <span class='ocr_line' id='line_1_80' title="bbox 888 1663 1676 1710; baseline 0.006 -13"><span class='ocrx_word' id='word_1_546' title='bbox 888 1663 961 1698; x_wconf 83' lang='lat' dir='ltr'><strong>haud</strong></span> <span class='ocrx_word' id='word_1_547' title='bbox 981 1672 1076 1706; x_wconf 87' lang='lat' dir='ltr'><strong>procul</strong></span> <span class='ocrx_word' id='word_1_548' title='bbox 1094 1673 1127 1700; x_wconf 90' lang='lat' dir='ltr'><strong>ab</strong></span> <span class='ocrx_word' id='word_1_549' title='bbox 1147 1673 1214 1701; x_wconf 85' lang='lat' dir='ltr'><strong>urbe</strong></span> <span class='ocrx_word' id='word_1_550' title='bbox 1230 1673 1366 1706; x_wconf 68' lang='lat' dir='ltr'><strong>Caesarea,</strong></span> <span class='ocrx_word' id='word_1_551' title='bbox 1379 1682 1440 1709; x_wconf 72' lang='lat' dir='ltr'><strong>quae</strong></span> <span class='ocrx_word' id='word_1_552' title='bbox 1453 1680 1480 1702; x_wconf 92' lang='lat' dir='ltr'><strong>et</strong></span> <span class='ocrx_word' id='word_1_553' title='bbox 1502 1675 1676 1710; x_wconf 79' lang='lat' dir='ltr'><strong>magniﬁcum</strong></span> 
     </span>
    </p>
   </div>
   <div class='ocr_carea' id='block_1_81' title="bbox 889 1716 1681 1756">
    <p class='ocr_par' dir='ltr' id='par_1_81' title="bbox 889 1716 1681 1756">
     <span class='ocr_line' id='line_1_81' title="bbox 889 1716 1681 1756; baseline 0.006 -13"><span class='ocrx_word' id='word_1_554' title='bbox 889 1716 969 1743; x_wconf 83' lang='lat' dir='ltr'><strong>habet</strong></span> <span class='ocrx_word' id='word_1_555' title='bbox 982 1717 1124 1751; x_wconf 87' lang='lat' dir='ltr'><strong>palatium,</strong></span> <span class='ocrx_word' id='word_1_556' title='bbox 1138 1723 1165 1746; x_wconf 92' lang='lat' dir='ltr'><strong>et</strong></span> <span class='ocrx_word' id='word_1_557' title='bbox 1177 1719 1296 1752; x_wconf 84' lang='lat' dir='ltr'><strong>lavacra,</strong></span> <span class='ocrx_word' id='word_1_558' title='bbox 1310 1724 1337 1746; x_wconf 85' lang='lat' dir='ltr'><strong>et</strong></span> <span class='ocrx_word' id='word_1_559' title='bbox 1354 1720 1462 1754; x_wconf 78' lang='lat' dir='ltr'><strong>hortos,</strong></span> <span class='ocrx_word' id='word_1_560' title='bbox 1478 1725 1505 1748; x_wconf 88' lang='lat' dir='ltr'><strong>et</strong></span> <span class='ocrx_word' id='word_1_561' title='bbox 1517 1721 1605 1749; x_wconf 76' lang='lat' dir='ltr'><strong>fontes</strong></span> <span class='ocrx_word' id='word_1_562' title='bbox 1619 1729 1681 1756; x_wconf 83' lang='lat' dir='ltr'><strong>per-</strong></span> 
     </span>
    </p>
   </div>
   <div class='ocr_carea' id='block_1_82' title="bbox 888 1762 1678 1802">
    <p class='ocr_par' dir='ltr' id='par_1_82' title="bbox 888 1762 1678 1802">
     <span class='ocr_line' id='line_1_82' title="bbox 888 1762 1678 1802; baseline 0.008 -14"><span class='ocrx_word' id='word_1_563' title='bbox 888 1767 996 1796; x_wconf 88' lang='lat' dir='ltr'><strong>petuos.</strong></span> <span class='ocrx_word' id='word_1_564' title='bbox 1018 1762 1076 1790; x_wconf 92' lang='lat' dir='ltr'><strong>lllic</strong></span> <span class='ocrx_word' id='word_1_565' title='bbox 1091 1765 1173 1791; x_wconf 83' lang='lat' dir='ltr'><strong>ambo</strong></span> <span class='ocrx_word' id='word_1_566' title='bbox 1194 1765 1279 1800; x_wconf 79' lang='lat' dir='ltr'><strong>regali</strong></span> <span class='ocrx_word' id='word_1_567' title='bbox 1291 1766 1367 1793; x_wconf 91' lang='lat' dir='ltr'><strong>cultu</strong></span> <span class='ocrx_word' id='word_1_568' title='bbox 1385 1767 1492 1794; x_wconf 89' lang='lat' dir='ltr'><strong>educati</strong></span> <span class='ocrx_word' id='word_1_569' title='bbox 1510 1772 1575 1794; x_wconf 87' lang='lat' dir='ltr'><strong>sunt</strong></span> <span class='ocrx_word' id='word_1_570' title='bbox 1595 1772 1678 1802; x_wconf 91' lang='lat' dir='ltr'><strong>atque</strong></span> 
     </span>
    </p>
   </div>
   <div class='ocr_carea' id='block_1_83' title="bbox 889 1808 1678 1847">
    <p class='ocr_par' dir='ltr' id='par_1_83' title="bbox 889 1808 1678 1847">
     <span class='ocr_line' id='line_1_83' title="bbox 889 1808 1678 1847; baseline 0.005 -12"><span class='ocrx_word' id='word_1_571' title='bbox 889 1808 1006 1836; x_wconf 88' lang='lat' dir='ltr'><strong>instituti</strong></span> <span class='ocrx_word' id='word_1_572' title='bbox 1033 1818 1040 1837; x_wconf 87' lang='lat'>:</span> <span class='ocrx_word' id='word_1_573' title='bbox 1063 1810 1100 1837; x_wconf 88' lang='lat' dir='ltr'><strong>ibi</strong></span> <span class='ocrx_word' id='word_1_574' title='bbox 1120 1810 1274 1845; x_wconf 88' lang='lat' dir='ltr'><strong>disciplinis</strong></span> <span class='ocrx_word' id='word_1_575' title='bbox 1297 1816 1324 1838; x_wconf 90' lang='lat' dir='ltr'><strong>et</strong></span> <span class='ocrx_word' id='word_1_576' title='bbox 1343 1813 1586 1840; x_wconf 75' lang='lat' dir='ltr'><strong>exercitationibus</strong></span> <span class='ocrx_word' id='word_1_577' title='bbox 1609 1814 1678 1847; x_wconf 64' lang='lat' dir='ltr'><strong>ipso«</strong></span> 
     </span>
    </p>
   </div>
   <div class='ocr_carea' id='block_1_84' title="bbox 890 1857 1678 1894">
    <p class='ocr_par' dir='ltr' id='par_1_84' title="bbox 890 1857 1678 1894">
     <span class='ocr_line' id='line_1_84' title="bbox 890 1857 1678 1894; baseline 0.006 -12"><span class='ocrx_word' id='word_1_578' title='bbox 890 1863 950 1882; x_wconf 90' lang='lat' dir='ltr'><strong>rum</strong></span> <span class='ocrx_word' id='word_1_579' title='bbox 969 1857 1043 1883; x_wconf 63' lang='lat' dir='ltr'><strong>aetati</strong></span> <span class='ocrx_word' id='word_1_580' title='bbox 1069 1857 1297 1885; x_wconf 78' lang='lat' dir='ltr'><strong>convenientibus</strong></span> <span class='ocrx_word' id='word_1_581' title='bbox 1315 1858 1430 1892; x_wconf 90' lang='lat' dir='ltr'><strong>imbuti;</strong></span> <span class='ocrx_word' id='word_1_582' title='bbox 1463 1859 1498 1887; x_wconf 92' lang='lat' dir='ltr'><strong>ibi</strong></span> <span class='ocrx_word' id='word_1_583' title='bbox 1510 1859 1627 1894; x_wconf 91' lang='lat' dir='ltr'><strong>denique</strong></span> <span class='ocrx_word' id='word_1_584' title='bbox 1643 1860 1678 1887; x_wconf 84' lang='lat' dir='ltr'><strong>ab</strong></span> 
     </span>
    </p>
   </div>
   <div class='ocr_carea' id='block_1_85' title="bbox 888 1902 1677 1938">
    <p class='ocr_par' dir='ltr' id='par_1_85' title="bbox 888 1902 1677 1938">
     <span class='ocr_line' id='line_1_85' title="bbox 888 1902 1677 1938; baseline 0.006 -10"><span class='ocrx_word' id='word_1_585' title='bbox 888 1902 1082 1929; x_wconf 87' lang='lat' dir='ltr'><strong>humaniorum</strong></span> <span class='ocrx_word' id='word_1_586' title='bbox 1107 1903 1206 1930; x_wconf 84' lang='lat' dir='ltr'><strong>artium</strong></span> <span class='ocrx_word' id='word_1_587' title='bbox 1232 1903 1391 1938; x_wconf 73' lang='lat' dir='ltr'><strong>magistris,</strong></span> <span class='ocrx_word' id='word_1_588' title='bbox 1418 1909 1445 1932; x_wconf 92' lang='lat' dir='ltr'><strong>et</strong></span> <span class='ocrx_word' id='word_1_589' title='bbox 1472 1913 1488 1932; x_wconf 90' lang='lat' dir='ltr'><strong>a</strong></span> <span class='ocrx_word' id='word_1_590' title='bbox 1520 1906 1677 1934; x_wconf 84' lang='lat' dir='ltr'><strong>doctoribus</strong></span> 
     </span>
    </p>
   </div>
   <div class='ocr_carea' id='block_1_86' title="bbox 890 1949 1673 1984">
    <p class='ocr_par' dir='ltr' id='par_1_86' title="bbox 890 1949 1673 1984">
     <span class='ocr_line' id='line_1_86' title="bbox 890 1949 1673 1984; baseline 0.005 -9"><span class='ocrx_word' id='word_1_591' title='bbox 890 1955 1032 1976; x_wconf 86' lang='lat' dir='ltr'><strong>sacrarum</strong></span> <span class='ocrx_word' id='word_1_592' title='bbox 1045 1949 1212 1976; x_wconf 88' lang='lat' dir='ltr'><strong>Litterarum</strong></span> <span class='ocrx_word' id='word_1_593' title='bbox 1226 1950 1263 1976; x_wconf 88' lang='lat' dir='ltr'><strong>ita</strong></span> <span class='ocrx_word' id='word_1_594' title='bbox 1279 1955 1343 1977; x_wconf 87' lang='lat' dir='ltr'><strong>sunt</strong></span> <span class='ocrx_word' id='word_1_595' title='bbox 1358 1951 1469 1984; x_wconf 79' lang='lat' dir='ltr'><strong>eruditi,</strong></span> <span class='ocrx_word' id='word_1_596' title='bbox 1482 1955 1512 1978; x_wconf 91' lang='lat' dir='ltr'><strong>ut</strong></span> <span class='ocrx_word' id='word_1_597' title='bbox 1529 1953 1556 1979; x_wconf 94' lang='lat' dir='ltr'><strong>in</strong></span> <span class='ocrx_word' id='word_1_598' title='bbox 1569 1953 1673 1980; x_wconf 88' lang='lat' dir='ltr'><strong>clerum</strong></span> 
     </span>
    </p>
   </div>
   <div class='ocr_carea' id='block_1_87' title="bbox 891 1995 1678 2035">
    <p class='ocr_par' dir='ltr' id='par_1_87' title="bbox 891 1995 1678 2035">
     <span class='ocr_line' id='line_1_87' title="bbox 891 1995 1678 2035; baseline 0.005 -14"><span class='ocrx_word' id='word_1_599' title='bbox 891 1995 1110 2028; x_wconf 87' lang='lat' dir='ltr'><strong>aseriberentur,</strong></span> <span class='ocrx_word' id='word_1_600' title='bbox 1125 1999 1153 2022; x_wconf 91' lang='lat' dir='ltr'><strong>et</strong></span> <span class='ocrx_word' id='word_1_601' title='bbox 1167 1995 1371 2035; x_wconf 81' lang='lat' dir='ltr'><strong>ecclesiasticos</strong></span> <span class='ocrx_word' id='word_1_602' title='bbox 1392 1997 1476 2025; x_wconf 90' lang='lat' dir='ltr'><strong>libros</strong></span> <span class='ocrx_word' id='word_1_603' title='bbox 1493 1999 1593 2033; x_wconf 91' lang='lat' dir='ltr'><strong>populo</strong></span> <span class='ocrx_word' id='word_1_604' title='bbox 1610 2006 1678 2033; x_wconf 78' lang='lat' dir='ltr'><strong>prae-</strong></span> 
     </span>
    </p>
   </div>
   <div class='ocr_carea' id='block_1_88' title="bbox 892 2040 1679 2080">
    <p class='ocr_par' dir='ltr' id='par_1_88' title="bbox 892 2040 1679 2080">
     <span class='ocr_line' id='line_1_88' title="bbox 892 2040 1679 2080; baseline 0.008 -13"><span class='ocrx_word' id='word_1_605' title='bbox 892 2040 1024 2075; x_wconf 81' lang='lat' dir='ltr'><strong>legerent.</strong></span> <span class='ocrx_word' id='word_1_606' title='bbox 1037 2040 1158 2069; x_wconf 79' lang='lat' dir='ltr'><strong>Moribus</strong></span> <span class='ocrx_word' id='word_1_607' title='bbox 1171 2049 1280 2077; x_wconf 90' lang='lat' dir='ltr'><strong>quoque</strong></span> <span class='ocrx_word' id='word_1_608' title='bbox 1293 2047 1320 2069; x_wconf 86' lang='lat' dir='ltr'><strong>et</strong></span> <span class='ocrx_word' id='word_1_609' title='bbox 1333 2043 1413 2072; x_wconf 76' lang='lat' dir='ltr'><strong>laetis</strong></span> <span class='ocrx_word' id='word_1_610' title='bbox 1428 2044 1554 2079; x_wconf 89' lang='lat' dir='ltr'><strong>pietatem</strong></span> <span class='ocrx_word' id='word_1_611' title='bbox 1572 2052 1628 2080; x_wconf 77' lang='lat' dir='ltr'><strong>prae</strong></span> <span class='ocrx_word' id='word_1_612' title='bbox 1649 2052 1679 2073; x_wconf 84' lang='lat' dir='ltr'><strong>se</strong></span> 
     </span>
    </p>
   </div>
   <div class='ocr_carea' id='block_1_89' title="bbox 894 2085 1679 2125">
    <p class='ocr_par' dir='ltr' id='par_1_89' title="bbox 894 2085 1679 2125">
     <span class='ocr_line' id='line_1_89' title="bbox 894 2085 1679 2125; baseline 0.008 -13"><span class='ocrx_word' id='word_1_613' title='bbox 894 2085 1018 2114; x_wconf 84' lang='lat' dir='ltr'><strong>ferebant</strong></span> <span class='ocrx_word' id='word_1_614' title='bbox 1031 2096 1038 2113; x_wconf 91' lang='lat'>:</span> <span class='ocrx_word' id='word_1_615' title='bbox 1052 2087 1154 2122; x_wconf 82' lang='lat' dir='ltr'><strong>quippe</strong></span> <span class='ocrx_word' id='word_1_616' title='bbox 1164 2087 1211 2122; x_wconf 89' lang='lat' dir='ltr'><strong>qui</strong></span> <span class='ocrx_word' id='word_1_617' title='bbox 1228 2091 1284 2114; x_wconf 94' lang='lat' dir='ltr'><strong>tum</strong></span> <span class='ocrx_word' id='word_1_618' title='bbox 1303 2089 1470 2121; x_wconf 85' lang='lat' dir='ltr'><strong>sacerdotes,</strong></span> <span class='ocrx_word' id='word_1_619' title='bbox 1482 2095 1539 2117; x_wconf 90' lang='lat' dir='ltr'><strong>tum</strong></span> <span class='ocrx_word' id='word_1_620' title='bbox 1559 2091 1679 2125; x_wconf 76' lang='lat' dir='ltr'><strong>reliquos</strong></span> 
     </span>
    </p>
   </div>
   <div class='ocr_carea' id='block_1_90' title="bbox 894 2133 1679 2172">
    <p class='ocr_par' dir='ltr' id='par_1_90' title="bbox 894 2133 1679 2172">
     <span class='ocr_line' id='line_1_90' title="bbox 894 2133 1679 2172; baseline 0.003 -12"><span class='ocrx_word' id='word_1_621' title='bbox 894 2134 970 2160; x_wconf 88' lang='lat' dir='ltr'><strong>viros</strong></span> <span class='ocrx_word' id='word_1_622' title='bbox 983 2133 1071 2160; x_wconf 88' lang='lat' dir='ltr'><strong>bonos</strong></span> <span class='ocrx_word' id='word_1_623' title='bbox 1089 2137 1117 2161; x_wconf 85' lang='lat' dir='ltr'><strong>et</strong></span> <span class='ocrx_word' id='word_1_624' title='bbox 1133 2133 1299 2161; x_wconf 72' lang='lat' dir='ltr'><strong>Christianae</strong></span> <span class='ocrx_word' id='word_1_625' title='bbox 1315 2135 1445 2163; x_wconf 79' lang='lat' dir='ltr'><strong>doctrina:</strong></span> <span class='ocrx_word' id='word_1_626' title='bbox 1457 2136 1606 2168; x_wconf 87' lang='lat' dir='ltr'><strong>studiosos,</strong></span> <span class='ocrx_word' id='word_1_627' title='bbox 1620 2137 1679 2172; x_wconf 85' lang='lat' dir='ltr'><strong>plu-</strong></span> 
     </span>
    </p>
   </div>
   <div class='ocr_carea' id='block_1_91' title="bbox 620 2211 1054 2242">
    <p class='ocr_par' dir='ltr' id='par_1_91' title="bbox 620 2211 1054 2242">
     <span class='ocr_line' id='line_1_91' title="bbox 620 2211 1054 2242; baseline 0.012 -5"><span class='ocrx_word' id='word_1_628' title='bbox 620 2211 755 2239; x_wconf 77' lang='lat' dir='ltr'><strong>VALESII</strong></span> <span class='ocrx_word' id='word_1_629' title='bbox 777 2211 1054 2242; x_wconf 78' lang='lat' dir='ltr'><strong>ANNOTATIONES.</strong></span> 
     </span>
    </p>
   </div>
   <div class='ocr_carea' id='block_1_92' title="bbox 85 2258 1681 2301">
    <p class='ocr_par' dir='ltr' id='par_1_92' title="bbox 85 2258 1681 2301">
     <span class='ocr_line' id='line_1_92' title="bbox 85 2258 1681 2301; baseline 0.002 -15"><span class='ocrx_word' id='word_1_630' title='bbox 85 2260 142 2293; x_wconf 60' lang='lat' dir='ltr'><strong>(ﬁt)</strong></span> <span class='ocrx_word' id='word_1_631' title='bbox 268 2258 456 2301; x_wconf 60' lang='grc' dir='ltr'>ἐῖξιιτκόεξοις.</span> <span class='ocrx_word' id='word_1_632' title='bbox 483 2258 610 2285; x_wconf 84' lang='lat' dir='ltr'><strong>Julianus</strong></span> <span class='ocrx_word' id='word_1_633' title='bbox 625 2258 734 2298; x_wconf 35' lang='lat' dir='ltr'><strong>.Czcsal&#39;</strong></span> <span class='ocrx_word' id='word_1_634' title='bbox 757 2258 840 2285; x_wconf 81' lang='lat' dir='ltr'><strong>Nico-</strong></span> <span class='ocrx_word' id='word_1_635' title='bbox 858 2261 879 2288; x_wconf 89' lang='grc' dir='ltr'><strong>Ι)</strong></span> <span class='ocrx_word' id='word_1_636' title='bbox 894 2260 1322 2301; x_wconf 51' lang='lat' dir='ltr'><strong>generenlongiuscontingebat,</strong></span> <span class='ocrx_word' id='word_1_637' title='bbox 1338 2261 1505 2301; x_wconf 60' lang='lat' dir='ltr'><strong>titloguitur</strong></span> <span class='ocrx_word' id='word_1_638' title='bbox 1520 2261 1681 2289; x_wconf 80' lang='lat' dir='ltr'><strong>Ammianus</strong></span> 
     </span>
    </p>
   </div>
   <div class='ocr_carea' id='block_1_93' title="bbox 48 2293 840 2329">
    <p class='ocr_par' dir='ltr' id='par_1_93' title="bbox 48 2293 840 2329">
     <span class='ocr_line' id='line_1_93' title="bbox 48 2293 840 2329; baseline -0.001 -8"><span class='ocrx_word' id='word_1_639' title='bbox 48 2296 145 2322; x_wconf 63' lang='lat' dir='ltr'><strong>inedia:</strong></span> <span class='ocrx_word' id='word_1_640' title='bbox 172 2295 206 2321; x_wconf 89' lang='lat' dir='ltr'><strong>ab</strong></span> <span class='ocrx_word' id='word_1_641' title='bbox 226 2293 344 2320; x_wconf 84' lang='lat' dir='ltr'><strong>Eusebio</strong></span> <span class='ocrx_word' id='word_1_642' title='bbox 364 2293 497 2322; x_wconf 87' lang='lat' dir='ltr'><strong>educatus</strong></span> <span class='ocrx_word' id='word_1_643' title='bbox 522 2299 565 2321; x_wconf 81' lang='lat' dir='ltr'><strong>est</strong></span> <span class='ocrx_word' id='word_1_644' title='bbox 590 2294 736 2329; x_wconf 85' lang='lat' dir='ltr'><strong>episcopo,</strong></span> <span class='ocrx_word' id='word_1_645' title='bbox 758 2302 840 2328; x_wconf 85' lang='lat' dir='ltr'><strong>quem</strong></span> 
     </span>
    </p>
   </div>
   <div class='ocr_carea' id='block_1_94' title="bbox 895 2294 1436 2330">
    <p class='ocr_par' dir='ltr' id='par_1_94' title="bbox 895 2294 1436 2330">
     <span class='ocr_line' id='line_1_94' title="bbox 895 2294 1436 2330; baseline 0.004 -8"><span class='ocrx_word' id='word_1_646' title='bbox 895 2294 1070 2323; x_wconf 73' lang='lat' dir='ltr'><strong>Marcellinus</strong></span> <span class='ocrx_word' id='word_1_647' title='bbox 1081 2296 1108 2323; x_wconf 94' lang='lat' dir='ltr'><strong>in</strong></span> <span class='ocrx_word' id='word_1_648' title='bbox 1126 2295 1195 2323; x_wconf 89' lang='lat' dir='ltr'><strong>libro</strong></span> <span class='ocrx_word' id='word_1_649' title='bbox 1210 2294 1278 2329; x_wconf 72' lang='lat' dir='ltr'><strong>xiii,</strong></span> <span class='ocrx_word' id='word_1_650' title='bbox 1296 2304 1357 2330; x_wconf 87' lang='lat' dir='ltr'><strong>pag.</strong></span> <span class='ocrx_word' id='word_1_651' title='bbox 1373 2294 1436 2324; x_wconf 74' lang='lat'><strong>219.</strong></span> 
     </span>
    </p>
   </div>
   <div class='ocr_carea' id='block_1_95' title="bbox 762 2382 954 2413">
    <p class='ocr_par' dir='ltr' id='par_1_95' title="bbox 762 2382 954 2413">
     <span class='ocr_line' id='line_1_95' title="bbox 762 2382 954 2413; baseline 0.021 -5"><span class='ocrx_word' id='word_1_652' title='bbox 762 2382 954 2413; x_wconf 61' lang='lat' dir='ltr'><strong>VARIORUII.</strong></span> 
     </span>
    </p>
   </div>
   <div class='ocr_carea' id='block_1_96' title="bbox 87 2429 841 2466">
    <p class='ocr_par' dir='ltr' id='par_1_96' title="bbox 87 2429 841 2466">
     <span class='ocr_line' id='line_1_96' title="bbox 87 2429 841 2466; baseline 0.012 -10"><span class='ocrx_word' id='word_1_653' title='bbox 87 2437 99 2456; x_wconf 74' lang='grc' dir='ltr'>τι</span> <span class='ocrx_word' id='word_1_654' title='bbox 123 2430 180 2458; x_wconf 77' lang='grc' dir='ltr'><em>Τὸν</em></span> <span class='ocrx_word' id='word_1_655' title='bbox 202 2431 298 2466; x_wconf 64' lang='grc' dir='ltr'>τάφον·</span> <span class='ocrx_word' id='word_1_656' title='bbox 322 2431 412 2465; x_wconf 80' lang='grc' dir='ltr'>Μάμα</span> <span class='ocrx_word' id='word_1_657' title='bbox 421 2429 485 2466; x_wconf 26' lang='lat' dir='ltr'><strong>ira?)</strong></span> <span class='ocrx_word' id='word_1_658' title='bbox 507 2429 667 2466; x_wconf 64' lang='grc' dir='ltr'>μάρτυρος·</span> <span class='ocrx_word' id='word_1_659' title='bbox 696 2429 841 2457; x_wconf 53' lang='lat' dir='ltr'><strong>“amantis</strong></span> 
     </span>
    </p>
   </div>
   <div class='ocr_carea' id='block_1_97' title="bbox 52 2465 842 2501">
    <p class='ocr_par' dir='ltr' id='par_1_97' title="bbox 52 2465 842 2501">
     <span class='ocr_line' id='line_1_97' title="bbox 52 2465 842 2501; baseline 0 -9"><span class='ocrx_word' id='word_1_660' title='bbox 52 2466 183 2501; x_wconf 82' lang='lat' dir='ltr'><strong>martyris</strong></span> <span class='ocrx_word' id='word_1_661' title='bbox 207 2474 304 2494; x_wconf 80' lang='lat' dir='ltr'><strong>nomen</strong></span> <span class='ocrx_word' id='word_1_662' title='bbox 327 2466 398 2500; x_wconf 84' lang='lat' dir='ltr'><strong>apud</strong></span> <span class='ocrx_word' id='word_1_663' title='bbox 414 2465 524 2501; x_wconf 67' lang='lat' dir='ltr'><strong>Gnaeos</strong></span> <span class='ocrx_word' id='word_1_664' title='bbox 547 2465 670 2501; x_wconf 75' lang='lat' dir='ltr'><strong>celebre;</strong></span> <span class='ocrx_word' id='word_1_665' title='bbox 694 2468 770 2499; x_wconf 83' lang='lat' dir='ltr'><strong>gesta</strong></span> <span class='ocrx_word' id='word_1_666' title='bbox 792 2466 842 2492; x_wconf 87' lang='lat' dir='ltr'><strong>ob-</strong></span> 
     </span>
    </p>
   </div>
   <div class='ocr_carea' id='block_1_98' title="bbox 52 2499 841 2535">
    <p class='ocr_par' dir='ltr' id='par_1_98' title="bbox 52 2499 841 2535">
     <span class='ocr_line' id='line_1_98' title="bbox 52 2499 841 2535; baseline -0.003 -7"><span class='ocrx_word' id='word_1_667' title='bbox 52 2499 146 2528; x_wconf 75' lang='lat' dir='ltr'><strong>scura.</strong></span> <span class='ocrx_word' id='word_1_668' title='bbox 162 2500 323 2528; x_wconf 85' lang='lat' dir='ltr'><strong>Laudarunt</strong></span> <span class='ocrx_word' id='word_1_669' title='bbox 336 2499 398 2528; x_wconf 84' lang='lat' dir='ltr'><strong>eum</strong></span> <span class='ocrx_word' id='word_1_670' title='bbox 409 2500 556 2535; x_wconf 77' lang='lat' dir='ltr'><strong>Gregorius</strong></span> <span class='ocrx_word' id='word_1_671' title='bbox 568 2499 767 2530; x_wconf 64' lang='lat' dir='ltr'><strong>Nazianzenus.</strong></span> <span class='ocrx_word' id='word_1_672' title='bbox 782 2507 841 2527; x_wconf 82' lang='lat' dir='ltr'><strong>ora-</strong></span> 
     </span>
    </p>
   </div>
   <div class='ocr_carea' id='block_1_99' title="bbox 54 2534 841 2568">
    <p class='ocr_par' dir='ltr' id='par_1_99' title="bbox 54 2534 841 2568">
     <span class='ocr_line' id='line_1_99' title="bbox 54 2534 841 2568; baseline -0.001 -5"><span class='ocrx_word' id='word_1_673' title='bbox 54 2539 129 2563; x_wconf 78' lang='lat' dir='ltr'><strong>tione</strong></span> <span class='ocrx_word' id='word_1_674' title='bbox 152 2537 197 2568; x_wconf 70' lang='grc'><strong>45,</strong></span> <span class='ocrx_word' id='word_1_675' title='bbox 215 2541 241 2563; x_wconf 89' lang='lat' dir='ltr'><strong>et</strong></span> <span class='ocrx_word' id='word_1_676' title='bbox 256 2536 375 2563; x_wconf 85' lang='lat' dir='ltr'><strong>Basilius</strong></span> <span class='ocrx_word' id='word_1_677' title='bbox 397 2536 444 2567; x_wconf 71' lang='lat' dir='ltr'><strong>.\l.,</strong></span> <span class='ocrx_word' id='word_1_678' title='bbox 468 2534 543 2562; x_wconf 81' lang='lat' dir='ltr'><strong>tomo</strong></span> <span class='ocrx_word' id='word_1_679' title='bbox 559 2535 579 2567; x_wconf 92' lang='lat' dir='ltr'><strong>l,</strong></span> <span class='ocrx_word' id='word_1_680' title='bbox 606 2535 717 2562; x_wconf 86' lang='lat' dir='ltr'><strong>bomilia</strong></span> <span class='ocrx_word' id='word_1_681' title='bbox 731 2535 777 2565; x_wconf 71' lang='lat'><strong>26.</strong></span> <span class='ocrx_word' id='word_1_682' title='bbox 805 2534 841 2562; x_wconf 84' lang='lat' dir='ltr'><strong>De</strong></span> 
     </span>
    </p>
   </div>
   <div class='ocr_carea' id='block_1_100' title="bbox 55 2570 839 2610">
    <p class='ocr_par' dir='ltr' id='par_1_100' title="bbox 55 2570 839 2610">
     <span class='ocr_line' id='line_1_100' title="bbox 55 2570 839 2610; baseline -0.003 -12"><span class='ocrx_word' id='word_1_683' title='bbox 55 2577 174 2607; x_wconf 82' lang='lat' dir='ltr'><strong>martyre</strong></span> <span class='ocrx_word' id='word_1_684' title='bbox 205 2571 351 2610; x_wconf 47' lang='lat' dir='ltr'><strong>Mamamy.</strong></span> <span class='ocrx_word' id='word_1_685' title='bbox 378 2571 417 2598; x_wconf 69' lang='lat' dir='ltr'><strong>EX</strong></span> <span class='ocrx_word' id='word_1_686' title='bbox 447 2571 548 2605; x_wconf 83' lang='lat' dir='ltr'><strong>quibus</strong></span> <span class='ocrx_word' id='word_1_687' title='bbox 575 2570 643 2597; x_wconf 82' lang='lat' dir='ltr'><strong>locis</strong></span> <span class='ocrx_word' id='word_1_688' title='bbox 670 2570 839 2610; x_wconf 46' lang='lat' dir='ltr'><strong>nihilnaliud</strong></span> 
     </span>
    </p>
   </div>
   <div class='ocr_carea' id='block_1_101' title="bbox 54 2605 839 2641">
    <p class='ocr_par' dir='ltr' id='par_1_101' title="bbox 54 2605 839 2641">
     <span class='ocr_line' id='line_1_101' title="bbox 54 2605 839 2641; baseline -0.001 -8"><span class='ocrx_word' id='word_1_689' title='bbox 54 2605 199 2637; x_wconf 84' lang='lat' dir='ltr'><strong>discimus,</strong></span> <span class='ocrx_word' id='word_1_690' title='bbox 218 2614 298 2641; x_wconf 86' lang='lat' dir='ltr'><strong>quam</strong></span> <span class='ocrx_word' id='word_1_691' title='bbox 322 2607 410 2641; x_wconf 85' lang='lat' dir='ltr'><strong>ipsum</strong></span> <span class='ocrx_word' id='word_1_692' title='bbox 427 2610 560 2640; x_wconf 80' lang='lat' dir='ltr'><strong>agrestem</strong></span> <span class='ocrx_word' id='word_1_693' title='bbox 585 2609 722 2641; x_wconf 75' lang='lat' dir='ltr'><strong>pastorem</strong></span> <span class='ocrx_word' id='word_1_694' title='bbox 744 2605 839 2636; x_wconf 75' lang='lat' dir='ltr'><strong>fuisse.</strong></span> 
     </span>
    </p>
   </div>
   <div class='ocr_carea' id='block_1_102' title="bbox 55 2640 839 2677">
    <p class='ocr_par' dir='ltr' id='par_1_102' title="bbox 55 2640 839 2677">
     <span class='ocr_line' id='line_1_102' title="bbox 55 2640 839 2677; baseline 0.001 -9"><span class='ocrx_word' id='word_1_695' title='bbox 55 2647 82 2668; x_wconf 87' lang='lat' dir='ltr'><strong>et</strong></span> <span class='ocrx_word' id='word_1_696' title='bbox 100 2643 172 2669; x_wconf 89' lang='lat' dir='ltr'><strong>inter</strong></span> <span class='ocrx_word' id='word_1_697' title='bbox 189 2640 323 2677; x_wconf 82' lang='lat' dir='ltr'><strong>martyres</strong></span> <span class='ocrx_word' id='word_1_698' title='bbox 334 2640 564 2677; x_wconf 74' lang='lat' dir='ltr'><strong>celeberrimum.</strong></span> <span class='ocrx_word' id='word_1_699' title='bbox 584 2640 744 2677; x_wconf 66' lang='lat' dir='ltr'><strong>Miraculum</strong></span> <span class='ocrx_word' id='word_1_700' title='bbox 757 2641 839 2677; x_wconf 61' lang='lat' dir='ltr'><strong>quod</strong></span> 
     </span>
    </p>
   </div>
   <div class='ocr_carea' id='block_1_103' title="bbox 57 2674 840 2708">
    <p class='ocr_par' dir='ltr' id='par_1_103' title="bbox 57 2674 840 2708">
     <span class='ocr_line' id='line_1_103' title="bbox 57 2674 840 2708; baseline -0.001 -5"><span class='ocrx_word' id='word_1_701' title='bbox 57 2677 100 2704; x_wconf 86' lang='lat' dir='ltr'><strong>hic</strong></span> <span class='ocrx_word' id='word_1_702' title='bbox 114 2681 207 2703; x_wconf 84' lang='lat' dir='ltr'><strong>narrat</strong></span> <span class='ocrx_word' id='word_1_703' title='bbox 220 2674 398 2707; x_wconf 76' lang='lat' dir='ltr'><strong>Soionienus.</strong></span> <span class='ocrx_word' id='word_1_704' title='bbox 411 2676 504 2703; x_wconf 91' lang='lat' dir='ltr'><strong>retulit</strong></span> <span class='ocrx_word' id='word_1_705' title='bbox 513 2674 682 2708; x_wconf 81' lang='lat' dir='ltr'><strong>etiamGreg.</strong></span> <span class='ocrx_word' id='word_1_706' title='bbox 699 2674 840 2708; x_wconf 80' lang='lat' dir='ltr'><strong>Nazianz.,</strong></span> 
     </span>
    </p>
   </div>
   <div class='ocr_carea' id='block_1_104' title="bbox 55 2710 842 2745">
    <p class='ocr_par' dir='ltr' id='par_1_104' title="bbox 55 2710 842 2745">
     <span class='ocr_line' id='line_1_104' title="bbox 55 2710 842 2745; baseline 0 -8"><span class='ocrx_word' id='word_1_707' title='bbox 55 2717 127 2739; x_wconf 85' lang='lat' dir='ltr'><strong>orat.</strong></span> <span class='ocrx_word' id='word_1_708' title='bbox 144 2713 162 2739; x_wconf 76' lang='lat'><strong>5</strong></span> <span class='ocrx_word' id='word_1_709' title='bbox 187 2711 319 2738; x_wconf 87' lang='lat' dir='ltr'><strong>adversus</strong></span> <span class='ocrx_word' id='word_1_710' title='bbox 336 2711 475 2738; x_wconf 74' lang='lat' dir='ltr'><strong>Iulianum</strong></span> <span class='ocrx_word' id='word_1_711' title='bbox 490 2731 498 2742; x_wconf 97' lang='lat'><strong>,</strong></span> <span class='ocrx_word' id='word_1_712' title='bbox 520 2710 646 2745; x_wconf 88' lang='lat' dir='ltr'><strong>quamvis</strong></span> <span class='ocrx_word' id='word_1_713' title='bbox 661 2710 749 2745; x_wconf 81' lang='lat' dir='ltr'><strong>sancti</strong></span> <span class='ocrx_word' id='word_1_714' title='bbox 763 2718 842 2745; x_wconf 25' lang='lat' dir='ltr'><strong>imar-</strong></span> 
     </span>
    </p>
   </div>
   <div class='ocr_carea' id='block_1_105' title="bbox 57 2744 841 2782">
    <p class='ocr_par' dir='ltr' id='par_1_105' title="bbox 57 2744 841 2782">
     <span class='ocr_line' id='line_1_105' title="bbox 57 2744 841 2782; baseline -0.001 -9"><span class='ocrx_word' id='word_1_715' title='bbox 57 2748 125 2782; x_wconf 86' lang='lat' dir='ltr'><strong>tyris</strong></span> <span class='ocrx_word' id='word_1_716' title='bbox 143 2754 242 2773; x_wconf 88' lang='lat' dir='ltr'><strong>nomen</strong></span> <span class='ocrx_word' id='word_1_717' title='bbox 257 2755 310 2773; x_wconf 89' lang='lat' dir='ltr'><strong>non</strong></span> <span class='ocrx_word' id='word_1_718' title='bbox 333 2746 478 2780; x_wconf 85' lang='lat' dir='ltr'><strong>exprimat.</strong></span> <span class='ocrx_word' id='word_1_719' title='bbox 494 2745 630 2782; x_wconf 59' lang='lat' dir='ltr'><strong>Antiqttus</strong></span> <span class='ocrx_word' id='word_1_720' title='bbox 647 2748 694 2782; x_wconf 72' lang='lat' dir='ltr'><strong>est</strong></span> <span class='ocrx_word' id='word_1_721' title='bbox 713 2744 740 2770; x_wconf 87' lang='lat' dir='ltr'><strong>in</strong></span> <span class='ocrx_word' id='word_1_722' title='bbox 755 2744 841 2782; x_wconf 78' lang='lat' dir='ltr'><strong>Gallia</strong></span> 
     </span>
    </p>
   </div>
   <div class='ocr_carea' id='block_1_106' title="bbox 59 2779 840 2816">
    <p class='ocr_par' dir='ltr' id='par_1_106' title="bbox 59 2779 840 2816">
     <span class='ocr_line' id='line_1_106' title="bbox 59 2779 840 2816; baseline -0.001 -8"><span class='ocrx_word' id='word_1_723' title='bbox 101 2782 247 2808; x_wconf 80' lang='lat' dir='ltr'><strong>Mainantis</strong></span> <span class='ocrx_word' id='word_1_724' title='bbox 263 2779 408 2813; x_wconf 21' lang='lat' dir='ltr'><strong>cultus,rin</strong></span> <span class='ocrx_word' id='word_1_725' title='bbox 424 2789 477 2816; x_wconf 86' lang='lat' dir='ltr'><strong>qua</strong></span> <span class='ocrx_word' id='word_1_726' title='bbox 492 2781 544 2808; x_wconf 88' lang='lat' dir='ltr'><strong>sub</strong></span> <span class='ocrx_word' id='word_1_727' title='bbox 556 2779 707 2816; x_wconf 76' lang='lat' dir='ltr'><strong>Mammetis</strong></span> <span class='ocrx_word' id='word_1_728' title='bbox 721 2781 840 2816; x_wconf 85' lang='lat' dir='ltr'><strong>nomine,</strong></span> 
     </span>
    </p>
   </div>
   <div class='ocr_carea' id='block_1_107' title="bbox 59 2814 843 2849">
    <p class='ocr_par' dir='ltr' id='par_1_107' title="bbox 59 2814 843 2849">
     <span class='ocr_line' id='line_1_107' title="bbox 59 2814 843 2849; baseline -0.004 -5"><span class='ocrx_word' id='word_1_729' title='bbox 59 2818 129 2844; x_wconf 83' lang='lat' dir='ltr'><strong>sicut</strong></span> <span class='ocrx_word' id='word_1_730' title='bbox 145 2821 172 2843; x_wconf 90' lang='lat' dir='ltr'><strong>et</strong></span> <span class='ocrx_word' id='word_1_731' title='bbox 189 2815 261 2849; x_wconf 85' lang='lat' dir='ltr'><strong>apud</strong></span> <span class='ocrx_word' id='word_1_732' title='bbox 277 2817 345 2843; x_wconf 83' lang='lat' dir='ltr'><strong>alios</strong></span> <span class='ocrx_word' id='word_1_733' title='bbox 360 2814 482 2844; x_wconf 81' lang='lat' dir='ltr'><strong>Latinos.</strong></span> <span class='ocrx_word' id='word_1_734' title='bbox 503 2820 532 2842; x_wconf 90' lang='lat' dir='ltr'><strong>ut</strong></span> <span class='ocrx_word' id='word_1_735' title='bbox 552 2815 699 2848; x_wconf 87' lang='lat' dir='ltr'><strong>plurimum</strong></span> <span class='ocrx_word' id='word_1_736' title='bbox 721 2814 843 2841; x_wconf 86' lang='lat' dir='ltr'><strong>celebra-</strong></span> 
     </span>
    </p>
   </div>
   <div class='ocr_carea' id='block_1_108' title="bbox 59 2850 841 2879">
    <p class='ocr_par' dir='ltr' id='par_1_108' title="bbox 59 2850 841 2879">
     <span class='ocr_line' id='line_1_108' title="bbox 59 2850 841 2879; baseline 0 -2"><span class='ocrx_word' id='word_1_737' title='bbox 59 2858 112 2879; x_wconf 83' lang='lat' dir='ltr'><strong>tur.</strong></span> <span class='ocrx_word' id='word_1_738' title='bbox 132 2851 192 2879; x_wconf 88' lang='lat' dir='ltr'><strong>Sub</strong></span> <span class='ocrx_word' id='word_1_739' title='bbox 213 2851 294 2879; x_wconf 88' lang='lat' dir='ltr'><strong>huius</strong></span> <span class='ocrx_word' id='word_1_740' title='bbox 324 2851 434 2877; x_wconf 82' lang='lat' dir='ltr'><strong>nomine</strong></span> <span class='ocrx_word' id='word_1_741' title='bbox 465 2851 519 2877; x_wconf 84' lang='lat' dir='ltr'><strong>Deo</strong></span> <span class='ocrx_word' id='word_1_742' title='bbox 546 2852 633 2877; x_wconf 88' lang='lat' dir='ltr'><strong>dicata</strong></span> <span class='ocrx_word' id='word_1_743' title='bbox 661 2853 702 2876; x_wconf 79' lang='lat' dir='ltr'><strong>cst</strong></span> <span class='ocrx_word' id='word_1_744' title='bbox 727 2850 841 2877; x_wconf 74' lang='lat' dir='ltr'><strong>ecclesia</strong></span> 
     </span>
    </p>
   </div>
   <div class='ocr_carea' id='block_1_109' title="bbox 64 2883 842 2922">
    <p class='ocr_par' dir='ltr' id='par_1_109' title="bbox 64 2883 842 2922">
     <span class='ocr_line' id='line_1_109' title="bbox 64 2883 842 2922; baseline -0.003 -8"><span class='ocrx_word' id='word_1_745' title='bbox 64 2886 231 2915; x_wconf 83' lang='lat' dir='ltr'><strong>cathedralis</strong></span> <span class='ocrx_word' id='word_1_746' title='bbox 244 2883 424 2922; x_wconf 73' lang='lat' dir='ltr'><strong>Lingonensis</strong></span> <span class='ocrx_word' id='word_1_747' title='bbox 437 2886 488 2914; x_wconf 89' lang='lat' dir='ltr'><strong>sub</strong></span> <span class='ocrx_word' id='word_1_748' title='bbox 503 2885 643 2920; x_wconf 89' lang='lat' dir='ltr'><strong>metropoli</strong></span> <span class='ocrx_word' id='word_1_749' title='bbox 656 2883 842 2920; x_wconf 77' lang='lat' dir='ltr'><strong>Lugduneusi.</strong></span> 
     </span>
    </p>
   </div>
   <div class='ocr_carea' id='block_1_110' title="bbox 891 2431 1682 2465">
    <p class='ocr_par' dir='ltr' id='par_1_110' title="bbox 891 2431 1682 2465">
     <span class='ocr_line' id='line_1_110' title="bbox 891 2431 1682 2465; baseline 0.001 -9"><span class='ocrx_word' id='word_1_750' title='bbox 891 2431 1004 2458; x_wconf 79' lang='lat' dir='ltr'><strong>Morlem</strong></span> <span class='ocrx_word' id='word_1_751' title='bbox 1029 2431 1087 2465; x_wconf 72' lang='lat' dir='ltr'><strong>ejus</strong></span> <span class='ocrx_word' id='word_1_752' title='bbox 1102 2432 1135 2458; x_wconf 90' lang='lat' dir='ltr'><strong>ad</strong></span> <span class='ocrx_word' id='word_1_753' title='bbox 1155 2441 1257 2460; x_wconf 88' lang='lat' dir='ltr'><strong>annum</strong></span> <span class='ocrx_word' id='word_1_754' title='bbox 1276 2432 1388 2459; x_wconf 81' lang='lat' dir='ltr'><strong>circtter</strong></span> <span class='ocrx_word' id='word_1_755' title='bbox 1407 2431 1471 2462; x_wconf 69' lang='grc'>274,</span> <span class='ocrx_word' id='word_1_756' title='bbox 1487 2438 1549 2458; x_wconf 89' lang='lat' dir='ltr'><strong>cum</strong></span> <span class='ocrx_word' id='word_1_757' title='bbox 1565 2431 1682 2465; x_wconf 73' lang='lat' dir='ltr'><strong>vulgatis</strong></span> 
     </span>
    </p>
   </div>
   <div class='ocr_carea' id='block_1_111' title="bbox 890 2467 1682 2501">
    <p class='ocr_par' dir='ltr' id='par_1_111' title="bbox 890 2467 1682 2501">
     <span class='ocr_line' id='line_1_111' title="bbox 890 2467 1682 2501; baseline 0 -9"><span class='ocrx_word' id='word_1_758' title='bbox 890 2467 1065 2500; x_wconf 80' lang='lat' dir='ltr'><strong>auctoribus,</strong></span> <span class='ocrx_word' id='word_1_759' title='bbox 1086 2467 1252 2500; x_wconf 75' lang='lat' dir='ltr'><strong>referimus,</strong></span> <span class='ocrx_word' id='word_1_760' title='bbox 1274 2469 1363 2494; x_wconf 88' lang='lat' dir='ltr'><strong>donec</strong></span> <span class='ocrx_word' id='word_1_761' title='bbox 1391 2467 1426 2494; x_wconf 86' lang='lat' dir='ltr'><strong>ab</strong></span> <span class='ocrx_word' id='word_1_762' title='bbox 1450 2467 1543 2501; x_wconf 90' lang='lat' dir='ltr'><strong>aliquo</strong></span> <span class='ocrx_word' id='word_1_763' title='bbox 1566 2467 1682 2493; x_wconf 74' lang='lat' dir='ltr'><strong>certiora</strong></span> 
     </span>
    </p>
   </div>
   <div class='ocr_carea' id='block_1_112' title="bbox 890 2502 1682 2537">
    <p class='ocr_par' dir='ltr' id='par_1_112' title="bbox 890 2502 1682 2537">
     <span class='ocr_line' id='line_1_112' title="bbox 890 2502 1682 2537; baseline 0 -9"><span class='ocrx_word' id='word_1_764' title='bbox 890 2502 1067 2536; x_wconf 76' lang='lat' dir='ltr'><strong>proferantur</strong></span> <span class='ocrx_word' id='word_1_765' title='bbox 1090 2507 1265 2530; x_wconf 77' lang='lat' dir='ltr'><strong>monumenta</strong></span> <span class='ocrx_word' id='word_1_766' title='bbox 1289 2510 1349 2537; x_wconf 74' lang='lat' dir='ltr'><strong>quae</strong></span> <span class='ocrx_word' id='word_1_767' title='bbox 1371 2502 1444 2528; x_wconf 84' lang='lat' dir='ltr'><strong>aliud</strong></span> <span class='ocrx_word' id='word_1_768' title='bbox 1473 2502 1552 2529; x_wconf 90' lang='lat' dir='ltr'><strong>nobis</strong></span> <span class='ocrx_word' id='word_1_769' title='bbox 1570 2509 1682 2536; x_wconf 84' lang='lat' dir='ltr'><strong>persua-</strong></span> 
     </span>
    </p>
   </div>
   <div class='ocr_carea' id='block_1_113' title="bbox 889 2537 1681 2576">
    <p class='ocr_par' dir='ltr' id='par_1_113' title="bbox 889 2537 1681 2576">
     <span class='ocr_line' id='line_1_113' title="bbox 889 2537 1681 2576; baseline 0.001 -14"><span class='ocrx_word' id='word_1_770' title='bbox 889 2537 1190 2576; x_wconf 66' lang='lat' dir='ltr'><strong>deant.__Cq[tsentiunt</strong></span> <span class='ocrx_word' id='word_1_771' title='bbox 1213 2539 1324 2576; x_wconf 72' lang='lat' dir='ltr'><strong>antiqua</strong></span> <span class='ocrx_word' id='word_1_772' title='bbox 1336 2537 1548 2576; x_wconf 32' lang='lat' dir='ltr'><strong>.Martyrologim</strong></span> <span class='ocrx_word' id='word_1_773' title='bbox 1566 2537 1681 2576; x_wconf 81' lang='lat' dir='ltr'><strong>Adonis,</strong></span> 
     </span>
    </p>
   </div>
   <div class='ocr_carea' id='block_1_114' title="bbox 891 2572 1681 2610">
    <p class='ocr_par' dir='ltr' id='par_1_114' title="bbox 891 2572 1681 2610">
     <span class='ocr_line' id='line_1_114' title="bbox 891 2572 1681 2610; baseline -0.003 -11"><span class='ocrx_word' id='word_1_774' title='bbox 891 2572 1018 2605; x_wconf 79' lang='lat' dir='ltr'><strong>Usuardi,</strong></span> <span class='ocrx_word' id='word_1_775' title='bbox 1040 2572 1156 2610; x_wconf 76' lang='lat' dir='ltr'><strong>Rabani,</strong></span> <span class='ocrx_word' id='word_1_776' title='bbox 1176 2577 1202 2600; x_wconf 89' lang='lat' dir='ltr'><strong>et</strong></span> <span class='ocrx_word' id='word_1_777' title='bbox 1233 2573 1362 2610; x_wconf 54' lang='lat' dir='ltr'><strong>Noliteri,</strong></span> <span class='ocrx_word' id='word_1_778' title='bbox 1385 2576 1452 2610; x_wconf 62' lang='lat' dir='ltr'><strong>etc,</strong></span> <span class='ocrx_word' id='word_1_779' title='bbox 1476 2573 1504 2610; x_wconf 86' lang='lat' dir='ltr'><strong>S_.</strong></span> <span class='ocrx_word' id='word_1_780' title='bbox 1525 2572 1681 2610; x_wconf 62' lang='lat' dir='ltr'><strong>alamantis,</strong></span> 
     </span>
    </p>
   </div>
   <div class='ocr_carea' id='block_1_115' title="bbox 891 2606 1683 2646">
    <p class='ocr_par' dir='ltr' id='par_1_115' title="bbox 891 2606 1683 2646">
     <span class='ocr_line' id='line_1_115' title="bbox 891 2606 1683 2646; baseline -0.001 -13"><span class='ocrx_word' id='word_1_781' title='bbox 891 2612 954 2636; x_wconf 85' lang='lat' dir='ltr'><strong>aut.</strong></span> <span class='ocrx_word' id='word_1_782' title='bbox 983 2613 1065 2646; x_wconf 70' lang='lat' dir='ltr'><strong>prout</strong></span> <span class='ocrx_word' id='word_1_783' title='bbox 1092 2608 1258 2646; x_wconf 78' lang='lat' dir='ltr'><strong>loquuntur,</strong></span> <span class='ocrx_word' id='word_1_784' title='bbox 1283 2608 1452 2646; x_wconf 63' lang='lat' dir='ltr'><strong>Mamtnetis,</strong></span> <span class='ocrx_word' id='word_1_785' title='bbox 1479 2608 1536 2634; x_wconf 85' lang='lat' dir='ltr'><strong>sive</strong></span> <span class='ocrx_word' id='word_1_786' title='bbox 1557 2606 1683 2646; x_wconf 77' lang='lat' dir='ltr'><strong>Mametis</strong></span> 
     </span>
    </p>
   </div>
   <div class='ocr_carea' id='block_1_116' title="bbox 891 2642 1680 2681">
    <p class='ocr_par' dir='ltr' id='par_1_116' title="bbox 891 2642 1680 2681">
     <span class='ocr_line' id='line_1_116' title="bbox 891 2642 1680 2681; baseline -0.001 -12"><span class='ocrx_word' id='word_1_787' title='bbox 891 2643 1053 2681; x_wconf 74' lang='lat' dir='ltr'><strong>martyrium</strong></span> <span class='ocrx_word' id='word_1_788' title='bbox 1080 2642 1135 2670; x_wconf 84' lang='lat' dir='ltr'><strong>sub</strong></span> <span class='ocrx_word' id='word_1_789' title='bbox 1158 2644 1331 2681; x_wconf 23' lang='lat' dir='ltr'><strong>imperatore»</strong></span> <span class='ocrx_word' id='word_1_790' title='bbox 1351 2643 1500 2681; x_wconf 53' lang='lat' dir='ltr'><strong>Aureliano</strong></span> <span class='ocrx_word' id='word_1_791' title='bbox 1518 2642 1680 2681; x_wconf 75' lang='lat' dir='ltr'><strong>contigisse.</strong></span> 
     </span>
    </p>
   </div>
   <div class='ocr_carea' id='block_1_117' title="bbox 890 2676 1682 2711">
    <p class='ocr_par' dir='ltr' id='par_1_117' title="bbox 890 2676 1682 2711">
     <span class='ocr_line' id='line_1_117' title="bbox 890 2676 1682 2711; baseline -0.003 -7"><span class='ocrx_word' id='word_1_792' title='bbox 890 2676 997 2705; x_wconf 82' lang='lat' dir='ltr'><strong>Colitur</strong></span> <span class='ocrx_word' id='word_1_793' title='bbox 1012 2678 1072 2711; x_wconf 88' lang='lat' dir='ltr'><strong>ejus</strong></span> <span class='ocrx_word' id='word_1_794' title='bbox 1091 2676 1221 2706; x_wconf 86' lang='lat' dir='ltr'><strong>memoria</strong></span> <span class='ocrx_word' id='word_1_795' title='bbox 1237 2686 1252 2705; x_wconf 86' lang='lat' dir='ltr'><strong>a</strong></span> <span class='ocrx_word' id='word_1_796' title='bbox 1273 2678 1378 2705; x_wconf 76' lang='lat' dir='ltr'><strong>Latinis</strong></span> <span class='ocrx_word' id='word_1_797' title='bbox 1398 2677 1442 2704; x_wconf 85' lang='lat' dir='ltr'><strong>die</strong></span> <span class='ocrx_word' id='word_1_798' title='bbox 1457 2677 1488 2703; x_wconf 84' lang='lat' dir='ltr'><strong>t7</strong></span> <span class='ocrx_word' id='word_1_799' title='bbox 1504 2676 1607 2704; x_wconf 87' lang='lat' dir='ltr'><strong>mensis</strong></span> <span class='ocrx_word' id='word_1_800' title='bbox 1625 2676 1682 2703; x_wconf 76' lang='lat' dir='ltr'><strong>Au—</strong></span> 
     </span>
    </p>
   </div>
   <div class='ocr_carea' id='block_1_118' title="bbox 891 2711 1678 2749">
    <p class='ocr_par' dir='ltr' id='par_1_118' title="bbox 891 2711 1678 2749">
     <span class='ocr_line' id='line_1_118' title="bbox 891 2711 1678 2749; baseline -0.004 -10"><span class='ocrx_word' id='word_1_801' title='bbox 891 2713 982 2749; x_wconf 69' lang='lat' dir='ltr'><strong>gusti;</strong></span> <span class='ocrx_word' id='word_1_802' title='bbox 1000 2720 1014 2739; x_wconf 88' lang='lat' dir='ltr'><strong>a</strong></span> <span class='ocrx_word' id='word_1_803' title='bbox 1027 2713 1130 2749; x_wconf 62' lang='lat' dir='ltr'><strong>Graecis</strong></span> <span class='ocrx_word' id='word_1_804' title='bbox 1141 2714 1159 2749; x_wconf 67' lang='lat'><strong>2</strong></span> <span class='ocrx_word' id='word_1_805' title='bbox 1176 2713 1355 2749; x_wconf 84' lang='lat' dir='ltr'><strong>Septembris.</strong></span> <span class='ocrx_word' id='word_1_806' title='bbox 1369 2712 1493 2749; x_wconf 82' lang='lat' dir='ltr'><strong>Tandem</strong></span> <span class='ocrx_word' id='word_1_807' title='bbox 1500 2712 1553 2749; x_wconf 84' lang='lat' dir='ltr'><strong>bic_</strong></span> <span class='ocrx_word' id='word_1_808' title='bbox 1560 2711 1678 2749; x_wconf 62' lang='lat' dir='ltr'><strong>litanias,</strong></span> 
     </span>
    </p>
   </div>
   <div class='ocr_carea' id='block_1_119' title="bbox 891 2745 1681 2784">
    <p class='ocr_par' dir='ltr' id='par_1_119' title="bbox 891 2745 1681 2784">
     <span class='ocr_line' id='line_1_119' title="bbox 891 2745 1681 2784; baseline 0 -11"><span class='ocrx_word' id='word_1_809' title='bbox 891 2745 924 2776; x_wconf 81' lang='lat' dir='ltr'><strong>de</strong></span> <span class='ocrx_word' id='word_1_810' title='bbox 939 2757 994 2782; x_wconf 88' lang='lat' dir='ltr'><strong>quo</strong></span> <span class='ocrx_word' id='word_1_811' title='bbox 1010 2748 1128 2783; x_wconf 81' lang='lat' dir='ltr'><strong>agimus,</strong></span> <span class='ocrx_word' id='word_1_812' title='bbox 1145 2745 1358 2784; x_wconf 78' lang='lat' dir='ltr'><strong>distinguendus</strong></span> <span class='ocrx_word' id='word_1_813' title='bbox 1370 2751 1413 2776; x_wconf 87' lang='lat' dir='ltr'><strong>est</strong></span> <span class='ocrx_word' id='word_1_814' title='bbox 1426 2748 1460 2784; x_wconf 79' lang='lat' dir='ltr'><strong>ab</strong></span> <span class='ocrx_word' id='word_1_815' title='bbox 1471 2747 1525 2784; x_wconf 80' lang='lat' dir='ltr'><strong>alio</strong></span> <span class='ocrx_word' id='word_1_816' title='bbox 1545 2745 1681 2773; x_wconf 84' lang='lat' dir='ltr'><strong>Mamantc</strong></span> 
     </span>
    </p>
   </div>
   <div class='ocr_carea' id='block_1_120' title="bbox 892 2783 1680 2822">
    <p class='ocr_par' dir='ltr' id='par_1_120' title="bbox 892 2783 1680 2822">
     <span class='ocr_line' id='line_1_120' title="bbox 892 2783 1680 2822; baseline 0.009 -14"><span class='ocrx_word' id='word_1_817' title='bbox 892 2787 1031 2822; x_wconf 55' lang='lat' dir='ltr'><strong>martyre,</strong></span> <span class='ocrx_word' id='word_1_818' title='bbox 1062 2783 1244 2822; x_wconf 37' lang='lat' dir='ltr'><strong>quemnetim’</strong></span> <span class='ocrx_word' id='word_1_819' title='bbox 1261 2783 1394 2822; x_wconf 59' lang='lat' dir='ltr'><strong>BaSiliseo</strong></span> <span class='ocrx_word' id='word_1_820' title='bbox 1429 2783 1536 2822; x_wconf 39' lang='lat' dir='ltr'><strong>itidem.</strong></span> <span class='ocrx_word' id='word_1_821' title='bbox 1559 2786 1680 2822; x_wconf 64' lang='lat' dir='ltr'><strong>iual&#39;lyre</strong></span> 
     </span>
    </p>
   </div>
   <div class='ocr_carea' id='block_1_121' title="bbox 892 2817 1680 2854">
    <p class='ocr_par' dir='ltr' id='par_1_121' title="bbox 892 2817 1680 2854">
     <span class='ocr_line' id='line_1_121' title="bbox 892 2817 1680 2854; baseline -0.004 -10"><span class='ocrx_word' id='word_1_822' title='bbox 892 2817 980 2845; x_wconf 61' lang='grc' dir='ltr'>(ἔτιοόί</span> <span class='ocrx_word' id='word_1_823' title='bbox 1001 2818 1045 2845; x_wconf 90' lang='lat' dir='ltr'><strong>die</strong></span> <span class='ocrx_word' id='word_1_824' title='bbox 1064 2817 1176 2852; x_wconf 50' lang='lat' dir='ltr'><strong>29,.lulii</strong></span> <span class='ocrx_word' id='word_1_825' title='bbox 1198 2819 1335 2846; x_wconf 88' lang='lat' dir='ltr'><strong>recolunt.</strong></span> <span class='ocrx_word' id='word_1_826' title='bbox 1351 2818 1468 2854; x_wconf 77' lang='lat' dir='ltr'><strong>(Theod.</strong></span> <span class='ocrx_word' id='word_1_827' title='bbox 1487 2817 1612 2844; x_wconf 76' lang='lat' dir='ltr'><strong>Ruinart.</strong></span> <span class='ocrx_word' id='word_1_828' title='bbox 1624 2835 1631 2846; x_wconf 84' lang='lat'><strong>,</strong></span> <span class='ocrx_word' id='word_1_829' title='bbox 1651 2817 1680 2842; x_wconf 86' lang='lat' dir='ltr'><strong>in</strong></span> 
     </span>
    </p>
   </div>
   <div class='ocr_carea' id='block_1_122' title="bbox 893 2854 1291 2890">
    <p class='ocr_par' dir='ltr' id='par_1_122' title="bbox 893 2854 1291 2890">
     <span class='ocr_line' id='line_1_122' title="bbox 893 2854 1291 2890; baseline 0.005 -11"><span class='ocrx_word' id='word_1_830' title='bbox 893 2854 964 2880; x_wconf 75' lang='lat' dir='ltr'><strong>Actis</strong></span> <span class='ocrx_word' id='word_1_831' title='bbox 988 2859 1147 2888; x_wconf 78' lang='lat' dir='ltr'><strong>martyrum,</strong></span> <span class='ocrx_word' id='word_1_832' title='bbox 1169 2862 1198 2890; x_wconf 84' lang='lat' dir='ltr'><strong>p-</strong></span> <span class='ocrx_word' id='word_1_833' title='bbox 1214 2854 1291 2889; x_wconf 68' lang='lat'><strong>276.)</strong></span> 
     </span>
    </p>
   </div>
  </div>
