1899 3077
233 145 303 174 1215

233 203 295 231 rimi
313 202 455 234 facerent;
473 201 604 228 ecclesias
620 199 716 227 crebro
739 198 855 231 adirem,
869 203 896 226 et
914 203 1017 233 marty-
1032 202 1053 229 Α

233 257 294 277 rum
309 249 433 283 sepulcra
445 246 608 281 competenti
631 245 735 273 honore
749 250 958 273 venerarentur.
980 245 1018 272 Eo

233 295 317 329 igitur
334 299 464 328 tempore,
477 293 554 319 aiunt
569 292 629 319 illos
651 292 807 326 sepulcrum
832 291 926 319 Mamze
947 299 1020 318 mar-

234 340 303 375 tyris
326 339 494 373 amplissima
522 338 633 365 basilica
669 337 842 365 circumdare
865 337 1016 368 studentes,

234 393 304 420 opus
317 387 386 412 inter
401 392 430 412 se
449 384 566 419 partitos
587 391 658 411 esse.
676 383 799 418 Dumque
819 383 888 411 alter
902 384 1017 410 alterum

233 430 435 462 magniﬁcentia
457 434 485 456 et
505 430 580 456 cultu
604 437 732 463 superare
753 430 942 461 contenderet,
961 437 1017 456 rem

233 474 422 501 admirabilem
453 482 621 509 prorsusquc
647 474 836 502 incredibilem
867 475 1017 508 accidisse,

233 521 285 547 nisi
303 520 379 547 multi
397 524 489 546 nostra
506 520 595 548 adhuc
610 524 690 547 aetate
702 525 878 555 superessent
896 521 942 555 qui
960 528 1017 548 rem

233 567 319 601 ipsam
341 567 374 592 ab
396 567 450 593 illis
464 566 509 601 qui
528 574 587 594 eam
606 567 739 599 viderant,
761 570 933 601 acceperunt.
950 566 1017 593 Nam

233 620 295 647 pars
310 613 418 647 quidem
432 613 523 648 operis
538 620 598 647 qum
611 611 689 639 Gallo
702 613 862 643 obvenerat.
875 613 1019 640 attolleba-

233 661 287 690 tur,
304 663 330 684 ct
344 666 376 684 ex
391 658 473 685 animi
490 658 652 692 procedebat
669 657 813 684 sententia.
833 656 871 684 Ex
887 657 1018 692 operibus

233 708 323 730 autem
337 703 449 736 Juliani,
464 704 515 730 alia
532 703 714 736 corruebant;
732 703 785 730 alia
799 711 832 730 ex
856 703 1019 730 fundamen-

234 751 269 777 tis
285 757 395 777 sursum
419 749 661 784 propellebantur;
688 748 740 775 alia
762 756 797 775 ne
824 749 882 775 solo
908 748 1018 782 quidem

233 795 372 823 cohaerere
391 795 425 821 ab
443 795 522 822 initio
546 794 728 827 sustinebant,
751 801 805 821 non
829 801 908 821 secus
934 801 966 821 ac
994 794 1017 822 si

233 841 370 868 contraria
388 841 504 875 quadam
523 841 550 867 vi
573 840 701 868 deorsum
719 840 868 867 obsistente
893 841 1018 867 retrude-

233 890 340 913 rentur.
361 885 531 913 Etomnibus
545 885 655 920 quidem
674 892 706 912 ea
720 893 764 912 res
778 885 904 920 prodigio
919 885 1019 913 similis

232 933 291 960 visa
307 936 362 965 est;
376 931 456 958 multi
479 938 557 963 vero,
573 931 639 966 quid
663 930 848 965 portenderet,
871 938 903 958 cx
921 935 1019 959 eventu

230 978 434 1013 judicaverunt.
455 977 507 1005 Sed
524 977 646 1004 nonnulli
664 984 697 1004 ex
718 985 751 1004 eo
771 977 955 1012 conjecturam
974 984 1020 1004 ce-

232 1028 349 1059 perunt,
374 1024 448 1051 illum
466 1024 677 1059 haudquaquam
703 1024 810 1051 sincero
836 1024 928 1051 animo
955 1031 1020 1058 erga

232 1070 392 1104 religionem
430 1077 514 1102 esse,
547 1077 645 1097 verum
683 1076 738 1104 pra:
775 1073 849 1096 metu
888 1069 1019 1104 principis

232 1117 280 1152 qui
307 1120 362 1142 tum
398 1116 528 1150 temporis
559 1114 736 1142 Christianus
767 1118 862 1146 esset,
888 1114 1019 1148 pietatem

231 1162 349 1197 tingere;
373 1169 468 1196 parum
500 1164 588 1188 tutum
617 1167 679 1188 esse
706 1160 928 1191 existimantem,
956 1167 1020 1187 sen-

231 1208 343 1234 tentiam
369 1214 446 1234 suam
469 1206 497 1233 in
510 1209 634 1240 apertum
653 1204 788 1239 proferre.
816 1203 904 1230 Porro
927 1208 1019 1238 pater-

231 1260 295 1281 nam
316 1253 477 1287 religionem
502 1251 657 1286 prodidisse
683 1250 804 1282 dicitur,
821 1253 913 1277 vatum
941 1250 1020 1277 fami-

235 1299 357 1326 liaritate
390 1302 417 1326 et
449 1298 595 1333 colloquiis
621 1298 741 1332 primum
778 1296 918 1324 inductus.
951 1296 1019 1323 Nam

231 1346 372 1380 aliquanto
401 1338 463 1379 post
501 1345 543 1372 ira
575 1344 728 1372 Constantii
763 1344 890 1379 placata,
927 1342 1020 1370 Gallus

230 1390 340 1426 quidem
364 1391 440 1425 18],
459 1391 486 1418 in
502 1391 593 1418 Asiam
609 1390 760 1425 profectus.
778 1390 879 1425 Ephesi
897 1389 1018 1417 mansit:

231 1444 287 1471 quo
307 1436 334 1462 in
357 1436 417 1462 loco
443 1436 574 1470 majorem
594 1441 698 1471 partem
716 1436 755 1463 rei
773 1435 918 1462 familiaris
937 1435 1019 1462 sitam

230 1482 360 1510 habebat.
376 1481 502 1510 Julianus
523 1490 589 1509 vero
601 1481 867 1516 Constantinopolim
879 1488 1018 1515 reversus,

230 1528 428 1562 magistrorum
448 1528 494 1562 qui
515 1527 572 1554 illic
597 1531 674 1554 erant
694 1527 832 1555 auditoria
862 1527 1020 1563 frequenta-
1033 1539 1055 1569 α

231 1572 284 1604 vit;
299 1573 344 1607 qui
361 1579 423 1599 cum
439 1572 548 1607 egregia
568 1572 660 1600 indole
683 1573 815 1607 praeditus
832 1578 916 1605 esset,
935 1579 962 1602 et
990 1574 1018 1602 in

231 1617 384 1653 disciplinis
413 1626 527 1653 magnos
552 1626 718 1654 progressus
743 1619 858 1652 faceret,
873 1620 1018 1656 haudqua-

231 1671 314 1698 quam
330 1664 358 1690 in
373 1664 494 1691 obscuro
509 1664 617 1691 delituit
633 1673 640 1697 ;
657 1665 764 1700 privato
790 1667 863 1693 enim
875 1666 968 1694 habitu
990 1667 1019 1694 in

230 1709 370 1743 publicum
396 1710 559 1744 procedens,
591 1718 653 1737 cum
688 1710 818 1745 plurimis
847 1711 1019 1740 familiariter

230 1755 405 1781 versabatur.
429 1755 483 1782 Sed
509 1755 652 1790 quoniam,
678 1761 709 1784 ut
733 1757 761 1784 in
780 1758 874 1792 populi
889 1758 1019 1785 multitu-

230 1799 293 1827 dine
308 1803 335 1826 et
353 1800 380 1827 in
398 1801 472 1835 regia
484 1801 597 1828 civitate
616 1801 674 1829 ﬁeri
690 1803 770 1835 solet,
785 1807 917 1837 tanquam
933 1803 1019 1831 frater

230 1846 363 1880 patruelis
379 1847 568 1882 imperatoris,
585 1852 612 1875 et
631 1848 713 1876 rebus
742 1849 870 1881 gerendis
892 1849 1017 1881 idoneus,

230 1891 308 1919 brevi
329 1893 362 1919 ad
380 1893 526 1928 imperium
540 1898 725 1929 perventurus
743 1896 908 1930 sperabatur
923 1904 930 1929 ;
949 1895 1020 1922 mul-

229 1937 307 1972 tique
336 1937 496 1973 hujusmodi
522 1946 664 1967 sermones
679 1940 712 1967 de
736 1940 782 1967 illo
796 1940 899 1975 passim
911 1947 1020 1975 sparge-

227 1984 448 2018 bantur,jussus
481 1989 524 2013 est
548 1985 716 2013 Nicomedia:
731 1986 839 2022 degere.
862 1986 919 2013 Illic
934 1985 1020 2013 Maxi-

229 2039 292 2059 mus
312 2031 449 2066 Ephesius
473 2032 657 2067 philosephus
674 2033 699 2060 ei
714 2039 873 2064 occurrens,
889 2036 917 2059 et
928 2032 1018 2067 philo-

229 2078 356 2113 50phiam
384 2086 447 2107 eum
472 2079 578 2111 docuit,
606 2084 634 2107 et
657 2079 751 2106 odium
777 2079 920 2114 religionis
939 2079 1019 2107 Chri-

232 2124 331 2150 stiana:
348 2132 354 2150 :
376 2127 459 2158 atque
479 2127 509 2150 ut
536 2128 624 2157 vates,
649 2124 673 2151 ei
691 2124 836 2151 aﬂirmavit
847 2132 942 2151 verum
957 2132 1019 2152 esse

231 2169 304 2204 quod
333 2169 369 2196 de
396 2169 443 2195 illo
462 2170 535 2204 vulgi
556 2170 731 2197 sermonibus
748 2170 896 2197 ferebatur.
914 2170 971 2203 Ille,
989 2174 1019 2197 ut

959 142 1128 171 SOZOMENI

1825 144 1890 171 1Ξ16

1067 199 1121 225 τῶν
1135 200 1291 235 ἀκηκοότων
1309 199 1385 235 παρὰ
1401 201 1454 227 τῶν
1472 201 1647 237 τεθεαμένων
1666 201 1725 236 μέχ
1733 209 1766 236 ρι
1785 202 1840 227 καὶ
1853 204 1890 229 εἰς

1071 245 1143 278 ἡμᾶς
1156 245 1299 280 περιῆσαν.
1319 245 1356 271 Τὸ
1370 245 1418 279 μὲν
1434 245 1488 280 γὰρ
1504 246 1607 272 Γάλλου
1625 246 1715 281 μέρος
1735 245 1890 279 ἐπεδίδου,

1071 291 1117 316 καὶ
1128 291 1198 317 κατὰ
1208 290 1320 326 γνώμην
1331 291 1484 327 προύχώρει
1495 300 1500 307 ·
1516 291 1570 318 τῶν
1581 292 1610 318 δὲ
1622 291 1792 318 Ἰουλιανοῦ
1810 301 1889 327 πονη-

1072 336 1173 370 μάτων,
1189 336 1223 362 τὰ
1237 336 1295 371 μὲν,
1310 329 1465 371 ⁴ιῖγρείτττωτο⁸
1483 338 1516 364 τὰ
1535 338 1573 370 δὲ,
1592 339 1625 364 ὲκ
1638 339 1694 373 τῆς
1711 338 1778 372 γῆς
1797 338 1887 364 ἀνεῇἱ-

1069 381 1144 407 δοτο·
1170 382 1203 408 τὰ
1219 382 1256 414 δὲ,
1275 383 1431 417 παραυτίκα
1447 383 1631 410 συνάπτεσθαι
1645 383 1722 419 πρὸς
1734 383 1773 409 τὸ
1785 383 1887 417 ἔδαφος

1070 426 1118 452 οὐκ
1139 427 1270 462 ἠνείχετο,
1291 425 1336 454 οἷά
1355 436 1386 462 γε
1408 428 1438 460 ἐξ
1457 429 1602 456 ἀντιτύπου
1620 429 1671 456 καὶ
1689 428 1794 463 βιαίου
1811 429 1885 460 τινὲς

1069 472 1208 508 δυνάμεως
1228 473 1350 500 κάτωθεν
1366 475 1538 510 ὰντωθούσης
1553 474 1792 511 ἀνακρουόμενα.
1814 475 1885 501 Hi3:

1069 518 1096 544 δὲ
1111 519 1222 550 εἰκότως
1235 521 1375 555 τεράστιον
1392 520 1479 547 ἐδόκει
1492 521 1523 547 τὺ
1534 522 1663 555 πρᾶγμα,
1685 521 1740 547 καὶ
1756 522 1820 552 τοῖς
1834 521 1882 555 μὲν

1070 565 1185 598 πολλοῖς,
1201 567 1233 600 τῇ
1251 565 1384 592 ἀποϐάσει
1398 565 1505 602 ἐκρίθη.
1528 565 1612 598 οἶδὲ,
1627 566 1658 598 ἐξ
1677 565 1798 592 ἐκείνου
1818 574 1882 592 aw-

1069 611 1175 642 é61).ov,
1188 611 1225 646 μὴ
1238 611 1322 645 ὑγιῶς
1334 611 1378 647 ἔχε
1383 621 1406 638 ιν
1416 612 1460 638 τὸν
1470 612 1555 647 ἄνδρα
1564 611 1630 644 περὶ
1637 613 1690 646 τὴν
1702 611 1878 647 θρησκείαν,

1069 657 1125 684 ἀλλ’
1143 658 1265 684 εὐσεϐεϊν
1281 658 1457 691 πλάττεσθαι,
1474 658 1637 693 Χριστιανὸν
1655 658 1728 685 ὄντα
1748 658 1801 683 τὸν
1819 659 1880 684 τότε

1070 703 1221 739 κρατοῦντα
1235 704 1458 739 ὑποκρινόμενον,
1485 704 1532 731 καὶ
1548 705 1588 736 είς
1605 704 1636 731 τὺ
1663 703 1822 740 προφανὲς
1839 704 1879 735 ἐξ·

1070 749 1147 783 άγειν
1162 749 1210 784 τὴν
1224 749 1336 785 γνώμην
1346 750 1396 776 οὑκ
1405 749 1524 784 ἀσφαλὲς
1537 750 1704 785 ἡγούμενον.
1720 748 1875 785 Προῦδωεε

1068 795 1114 826 δὲ,
1139 795 1177 827 ὡς
1205 795 1330 830 λέγεται,
1355 795 1404 830 τὴν
1427 796 1557 831 πατρῴαν
1578 795 1748 831 θρησκείαν,
1779 803 1876 821 συνουα

1070 842 1142 873 σίαις
1155 842 1276 876 μάντεων
1293 841 1424 876 ὑπαχθεὶς
1433 841 1468 868 τὰ
1479 841 1584 876 πρῶτα.
1602 840 1682 868 Μετὰ
1698 841 1808 876 χρόνον
1823 840 1875 875 γάρ

1069 896 1130 914 τινα
1150 887 1326 922 παυσαμένου
1352 887 1542 913 Κωνσταντίου
1562 887 1612 921 τῆς
1640 887 1745 922 ὀργῆς,
1771 886 1876 917 Tino;

1072 933 1120 967 μὲν
1135 933 1174 963 εὶς
1188 932 1237 965 τὴν
1256 932 1348 958 Ἀσίαν
1361 931 1456 964 ἐλθὼν,
1469 933 1497 958 ὲν
1519 932 1624 967 Ἐφέσῳ
1638 931 1799 967 διέτριϐεν,
1812 931 1875 957 ἔνθα

1070 977 1101 1012 δὴ
1114 977 1147 1003 τὰ
1158 977 1241 1004 πλείω
1254 977 1303 1012 τῆς
1313 977 1406 1009 οὐσίας
1417 975 1500 1012 εἶχεν.
1525 977 1669 1009 Ἰουλιανὸς
1682 977 1725 1008 δὲ,
1741 978 1786 1007 εἰς
1798 978 1874 1003 Κωνο

1071 1023 1287 1049 σταντινούπολιν
1306 1023 1475 1056 ἐπανελθὼν,
1503 1024 1559 1054 τοῖς
1580 1024 1670 1049 ἐκεῖσε
1690 1023 1872 1054 διδασκάλοις

1070 1069 1179 1102 ἐφοίτα·
1200 1069 1307 1104 φύσεως
1320 1069 1349 1096 δὲ
1363 1068 1392 1095 εὖ
1410 1069 1489 1104 ἔχων,
1515 1069 1562 1096 καὶ
1577 1070 1632 1100 τοῖς
1653 1069 1812 1104 μαθήμασι
1828 1070 1871 1103 ρᾳ-

1070 1114 1134 1145 δίως
1167 1114 1313 1146 ἐπιδιδοὺς,
1339 1115 1389 1141 οὑκ
1417 1114 1572 1141 ἐλάνθανεν.
1608 1115 1653 1141 Ἐν
1680 1113 1796 1140 ἰδιώτου
1820 1114 1872 1149 γὰρ

1071 1161 1190 1195 σχήματι
1207 1160 1256 1191 τὰς
1275 1160 1404 1195 προόδους
1418 1161 1579 1195 ποιούμενος
1592 1179 1600 1192 ,
1626 1159 1740 1192 πολλοῖς
1762 1159 1872 1192 συνεγί-

1071 1214 1140 1232 νετο.
1166 1206 1244 1232 Ἐπεὶ
1258 1205 1297 1238 δὲ,
1313 1203 1357 1232 οἷα
1375 1205 1456 1240 φιλεῖ,
1478 1206 1506 1232 ὲν
1517 1206 1605 1240 ὁμίλῳ
1620 1205 1668 1231 καὶ
1683 1204 1873 1240 βασιλευούσῃ

1071 1252 1158 1284 πόλει,
1180 1251 1292 1286 ἀδελφὸς
1309 1251 1347 1278 ὣν
1368 1252 1414 1278 τοῦ
1439 1251 1613 1286 κρατοῦντος,
1639 1251 1687 1278 καὶ
1713 1252 1873 1285 πράγματα

1070 1297 1179 1324 διοικεῖν
1198 1298 1287 1328 ἱκανὸς
1297 1295 1366 1324 εἴναι
1384 1297 1556 1332 φαινόμενος,
1578 1297 1773 1332 προσεδοκᾶτο
1794 1297 1871 1331 βασι-

1070 1341 1169 1374 λεύειν,
1187 1342 1308 1376 καὶπερὶ
1322 1342 1404 1369 αὐτοῦ
1419 1342 1537 1374 τοιοῦτος
1553 1342 1665 1377 ἐκράτει
1675 1342 1772 1376 λόγος,
1786 1351 1870 1377 προς-

1071 1387 1171 1423 ετάχθη
1191 1388 1219 1413 ὲν
1235 1388 1405 1424 Νικομηδείᾳ
1419 1388 1532 1422 διάγειν.
1563 1389 1698 1415 Ἐνταῦθα
1711 1388 1870 1424 περιτυχὼν

1071 1433 1145 1468 αὐτῷ
1175 1433 1301 1469 Μάξιμος
1326 1434 1340 1460 ὁ
1367 1433 1491 1468 Ἐφέσιος
1515 1434 1675 1469 φιλόσοφος,
1711 1434 1870 1469 φιλοσόφων

1071 1479 1147 1514 αὐτῷ
1171 1479 1259 1513 λόγων
1285 1478 1445 1514 καθηγητὴς
1469 1479 1593 1513 ἐγένετο,
1623 1480 1671 1506 καὶ
1695 1479 1799 1514 μίσους
1822 1479 1868 1513 τῆς

1072 1524 1241 1560 Χριστιανῶν
1253 1524 1403 1559 θρησκείας
1415 1533 1422 1540 ·
1434 1525 1485 1551 -καὶ
1498 1522 1541 1551 οἷα
1557 1525 1664 1560 μάντις,
1678 1525 1786 1561 ἀληθὲς
1800 1523 1867 1551 εἶναι

1075 1570 1226 1606 ἰσχυρίζετο
1240 1569 1271 1596 τὺ
1285 1569 1349 1604 περὶ
1361 1569 1445 1596 αὐτοῦ
1460 1570 1667 1605 θρυλλούμενον.
1687 1571 1717 1597 '0
1734 1571 1776 1603 δὲ,
1793 1571 1867 1597 τοῦτο

1072 1616 1104 1651 δὴ
1113 1615 1144 1642 τὸ
1156 1615 1264 1647 πολλοῖς
1272 1615 1432 1651 συμϐαῖνον,
1444 1617 1474 1643 ὲν
1489 1616 1602 1652 ὑπονοίᾳ
1616 1617 1762 1652 δυσχερῶν
1775 1626 1863 1653 πραγ-

1074 1663 1167 1698 μάτων
1182 1661 1441 1698 ταλαιπωρούμενος
1456 1662 1535 1698 (54⁸),
1553 1663 1731 1698 βουκοληθεὶς
1765 1665 1864 1695 alain,-

1072 1707 1175 1740 ἐλπίσι,
1192 1707 1268 1742 φίλον
1283 1707 1346 1743 ἔσχε
1360 1708 1406 1736 τὸν
1421 1708 1558 1744 Μάξιμον.
1574 1709 1620 1744 Τῷ
1638 1709 1746 1745 βασιλεῖ
1760 1710 1789 1737 δὲ
1805 1711 1862 1737 τού-

1071 1763 1125 1781 των
1143 1754 1328 1790 μηνυθέντων,
1352 1755 1443 1786 δείσας
1467 1756 1496 1782 ὲν
1517 1755 1576 1791 χρῷ
1599 1757 1738 1791 ἐκείρατο,
1757 1757 1806 1783 καὶ
1821 1757 1859 1782 τίν

1073 1800 1219 1836 μοναχικὺν
1244 1801 1392 1828 ἐπλάττετο
1421 1802 1488 1836 βίον.
1516 1802 1611 1838 Λάθρα
1638 1803 1667 1829 δὲ
1686 1803 1738 1837 τῆς
1771 1804 1858 1838 ἐτέρας

1072 1846 1162 1882 εἴχετο
1176 1846 1336 1883 θρησκείας.
1359 1847 1468 1883 Ἐπειδὴ
1481 1848 1509 1875 δὲ
1525 1849 1564 1880 εἰς
1576 1848 1675 1884 ἄνδρας
1689 1849 1740 1884 ἤδη
1757 1849 1856 1885 προῄει,

1073 1891 1243 1928 ἑτοιμότερον
1264 1893 1385 1928 ὑπήχθη,
1410 1893 1457 1919 καὶ
1479 1894 1600 1919 ὲπτοεῖτο
1625 1895 1690 1929 περὶ
1710 1894 1776 1921 τάδε
1796 1895 1854 1929 (55).

1071 1938 1224 1973 Θαυμάξων
1248 1947 1279 1965 τε
1298 1939 1325 1965 sl’
1342 1939 1385 1971 τίς
1399 1940 1457 1966 ἐστι
1478 1939 1559 1975 τέχνη
1581 1940 1807 1975 προσημαίνοντα
1830 1941 1853 1967 τὸ

1073 1984 1180 2020 μέλλον,
1198 1985 1246 2012 καὶ
1259 1985 1414 2020 ἀναγκαίαν
1429 1986 1580 2022 ἡγούμενος
1593 1986 1644 2021 τὴν
1658 1986 1764 2022 ταύτης
1778 1987 1851 2022 μάθη-

1073 2039 1125 2063 σιν,
1150 2027 1188 2058 ὥν
1210 2031 1247 2066 μὴ
1273 2031 1314 2058 δεῖ
1330 2032 1512 2066 Χριστιανοίς,
1535 2033 1575 2063 είς
1597 2033 1696 2067 πεῖραν
1721 2033 1851 2068 προήχθη·

1071 2077 1118 2104 καὶ
1131 2076 1161 2104 τὺ
1173 2076 1203 2109 ἐξ
1215 2077 1321 2105 ἐκείνου
1331 2079 1387 2109 τοῖς
1401 2077 1488 2105 ταῦτα
1500 2077 1638 2113 μετιοῦσιν
1648 2078 1749 2113 εχρῆτο
1766 2079 1850 2113 φίλοις.

1071 2120 1136 2150 Ὧδε
1152 2123 1181 2150 δὲ
1188 2123 1258 2159 ἔχων
1273 2123 1386 2159 γνώμης
1396 2123 1463 2160 (56),
1477 2111 1544 2160 ἧκεν
1556 2125 1597 2156 εἰς
1611 2111 1851 2152 Ἀσίαν-άπὸἾΝικο-

1074 2169 1196 2204 μηδείας·
1206 2169 1254 2196 καὶ
1268 2169 1465 2204 συγγενόμενος
1475 2170 1564 2196 ἐκεῖσε
1572 2170 1714 2203 τοιούτοις,
1725 2171 1851 2206 προθυμόο

229 2215 392 2250 plerumque
408 2214 519 2241 evenire
535 2215 605 2242 solet
618 2215 777 2242 hominibus
805 2215 852 2249 qui
874 2215 1017 2242 imminen-

1074 2223 1149 2250 τερος
1168 2215 1232 2250 περὶ
1254 2215 1339 2241 ταῦτα
1353 2215 1473 2249 γέγονεν.
1503 2215 1580 2242 Ἐπεὶ
1593 2216 1621 2242 δὲ
1639 2216 1742 2248 Γάλλος
1755 2217 1768 2243 ὁ
1781 2217 1851 2243 αὑτοῦ

229 2261 300 2287 tium
318 2260 507 2286 calamitatum
523 2264 596 2287 metu
623 2261 799 2292 alllictantur,
825 2260 948 2288 melioris
966 2260 1022 2288 for-

229 2309 302 2332 tunze
333 2311 382 2339 spe
405 2304 536 2337 illectus,
572 2304 721 2332 Maximum
751 2306 778 2333 in
806 2306 1021 2334 familiaritatem

229 2357 307 2377 suam
323 2350 433 2377 ascivit.
448 2350 553 2383 Quibus
568 2352 729 2386 imperatori
752 2352 900 2384 nuntiatis,
925 2352 1021 2380 timore

229 2395 375 2429 perculsus
394 2403 500 2423 comam
527 2397 607 2429 rasit,
635 2401 662 2424 et
691 2397 875 2425 monasticum
907 2397 1017 2426 vivendi

228 2447 316 2475 genus
342 2441 506 2468 simulavit:
531 2443 602 2469 clam
628 2450 693 2469 vero
719 2443 861 2477 gentilium
881 2444 1017 2479 supersti-

231 2485 332 2513 tionem
363 2487 507 2520 amplexus
537 2491 590 2515 est.
611 2487 677 2515 Post
699 2488 757 2515 haec
772 2489 829 2523 jam
850 2490 959 2518 virilem
974 2491 1016 2517 in-

1071 2260 1193 2294 ἀδελφὸς,
1218 2261 1328 2296 Καῖσαρ
1351 2261 1503 2294 καταστὰς,
1531 2262 1664 2297 μηνυθεὶς
1692 2263 1850 2298 νεωτερίζειν

1071 2305 1201 2341 ἀνῃρέθη,
1231 2304 1373 2332 ὑπολαϐὼν
1393 2306 1581 2338 Κωνστάντιος
1604 2307 1652 2334 καὶ
1676 2308 1760 2334 αὐτὸν
1780 2308 1849 2343 ἔρωτι

1073 2350 1213 2386 βασιλείας
1227 2348 1403 2386 κατέχεσθαι,
1417 2351 1469 2378 ὑπὸ
1483 2352 1608 2386 φυλακῆς
1631 2352 1716 2387 εἶχεν.
1740 2354 1848 2388 Ἐξαιτη-

1073 2397 1192 2432 σαμένης
1206 2397 1234 2423 δὲ
1248 2397 1329 2424 αὐτὸν
1349 2397 1496 2428 Εὐσεὸείας
1509 2398 1560 2432 τῆς
1578 2399 1704 2434 γαμετῆς
1719 2399 1847 2426 Κωνσταν-

1070 2442 1138 2475 τίου,
1146 2443 1386 2478 παραιτησάμενος
1394 2443 1484 2475 αὑτὸν,
1496 2444 1671 2479 ἀπεδήμησεν
1681 2446 1723 2476 εἰς
1737 2445 1848 2480 Ἀθήνας’

1071 2488 1205 2524 προφάσει
1221 2488 1270 2524 μὲν
1287 2488 1340 2515 τῶν
1356 2488 1522 2524 Ἑλληνικῶν
1540 2489 1628 2516 πόνων
1648 2491 1698 2517 καὶ
1722 2491 1846 2518 παιδεντει

831 2579 967 2607 VALESII
985 2578 1264 2609 ANNOTATIONES.

263 2652 330 2692 (54⁵)
338 2654 388 2681 Ἐν
393 2656 518 2692 ignorem
527 2656 683 2691 δυσχερῶν
689 2663 761 2692 πραπ
766 2657 866 2692 μάτων
872 2659 1018 2685 ταλαιπω-

226 2690 385 2728 ρούμενος..
400 2690 657 2728 Scribendumputo
673 2690 950 2728 ταλαιπωρουμένοις.
966 2693 1019 2720 Πο-

227 2725 319 2763 fertur
343 2726 422 2763 enimA
440 2726 472 2763 ad
490 2726 515 2753 id
528 2725 602 2761 quod
628 2729 782 2762 praecessit,
800 2725 885 2754 ’τοῦτο
912 2729 943 2763 δὴ
962 2730 1018 2760 τοῖς

227 2759 338 2798 πολλοῖς.
351 2760 507 2798 συμϐαῖνον,
532 2759 582 2798 seu
602 2759 700 2798 potius
720 2762 749 2789 τὸ
774 2763 880 2798 πολλοῖς
901 2759 1017 2798 συμϐαῖ-

225 2802 280 2832 νον,
290 2800 323 2832 ut
332 2794 469 2832 legiturin
487 2795 583 2824 codice
601 2794 764 2824 Fuketiauo.
783 2794 841 2825 iioc
856 2802 909 2831 est,
928 2794 1017 2832 liuent-

227 2829 369 2856 admodum
395 2830 528 2865 plerisque
547 2833 648 2858 evenire
676 2833 741 2859 solet
766 2834 810 2867 qui
833 2829 1017 2860 calainiiatum

228 2869 296 2890 metu
331 2866 492 2898 cruciantur,
520 2875 563 2901 spe
594 2876 679 2893 rerum
705 2867 880 2895 seumdarmn
902 2869 1016 2899 illectus,

1067 2658 1217 2686 Maximum
1232 2659 1261 2686 in
1277 2659 1422 2686 amicorum
1438 2667 1546 2686 numero
1563 2659 1667 2685 habuit.

1104 2695 1159 2729 (55)
1178 2694 1234 2721 Καὶ
1257 2693 1384 2720 ἐποιεῖτο
1401 2695 1466 2728 περὶ
1480 2694 1560 2729 τάδε.
1581 2694 1670 2728 Hujus
1694 2693 1747 2720 loci
1765 2701 1840 2721 veram

1067 2728 1233 2764 scripturam
1250 2730 1369 2757 servavit
1396 2730 1481 2756 codex
1507 2728 1624 2760 Fuketii,
1650 2729 1678 2755 in
1695 2737 1751 2763 quo
1763 2730 1794 2755 ita
1807 2728 1839 2764 dig

1067 2762 1142 2792 sertc
1155 2765 1289 2799 scriptum
1307 2763 1399 2791 inveni
1422 2773 1428 2790 :
1446 2764 1493 2790 καὶ
1515 2765 1638 2790 ὲπτοεῖτο
1654 2765 1721 2799 περὶ
1735 2764 1798 2790 τάδε.
1818 2762 1838 2789 Μ

1066 2804 1119 2831 est,
1137 2804 1161 2826 et
1173 2798 1270 2834 garunt
1289 2807 1376 2826 rerum
1392 2798 1750 2834 admirationecapiebatur.
1801 2829 1810 2834 _

1103 2834 1159 2869 (56)
1172 2832 1242 2861 Ὧδε
1257 2834 1290 2860 δὲ
1307 2834 1386 2868 ἔχων
1410 2833 1536 2868 γνόψης.
1560 2833 1650 2861 Malim
1668 2834 1784 2861 scribere
1797 2832 1836 2859 ὧδε

1067 2869 1109 2904 δή.
1128 2870 1173 2897 Sic
1186 2870 1259 2897 enim
1272 2870 1358 2897 (ἐι-θυρί
1378 2869 1452 2903 loqui
1467 2869 1565 2896 solent.
