1899 3077
37 124 92 153 217

37 181 105 207 πίων·
138 181 176 212 ὼς
204 181 232 207 δὲ
261 180 384 215 λέγουσι,
414 183 610 216 κοινωσάμενος
634 183 690 212 τοῖς
717 181 805 208 ἐκεῖσε
820 182 842 211 Α

37 227 134 253 ιὰντεσι
158 225 221 260 περὶ
236 225 291 251 τῶν
312 225 372 252 κατ’
387 226 477 252 αὐτόν.
501 226 763 260 Μετακαλεσάμενος
777 225 806 251 δὲ

41 271 99 299 om
122 271 226 297 ἐνθένδε
249 271 450 303 Κωνστάντιος,
483 271 611 306 Καίσαρα
635 270 803 304 κατέστησε·

37 317 213 352 ςατεγγυήσας
229 325 258 343 τε
273 316 347 351 αὐτῷ
365 317 433 352 πρὸς
451 316 538 351 γάμον
551 316 741 343 Κωνσταντίαν
757 315 805 351 τὴν

37 363 102 390 κὺτοῦ
123 362 240 398 ἀδελφὴν
252 362 320 398 (57),
347 363 392 388 ἐπὶ
417 363 480 394 τοὺς
499 362 568 398 πρὸς
591 362 665 388 δύσιν
684 361 806 393 Γαλάτας

37 410 176 443 πέπομφεν.
205 408 235 434 Οἱ
256 408 311 443 γὰρ
334 408 480 444 Βάρὸαροι,
507 408 553 439 οὓς
570 408 650 440 αὐτὸς
676 408 806 443 πρότερον

39 453 89 481 ατὰ
104 452 273 487 Μαγνεντίου
296 451 468 488 ἐμισθώσατο
489 453 528 483 εἰς
547 452 713 486 συμμαχίαν,
731 451 806 478 οὐδὲν

37 500 113 534 gelo;
135 500 174 530 εἰς
194 499 272 526 τοῦτο
296 498 448 533 γενόμενοι,
472 498 535 528 τοὺς
555 498 677 529 Γαλάτας
701 497 804 532 ἐδῄουν.

37 546 101 572 Επεὶ
117 545 146 572 δὲ
158 545 266 576 ἐτινέος
280 542 324 579 ἦν,
336 546 392 576 τοῖς
406 545 548 579 ἑπομένοις
559 543 632 578 αὑτῷ
646 545 806 579 στρατηγοῖς

37 591 52 617 ὰ
67 590 192 625 πρακτέα
215 589 358 625 ἐπέτρεψε.
375 589 435 616 Τῶν
454 589 482 615 δὲ
506 589 710 625 ῥᾳθυμούντων,
727 589 806 620 αὐτὸς

37 644 54 667 ις
75 636 142 671 ὲνῆν
163 636 177 661 ὁ
190 635 299 670 Καῖσαρ
322 634 368 660 τοῦ
387 634 508 669 πολέμου
522 634 644 669 προενόει
659 643 665 650 '
688 635 734 661 καὶ
744 635 806 665 τοὺς

37 681 189 717 τρατιώτας
202 681 420 716 προθυμοτέρους
436 681 500 716 περὶ
511 681 560 716 τὴν
577 681 666 715 μάχην
677 681 807 716 κατέστη-

37 740 74 763 sv,
88 731 178 762 ἄλλως
192 740 221 758 τε
239 730 480 766 παρακινδυνεύειν
506 730 676 766 προτρέπων,
694 730 740 757 καὶ
759 732 807 766 ρη-

37 778 62 803 δν
91 777 189 812 μισθὸν
222 776 305 809 τάξας
336 776 444 810 ἑκάστῳ
472 776 609 811 βάρϐαρον
640 775 804 811 ἀναιροῦντι.

37 823 227 859 ,εχαρισμένος
244 823 271 849 δὲ
285 824 341 854 τοῖς
355 822 534 858 στρατιώταις
555 822 678 849 ἐντεῦθεν
695 823 807 857 γενόμε-

37 879 70 901 ig,
96 869 217 905 ἐδήλωσε
238 868 419 903 Κωνσταντίῳ
437 868 485 904 τὴν
507 868 560 895 τῶν
577 868 736 903 στρατηγῶν
757 869 803 903 ῥᾳ-

37 917 136 952 τὼνην.
167 915 375 946 ’Δποσταλέντος
399 915 427 941 δὲ
453 915 557 948 ἑτέρου,
587 914 732 949 συμϐαλὼν
753 915 807 945 τοῖς

39 963 186 1000 χρῦἁροις,
212 962 302 1005 καλῶς
323 961 436 996 ἔπραξε.
468 961 528 987 Τῶν
544 961 572 987 δὲ
596 961 660 996 περὶ
687 960 807 988 σπονδῶν

37 1009 256 1045 ρεσϐευομένων,
286 1008 334 1035 καὶ
358 1007 501 1038 ἐπιστολὰς
525 1006 714 1033 Κωνσταντίου
738 1016 806 1042 προ-

37 1056 183 1091 ιχομένων,
197 1054 435 1090 μετακαλουμένου
453 1054 522 1087 σφᾶς
537 1053 582 1079 ἐπὶ
597 1052 645 1088 τὴν
666 1053 806 1087 Ῥωμαίων

37 1104 77 1137 ἦν,
87 1102 217 1136 ἐπίτηδες
228 1101 390 1136 ἀποπέμψαι
405 1100 522 1135 μελήσας
533 1099 578 1125 τὸν
587 1099 648 1126 τάδε
663 1099 808 1135 πρεσϐευό-

37 1157 111 1181 ενον,
127 1148 266 1182 ἀδοκήτως
282 1146 320 1182 τῷ
335 1146 432 1182 πλήθει
454 1145 508 1172 τῶν
524 1145 660 1180 πολεμίων
675 1145 805 1177 ἐπελθὼν,

37 1194 140 1228 Iliense.
173 1193 288 1227 Λέγεται
328 1192 357 1219 δὲ
383 1191 572 1218 Κωνστάντιον
601 1190 807 1217 ἐπιϐουλεύοντα

37 1240 102 1275 ῦτῷ,
115 1238 212 1266 τοῦτον
227 1238 370 1273 ἐπιτρέψαι
383 1238 428 1264 τὸν
441 1237 567 1272 πόλεμον.
591 1237 667 1272 Ἐμοὶ
679 1237 708 1263 δὲ
722 1236 751 1263 οὐ
764 1246 807 1263 πι-

37 1286 97 1312 ινὸν
113 1283 186 1311 εἶναι
201 1284 280 1311 τοῦτο
295 1285 377 1311 δοκεῖ.
398 1281 432 1318 ’ᾫ
449 1284 501 1319 γὰρ
518 1284 581 1318 ἐξῆν
599 1283 666 1318 μηδὲ
680 1283 806 1318 Καίσαρα

37 1340 62 1366 ην
75 1331 167 1367 ἀρχὴν
179 1331 264 1356 ποιεῖν
278 1329 370 1361 αὑτὸν,
394 1329 420 1355 τί
433 1329 479 1355 καὶ
494 1328 590 1360 ἐποίει,
606 1327 652 1354 καὶ
664 1327 712 1362 τὴν
728 1327 805 1353 ἀδελ-

37 1378 67 1411 ὴν
86 1376 177 1402 ἐδίδου
192 1374 323 1410 γαμετὴν,
339 1375 385 1401 καὶ
400 1374 566 1409 μεμφομένῳ
583 1372 709 1408 περὶτῶν
725 1371 806 1408 ῥᾳθύ-

37 1432 74 1449 ων
89 1421 252 1457 στρατηγῶν
270 1421 402 1456 ὑπήκουε,
416 1420 462 1446 καὶ
480 1418 621 1445 σπουδαῖον
634 1418 694 1445 ἀντὶ
705 1417 806 1444 τούτων

37 1467 221 1500 ξαπέστειλεν,
238 1467 311 1497 ὅπως
330 1464 483 1500 κατοροῶσι
506 1464 551 1490 τὸν
570 1462 698 1498 πόλεμον,
718 1464 742 1489 εἰ
769 1462 806 1498 μὴ

37 1515 91 1546 ἶλος
109 1514 259 1548 ἐτύγχανεν
272 1521 279 1546 ;
295 1512 352 1539 ἀλλ’
364 1512 402 1543 ὡς
419 1510 576 1546 συμϐάλλω,
592 1509 641 1545 τὴν
657 1509 706 1545 μὲν
719 1509 805 1545 ἀρχὴν
819 1521 841 1550 C

37 1569 112 1591 ινους
127 1559 166 1586 ὢν
181 1558 254 1594 αὐτῷ
265 1550 464 1588 Κωνστάντιος,
479 1556 606 1591 Καίσαρα
622 1555 787 1589 κατέστησεν
798 1563 805 1569 ⁸

37 1607 74 1633 rei.
92 1606 124 1632 δὲ
151 1605 227 1640 παρὰ
248 1603 362 1638 γνώμην
376 1600 458 1628 αὐτοῦ
478 1601 608 1631 σεϐαστὸς
622 1599 806 1634 ἁνεκηρύχθη,

41 1650 143 1682 δεδιὼς
158 1650 215 1677 ἀνθ’
231 1646 268 1676 ὧν
285 1648 365 1674 αὑτὸν
380 1647 430 1674 καὶ
443 1646 488 1673 τὸν
502 1645 616 1679 ἀδελφὸν
633 1644 709 1676 νέους
729 1644 808 1675 ὄντας

37 1698 162 1732 Ξίκησεν,
182 1696 198 1732 ἢ
222 1694 337 1729 φθονῶν,
357 1693 394 1725 ὡς
416 1692 499 1723 εῑκὺς,
516 1691 563 1717 ὲπὶ
586 1692 617 1725 τῇ
635 1690 715 1725 ὁμοίᾳ
729 1690 807 1724 τιμῇ,

37 1742 200 1769 τεῧού).ευεν
218 1739 291 1774 αὐτῷ
308 1738 351 1765 διὰ
372 1737 426 1764 τῶν
441 1737 509 1772 πρὸς
529 1736 574 1762 τὸν
594 1735 689 1770 Ῥῆνον
705 1733 808 1770 βαρϐά-

37 1798 77 1816 ον.
105 1787 188 1814 Ἀλλὰ
200 1787 261 1813 τάδε
279 1785 327 1821 μὲν
344 1784 433 1814 ἄλλοις
451 1782 537 1814 ἄλλως
549 1782 631 1809 δοκεῖ.

498 124 660 153 HISTORIA
678 121 953 151 ECCLESIASTICA.
973 139 1007 143 —
1033 124 1097 151 LIB.
1118 124 1150 152 V.

1574 127 1642 154 1218

858 188 971 215 gressus
999 186 1118 214 aetatem,
1145 182 1301 218 promptius
1329 182 1362 210 ad
1387 183 1445 210 haec
1462 183 1539 216 ferri,
1558 191 1643 220 eaque

857 234 937 261 agere
959 228 1054 262 coepit.
1082 228 1177 256 Artem
1206 229 1301 265 igitur,
1322 229 1346 257 si
1371 237 1425 264 qua
1452 229 1498 256 illa
1514 235 1566 262 est,
1582 238 1644 264 quae

856 280 901 300 res
926 273 1035 301 futuras
1064 275 1198 309 praedicit,
1223 276 1327 311 ingenti
1354 277 1536 303 admiratione
1554 278 1644 311 suspi-

856 319 943 350 ciens,
975 319 1091 354 ejusque
1123 321 1248 348 notitiam
1282 323 1470 349 necessariam
1503 322 1558 350 sibi
1583 330 1644 351 esse

856 363 1038 396 existimans,
1072 365 1292 399 experimentum
1325 367 1398 401 cepit
1426 374 1519 394 earum
1551 375 1643 395 rerum

856 416 916 443 qua:
941 408 1108 438 Christianis
1136 410 1288 439 interdicta
1311 417 1385 439 sunt.
1412 412 1449 439 Ex.
1466 420 1498 440 eo
1521 417 1643 447 tempore

855 462 904 481 eos
927 456 973 490 qui
999 459 1085 483 artem
1112 456 1192 484 istam
1223 458 1419 491 profiterentur
1442 459 1468 485 in
1491 460 1642 486 amicorum

856 501 953 529 habuit
967 510 1094 529 numero.
1107 501 1174 530 Cum
1191 503 1276 538 igitur
1291 512 1324 531 eo
1338 505 1431 532 animo
1447 509 1532 537 esset,
1545 505 1643 532 relicta

856 547 1016 576 Nicomedia
1044 549 1072 575 in
1098 549 1191 576 Asiam
1221 550 1353 584 perrexit,
1377 554 1401 578 et
1429 559 1489 577 rum
1507 551 1643 585 ejusmodi

856 595 923 622 viris
949 595 1006 621 illic
1032 602 1213 630 congressus,
1239 596 1396 623 ardentiore
1428 596 1521 623 studio
1547 597 1574 623 in
1595 604 1642 623 cas

857 643 930 668 artes
953 640 1087 668 incubuit.
1108 641 1241 668 Caeterum
1263 649 1323 667 cum
1347 642 1431 668 frater
1447 642 1533 676 ipsius
1549 643 1642 669 Gallus

858 685 958 718 Ctesar,
987 693 1031 713 res
1042 694 1129 713 noras
1152 686 1241 713 moliri
1257 686 1375 719 delatus,
1393 694 1507 721 eamque
1523 687 1557 714 ob
1576 695 1642 714 cau-

858 739 916 759 sam
945 731 1109 760 interfectus
1137 732 1246 765 fuisset,
1279 732 1437 766 suspicatus
1463 732 1642 760 Constantius

857 777 998 805 Julianum
1013 786 1124 813 quoque
1137 778 1291 812 imperandi
1304 777 1457 812 cupiditate
1471 777 1577 809 ardere,
1591 779 1643 806 sub

857 826 982 853 custodia
1009 834 1071 854 eum
1099 827 1197 854 tenuit.
1218 826 1317 854 Verum
1344 834 1406 853 cum
1434 827 1551 854 Eusebia
1574 835 1644 854 uxor

858 871 1012 899 Constantii
1038 879 1088 907 pro
1114 872 1163 899 illo
1185 872 1332 907 deprecata
1353 876 1438 902 esset.
1456 872 1516 906 ipse
1535 873 1612 900 venia
1628 880 1643 899 a

858 916 1023 944 Constantio
1054 917 1198 951 impetrata
1217 938 1225 949 ,
1252 917 1376 944 Athenas
1408 918 1549 952 profectus
1580 922 1642 945 est:

858 962 950 997 specie
965 962 1091 997 quidem,
1114 968 1144 990 ut
1159 963 1267 991 Graecas
1286 963 1448 998 disciplinas
1466 965 1642 999 perdisceret,

858 1013 884 1034 et
910 1007 1019 1035 scholas
1045 1007 1233 1043 frequentaret
1252 1017 1259 1035 :
1280 1017 1309 1036 re
1329 1017 1393 1036 vera
1409 1015 1510 1041 tamen,
1528 1014 1558 1037 ut
1570 1015 1644 1038 vates

858 1052 915 1080 illic
940 1053 1070 1087 degentes
1093 1053 1126 1080 de
1152 1054 1237 1082 rebus
1264 1054 1323 1081 suis
1349 1056 1515 1083 consuleret.
1544 1055 1643 1083 Verum

857 1098 938 1132 paulo
958 1103 1018 1133 post
1037 1098 1216 1127 Constantius
1233 1107 1296 1126 eum
1309 1099 1374 1127 inde
1403 1101 1569 1128 accersitum
1586 1101 1645 1128 Ca2-

858 1150 947 1170 sarcm
975 1143 1169 1170 renuntiavit:
1195 1144 1391 1179 dcsponsaquc
1426 1146 1450 1172 ei
1481 1145 1644 1173 Constantia

858 1196 954 1216 sorore
976 1196 1036 1221 sua,
1054 1196 1115 1216 eum
1139 1189 1166 1216 in
1189 1189 1291 1218 Gallias
1307 1191 1392 1218 misit.
1410 1190 1515 1218 Etenim
1531 1191 1644 1218 barbari

857 1243 927 1270 quos
943 1235 1000 1270 ipse
1018 1235 1099 1269 paulo
1117 1238 1196 1262 antea
1218 1235 1253 1262 ad
1275 1236 1408 1263 auxilium
1426 1236 1480 1263 sibi
1499 1236 1642 1264 ferendum

857 1285 955 1308 contra
985 1280 1169 1316 Magnentium
1201 1281 1329 1308 mercede
1359 1281 1550 1315 conduxerat,
1581 1290 1644 1309 cum

857 1327 963 1354 nullum
985 1327 1028 1353 sui
1058 1334 1137 1354 usum
1162 1328 1234 1355 ineo
1253 1327 1324 1355 bello
1341 1328 1535 1362 praebuissent,
1550 1328 1643 1355 Gallos

857 1372 1071 1407 populabantur.
1088 1372 1120 1398 Et
1131 1373 1262 1406 quoniam
1276 1372 1404 1400 Julianus
1420 1373 1510 1400 adhuc
1532 1373 1644 1408 juvenis

857 1422 926 1449 erat,
944 1417 1060 1444 ducibus
1087 1417 1176 1452 ipsum
1203 1418 1403 1446 comitantibus
1429 1426 1521 1446 rerum
1549 1425 1643 1446 curam

858 1463 998 1491 commisit
1012 1462 1202 1490 Constantius.
1218 1463 1270 1496 Qui
1294 1464 1359 1491 dum
1385 1465 1497 1499 segnius
1520 1469 1643 1499 agerent,

858 1509 976 1544 ipsemet
993 1508 1086 1535 Caesar
1101 1515 1151 1543 pro
1174 1509 1248 1535 virili
1269 1513 1347 1543 parte
1359 1510 1424 1537 belli
1436 1517 1531 1537 curam
1548 1517 1644 1537 susce-

855 1556 897 1592 pit
914 1565 920 1582 :
938 1559 966 1582 et
980 1555 1081 1582 milites
1105 1554 1138 1582 ad
1154 1555 1333 1589 pugnandum
1351 1555 1500 1583 alacriores
1513 1555 1643 1587 reddidit.

856 1605 913 1629 tum
939 1602 1001 1628 aliis
1028 1601 1118 1628 modis
1146 1600 1224 1635 132
1244 1607 1292 1628 eos
1309 1600 1451 1628 incitando
1468 1604 1498 1627 ut
1512 1600 1643 1635 periculis

856 1655 918 1676 sese
940 1647 1105 1682 objicerent,
1135 1651 1193 1673 tum
1214 1650 1290 1673 certa
1314 1647 1442 1674 mercede
1467 1647 1607 1681 proposita
1618 1647 1644 1673 ei

856 1694 904 1729 qui
916 1693 1064 1720 barbarum
1089 1691 1286 1720 interfecisset.
1307 1692 1395 1725 Quam
1413 1692 1449 1720 ob
1469 1699 1580 1720 causam
1596 1699 1644 1720 ac—

856 1742 950 1772 ceptus
975 1737 1112 1764 militibus
1137 1737 1239 1764 ducum
1265 1745 1378 1765 suorum
1410 1737 1544 1765 desidiam
1565 1738 1638 1765 Con-

858 1783 959 1810 stantio
979 1791 1028 1817 per
1051 1783 1159 1810 litteras
1191 1782 1334 1810 indicavit.
1357 1783 1451 1810 Altero
1478 1784 1563 1819 igitur
1583 1791 1645 1810 ma-

37 1839 102 1862 stro
123 1833 244 1860 militum
264 1831 360 1862 misso,
378 1835 443 1856 cum
473 1827 600 1855 barbaris
626 1834 801 1862 congressus,
821 1835 878 1856 rem
902 1828 1018 1856 feliciter
1044 1828 1142 1863 gessit.
1165 1827 1289 1863 Cumque
1314 1829 1353 1856 illi
1374 1829 1478 1864 legatos
1509 1830 1543 1857 de
1576 1838 1643 1865 pace

37 1881 176 1910 lsissent,
200 1881 228 1905 et
244 1877 371 1911 glitteras
398 1873 577 1902 ostenderent
607 1872 775 1906 Constantii,
808 1874 910 1909 quibus
937 1875 1014 1910 ipsos
1039 1875 1068 1902 in
1093 1874 1282 1902 Romanorum
1312 1875 1444 1903 ditionem
1467 1882 1642 1910 evocaverat,

37 1934 69 1953 se
101 1926 227 1959 legatum
254 1921 301 1957 qui
323 1928 355 1949 ea
374 1920 408 1948 de
431 1928 462 1948 re
485 1922 609 1951 venerat,
634 1918 829 1948 dimittere'de
848 1921 985 1948 industria
1009 1924 1166 1953 cunctatus,
1187 1928 1313 1955 magnam
1337 1921 1457 1948 hostium
1489 1922 1643 1950 multitudi-

37 1979 72 1998 :m
98 1970 248 2005 inopinato
276 1968 391 1995 adortus
411 1966 524 1994 devicit.
540 1966 626 1993 Aiunt
640 1973 725 2001 porro
740 1965 936 1995 Constantium
956 1967 1072 1995 insidias
1090 1967 1201 1994 Iuliano
1236 1971 1400 1999 struentem,
1435 1968 1534 1995 bellum
1568 1969 1642 1997 istud

52 2017 217 2054 gerendum
240 2014 415 2042 commisisse
439 2021 446 2040 :
470 2012 545 2047 quod
570 2015 662 2039 tamen
689 2011 758 2039 mihi
789 2020 963 2048 nequaquam
993 2012 1104 2040 videtur
1137 2012 1291 2048 probabile.
1320 2011 1388 2039 Nam
1410 2019 1473 2040 cum
1498 2013 1523 2040 ei
1547 2013 1642 2042 liceret

37 2072 87 2092 um
129 2070 165 2090 ne
193 2061 329 2089 Caesarem
359 2058 469 2094 quidem
498 2057 579 2085 initio
606 2057 708 2090 facere,
737 2058 805 2092 quid
822 2066 915 2087 causae
940 2062 982 2086 est
1013 2065 1062 2085 cur
1087 2058 1194 2090 fecerit,
1223 2065 1273 2085 cur
1292 2065 1414 2085 sororem
1430 2066 1508 2086 suam
1540 2059 1579 2086 illi
1613 2060 1642 2087 in

38 2108 234 2136 atrimonium
258 2106 374 2138 dederit,
394 2112 445 2132 cur
462 2103 496 2131 de
512 2104 613 2131 ducum
645 2103 750 2130 desidia
784 2104 962 2139 conquerenti
995 2111 1100 2130 morem
1129 2103 1256 2138 gesserit,
1287 2107 1314 2130 et
1347 2110 1443 2130 eorum
1470 2104 1531 2131 loco
1558 2104 1642 2131 alium

37 2162 164 2183 -enuum
180 2153 286 2180 miserit
307 2154 338 2179 ut
352 2150 498 2178 victoriam
511 2150 544 2177 de
563 2148 689 2176 hostibus
706 2153 872 2184 reportaret,
890 2150 944 2177 nisi
958 2150 1090 2178 benevolo
1104 2157 1169 2185 erga
1201 2149 1277 2176 illum
1305 2148 1397 2176 animo
1432 2148 1546 2178 aﬂ‘ectus
1574 2150 1642 2178 fuis-

37 2203 73 2229 t?
94 2200 216 2232 Verum,
240 2203 270 2225 ut
295 2197 421 2232 equidem
448 2194 586 2230 conjicio,
608 2194 689 2221 initio
724 2194 833 2229 quidem
861 2195 1042 2223 Constantius
1070 2203 1133 2222 cum
1161 2202 1223 2222 eum
1252 2195 1384 2222 benevole
1407 2195 1641 2230 complecteretur,

37 2254 154 2275 :sarem
180 2243 359 2279 nuncupavit.
378 2242 432 2269 Sed
447 2245 594 2277 postquam
611 2244 710 2275 prteter
727 2241 812 2275 ipsius
831 2242 994 2269 sententiam
1011 2242 1152 2277 Augustus
1166 2241 1342 2268 renuntiatus
1363 2245 1454 2273 esset;
1495 2249 1543 2269 seu
1557 2245 1641 2275 metu,

61 2294 149 2330 quod
179 2294 268 2328 ipsum
285 2299 317 2318 ac
333 2291 444 2318 fratrem
460 2289 550 2317 adhuc
564 2288 754 2317 adolescentes
771 2289 873 2324 injuria
890 2290 1041 2323 affecerat;
1075 2298 1124 2318 seu
1157 2289 1272 2322 invidia,
1292 2293 1322 2316 ut
1347 2289 1466 2322 videtur,
1493 2290 1640 2326 impulsus,

57 2340 146 2376 quod
167 2346 262 2374 parem
290 2337 342 2372 ipsi
369 2335 483 2363 honoris
507 2335 622 2369 gradum
649 2341 815 2363 consecutus
839 2339 923 2367 esset,
946 2336 1126 2363 barbarorum
1156 2335 1203 2370 qui
1230 2335 1357 2362 Rhenum
1383 2335 1509 2362 accolunt
1543 2344 1638 2371 opera,

37 2388 134 2415 .idias
159 2386 184 2412 ei
211 2383 390 2419 comparavit.
415 2380 521 2408 Verum
547 2380 581 2408 de
603 2380 646 2408 bis
662 2381 745 2408 rebus
766 2381 813 2408 alii
833 2381 912 2409 aliter
929 2381 1062 2408 sentiunt.

321 2429 436 2456 ΚΕΦΑΛ
442 2448 448 2455 .
464 2429 501 2455 Γ’.

1144 2434 1147 2448 ί
1179 2425 1255 2454 CAP.
1272 2425 1316 2453 ΙΙΙ.

37 2490 62 2507 τι
100 2478 261 2511 καταστὰς
288 2478 331 2508 εὶς
357 2475 414 2508 τὴν
440 2474 603 2511 βασιέείαν
632 2474 802 2511 Ἰουλ-ιαιρῤς,

37 2515 148 2549 ἠρέμα
170 2520 233 2546 πως
249 2509 288 2539 τὰ
307 2511 366 2549 τῷν
377 2509 565 2549 Χριστιανῶν
578 2509 732 2549 ἀναμινεῖν
750 2509 803 2549 ᾖρ-

37 2543 139 2582 ξὶιτό,
164 2543 288 2575 καὶ”τὸν
315 2543 516 2579 Ἑλλήνισμὸν
536 2543 719 2578 τεχνηέντως
742 2546 804 2571 εισ-

192 2629 271 2663 μόνος
283 2628 322 2659 εἰς
337 2627 386 2662 τὴν
399 2625 535 2661 βασιλείαν
552 2624 681 2659 κατέστη,
693 2625 740 2650 καὶ
754 2615 805 2650 ἀνα

37 2688 45 2704 ρ
61 2677 135 2704 ’Έω
152 2675 216 2706 τοὺς
236 2674 406 2709 Ἑλληνικοὺς
423 2671 504 2702 ναοὺς
528 2669 641 2704 ἀνέῳξε,
670 2670 717 2696 καὶ
741 2670 806 2700 τοὺς

858 2474 994 2509 Quomodo
1013 2473 1138 2509 Julianus
1170 2472 1209 2509 adi
1222 2473 1360 2509 imperium
1378 2476 1541 2509 evectus__res
1564 2472 1641 2499 C/n'i-

892 2511 1039 2537 stianarum
1058 2508 1155 2534 sensim
1171 2507 1343 2541 labefactare,
1359 2511 1383 2533 et
1401 2506 1538 2541 gentilium
1552 2514 1641 2540 super-

892 2545 1024 2572 stitionem
1037 2542 1132 2570 callide
1143 2543 1294 2569 instaurare
1309 2542 1394 2576 caepit.

896 2621 948 2649 Ubi
975 2628 1039 2648 vero
1064 2619 1140 2647 solus
1153 2619 1270 2654 imperio
1284 2619 1388 2654 potitus
1404 2622 1458 2651 est,
1475 2618 1510 2659 in.
1519 2618 1639 2645 Orientis

859 2673 969 2702 quoque
992 2665 1119 2700 partibus
1142 2664 1285 2698 gentilium
1303 2663 1403 2698 templa
1422 2663 1539 2697 aperuit.
1561 2663 1592 2688 Et
1608 2669 1639 2689 ea
1679 2705 1681 2707 Ι

614 2752 750 2780 VALESll
766 2749 1041 2778 ANNOTAT-IONES.

41 2804 100 2835 57)
122 2800 339 2828 Κωνστιητιαν
359 2799 416 2835 τὴν
440 2799 533 2827 αὑτοῦ
551 2798 697 2832 ἀδελφήν.
725 2796 803 2823 llclc-

41 2848 61 2867 u
89 2834 195 2866 dicere
223 2836 365 2863 debuerat.
395 2834 439 2862 Sic
455 2834 527 2862 enim
558 2839 651 2861 vocata
673 2837 714 2860 est
734 2839 802 2859 uxor

860 2795 979 2823 Czesaris
1000 2794 1112 2821 Juliani.
1137 2792 1298 2820 Constantia
1315 2799 1378 2818 vero
1393 2789 1514 2825 ejusdem
1526 2787 1639 2825 Allelenze

859 2838 946 2863 soror,
969 2834 1051 2865 nupta
1070 2828 1157 2856 fuerat
1171 2827 1248 2857 Callo
1265 2826 1376 2856 Caesari.
1396 2823 1473 2852 fratri
1489 2823 1602 2850 Iuliani.

1723 1823 1760 1840 ι’.
