1899 3077
55 129 116 158 ΕΘΛ

549 128 711 157 HISTORIA
731 129 1007 158 ECCIESIASTICA.
1028 145 1062 149 ——
1082 129 1146 156 LIB.
1167 130 1197 157 ι’,

1603 136 1672 164 1222

52 188 249 227 πρεσϐευόντων
266 188 330 224 περὶ
349 187 402 214 τῶν
423 188 590 221 λυπούντων,
614 189 662 222 τὰς
685 190 831 226 πρεσϐείας

888 195 1008 225 peterent
1027 189 1161 226 quidquid
1176 189 1273 218 donari
1289 190 1340 219 sibi
1351 191 1461 220 vellent.
1472 192 1672 229 lllasveroquae

50 237 196 271 δεχόμενος.
228 234 376 268 Ἀμέλειτοι
395 234 628 270 προσδοκωμένων
644 236 704 262 τότε
719 237 832 272 Περσῶν

51 280 249 316 ἐπιστρατεύειν
274 279 502 315 πρεσϐευομένοις
521 281 585 317 περὶ
603 281 698 308 τούτου
718 282 832 317 Νισιϐη-

50 329 109 357 νοῖς.
128 325 164 357 ὡς
185 324 324 356 παντελῶς
346 325 580 360 Χριστιανίζουσι,
604 328 650 353 καὶ
673 328 741 362 μήτε
769 328 832 359 τοὺς

49 371 124 401 ναοὺς
139 369 286 403 ἀνοίγουσι,
298 370 366 404 μήτε
378 371 418 401 είς
432 371 466 396 τὰ
479 371 539 406 ἱερὰ
551 371 688 405 φοιτῶσιν,
701 372 832 408 ἠπείλησε

51 416 85 452 μὴ
93 414 206 450 βοηθεῖν,
223 415 290 449 μήτε
300 414 448 450 πρεσϐείαν
458 414 593 449 δέχεσθαι,
605 416 650 442 καὶ
665 416 703 447 ὡς
718 416 831 450 ἐναγοῦς

49 462 94 496 τῆς
109 460 198 486 αὐτῶν
220 460 323 491 πόλεως
341 459 378 495 μὴ
394 460 571 496 ἐπιϐήσεσθαι
588 461 730 496 πρότερον,
754 463 779 488 εί
795 462 831 497 μὴ

50 507 155 533 πύθοιτο
167 507 206 537 εἰς
228 505 402 541 Ἐλληνισμδν
417 507 626 541 μεταϐαλόντας,
649 507 832 543 Παραπλήσια

50 552 75 578 δὲ
88 553 133 578 καὶ
150 552 204 583 τοῖς
225 553 253 578 ὲν
268 552 432 588 Παλαιστίνῃ
447 552 681 580 Κωνσταντιεῦσιν
696 553 830 587 ἐγκαλῶν,

52 599 208 634 προσένειμε
232 598 358 630 Γαζαίοις
374 599 424 633 τὴν
444 599 534 625 αὐτῶν
552 599 638 625 πόλιν.
654 599 761 634 Ταύτην
778 599 832 635 γὰρ

48 646 93 680 τὴν
109 645 310 675 Κωνσταντίαν,
324 644 360 676 ὡς
373 645 404 671 ὲκ
418 645 472 670 τῶν
487 645 603 680 πρόσθεν
620 646 753 681 ἔγνωμεν,
770 646 832 673 ἐπί-

49 699 114 717 νειον
133 689 256 721 Γαζαίων
271 687 355 716 οὖσαν
370 691 416 716 καὶ
430 691 575 724 Μαϊουμᾶν
594 691 832 726 προσαγορευομέ-

47 745 103 770 νην,
118 735 210 769 μαθὼν
227 737 428 767 Κωνσταντῖνος
450 737 478 766 ἐς
495 737 530 762 τὰ
553 736 670 771 μάλιστα
695 736 744 772 τὴν
762 737 831 772 Χρι-

49 782 158 808 στιανῶν
167 781 316 816 θρησκείαν
326 781 500 817 πρεσϐεύειν,
511 782 574 817 ἀξίᾳ
591 782 695 813 πόλεως
705 782 829 818 ἐτίμησε,

47 831 92 857 καὶ
106 830 287 864 Κωνσταντίῳ
302 829 340 865 τῷ
356 829 431 856 παιδὶ
443 830 614 865 ἐπωνόμασε.
631 830 678 856 καὶ
694 829 756 856 καθ’
768 831 830 856 ἐαυ-

881 236 1066 264 Christianam
1073 236 1232 271 religionem
1241 236 1464 272 colerent,palam
1472 239 1669 267 aversabatur:

881 289 932 308 nec
942 282 1054 316 ipseeas
1062 281 1137 308 adire
1145 281 1349 315 sustinens,nec
1358 283 1461 318 legatos
1468 290 1562 311 sarum
1571 285 1671 312 admit-

883 330 954 358 tens,
972 327 994 354 si
1005 326 1117 361 quando
1125 327 1158 354 de
1168 327 1349 355 incommodis
1359 329 1417 356 suis
1423 335 1668 362 conquererentur.

882 373 969 407 Deniq
975 382 1006 400 uc
1016 381 1077 400 cum
1086 372 1230 400 Persarum
1240 374 1355 410 irruptio
1362 382 1395 402 eo
1401 379 1522 410 tempore
1529 382 1671 411 exspecta-

881 423 969 450 retur,
981 418 1120 445 Nisibenis
1134 418 1181 453 qui
1198 419 1302 454 legatos
1314 427 1345 447 ea
1362 420 1395 447 de
1405 428 1432 447 re
1447 421 1480 447 ad
1489 421 1577 456 ipsum
1587 423 1670 450 mise-

881 469 955 495 rant,
965 464 1077 499 eoquod
1086 464 1236 492 Christiani
1245 470 1488 498 omnesessent,ac
1497 475 1586 503 neque
1601 471 1669 495 tem-

881 511 925 546 pla
939 511 1051 538 deorum
1062 511 1300 546 apcrirentmeque
1307 512 1340 539 ad
1348 519 1427 539 sacra
1434 513 1605 547 accederent,
1618 515 1669 541 mi-

882 561 964 584 natus
970 561 1046 585 estse
1054 565 1104 584 nec
1110 564 1188 592 opem
1198 558 1327 591 laturum,
1338 565 1387 585 nec
1396 554 1558 593 legationem
1567 559 1670 587 admis-

882 611 977 632 surum
984 611 1055 635 esse,
1063 610 1112 630 nec
1121 603 1148 629 in
1156 603 1277 638 ipsorum
1286 604 1491 639 urbem,utpote
1497 606 1668 638 sceleratam,

881 651 975 686 pedem
993 651 1072 686 prius
1089 651 1240 683 illaturunt,
1257 658 1340 685 quam
1351 651 1424 686 ipsos
1434 651 1465 678 ad
1476 652 1616 686 gentilium
1626 659 1669 678 re-

881 697 1009 733 ligionem
1018 705 1047 725 se
1056 697 1233 725 transtulisse
1241 697 1395 724 didicisset.
1406 697 1668 726 Constantiensibus

881 751 992 779 quoque
1010 744 1036 771 in
1049 743 1196 771 Palaestina
1208 743 1278 770 idem
1291 743 1394 770 crimen
1411 743 1556 778 objiciens,
1573 744 1667 771 urbem

880 798 976 818 eorum
1005 789 1109 818 Gazaeis
1124 789 1281 816 contribuit.
1304 788 1380 816 llanc
1393 789 1466 816 enim
1485 789 1582 816 urbem
1601 788 1672 816 Con-

881 836 1024 868 stantiam,
1050 836 1090 863 uti
1114 843 1197 870 supra
1222 835 1377 867 retulimus,
1394 842 1456 862 cum
1484 835 1581 861 navale
1598 839 1671 862 esset

45 878 92 912 τὴν
126 876 315 903 πολιτεύεσθαι
348 876 509 909 διετάξατο¹
535 876 715 911 λογισάμενος
739 877 830 905 ἄδικον

888 882 1053 915 Balarorum,
1068 886 1095 909 et
1118 881 1235 909 Maiuma
1263 881 1340 916 prius
1366 881 1513 913 diceretur,
1535 880 1672 908 Constan-

45 921 122 952 εἶναι,
142 921 230 947 τελεῖν
253 921 304 947 ὑπὸ
324 921 451 952 Γαζαίοις
471 922 499 952 ἐς
529 921 597 955 ἄγαν
621 921 828 957 Ἐλληνίζουσιν.

51 967 125 994 Ἐπεὶ
133 967 160 993 δὲ
175 968 215 998 εἰς
225 966 273 1002 τὴν
287 966 424 1001 βασιλείαν
435 966 573 1002 παρῆλθεν
591 966 743 999 Ἰουλιανὸς,
753 966 830 1002 δίκην

45 1013 137 1047 ἔλαχον
150 1012 176 1038 οἱ
184 1011 293 1042 Γαζαῖοι
303 1013 358 1042 τοῖς
369 1011 599 1038 Κωνσταντιεῦσι.
618 1012 673 1039 Καὶ
700 1012 831 1048 δικαστὴς

44 1057 157 1089 καθίσας
172 1057 265 1088 αὐτὸς,
283 1056 446 1092 προσένειμε
469 1057 543 1093 Γάζῃ
563 1057 613 1092 τὴν
625 1058 829 1089 Κωνσταντίαν,

44 1103 112 1137 ἀμφὶ
125 1103 190 1134 τοὺς
204 1102 290 1129 εἴκοσι
302 1102 425 1134 σταδίους
437 1102 600 1129 διεστῶσαν⁸
614 1103 661 1129 καὶ
672 1103 701 1130 τὸ
716 1103 746 1136 ἐξ
760 1103 831 1130 ὲκεί-

43 1158 86 1175 νου
102 1150 152 1184 τῆς
177 1149 313 1184 προτέρας
329 1148 507 1184 ἀφαιρεθεῖσα
531 1149 726 1185 προσηγορίας,
741 1158 831 1185 παρα-

43 1195 186 1221 θαλάττιον
215 1194 297 1229 μέρος
319 1194 367 1228 τῆς
389 1194 512 1226 Γαζαίων
535 1195 638 1227 πόλεως
660 1196 829 1231 ὀνομάζεται.

42 1241 132 1268 Κοινοὶ
139 1241 167 1268 δὲ
179 1241 270 1272 αὐτοῖς
279 1241 410 1268 πολιτικοὶ
417 1240 556 1276 ἄρχοντες,
566 1241 612 1268 καὶ
620 1241 765 1276 στρατηγοὶ
775 1241 830 1276 (64)

42 1289 87 1314 καὶ
110 1287 146 1314 τὰ
171 1287 290 1322 δημόσια
305 1287 467 1324 πράγματα..
499 1287 577 1314 Μὸνα
603 1287 632 1314 δὲ
652 1287 686 1314 τὰ
703 1288 767 1322 περὶ
781 1288 832 1323 τὴν

48 1333 212 1368 Ἐκκλησίαν
236 1333 321 1359 είσέτι
344 1334 392 1360 καὶ
413 1333 461 1359 νῦν
486 1333 533 1359 δύο
560 1333 652 1365 πόλεις
677 1333 829 1360 δείκνυσιν*

42 1377 161 1412 ἑκατέρα
181 1378 234 1413 γὰρ
256 1378 308 1413 ίδίᾳ
333 1378 481 1404 ἐπίσκοπον
505 1378 553 1404 καὶ
578 1378 677 1414 κλῆρον
701 1378 768 1413 ἔχει,
785 1379 831 1405 καὶ

41 1423 211 1459 πανηγύρεις
230 1423 386 1459 μαρτύρων,
409 1424 456 1450 καὶ
470 1424 564 1458 μνείας
587 1422 641 1450 τῶν
659 1425 723 1458 παρ’
739 1425 831 1456 αὐτοῖς

41 1470 196 1504 γενομένων
211 1469 315 1505 ίερέων,
338 1470 385 1496 καὶ
406 1470 485 1505 ὄρους
504 1469 559 1496 τῶν
577 1469 658 1504 πέριξ
675 1470 777 1504 ἀγρῶν,
791 1466 831 1501 οἷς

40 1514 76 1541 τὰ
94 1515 233 1550 ἀνήκοντα
248 1514 369 1550 ἑκατέρᾳ.
392 1515 528 1549 ἐπισκοπῇ
547 1514 725 1550 θυσιαστήρια
750 1514 830 1549 διορί-

41 1561 126 1593 ζεται.
160 1561 222 1587 Τῶν
243 1558 290 1588 οὖν
304 1561 365 1587 καθ’
378 1562 451 1595 ἡμᾶς
470 1560 628 1587 ἐπισκόπων
651 1568 694 1592 τις
717 1560 766 1595 τῆς
779 1561 832 1587 Γα-

40 1607 124 1638 ζαίων
145 1607 263 1639 πόλεως,
279 1606 501 1642 τετελευτηκότος
525 1606 572 1633 τοῦ
588 1606 758 1642 προεστῶτος
780 1606 832 1641 τῆς

40 1651 222 1687 Μαῖουμιτῶν
237 1651 409 1686 Ἐκκλησίας,
417 1650 758 1686 ὲσπούδασενὰμφοτέρους
769 1651 832 1682 τοὺς

40 1697 159 1732 κλήρους
173 1697 220 1732 ὑφ’
234 1697 329 1724 ἑαυτὸν
337 1697 458 1732 ποιῆσαι,
471 1697 509 1733 μὴ
525 1697 634 1732 θεμιτὸν
650 1695 720 1724 εἶναι
733 1697 830 1731 λέγων,

41 1745 104 1778 μιᾶς
112 1743 221 1774 πόλεως
230 1743 275 1770 δύο
284 1743 450 1775 ἐπισκόπους
458 1743 631 1778 προεστάναι.
640 1742 833 1769 Ἀντειπύντων

38 1788 66 1814 δὲ
87 1789 143 1815 τῶν
161 1788 359 1824 Μαῖουμητῶν,
380 1788 478 1823 διέγνω
495 1790 513 1824 ἡ
533 1787 581 1814 τοῦ
603 1787 695 1819 ἔθνους
713 1787 832 1818 σύνοδος,

37 1834 85 1860 καὶ
97 1834 196 1870 ἕτερον
211 1834 414 1870 ἐχειροτόνησεν
428 1835 577 1860 ἐπίσκοπον
588 1841 595 1848 '
608 1832 724 1865 ¹πάντως
747 1840 833 1868 προσ-

37 1880 117 1921 ήκειν
130 1880 318 1914 δοκιμάσασα,
329 1880 392 1912 τοὺς
406 1880 440 1906 δι’
451 1879 592 1906 εὐσέϐειαν
606 1878 717 1906 δικαίων
731 1877 834 1910 πόλεως

36 1925 229 1958 ἀξιωθέντας,
258 1925 302 1952 διὰ
324 1925 353 1953 δὲ
380 1926 472 1962 κρίσιν
502 1924 673 1961 Ἑλληνιστοῦ
701 1923 835 1959 βασιλέως

37 1970 126 2004 ἄλλως
146 1971 316 2007 πράξαντας,
335 1973 363 1999 ὲν
386 1971 547 2008 ἱερωσύναις
561 1971 609 1998 καὶ
622 1971 697 2004 τάξει
717 1971 833 2006 Ἐκκλη-

36 2019 114 2050 σιῶν,
135 2019 175 2054 μὴ
201 2020 299 2054 χρῆναι
316 2018 490 2054 ἀφαιρεῖσθαι
510 2018 563 2044 τῶν
588 2017 718 2045 δοθέντων
733 2017 831 2053 γερῶν.

41 2064 123 2092 Ἀλλὰ
137 2065 231 2092 ταῦτα
244 2065 294 2100 μὲν
309 2064 422 2100 ὕστερον
436 2061 487 2091 ὦδε
500 2063 600 2098 ἀπέῧη.

881 927 957 954 tinus
982 927 1147 954 Christiana:
1167 926 1293 961 religioni
1320 926 1443 960 impense
1466 926 1586 952 deditam
1609 932 1672 953 esse

881 972 1047 1006 intelligens,
1077 972 1198 1000 civitatis
1227 972 1291 1007 jure
1317 971 1480 1004 donaverat,
1509 975 1536 998 et
1560 971 1606 999 ﬁlii
1627 971 1671 998 sui

881 1018 1038 1045 Constantii
1059 1018 1171 1045 nomine
1197 1018 1371 1053 appellatam,
1400 1017 1548 1052 separatim
1562 1024 1672 1052 rempu-

880 1064 980 1091 blicam
1010 1063 1112 1090 habere
1138 1067 1308 1098 prmcepcrat
1325 1072 1332 1090 :
1351 1063 1477 1098 iniquum
1501 1071 1564 1091 esse
1591 1068 1670 1092 ratus

880 1113 910 1135 ut
934 1108 1040 1136 Gazaais
1061 1108 1219 1135 Graecorum
1248 1107 1438 1143 superstitioni
1463 1115 1545 1142 supra
1560 1108 1670 1135 modum

881 1154 998 1182 addictis
1028 1154 1185 1182 contributa
1214 1157 1297 1181 esset.
1316 1153 1415 1181 Verum
1438 1153 1482 1180 ubi
1497 1152 1623 1180 Julianus
1636 1152 1671 1181 ad

881 1201 1025 1234 imperium
1051 1199 1189 1235 pervenit,
1213 1199 1302 1226 (ἱειωί
1324 1199 1456 1226 adversus
1473 1198 1670 1226 Constantien-

881 1254 926 1274 ses
954 1247 1030 1273 litem
1059 1249 1213 1273 moverunt.
1242 1244 1302 1280 Ipse
1317 1253 1383 1272 vero
1394 1245 1423 1272 in
1436 1253 1468 1273 ea
1485 1252 1569 1272 causa
1586 1245 1670 1280 judex

881 1292 993 1323 sedens,
1025 1291 1130 1319 Gaza'is
1156 1290 1346 1318 Constantiam
1373 1290 1553 1325 adjudicavit,
1574 1291 1670 1326 viginti

881 1337 994 1365 circiter
1009 1337 1106 1364 stadiis
1125 1337 1159 1364 ab
1171 1343 1202 1364 ea
1217 1336 1354 1364 dissitam.
1367 1336 1456 1371 Atque
1465 1336 1566 1364 exinde
1577 1337 1671 1371 priore

881 1381 998 1416 spoliata
1016 1381 1159 1413 vocabulo,
1183 1380 1320 1408 maritima
1336 1388 1400 1416 pars
1418 1380 1495 1408 urbis
1515 1379 1596 1408 Gazae
1623 1387 1672 1416 ap-

880 1427 1010 1462 pellatur.
1037 1427 1076 1454 Ac
1094 1427 1188 1455 civiles
1200 1426 1310 1462 quidem
1326 1427 1520 1462 magistratus,
1535 1430 1562 1454 et
1572 1426 1671 1454 duum-

880 1473 944 1505 viri,
967 1476 994 1500 et
1015 1473 1170 1507 respublica
1196 1472 1329 1499 ambabus
1350 1473 1507 1499 communis
1522 1475 1575 1499 est.
1592 1470 1670 1504 Quod

881 1525 946 1545 vero
977 1517 1010 1545 ad
1039 1517 1191 1544 Ecclesiam
1215 1517 1344 1552 pertinet,
1361 1523 1394 1544 ea
1414 1515 1502 1544 solum
1518 1520 1595 1550 parte
1611 1514 1672 1542 dum

884 1562 968 1590 urbes
997 1562 1150 1590 etiamnum
1179 1562 1317 1590 videntur.
1345 1561 1470 1597 Utraque
1502 1560 1582 1596 184
1598 1560 1670 1588 enim

885 1614 966 1635 suum
979 1614 1106 1634 seorsum
1136 1607 1217 1635 habet
1243 1607 1414 1643 episcopum,
1436 1613 1516 1634 suum
1543 1606 1670 1633 clerum:

884 1651 944 1680 dies
970 1652 1034 1680 item
1056 1650 1142 1679 festos
1158 1656 1309 1687 martyrum
1327 1658 1451 1684 suorum,
1464 1655 1491 1678 et
1505 1656 1673 1678 commemo—
1693 1667 1707 1683 κ

884 1697 1008 1725 rationes
1034 1697 1230 1733 episcoporum
1245 1697 1293 1733 qui
1315 1697 1383 1732 ipsis
1400 1695 1569 1732 praefuerunt
1584 1704 1591 1723 :
1606 1695 1674 1723 vici—

884 1750 984 1770 norum
1010 1743 1131 1778 denique
1147 1751 1277 1778 agrorum
1295 1743 1397 1771 limites
1423 1742 1524 1777 quibus
1542 1741 1674 1770 Ecclesia

885 1788 919 1816 ad
943 1793 1090 1823 utrumque
1108 1789 1297 1824 episcopatum
1313 1788 1482 1823 pertinentes
1496 1787 1673 1822 distinguun-

883 1838 940 1862 tur.
966 1833 1065 1861 NoStra
1094 1834 1178 1870 igitur
1199 1838 1280 1862 aetate
1299 1834 1410 1869 quidam
1435 1833 1583 1869 episcopus
1597 1833 1672 1861 urbis

884 1881 974 1913 Gazae,
1001 1885 1113 1908 mortuo
1136 1880 1269 1916 episcopo
1292 1880 1545 1913 Maiumitanorum,
1563 1881 1673 1906 utrum-

885 1934 939 1963 que
961 1926 1065 1955 clerum
1079 1926 1202 1954 adunare
1224 1933 1256 1954 ac
1268 1925 1322 1954 sibi
1336 1925 1472 1960 subjicere
1487 1929 1602 1952 conatus
1617 1928 1672 1956 est,

885 1971 965 2000 nefas
994 1979 1056 2000 esse
1081 1972 1178 2000 dicens
1203 1975 1233 1999 ut
1249 1971 1331 1999 unius
1348 1970 1425 1999 urbis
1444 1970 1499 1998 duo
1509 1975 1602 1998 essent
1615 1970 1672 2005 epi-

886 2019 974 2054 scopi.
1005 2018 1058 2046 Sed
1081 2018 1329 2046 cumMaiumitani
1345 2016 1582 2048 contradicerent,
1608 2023 1673 2051 syn-

886 2064 958 2091 odus
976 2063 1133 2099 provinciae,
1149 2070 1234 2091 causa
1249 2063 1369 2098 cognita,
1382 2062 1498 2089 alterum
1513 2061 1671 2096 episcopum

35 2111 207 2139 ordinavit:
229 2118 344 2146 prorsus
373 2118 481 2146 :equum
510 2117 573 2137 esse
601 2109 731 2144 judicans
760 2112 790 2136 ut
817 2109 864 2144 qui
879 2110 991 2145 pietatis
1017 2117 1102 2138 causa
1125 2111 1171 2146 jus
1195 2109 1317 2137 civitatis
1342 2109 1432 2145 adepti
1462 2108 1598 2139 fuissent,
1623 2108 1672 2135 sed

35 2158 137 2191 pagani
170 2158 313 2192 principis
341 2157 479 2185 sententia
493 2164 526 2184 eo
543 2156 605 2191 jure
617 2156 796 2190 excidissent,
818 2157 846 2184 in

873 2158 908 2185 iis
936 2157 1032 2185 saltem
1053 2165 1113 2193 quae
1139 2157 1174 2185 ad
1195 2156 1380 2185 sacerdotium
1399 2159 1427 2184 et
1456 2155 1671 2183 ecclesiasticum

35 2203 167 2229 ordinem
191 2204 328 2236 spectant,
358 2201 502 2229 concessis
526 2200 578 2228 sibi
606 2200 727 2236 praemiis
762 2209 936 2238 nequaquam
966 2202 1164 2237 spoliarentur.
1192 2201 1293 2230 Verum
1319 2202 1377 2230 hac
1405 2205 1512 2238 postea,
1532 2201 1565 2228 ad
1600 2202 1673 2228 hunc

34 2255 118 2282 quem
144 2247 206 2274 dixi
223 2246 344 2279 modum,
363 2247 550 2281 contigerunt.

356 2291 484 2318 ΚΕΦΔΛ.
500 2290 539 2318 A'.

36 2336 91 2365 οἶα
108 2338 197 2365 κακὰ
213 2337 414 2371 Καισαρεῦσιν
432 2339 450 2365 ὁ
470 2326 630 2370 Ἰουλιαίνὸς
642 2337 819 2372 διεπράξατο
829 2346 836 2353 ·

70 2374 121 2400 καὶ
142 2373 216 2407 περὶ
242 2372 297 2405 τῆς
315 2373 485 2407 παρῤησίας
504 2371 582 2406 Μάρι
598 2372 652 2399 τοῦ
670 2373 838 2400 ἐπισκόπου

70 2408 292 2440 Χαλκηδόνος.

71 2455 144 2490 Περὶ
153 2454 186 2480 δὲ
198 2453 244 2479 τὸν
253 2453 334 2479 αὐτὸν
346 2452 452 2488 χρόνον,
459 2452 505 2479 καὶ
513 2451 561 2488 τὴν
574 2452 643 2488 πρὸς
651 2451 691 2488 τῷ
698 2452 816 2488 ’Δργαίῳ
825 2458 836 2472 ι

33 2502 230 2537 Καισάρειαν,
247 2499 368 2535 μεγάλην
384 2500 431 2526 καὶ
442 2498 598 2533 εὐδαίμονα,
611 2498 658 2524 καὶ
673 2498 838 2534 μητρόπολιν

853 2294 876 2322 D
1205 2292 1284 2322 CAP.
1311 2292 1356 2321 1V.

890 2340 1004 2374 Quantis
1023 2340 1102 2368 malis
1117 2339 1294 2368 Casaricnses
1311 2339 1427 2374 effecerit
1440 2337 1566 2366 Julianus
1578 2346 1587 2366 :
1601 2343 1625 2366 et
1640 2338 1672 2364 de

924 2376 1023 2410 ﬁducia
1043 2375 1130 2402 Maris
1146 2374 1368 2403 Chalcedonensis
1381 2374 1506 2409 episcopi.

924 2453 977 2481 Per
992 2453 1064 2481 idem
1079 2457 1187 2488 tempus
1204 2452 1331 2481 Julianus
1344 2453 1496 2488 imperator
1507 2451 1672 2481 Caesaream.

889 2499 923 2526 ad
945 2504 1065 2527 montem
1087 2499 1214 2535 Argaaum
1241 2498 1332 2533 sitam,
1346 2498 1441 2526 urbem
1461 2498 1578 2534 amplam
1594 2501 1676 2532 atque

647 2545 783 2573 VALESII
799 2545 1067 2574 ANNOTATIONES

71 2596 133 2630 (64)
151 2593 308 2621 Πολιτικοί
332 2592 478 2630 ἄρχοντες
503 2591 745 2630 κᾳὶηᾳτρατηγῖοί.
767 2590 836 2618 Male

33 2626 319 2664 Clirisiophorsouus
335 2626 504 2664 στρατηγοὺς
524 2627 587 2664 belli
602 2627 687 2664 duces
703 2626 836 2664 interpre-

33 2672 112 2694 tatur
127 2675 135 2693 :
156 2661 312 2699 στρατηγοὶ
337 2661 500 2690 dicebantur
514 2670 529 2688 a
542 2661 644 2688 Graecis
661 2662 837 2696 magistratus

890 2592 1069 2627 municipales
1086 2600 1135 2620 seu
1148 2592 1296 2624 duumviri,
1309 2596 1338 2619 ut
1348 2592 1403 2627 jam
1415 2590 1520 2627 pridem
1527 2589 1673 2627 observavi

891 2627 918 2653 in
928 2625 1152 2690 antitétgittionibus
1176 2627 1209 2654 ad
1225 2628 1272 2655 lib.
1284 2625 1500 2655 nxiAminiani
1512 2625 1674 2656 Marcellini,

891 2669 953 2690 Das.
1027 2682 1033 2689 .

891 2669 953 2697 pag.
971 2669 1033 2690 47.0.

764 2718 956 2747 VARIORUM.

70 2775 83 2791 ε
96 2769 188 2804 Πρὸς
203 2768 245 2804 -ςῷ
265 2767 535 2804 ἍρταζῳηΑτεςωιιε.
557 2773 649 2804 mons‘
662 2764 843 2804 _Cappadoci._'e

33 2799 185 2832 maximus
201 2799 341 2835 Straboni,
359 2799 386 2829 in
398 2799 464 2828 Asia
475 2801 584 2833 minori,
609 2799 741 2834 valdeque
757 2799 843 2827 excel-

34 2848 85 2869 sus
102 2849 110 2868 :
126 2837 297 2868 extenditur
313 2838 385 2865 inter
406 2836 558 2864 Cmsaream
572 2835 605 2863 ad
621 2839 724 2867 ortum,
736 2839 763 2863 et
777 2842 842 2862 cou-

894 2765 957 2792 ﬁnia
971 2765 1092 2800 ‘Galatiae
1109 2764 1229 2800 regionis
1245 2763 1290 2800 ad
1296 2771 1444 2800 occasum,
1467 2769 1552 2797 prope
1582 2761 1678 2790 Melam

894 2798 1017 2834 (luvium,
1034 2801 1123 2835 spatio
1134 2800 1190 2827 fere
1205 2799 1240 2827 80
1255 2799 1324 2826 mill.
1339 2806 1412 2833 pass.
1429 2798 1584 2825 Bsunmun.
