  <div class='ocr_page' id='page_1' title='image "/cluster/home/n/w/nwhite01/storage/ocr_20150623/67/njp.32101077772703/703.png"; bbox 0 0 1899 3077; ppageno 0'>
   <div class='ocr_carea' id='block_1_1' title="bbox 231 121 301 150">
    <p class='ocr_par' dir='ltr' id='par_1_1' title="bbox 231 121 301 150">
     <span class='ocr_line' id='line_1_1' title="bbox 231 121 301 150; baseline -0.014 0"><span class='ocrx_word' id='word_1_1' title='bbox 231 121 301 150; x_wconf 70' lang='grc'><strong>1295</strong></span> 
     </span>
    </p>
   </div>
   <div class='ocr_carea' id='block_1_2' title="bbox 960 116 1129 145">
    <p class='ocr_par' dir='ltr' id='par_1_2' title="bbox 960 116 1129 145">
     <span class='ocr_line' id='line_1_2' title="bbox 960 116 1129 145; baseline -0.006 0"><span class='ocrx_word' id='word_1_2' title='bbox 960 116 1129 145; x_wconf 84' lang='lat' dir='ltr'><strong>SOZOMENI</strong></span> 
     </span>
    </p>
   </div>
   <div class='ocr_carea' id='block_1_3' title="bbox 1795 111 1863 140">
    <p class='ocr_par' dir='ltr' id='par_1_3' title="bbox 1795 111 1863 140">
     <span class='ocr_line' id='line_1_3' title="bbox 1795 111 1863 140; baseline 0 0"><span class='ocrx_word' id='word_1_3' title='bbox 1795 111 1863 140; x_wconf 66' lang='lat' dir='ltr'><strong>123i</strong></span> 
     </span>
    </p>
   </div>
   <div class='ocr_carea' id='block_1_4' title="bbox 229 172 1020 215">
    <p class='ocr_par' dir='ltr' id='par_1_4' title="bbox 229 176 1019 215">
     <span class='ocr_line' id='line_1_4' title="bbox 229 176 1019 215; baseline -0.008 -7"><span class='ocrx_word' id='word_1_4' title='bbox 229 181 327 215; x_wconf 82' lang='lat' dir='ltr'><strong>opibus</strong></span> <span class='ocrx_word' id='word_1_5' title='bbox 348 180 543 211; x_wconf 78' lang='lat' dir='ltr'><strong>abundantem,</strong></span> <span class='ocrx_word' id='word_1_6' title='bbox 571 183 599 206; x_wconf 87' lang='lat' dir='ltr'><strong>et</strong></span> <span class='ocrx_word' id='word_1_7' title='bbox 622 178 706 205; x_wconf 86' lang='lat' dir='ltr'><strong>totius</strong></span> <span class='ocrx_word' id='word_1_8' title='bbox 719 176 900 212; x_wconf 64' lang='lat' dir='ltr'><strong>Cappadociae</strong></span> <span class='ocrx_word' id='word_1_9' title='bbox 918 180 1019 203; x_wconf 89' lang='lat' dir='ltr'><strong>metro—</strong></span> 
     </span>
    </p>
   </div>
   <div class='ocr_carea' id='block_1_5' title="bbox 1075 172 1863 215">
    <p class='ocr_par' dir='ltr' id='par_1_5' title="bbox 1075 172 1863 210">
     <span class='ocr_line' id='line_1_5' title="bbox 1075 172 1863 210; baseline -0.006 -7"><span class='ocrx_word' id='word_1_10' title='bbox 1075 174 1152 203; x_wconf 69' lang='grc' dir='ltr'>οὖσαν</span> <span class='ocrx_word' id='word_1_11' title='bbox 1163 175 1209 203; x_wconf 81' lang='grc' dir='ltr'>τοῦ</span> <span class='ocrx_word' id='word_1_12' title='bbox 1226 175 1416 202; x_wconf 82' lang='grc' dir='ltr'>Καππαδοκῶν</span> <span class='ocrx_word' id='word_1_13' title='bbox 1440 175 1571 210; x_wconf 79' lang='grc' dir='ltr'><strong>κλίματος</strong></span> <span class='ocrx_word' id='word_1_14' title='bbox 1594 173 1626 199; x_wconf 75' lang='grc' dir='ltr'>ἐκ</span> <span class='ocrx_word' id='word_1_15' title='bbox 1641 172 1689 200; x_wconf 82' lang='grc' dir='ltr'>τοῦ</span> <span class='ocrx_word' id='word_1_16' title='bbox 1711 173 1863 207; x_wconf 73' lang='grc' dir='ltr'>καταλόγου</span> 
     </span>
    </p>
   </div>
   <div class='ocr_carea' id='block_1_6' title="bbox 229 224 1019 262">
    <p class='ocr_par' dir='ltr' id='par_1_6' title="bbox 229 224 1019 262">
     <span class='ocr_line' id='line_1_6' title="bbox 229 224 1019 262; baseline -0.005 -9"><span class='ocrx_word' id='word_1_17' title='bbox 229 227 326 262; x_wconf 84' lang='lat' dir='ltr'><strong>polim,</strong></span> <span class='ocrx_word' id='word_1_18' title='bbox 349 234 380 253; x_wconf 80' lang='lat' dir='ltr'><strong>ex</strong></span> <span class='ocrx_word' id='word_1_19' title='bbox 400 227 463 254; x_wconf 88' lang='lat' dir='ltr'><strong>albo</strong></span> <span class='ocrx_word' id='word_1_20' title='bbox 479 226 621 252; x_wconf 70' lang='lat' dir='ltr'><strong>civitatum</strong></span> <span class='ocrx_word' id='word_1_21' title='bbox 635 224 780 258; x_wconf 74' lang='lat' dir='ltr'><strong>expunxit,</strong></span> <span class='ocrx_word' id='word_1_22' title='bbox 810 227 837 250; x_wconf 90' lang='lat' dir='ltr'><strong>et</strong></span> <span class='ocrx_word' id='word_1_23' title='bbox 852 230 1019 257; x_wconf 74' lang='lat' dir='ltr'><strong>cognomen-</strong></span> 
     </span>
    </p>
   </div>
   <div class='ocr_carea' id='block_1_7' title="bbox 230 267 1020 304">
    <p class='ocr_par' dir='ltr' id='par_1_7' title="bbox 230 267 1020 304">
     <span class='ocr_line' id='line_1_7' title="bbox 230 267 1020 304; baseline -0.005 -5"><span class='ocrx_word' id='word_1_24' title='bbox 230 277 288 299; x_wconf 92' lang='lat' dir='ltr'><strong>tum</strong></span> <span class='ocrx_word' id='word_1_25' title='bbox 304 273 422 300; x_wconf 68' lang='lat' dir='ltr'><strong>Caesaris</strong></span> <span class='ocrx_word' id='word_1_26' title='bbox 444 272 468 299; x_wconf 82' lang='lat' dir='ltr'><strong>ei</strong></span> <span class='ocrx_word' id='word_1_27' title='bbox 481 271 592 300; x_wconf 83' lang='lat' dir='ltr'><strong>ademit,</strong></span> <span class='ocrx_word' id='word_1_28' title='bbox 614 269 688 304; x_wconf 87' lang='lat' dir='ltr'><strong>quod</strong></span> <span class='ocrx_word' id='word_1_29' title='bbox 707 269 771 295; x_wconf 89' lang='lat' dir='ltr'><strong>olim</strong></span> <span class='ocrx_word' id='word_1_30' title='bbox 790 274 921 304; x_wconf 79' lang='lat' dir='ltr'><strong>regnante</strong></span> <span class='ocrx_word' id='word_1_31' title='bbox 938 267 1020 295; x_wconf 85' lang='lat' dir='ltr'><strong>Clau-</strong></span> 
     </span>
    </p>
   </div>
   <div class='ocr_carea' id='block_1_8' title="bbox 231 313 1020 350">
    <p class='ocr_par' dir='ltr' id='par_1_8' title="bbox 231 313 1020 350">
     <span class='ocr_line' id='line_1_8' title="bbox 231 313 1020 350; baseline -0.006 -5"><span class='ocrx_word' id='word_1_32' title='bbox 231 319 279 345; x_wconf 90' lang='lat' dir='ltr'><strong>dio</strong></span> <span class='ocrx_word' id='word_1_33' title='bbox 291 321 441 349; x_wconf 75' lang='lat' dir='ltr'><strong>meruerat,</strong></span> <span class='ocrx_word' id='word_1_34' title='bbox 454 324 515 343; x_wconf 93' lang='lat' dir='ltr'><strong>cum</strong></span> <span class='ocrx_word' id='word_1_35' title='bbox 531 315 641 342; x_wconf 81' lang='lat' dir='ltr'><strong>Mazaca</strong></span> <span class='ocrx_word' id='word_1_36' title='bbox 653 314 889 350; x_wconf 48' lang='lat' dir='ltr'><strong>prius&#39;diceretur.</strong></span> <span class='ocrx_word' id='word_1_37' title='bbox 908 313 974 340; x_wconf 84' lang='lat' dir='ltr'><strong>Nam</strong></span> <span class='ocrx_word' id='word_1_38' title='bbox 992 317 1020 341; x_wconf 88' lang='lat' dir='ltr'><strong>et</strong></span> 
     </span>
    </p>
   </div>
   <div class='ocr_carea' id='block_1_9' title="bbox 231 359 1019 397">
    <p class='ocr_par' dir='ltr' id='par_1_9' title="bbox 231 359 1019 397">
     <span class='ocr_line' id='line_1_9' title="bbox 231 359 1019 397; baseline -0.005 -7"><span class='ocrx_word' id='word_1_39' title='bbox 231 368 311 391; x_wconf 83' lang='lat' dir='ltr'><strong>antea</strong></span> <span class='ocrx_word' id='word_1_40' title='bbox 338 363 398 397; x_wconf 79' lang='lat' dir='ltr'><strong>ejus</strong></span> <span class='ocrx_word' id='word_1_41' title='bbox 417 361 538 388; x_wconf 74' lang='lat' dir='ltr'><strong>civitatis</strong></span> <span class='ocrx_word' id='word_1_42' title='bbox 552 360 657 388; x_wconf 92' lang='lat' dir='ltr'><strong>incolas</strong></span> <span class='ocrx_word' id='word_1_43' title='bbox 674 360 838 395; x_wconf 73' lang='lat' dir='ltr'><strong>gravissimo</strong></span> <span class='ocrx_word' id='word_1_44' title='bbox 851 359 914 387; x_wconf 87' lang='lat' dir='ltr'><strong>odio</strong></span> <span class='ocrx_word' id='word_1_45' title='bbox 925 366 1019 394; x_wconf 89' lang='lat' dir='ltr'><strong>prose-</strong></span> 
     </span>
    </p>
   </div>
   <div class='ocr_carea' id='block_1_10' title="bbox 230 404 1019 443">
    <p class='ocr_par' dir='ltr' id='par_1_10' title="bbox 230 404 1019 443">
     <span class='ocr_line' id='line_1_10' title="bbox 230 404 1019 443; baseline -0.006 -8"><span class='ocrx_word' id='word_1_46' title='bbox 230 408 375 443; x_wconf 88' lang='lat' dir='ltr'><strong>quebatur,</strong></span> <span class='ocrx_word' id='word_1_47' title='bbox 404 409 548 440; x_wconf 84' lang='lat' dir='ltr'><strong>propterea</strong></span> <span class='ocrx_word' id='word_1_48' title='bbox 575 405 649 440; x_wconf 87' lang='lat' dir='ltr'><strong>quod</strong></span> <span class='ocrx_word' id='word_1_49' title='bbox 674 412 770 432; x_wconf 84' lang='lat' dir='ltr'><strong>omnes</strong></span> <span class='ocrx_word' id='word_1_50' title='bbox 787 412 856 439; x_wconf 88' lang='lat' dir='ltr'><strong>pene</strong></span> <span class='ocrx_word' id='word_1_51' title='bbox 869 404 1019 432; x_wconf 85' lang='lat' dir='ltr'><strong>Christiani</strong></span> 
     </span>
    </p>
   </div>
   <div class='ocr_carea' id='block_1_11' title="bbox 230 449 1018 486">
    <p class='ocr_par' dir='ltr' id='par_1_11' title="bbox 230 449 1018 486">
     <span class='ocr_line' id='line_1_11' title="bbox 230 449 1018 486; baseline -0.005 -6"><span class='ocrx_word' id='word_1_52' title='bbox 230 456 333 484; x_wconf 84' lang='lat' dir='ltr'><strong>essent,</strong></span> <span class='ocrx_word' id='word_1_53' title='bbox 346 456 373 478; x_wconf 88' lang='lat' dir='ltr'><strong>et</strong></span> <span class='ocrx_word' id='word_1_54' title='bbox 387 452 459 486; x_wconf 90' lang='lat' dir='ltr'><strong>quod</strong></span> <span class='ocrx_word' id='word_1_55' title='bbox 472 452 527 478; x_wconf 91' lang='lat' dir='ltr'><strong>duo</strong></span> <span class='ocrx_word' id='word_1_56' title='bbox 542 451 615 486; x_wconf 89' lang='lat' dir='ltr'><strong>apud</strong></span> <span class='ocrx_word' id='word_1_57' title='bbox 631 451 705 485; x_wconf 87' lang='lat' dir='ltr'><strong>ipsos</strong></span> <span class='ocrx_word' id='word_1_58' title='bbox 722 451 834 485; x_wconf 84' lang='lat' dir='ltr'><strong>templa,</strong></span> <span class='ocrx_word' id='word_1_59' title='bbox 851 449 928 477; x_wconf 81' lang='lat' dir='ltr'><strong>Jovis</strong></span> <span class='ocrx_word' id='word_1_60' title='bbox 943 450 1018 477; x_wconf 91' lang='lat' dir='ltr'><strong>scili-</strong></span> 
     </span>
    </p>
   </div>
   <div class='ocr_carea' id='block_1_12' title="bbox 231 495 1018 532">
    <p class='ocr_par' dir='ltr' id='par_1_12' title="bbox 231 495 1018 532">
     <span class='ocr_line' id='line_1_12' title="bbox 231 495 1018 532; baseline -0.004 -7"><span class='ocrx_word' id='word_1_61' title='bbox 231 503 275 526; x_wconf 86' lang='lat' dir='ltr'><strong>cet</strong></span> <span class='ocrx_word' id='word_1_62' title='bbox 293 497 417 532; x_wconf 70' lang='lat' dir='ltr'><strong>praesidis</strong></span> <span class='ocrx_word' id='word_1_63' title='bbox 438 497 526 529; x_wconf 84' lang='lat' dir='ltr'><strong>urbis.</strong></span> <span class='ocrx_word' id='word_1_64' title='bbox 547 501 575 524; x_wconf 86' lang='lat' dir='ltr'><strong>et</strong></span> <span class='ocrx_word' id='word_1_65' title='bbox 590 497 725 531; x_wconf 82' lang='lat' dir='ltr'><strong>Apollinis</strong></span> <span class='ocrx_word' id='word_1_66' title='bbox 747 496 839 531; x_wconf 81' lang='lat' dir='ltr'><strong>patrii,</strong></span> <span class='ocrx_word' id='word_1_67' title='bbox 852 495 1018 531; x_wconf 87' lang='lat' dir='ltr'><strong>jampridem</strong></span> 
     </span>
    </p>
   </div>
   <div class='ocr_carea' id='block_1_13' title="bbox 231 541 1018 577">
    <p class='ocr_par' dir='ltr' id='par_1_13' title="bbox 231 541 1018 577">
     <span class='ocr_line' id='line_1_13' title="bbox 231 541 1018 577; baseline -0.005 -5"><span class='ocrx_word' id='word_1_68' title='bbox 231 544 446 572; x_wconf 84' lang='lat' dir='ltr'><strong>destruxissent.</strong></span> <span class='ocrx_word' id='word_1_69' title='bbox 471 542 522 570; x_wconf 88' lang='lat' dir='ltr'><strong>Ubi</strong></span> <span class='ocrx_word' id='word_1_70' title='bbox 544 550 609 570; x_wconf 90' lang='lat' dir='ltr'><strong>vero</strong></span> <span class='ocrx_word' id='word_1_71' title='bbox 638 543 768 577; x_wconf 82' lang='lat' dir='ltr'><strong>templum</strong></span> <span class='ocrx_word' id='word_1_72' title='bbox 796 541 874 569; x_wconf 90' lang='lat' dir='ltr'><strong>Genii</strong></span> <span class='ocrx_word' id='word_1_73' title='bbox 905 542 1018 576; x_wconf 88' lang='lat' dir='ltr'><strong>publici,</strong></span> 
     </span>
    </p>
   </div>
   <div class='ocr_carea' id='block_1_14' title="bbox 231 586 1020 624">
    <p class='ocr_par' dir='ltr' id='par_1_14' title="bbox 231 586 1020 624">
     <span class='ocr_line' id='line_1_14' title="bbox 231 586 1020 624; baseline -0.001 -8"><span class='ocrx_word' id='word_1_74' title='bbox 231 589 305 624; x_wconf 86' lang='lat' dir='ltr'><strong>quod</strong></span> <span class='ocrx_word' id='word_1_75' title='bbox 331 589 419 616; x_wconf 87' lang='lat' dir='ltr'><strong>solum</strong></span> <span class='ocrx_word' id='word_1_76' title='bbox 448 593 601 623; x_wconf 86' lang='lat' dir='ltr'><strong>supererat,</strong></span> <span class='ocrx_word' id='word_1_77' title='bbox 624 595 654 615; x_wconf 90' lang='lat' dir='ltr'><strong>se</strong></span> <span class='ocrx_word' id='word_1_78' title='bbox 677 591 810 622; x_wconf 77' lang='lat' dir='ltr'><strong>regnante</strong></span> <span class='ocrx_word' id='word_1_79' title='bbox 825 595 839 613; x_wconf 78' lang='grc' dir='ltr'>ει</span> <span class='ocrx_word' id='word_1_80' title='bbox 855 586 1020 615; x_wconf 85' lang='lat' dir='ltr'><strong>Christianis</strong></span> 
     </span>
    </p>
   </div>
   <div class='ocr_carea' id='block_1_15' title="bbox 231 633 1020 669">
    <p class='ocr_par' dir='ltr' id='par_1_15' title="bbox 231 633 1020 669">
     <span class='ocr_line' id='line_1_15' title="bbox 231 633 1020 669; baseline -0.005 -6"><span class='ocrx_word' id='word_1_81' title='bbox 231 643 358 663; x_wconf 88' lang='lat' dir='ltr'><strong>eversum</strong></span> <span class='ocrx_word' id='word_1_82' title='bbox 376 643 438 663; x_wconf 87' lang='lat' dir='ltr'><strong>esse</strong></span> <span class='ocrx_word' id='word_1_83' title='bbox 449 635 556 668; x_wconf 83' lang='lat' dir='ltr'><strong>didicit,</strong></span> <span class='ocrx_word' id='word_1_84' title='bbox 568 634 731 669; x_wconf 82' lang='lat' dir='ltr'><strong>gravissima</strong></span> <span class='ocrx_word' id='word_1_85' title='bbox 743 633 930 668; x_wconf 81' lang='lat' dir='ltr'><strong>indignatione</strong></span> <span class='ocrx_word' id='word_1_86' title='bbox 945 641 1020 660; x_wconf 91' lang='lat' dir='ltr'><strong>com-</strong></span> 
     </span>
    </p>
   </div>
   <div class='ocr_carea' id='block_1_16' title="bbox 232 678 1020 714">
    <p class='ocr_par' dir='ltr' id='par_1_16' title="bbox 232 678 1020 714">
     <span class='ocr_line' id='line_1_16' title="bbox 232 678 1020 714; baseline -0.003 -7"><span class='ocrx_word' id='word_1_87' title='bbox 232 685 324 708; x_wconf 88' lang='lat' dir='ltr'><strong>motus</strong></span> <span class='ocrx_word' id='word_1_88' title='bbox 352 685 394 708; x_wconf 87' lang='lat' dir='ltr'><strong>est</strong></span> <span class='ocrx_word' id='word_1_89' title='bbox 412 680 545 707; x_wconf 89' lang='lat' dir='ltr'><strong>adversus</strong></span> <span class='ocrx_word' id='word_1_90' title='bbox 566 680 722 707; x_wconf 81' lang='lat' dir='ltr'><strong>universam</strong></span> <span class='ocrx_word' id='word_1_91' title='bbox 734 679 882 706; x_wconf 84' lang='lat' dir='ltr'><strong>civitatem.</strong></span> <span class='ocrx_word' id='word_1_92' title='bbox 899 678 938 706; x_wconf 83' lang='lat' dir='ltr'><strong>Ac</strong></span> <span class='ocrx_word' id='word_1_93' title='bbox 956 687 1020 714; x_wconf 79' lang='lat' dir='ltr'><strong>gen-</strong></span> 
     </span>
    </p>
   </div>
   <div class='ocr_carea' id='block_1_17' title="bbox 231 725 1019 762">
    <p class='ocr_par' dir='ltr' id='par_1_17' title="bbox 231 725 1019 762">
     <span class='ocr_line' id='line_1_17' title="bbox 231 725 1019 762; baseline -0.004 -8"><span class='ocrx_word' id='word_1_94' title='bbox 231 727 293 754; x_wconf 82' lang='lat' dir='ltr'><strong>tiles</strong></span> <span class='ocrx_word' id='word_1_95' title='bbox 310 727 420 762; x_wconf 90' lang='lat' dir='ltr'><strong>quidem</strong></span> <span class='ocrx_word' id='word_1_96' title='bbox 437 727 483 761; x_wconf 88' lang='lat' dir='ltr'><strong>qui</strong></span> <span class='ocrx_word' id='word_1_97' title='bbox 501 726 555 752; x_wconf 91' lang='lat' dir='ltr'><strong>illic</strong></span> <span class='ocrx_word' id='word_1_98' title='bbox 571 729 650 753; x_wconf 85' lang='lat' dir='ltr'><strong>erant</strong></span> <span class='ocrx_word' id='word_1_99' title='bbox 666 725 813 752; x_wconf 84' lang='lat' dir='ltr'><strong>admodum</strong></span> <span class='ocrx_word' id='word_1_100' title='bbox 827 725 921 760; x_wconf 86' lang='lat' dir='ltr'><strong>pauci,</strong></span> <span class='ocrx_word' id='word_1_101' title='bbox 940 726 1019 752; x_wconf 80' lang='lat' dir='ltr'><strong>incu-</strong></span> 
     </span>
    </p>
   </div>
   <div class='ocr_carea' id='block_1_18' title="bbox 233 771 1021 807">
    <p class='ocr_par' dir='ltr' id='par_1_18' title="bbox 233 771 1021 807">
     <span class='ocr_line' id='line_1_18' title="bbox 233 771 1021 807; baseline -0.001 -8"><span class='ocrx_word' id='word_1_102' title='bbox 233 773 303 800; x_wconf 89' lang='lat' dir='ltr'><strong>savit</strong></span> <span class='ocrx_word' id='word_1_103' title='bbox 319 773 392 807; x_wconf 87' lang='lat' dir='ltr'><strong>quod</strong></span> <span class='ocrx_word' id='word_1_104' title='bbox 411 773 443 799; x_wconf 86' lang='lat' dir='ltr'><strong>ad</strong></span> <span class='ocrx_word' id='word_1_105' title='bbox 460 780 538 807; x_wconf 87' lang='lat' dir='ltr'><strong>opem</strong></span> <span class='ocrx_word' id='word_1_106' title='bbox 550 771 690 799; x_wconf 79' lang='lat' dir='ltr'><strong>ferendam</strong></span> <span class='ocrx_word' id='word_1_107' title='bbox 710 779 764 798; x_wconf 94' lang='lat' dir='ltr'><strong>non</strong></span> <span class='ocrx_word' id='word_1_108' title='bbox 778 771 974 803; x_wconf 90' lang='lat' dir='ltr'><strong>accurrissent,</strong></span> <span class='ocrx_word' id='word_1_109' title='bbox 993 775 1021 798; x_wconf 87' lang='lat' dir='ltr'><strong>et</strong></span> 
     </span>
    </p>
   </div>
   <div class='ocr_carea' id='block_1_19' title="bbox 233 816 1021 853">
    <p class='ocr_par' dir='ltr' id='par_1_19' title="bbox 233 816 1021 853">
     <span class='ocr_line' id='line_1_19' title="bbox 233 816 1021 853; baseline -0.003 -8"><span class='ocrx_word' id='word_1_110' title='bbox 233 819 257 846; x_wconf 87' lang='lat' dir='ltr'><strong>si</strong></span> <span class='ocrx_word' id='word_1_111' title='bbox 278 818 342 853; x_wconf 90' lang='lat' dir='ltr'><strong>quid</strong></span> <span class='ocrx_word' id='word_1_112' title='bbox 359 818 475 852; x_wconf 79' lang='lat' dir='ltr'><strong>periculi</strong></span> <span class='ocrx_word' id='word_1_113' title='bbox 489 817 662 844; x_wconf 88' lang='lat' dir='ltr'><strong>subeundum</strong></span> <span class='ocrx_word' id='word_1_114' title='bbox 680 821 738 844; x_wconf 87' lang='lat' dir='ltr'><strong>erat</strong></span> <span class='ocrx_word' id='word_1_115' title='bbox 762 824 811 852; x_wconf 92' lang='lat' dir='ltr'><strong>pro</strong></span> <span class='ocrx_word' id='word_1_116' title='bbox 828 816 906 844; x_wconf 85' lang='lat' dir='ltr'><strong>Genii</strong></span> <span class='ocrx_word' id='word_1_117' title='bbox 926 816 1021 844; x_wconf 84' lang='lat' dir='ltr'><strong>defen-</strong></span> 
     </span>
    </p>
   </div>
   <div class='ocr_carea' id='block_1_20' title="bbox 232 861 1021 896">
    <p class='ocr_par' dir='ltr' id='par_1_20' title="bbox 232 861 1021 896">
     <span class='ocr_line' id='line_1_20' title="bbox 232 861 1021 896; baseline -0.003 -6"><span class='ocrx_word' id='word_1_118' title='bbox 232 863 322 895; x_wconf 86' lang='lat' dir='ltr'><strong>sione,</strong></span> <span class='ocrx_word' id='word_1_119' title='bbox 344 863 427 889; x_wconf 91' lang='lat' dir='ltr'><strong>alacri</strong></span> <span class='ocrx_word' id='word_1_120' title='bbox 445 863 538 889; x_wconf 87' lang='lat' dir='ltr'><strong>animo</strong></span> <span class='ocrx_word' id='word_1_121' title='bbox 562 869 617 888; x_wconf 89' lang='lat' dir='ltr'><strong>non</strong></span> <span class='ocrx_word' id='word_1_122' title='bbox 633 862 822 896; x_wconf 86' lang='lat' dir='ltr'><strong>pertulissent.</strong></span> <span class='ocrx_word' id='word_1_123' title='bbox 841 861 943 889; x_wconf 87' lang='lat' dir='ltr'><strong>Omnes</strong></span> <span class='ocrx_word' id='word_1_124' title='bbox 957 869 1021 888; x_wconf 90' lang='lat' dir='ltr'><strong>vero</strong></span> 
     </span>
    </p>
   </div>
   <div class='ocr_carea' id='block_1_21' title="bbox 232 907 1022 944">
    <p class='ocr_par' dir='ltr' id='par_1_21' title="bbox 232 907 1022 944">
     <span class='ocr_line' id='line_1_21' title="bbox 232 907 1022 944; baseline -0.001 -9"><span class='ocrx_word' id='word_1_125' title='bbox 232 916 299 944; x_wconf 90' lang='lat' dir='ltr'><strong>opes</strong></span> <span class='ocrx_word' id='word_1_126' title='bbox 328 916 360 935; x_wconf 88' lang='lat' dir='ltr'><strong>ac</strong></span> <span class='ocrx_word' id='word_1_127' title='bbox 382 908 573 943; x_wconf 85' lang='lat' dir='ltr'><strong>possessiones</strong></span> <span class='ocrx_word' id='word_1_128' title='bbox 592 907 789 940; x_wconf 87' lang='lat' dir='ltr'><strong>ecclesiarum,</strong></span> <span class='ocrx_word' id='word_1_129' title='bbox 817 911 873 934; x_wconf 86' lang='lat' dir='ltr'><strong>tam</strong></span> <span class='ocrx_word' id='word_1_130' title='bbox 905 915 966 942; x_wconf 66' lang='lat' dir='ltr'><strong>quae</strong></span> <span class='ocrx_word' id='word_1_131' title='bbox 993 907 1022 934; x_wconf 95' lang='lat' dir='ltr'><strong>in</strong></span> 
     </span>
    </p>
   </div>
   <div class='ocr_carea' id='block_1_22' title="bbox 232 954 1020 989">
    <p class='ocr_par' dir='ltr' id='par_1_22' title="bbox 232 954 1020 989">
     <span class='ocr_line' id='line_1_22' title="bbox 232 954 1020 989; baseline -0.003 -7"><span class='ocrx_word' id='word_1_132' title='bbox 232 956 300 982; x_wconf 85' lang='lat' dir='ltr'><strong>urbe</strong></span> <span class='ocrx_word' id='word_1_133' title='bbox 326 955 460 986; x_wconf 56' lang='lat' dir='ltr'><strong>Caesarea,</strong></span> <span class='ocrx_word' id='word_1_134' title='bbox 479 962 560 989; x_wconf 87' lang='lat' dir='ltr'><strong>quam</strong></span> <span class='ocrx_word' id='word_1_135' title='bbox 579 962 639 989; x_wconf 67' lang='lat' dir='ltr'><strong>qua:</strong></span> <span class='ocrx_word' id='word_1_136' title='bbox 660 954 688 980; x_wconf 95' lang='lat' dir='ltr'><strong>in</strong></span> <span class='ocrx_word' id='word_1_137' title='bbox 714 954 812 981; x_wconf 85' lang='lat' dir='ltr'><strong>vicinis</strong></span> <span class='ocrx_word' id='word_1_138' title='bbox 833 954 901 980; x_wconf 90' lang='lat' dir='ltr'><strong>locis</strong></span> <span class='ocrx_word' id='word_1_139' title='bbox 916 958 1020 985; x_wconf 87' lang='lat' dir='ltr'><strong>essent,</strong></span> 
     </span>
    </p>
   </div>
   <div class='ocr_carea' id='block_1_23' title="bbox 231 999 1023 1035">
    <p class='ocr_par' dir='ltr' id='par_1_23' title="bbox 231 999 1023 1035">
     <span class='ocr_line' id='line_1_23' title="bbox 231 999 1023 1035; baseline -0.003 -7"><span class='ocrx_word' id='word_1_140' title='bbox 231 1001 376 1028; x_wconf 85' lang='lat' dir='ltr'><strong>tormentis</strong></span> <span class='ocrx_word' id='word_1_141' title='bbox 393 1001 512 1035; x_wconf 81' lang='lat' dir='ltr'><strong>exquiri,</strong></span> <span class='ocrx_word' id='word_1_142' title='bbox 525 1005 551 1028; x_wconf 89' lang='lat' dir='ltr'><strong>et</strong></span> <span class='ocrx_word' id='word_1_143' title='bbox 576 1001 604 1027; x_wconf 90' lang='lat' dir='ltr'><strong>in</strong></span> <span class='ocrx_word' id='word_1_144' title='bbox 620 1000 739 1027; x_wconf 84' lang='lat' dir='ltr'><strong>medium</strong></span> <span class='ocrx_word' id='word_1_145' title='bbox 750 999 867 1034; x_wconf 79' lang='lat' dir='ltr'><strong>proferri</strong></span> <span class='ocrx_word' id='word_1_146' title='bbox 881 1000 972 1034; x_wconf 81' lang='lat' dir='ltr'><strong>jussit.</strong></span> <span class='ocrx_word' id='word_1_147' title='bbox 989 1000 1023 1026; x_wconf 87' lang='lat' dir='ltr'><strong>Et</strong></span> 
     </span>
    </p>
   </div>
   <div class='ocr_carea' id='block_1_24' title="bbox 231 1045 1023 1080">
    <p class='ocr_par' dir='ltr' id='par_1_24' title="bbox 231 1045 1023 1080">
     <span class='ocr_line' id='line_1_24' title="bbox 231 1045 1023 1080; baseline -0.003 -6"><span class='ocrx_word' id='word_1_148' title='bbox 231 1046 376 1074; x_wconf 77' lang='lat' dir='ltr'><strong>confestim</strong></span> <span class='ocrx_word' id='word_1_149' title='bbox 404 1046 514 1080; x_wconf 84' lang='lat' dir='ltr'><strong>quidem</strong></span> <span class='ocrx_word' id='word_1_150' title='bbox 546 1050 686 1073; x_wconf 87' lang='lat' dir='ltr'><strong>trecentas</strong></span> <span class='ocrx_word' id='word_1_151' title='bbox 712 1045 772 1072; x_wconf 84' lang='lat' dir='ltr'><strong>auri</strong></span> <span class='ocrx_word' id='word_1_152' title='bbox 802 1045 886 1072; x_wconf 84' lang='lat' dir='ltr'><strong>libras</strong></span> <span class='ocrx_word' id='word_1_153' title='bbox 902 1045 970 1072; x_wconf 86' lang='lat' dir='ltr'><strong>fisco</strong></span> <span class='ocrx_word' id='word_1_154' title='bbox 982 1046 1023 1072; x_wconf 92' lang='lat' dir='ltr'><strong>in-</strong></span> 
     </span>
    </p>
   </div>
   <div class='ocr_carea' id='block_1_25' title="bbox 231 1091 1022 1124">
    <p class='ocr_par' dir='ltr' id='par_1_25' title="bbox 231 1091 1022 1124">
     <span class='ocr_line' id='line_1_25' title="bbox 231 1091 1022 1124; baseline -0.003 -4"><span class='ocrx_word' id='word_1_155' title='bbox 231 1092 310 1124; x_wconf 75' lang='lat' dir='ltr'><strong>ferri,</strong></span> <span class='ocrx_word' id='word_1_156' title='bbox 344 1093 490 1120; x_wconf 86' lang='lat' dir='ltr'><strong>universos</strong></span> <span class='ocrx_word' id='word_1_157' title='bbox 507 1096 597 1119; x_wconf 87' lang='lat' dir='ltr'><strong>autem</strong></span> <span class='ocrx_word' id='word_1_158' title='bbox 615 1092 732 1119; x_wconf 84' lang='lat' dir='ltr'><strong>clericos</strong></span> <span class='ocrx_word' id='word_1_159' title='bbox 749 1091 848 1118; x_wconf 87' lang='lat' dir='ltr'><strong>referri</strong></span> <span class='ocrx_word' id='word_1_160' title='bbox 876 1092 903 1118; x_wconf 92' lang='lat' dir='ltr'><strong>in</strong></span> <span class='ocrx_word' id='word_1_161' title='bbox 930 1092 1022 1120; x_wconf 84' lang='lat' dir='ltr'><strong>album</strong></span> 
     </span>
    </p>
   </div>
   <div class='ocr_carea' id='block_1_26' title="bbox 232 1138 1023 1174">
    <p class='ocr_par' dir='ltr' id='par_1_26' title="bbox 232 1138 1023 1174">
     <span class='ocr_line' id='line_1_26' title="bbox 232 1138 1023 1174; baseline 0.001 -9"><span class='ocrx_word' id='word_1_162' title='bbox 232 1139 315 1166; x_wconf 86' lang='lat' dir='ltr'><strong>ollicii</strong></span> <span class='ocrx_word' id='word_1_163' title='bbox 344 1140 460 1166; x_wconf 90' lang='lat' dir='ltr'><strong>rectoris</strong></span> <span class='ocrx_word' id='word_1_164' title='bbox 478 1139 646 1173; x_wconf 73' lang='lat' dir='ltr'><strong>provinciae:</strong></span> <span class='ocrx_word' id='word_1_165' title='bbox 664 1138 738 1173; x_wconf 83' lang='lat' dir='ltr'><strong>quod</strong></span> <span class='ocrx_word' id='word_1_166' title='bbox 755 1139 865 1173; x_wconf 86' lang='lat' dir='ltr'><strong>quidem</strong></span> <span class='ocrx_word' id='word_1_167' title='bbox 885 1139 963 1174; x_wconf 78' lang='grc'><strong>185</strong></span> <span class='ocrx_word' id='word_1_168' title='bbox 982 1146 1023 1173; x_wconf 71' lang='grc' dir='ltr'><strong>[ςε-</strong></span> 
     </span>
    </p>
   </div>
   <div class='ocr_carea' id='block_1_27' title="bbox 232 1183 1023 1215">
    <p class='ocr_par' dir='ltr' id='par_1_27' title="bbox 232 1183 1023 1215">
     <span class='ocr_line' id='line_1_27' title="bbox 232 1183 1023 1215; baseline 0.001 -4"><span class='ocrx_word' id='word_1_169' title='bbox 232 1192 285 1211; x_wconf 90' lang='lat' dir='ltr'><strong>nus</strong></span> <span class='ocrx_word' id='word_1_170' title='bbox 307 1184 411 1210; x_wconf 65' lang='lat' dir='ltr'><strong>militiae</strong></span> <span class='ocrx_word' id='word_1_171' title='bbox 436 1191 595 1215; x_wconf 85' lang='lat' dir='ltr'><strong>onerosum,</strong></span> <span class='ocrx_word' id='word_1_172' title='bbox 621 1188 648 1211; x_wconf 88' lang='lat' dir='ltr'><strong>et</strong></span> <span class='ocrx_word' id='word_1_173' title='bbox 675 1184 748 1210; x_wconf 83' lang='lat' dir='ltr'><strong>inter</strong></span> <span class='ocrx_word' id='word_1_174' title='bbox 765 1183 903 1212; x_wconf 75' lang='lat' dir='ltr'><strong>liomanos</strong></span> <span class='ocrx_word' id='word_1_175' title='bbox 923 1185 1023 1212; x_wconf 85' lang='lat' dir='ltr'><strong>milites</strong></span> 
     </span>
    </p>
   </div>
   <div class='ocr_carea' id='block_1_28' title="bbox 233 1229 1023 1265">
    <p class='ocr_par' dir='ltr' id='par_1_28' title="bbox 233 1229 1023 1265">
     <span class='ocr_line' id='line_1_28' title="bbox 233 1229 1023 1265; baseline 0.003 -9"><span class='ocrx_word' id='word_1_176' title='bbox 233 1231 286 1257; x_wconf 86' lang='lat' dir='ltr'><strong>vile</strong></span> <span class='ocrx_word' id='word_1_177' title='bbox 314 1235 396 1265; x_wconf 85' lang='lat' dir='ltr'><strong>atque</strong></span> <span class='ocrx_word' id='word_1_178' title='bbox 420 1230 595 1257; x_wconf 86' lang='lat' dir='ltr'><strong>inhonestum</strong></span> <span class='ocrx_word' id='word_1_179' title='bbox 621 1229 807 1257; x_wconf 70' lang='lat' dir='ltr'><strong>existimatur.</strong></span> <span class='ocrx_word' id='word_1_180' title='bbox 834 1229 936 1264; x_wconf 79' lang='lat' dir='ltr'><strong>Vulgus</strong></span> <span class='ocrx_word' id='word_1_181' title='bbox 958 1238 1023 1258; x_wconf 89' lang='lat' dir='ltr'><strong>vero</strong></span> 
     </span>
    </p>
   </div>
   <div class='ocr_carea' id='block_1_29' title="bbox 233 1276 1023 1303">
    <p class='ocr_par' dir='ltr' id='par_1_29' title="bbox 233 1276 1023 1303">
     <span class='ocr_line' id='line_1_29' title="bbox 233 1276 1023 1303; baseline 0 0"><span class='ocrx_word' id='word_1_182' title='bbox 233 1276 455 1303; x_wconf 82' lang='lat' dir='ltr'><strong>Christianorum</strong></span> <span class='ocrx_word' id='word_1_183' title='bbox 486 1283 539 1302; x_wconf 91' lang='lat' dir='ltr'><strong>una</strong></span> <span class='ocrx_word' id='word_1_184' title='bbox 567 1284 629 1303; x_wconf 93' lang='lat' dir='ltr'><strong>cum</strong></span> <span class='ocrx_word' id='word_1_185' title='bbox 662 1276 796 1303; x_wconf 81' lang='lat' dir='ltr'><strong>uxoribus</strong></span> <span class='ocrx_word' id='word_1_186' title='bbox 823 1281 850 1303; x_wconf 91' lang='lat' dir='ltr'><strong>et</strong></span> <span class='ocrx_word' id='word_1_187' title='bbox 867 1276 961 1303; x_wconf 86' lang='lat' dir='ltr'><strong>liberis</strong></span> <span class='ocrx_word' id='word_1_188' title='bbox 974 1276 1023 1303; x_wconf 90' lang='lat' dir='ltr'><strong>de-</strong></span> 
     </span>
    </p>
   </div>
   <div class='ocr_carea' id='block_1_30' title="bbox 233 1321 1024 1356">
    <p class='ocr_par' dir='ltr' id='par_1_30' title="bbox 233 1321 1024 1356">
     <span class='ocr_line' id='line_1_30' title="bbox 233 1321 1024 1356; baseline 0 -7"><span class='ocrx_word' id='word_1_189' title='bbox 233 1323 340 1354; x_wconf 90' lang='lat' dir='ltr'><strong>scribi,</strong></span> <span class='ocrx_word' id='word_1_190' title='bbox 370 1327 398 1349; x_wconf 91' lang='lat' dir='ltr'><strong>et</strong></span> <span class='ocrx_word' id='word_1_191' title='bbox 428 1322 541 1356; x_wconf 87' lang='lat' dir='ltr'><strong>perinde</strong></span> <span class='ocrx_word' id='word_1_192' title='bbox 573 1329 605 1348; x_wconf 88' lang='lat' dir='ltr'><strong>ac</strong></span> <span class='ocrx_word' id='word_1_193' title='bbox 631 1322 658 1348; x_wconf 92' lang='lat' dir='ltr'><strong>in</strong></span> <span class='ocrx_word' id='word_1_194' title='bbox 684 1322 773 1356; x_wconf 75' lang='lat' dir='ltr'><strong>pagis,</strong></span> <span class='ocrx_word' id='word_1_195' title='bbox 790 1322 893 1348; x_wconf 86' lang='lat' dir='ltr'><strong>tributa</strong></span> <span class='ocrx_word' id='word_1_196' title='bbox 907 1321 1024 1356; x_wconf 83' lang='lat' dir='ltr'><strong>pendere</strong></span> 
     </span>
    </p>
   </div>
   <div class='ocr_carea' id='block_1_31' title="bbox 235 1367 1022 1403">
    <p class='ocr_par' dir='ltr' id='par_1_31' title="bbox 235 1367 1022 1403">
     <span class='ocr_line' id='line_1_31' title="bbox 235 1367 1022 1403; baseline 0.001 -8"><span class='ocrx_word' id='word_1_197' title='bbox 235 1369 374 1403; x_wconf 69' lang='lat' dir='ltr'><strong>praecepit.</strong></span> <span class='ocrx_word' id='word_1_198' title='bbox 402 1368 502 1394; x_wconf 80' lang='lat' dir='ltr'><strong>Audito</strong></span> <span class='ocrx_word' id='word_1_199' title='bbox 517 1376 628 1402; x_wconf 83' lang='lat' dir='ltr'><strong>quoque</strong></span> <span class='ocrx_word' id='word_1_200' title='bbox 647 1367 828 1402; x_wconf 85' lang='lat' dir='ltr'><strong>jurejurando</strong></span> <span class='ocrx_word' id='word_1_201' title='bbox 840 1369 959 1396; x_wconf 88' lang='lat' dir='ltr'><strong>minatus</strong></span> <span class='ocrx_word' id='word_1_202' title='bbox 971 1372 1022 1401; x_wconf 80' lang='lat' dir='ltr'><strong>est,</strong></span> 
     </span>
    </p>
   </div>
   <div class='ocr_carea' id='block_1_32' title="bbox 235 1414 1024 1448">
    <p class='ocr_par' dir='ltr' id='par_1_32' title="bbox 235 1414 1024 1448">
     <span class='ocr_line' id='line_1_32' title="bbox 235 1414 1024 1448; baseline 0.001 -7"><span class='ocrx_word' id='word_1_203' title='bbox 235 1414 289 1442; x_wconf 85' lang='lat' dir='ltr'><strong>nisi</strong></span> <span class='ocrx_word' id='word_1_204' title='bbox 311 1414 514 1448; x_wconf 80' lang='lat' dir='ltr'><strong>quamprimum</strong></span> <span class='ocrx_word' id='word_1_205' title='bbox 543 1414 643 1448; x_wconf 85' lang='lat' dir='ltr'><strong>templa</strong></span> <span class='ocrx_word' id='word_1_206' title='bbox 671 1415 881 1445; x_wconf 78' lang='lat' dir='ltr'><strong>instaurassent,</strong></span> <span class='ocrx_word' id='word_1_207' title='bbox 905 1423 935 1442; x_wconf 87' lang='lat' dir='ltr'><strong>se</strong></span> <span class='ocrx_word' id='word_1_208' title='bbox 962 1415 1024 1442; x_wconf 86' lang='lat' dir='ltr'><strong>urbi</strong></span> 
     </span>
    </p>
   </div>
   <div class='ocr_carea' id='block_1_33' title="bbox 233 1459 1022 1493">
    <p class='ocr_par' dir='ltr' id='par_1_33' title="bbox 233 1459 1022 1493">
     <span class='ocr_line' id='line_1_33' title="bbox 233 1459 1022 1493; baseline 0.001 -7"><span class='ocrx_word' id='word_1_209' title='bbox 233 1467 400 1487; x_wconf 60' lang='lat' dir='ltr'><strong>succensere</strong></span> <span class='ocrx_word' id='word_1_210' title='bbox 429 1466 546 1493; x_wconf 85' lang='lat' dir='ltr'><strong>eamque</strong></span> <span class='ocrx_word' id='word_1_211' title='bbox 571 1460 728 1493; x_wconf 85' lang='lat' dir='ltr'><strong>opprimere</strong></span> <span class='ocrx_word' id='word_1_212' title='bbox 750 1467 804 1486; x_wconf 91' lang='lat' dir='ltr'><strong>non</strong></span> <span class='ocrx_word' id='word_1_213' title='bbox 831 1459 1022 1487; x_wconf 85' lang='lat' dir='ltr'><strong>destiturum:</strong></span> 
     </span>
    </p>
   </div>
   <div class='ocr_carea' id='block_1_34' title="bbox 1069 218 1864 256">
    <p class='ocr_par' dir='ltr' id='par_1_34' title="bbox 1069 218 1864 256">
     <span class='ocr_line' id='line_1_34' title="bbox 1069 218 1864 256; baseline -0.004 -7"><span class='ocrx_word' id='word_1_214' title='bbox 1069 222 1123 249; x_wconf 83' lang='grc' dir='ltr'><strong>τῶν</strong></span> <span class='ocrx_word' id='word_1_215' title='bbox 1138 222 1242 248; x_wconf 82' lang='grc' dir='ltr'>πόλεων</span> <span class='ocrx_word' id='word_1_216' title='bbox 1264 220 1402 256; x_wconf 69' lang='grc' dir='ltr'>ἐξήλειψεν</span> <span class='ocrx_word' id='word_1_217' title='bbox 1416 221 1430 246; x_wconf 87' lang='grc' dir='ltr'>ὁ</span> <span class='ocrx_word' id='word_1_218' title='bbox 1452 219 1593 255; x_wconf 84' lang='grc' dir='ltr'>βασιλεύς·</span> <span class='ocrx_word' id='word_1_219' title='bbox 1619 219 1667 246; x_wconf 78' lang='grc' dir='ltr'>καὶ</span> <span class='ocrx_word' id='word_1_220' title='bbox 1693 218 1747 254; x_wconf 80' lang='grc' dir='ltr'>τῆς</span> <span class='ocrx_word' id='word_1_221' title='bbox 1762 219 1864 246; x_wconf 74' lang='grc' dir='ltr'>ἐπωνυ-</span> 
     </span>
    </p>
   </div>
   <div class='ocr_carea' id='block_1_35' title="bbox 1071 263 1864 301">
    <p class='ocr_par' dir='ltr' id='par_1_35' title="bbox 1071 263 1864 301">
     <span class='ocr_line' id='line_1_35' title="bbox 1071 263 1864 301; baseline -0.005 -7"><span class='ocrx_word' id='word_1_222' title='bbox 1071 267 1136 301; x_wconf 86' lang='grc' dir='ltr'>μίας</span> <span class='ocrx_word' id='word_1_223' title='bbox 1154 266 1201 293; x_wconf 79' lang='grc' dir='ltr'>τοῦ</span> <span class='ocrx_word' id='word_1_224' title='bbox 1224 266 1363 301; x_wconf 78' lang='grc' dir='ltr'>Καίσαρος</span> <span class='ocrx_word' id='word_1_225' title='bbox 1383 265 1519 300; x_wconf 71' lang='grc' dir='ltr'>ἀφείλετο,</span> <span class='ocrx_word' id='word_1_226' title='bbox 1545 263 1579 301; x_wconf 81' lang='grc' dir='ltr'>ἧς</span> <span class='ocrx_word' id='word_1_227' title='bbox 1596 264 1683 291; x_wconf 83' lang='grc' dir='ltr'>πάλαι</span> <span class='ocrx_word' id='word_1_228' title='bbox 1705 264 1805 298; x_wconf 72' lang='grc' dir='ltr'>ἔτυχεν</span> <span class='ocrx_word' id='word_1_229' title='bbox 1822 265 1864 290; x_wconf 59' lang='grc' dir='ltr'><strong>ἐπει</strong></span> 
     </span>
    </p>
   </div>
   <div class='ocr_carea' id='block_1_36' title="bbox 1069 311 1865 348">
    <p class='ocr_par' dir='ltr' id='par_1_36' title="bbox 1069 311 1865 348">
     <span class='ocr_line' id='line_1_36' title="bbox 1069 311 1865 348; baseline -0.004 -8"><span class='ocrx_word' id='word_1_230' title='bbox 1069 314 1202 340; x_wconf 78' lang='grc' dir='ltr'><strong>Κλαυδίου</strong></span> <span class='ocrx_word' id='word_1_231' title='bbox 1219 313 1358 348; x_wconf 74' lang='grc' dir='ltr'>Καίσαρος</span> <span class='ocrx_word' id='word_1_232' title='bbox 1369 313 1391 344; x_wconf 68' lang='grc' dir='ltr'>ί,</span> <span class='ocrx_word' id='word_1_233' title='bbox 1405 311 1524 343; x_wconf 78' lang='grc' dir='ltr'><strong>Μάζακα</strong></span> <span class='ocrx_word' id='word_1_234' title='bbox 1533 311 1564 338; x_wconf 82' lang='grc' dir='ltr'><strong>τὸ</strong></span> <span class='ocrx_word' id='word_1_235' title='bbox 1573 311 1683 347; x_wconf 85' lang='grc' dir='ltr'>πρῶτον</span> <span class='ocrx_word' id='word_1_236' title='bbox 1695 311 1755 346; x_wconf 78' lang='lat'><strong>(65)</strong></span> <span class='ocrx_word' id='word_1_237' title='bbox 1767 311 1865 345; x_wconf 75' lang='grc' dir='ltr'>ὀνομα-</span> 
     </span>
    </p>
   </div>
   <div class='ocr_carea' id='block_1_37' title="bbox 1070 357 1865 396">
    <p class='ocr_par' dir='ltr' id='par_1_37' title="bbox 1070 357 1865 396">
     <span class='ocr_line' id='line_1_37' title="bbox 1070 357 1865 396; baseline -0.006 -9"><span class='ocrx_word' id='word_1_238' title='bbox 1070 360 1181 396; x_wconf 79' lang='grc' dir='ltr'>ζομένη.</span> <span class='ocrx_word' id='word_1_239' title='bbox 1215 359 1319 395; x_wconf 85' lang='grc' dir='ltr'>Ἐμισει</span> <span class='ocrx_word' id='word_1_240' title='bbox 1342 359 1396 394; x_wconf 86' lang='grc' dir='ltr'>γὰρ</span> <span class='ocrx_word' id='word_1_241' title='bbox 1422 359 1470 385; x_wconf 66' lang='grc' dir='ltr'>καὶ</span> <span class='ocrx_word' id='word_1_242' title='bbox 1486 358 1618 393; x_wconf 82' lang='grc' dir='ltr'>πρότερον</span> <span class='ocrx_word' id='word_1_243' title='bbox 1643 357 1767 390; x_wconf 75' lang='grc' dir='ltr'>ἐξαίσιον</span> <span class='ocrx_word' id='word_1_244' title='bbox 1790 359 1865 391; x_wconf 68' lang='grc' dir='ltr'>μῖσος</span> 
     </span>
    </p>
   </div>
   <div class='ocr_carea' id='block_1_38' title="bbox 1069 404 1865 441">
    <p class='ocr_par' dir='ltr' id='par_1_38' title="bbox 1069 404 1865 441">
     <span class='ocr_line' id='line_1_38' title="bbox 1069 404 1865 441; baseline -0.004 -8"><span class='ocrx_word' id='word_1_245' title='bbox 1069 407 1132 438; x_wconf 74' lang='grc' dir='ltr'>τοὺς</span> <span class='ocrx_word' id='word_1_246' title='bbox 1145 406 1229 441; x_wconf 82' lang='grc' dir='ltr'>αὐτῆς</span> <span class='ocrx_word' id='word_1_247' title='bbox 1239 406 1395 440; x_wconf 77' lang='grc' dir='ltr'>οἰκήτορας,</span> <span class='ocrx_word' id='word_1_248' title='bbox 1407 405 1444 436; x_wconf 84' lang='grc' dir='ltr'>ὡς</span> <span class='ocrx_word' id='word_1_249' title='bbox 1457 404 1594 439; x_wconf 81' lang='grc' dir='ltr'>πανδημεὶ</span> <span class='ocrx_word' id='word_1_250' title='bbox 1608 405 1865 439; x_wconf 76' lang='grc' dir='ltr'>Χριστιανὶζοντας,</span> 
     </span>
    </p>
   </div>
   <div class='ocr_carea' id='block_1_39' title="bbox 1070 449 1866 486">
    <p class='ocr_par' dir='ltr' id='par_1_39' title="bbox 1070 449 1866 486">
     <span class='ocr_line' id='line_1_39' title="bbox 1070 449 1866 486; baseline -0.005 -7"><span class='ocrx_word' id='word_1_251' title='bbox 1070 453 1116 479; x_wconf 76' lang='grc' dir='ltr'>καὶ</span> <span class='ocrx_word' id='word_1_252' title='bbox 1136 451 1220 478; x_wconf 81' lang='grc' dir='ltr'>πάλαι</span> <span class='ocrx_word' id='word_1_253' title='bbox 1241 451 1403 482; x_wconf 80' lang='grc' dir='ltr'><strong>καθελόντας</strong></span> <span class='ocrx_word' id='word_1_254' title='bbox 1422 451 1484 481; x_wconf 80' lang='grc' dir='ltr'>τοὺς</span> <span class='ocrx_word' id='word_1_255' title='bbox 1500 451 1564 486; x_wconf 84' lang='grc' dir='ltr'>παρ’</span> <span class='ocrx_word' id='word_1_256' title='bbox 1580 450 1674 481; x_wconf 74' lang='grc' dir='ltr'>αὐτοῖς</span> <span class='ocrx_word' id='word_1_257' title='bbox 1691 449 1773 481; x_wconf 81' lang='grc' dir='ltr'>νεὼς,</span> <span class='ocrx_word' id='word_1_258' title='bbox 1793 451 1866 476; x_wconf 79' lang='grc' dir='ltr'>πολι-</span> 
     </span>
    </p>
   </div>
   <div class='ocr_carea' id='block_1_40' title="bbox 1070 496 1866 534">
    <p class='ocr_par' dir='ltr' id='par_1_40' title="bbox 1070 496 1866 534">
     <span class='ocr_line' id='line_1_40' title="bbox 1070 496 1866 534; baseline -0.004 -9"><span class='ocrx_word' id='word_1_259' title='bbox 1070 499 1149 534; x_wconf 89' lang='grc' dir='ltr'>ούχου</span> <span class='ocrx_word' id='word_1_260' title='bbox 1161 498 1231 530; x_wconf 82' lang='grc' dir='ltr'>Διὸς,</span> <span class='ocrx_word' id='word_1_261' title='bbox 1249 498 1296 524; x_wconf 71' lang='grc' dir='ltr'><strong>καὶ</strong></span> <span class='ocrx_word' id='word_1_262' title='bbox 1309 496 1436 533; x_wconf 76' lang='grc' dir='ltr'>πατρῴου</span> <span class='ocrx_word' id='word_1_263' title='bbox 1444 496 1621 527; x_wconf 79' lang='grc' dir='ltr'>Ἀπόλλωνος.</span> <span class='ocrx_word' id='word_1_264' title='bbox 1639 496 1763 522; x_wconf 64' lang='grc' dir='ltr'>Ἐπειδὲ</span> <span class='ocrx_word' id='word_1_265' title='bbox 1782 497 1866 522; x_wconf 76' lang='grc' dir='ltr'>καὶτὸ</span> 
     </span>
    </p>
   </div>
   <div class='ocr_carea' id='block_1_41' title="bbox 1070 541 1866 579">
    <p class='ocr_par' dir='ltr' id='par_1_41' title="bbox 1070 541 1866 579">
     <span class='ocr_line' id='line_1_41' title="bbox 1070 541 1866 579; baseline -0.006 -8"><span class='ocrx_word' id='word_1_266' title='bbox 1070 545 1120 579; x_wconf 79' lang='grc' dir='ltr'>τῆς</span> <span class='ocrx_word' id='word_1_267' title='bbox 1141 544 1249 579; x_wconf 81' lang='grc' dir='ltr'><strong>Τύχης,</strong></span> <span class='ocrx_word' id='word_1_268' title='bbox 1265 543 1370 577; x_wconf 57' lang='lat' dir='ltr'><strong>suam.</strong></span> <span class='ocrx_word' id='word_1_269' title='bbox 1397 542 1452 577; x_wconf 82' lang='lat'><strong>(66)</strong></span> <span class='ocrx_word' id='word_1_270' title='bbox 1472 541 1659 577; x_wconf 65' lang='grc' dir='ltr'><strong>περιελείφθη,</strong></span> <span class='ocrx_word' id='word_1_271' title='bbox 1681 541 1766 567; x_wconf 72' lang='grc' dir='ltr'>αὑτοῦ</span> <span class='ocrx_word' id='word_1_272' title='bbox 1791 541 1866 575; x_wconf 71' lang='grc' dir='ltr'>βασι-</span> 
     </span>
    </p>
   </div>
   <div class='ocr_carea' id='block_1_42' title="bbox 1070 588 1866 626">
    <p class='ocr_par' dir='ltr' id='par_1_42' title="bbox 1070 588 1866 626">
     <span class='ocr_line' id='line_1_42' title="bbox 1070 588 1866 626; baseline -0.005 -8"><span class='ocrx_word' id='word_1_273' title='bbox 1070 591 1193 621; x_wconf 74' lang='grc' dir='ltr'>λεύοντος</span> <span class='ocrx_word' id='word_1_274' title='bbox 1218 591 1286 626; x_wconf 81' lang='grc' dir='ltr'>πρὸς</span> <span class='ocrx_word' id='word_1_275' title='bbox 1313 589 1366 616; x_wconf 82' lang='grc' dir='ltr'>τῶν</span> <span class='ocrx_word' id='word_1_276' title='bbox 1388 588 1558 624; x_wconf 79' lang='grc' dir='ltr'><strong>Χριστιανῶν</strong></span> <span class='ocrx_word' id='word_1_277' title='bbox 1584 588 1748 623; x_wconf 73' lang='grc' dir='ltr'><strong>ἀνετράπη,</strong></span> <span class='ocrx_word' id='word_1_278' title='bbox 1771 588 1866 619; x_wconf 78' lang='grc' dir='ltr'>δεινῶς</span> 
     </span>
    </p>
   </div>
   <div class='ocr_carea' id='block_1_43' title="bbox 1071 632 1864 671">
    <p class='ocr_par' dir='ltr' id='par_1_43' title="bbox 1071 632 1864 671">
     <span class='ocr_line' id='line_1_43' title="bbox 1071 632 1864 671; baseline -0.005 -9"><span class='ocrx_word' id='word_1_279' title='bbox 1071 635 1244 671; x_wconf 79' lang='grc' dir='ltr'><strong>ἀπηχθάνετο</strong></span> <span class='ocrx_word' id='word_1_280' title='bbox 1259 634 1333 670; x_wconf 81' lang='grc' dir='ltr'>πάσῃ</span> <span class='ocrx_word' id='word_1_281' title='bbox 1350 635 1382 668; x_wconf 87' lang='grc' dir='ltr'>τῇ</span> <span class='ocrx_word' id='word_1_282' title='bbox 1401 633 1486 665; x_wconf 77' lang='grc' dir='ltr'>πόλει,</span> <span class='ocrx_word' id='word_1_283' title='bbox 1503 632 1550 659; x_wconf 86' lang='grc' dir='ltr'><strong>καὶ</strong></span> <span class='ocrx_word' id='word_1_284' title='bbox 1566 632 1722 667; x_wconf 75' lang='grc' dir='ltr'>ἐδυσφόρει.</span> <span class='ocrx_word' id='word_1_285' title='bbox 1735 633 1792 659; x_wconf 71' lang='grc' dir='ltr'>Καὶ</span> <span class='ocrx_word' id='word_1_286' title='bbox 1802 633 1864 658; x_wconf 84' lang='grc' dir='ltr'><strong>Ἐλ-</strong></span> 
     </span>
    </p>
   </div>
   <div class='ocr_carea' id='block_1_44' title="bbox 1072 677 1865 716">
    <p class='ocr_par' dir='ltr' id='par_1_44' title="bbox 1072 677 1865 716">
     <span class='ocr_line' id='line_1_44' title="bbox 1072 677 1865 716; baseline -0.005 -9"><span class='ocrx_word' id='word_1_287' title='bbox 1072 682 1153 716; x_wconf 88' lang='grc' dir='ltr'>ληνας</span> <span class='ocrx_word' id='word_1_288' title='bbox 1175 680 1234 714; x_wconf 77' lang='grc' dir='ltr'>μὲν,</span> <span class='ocrx_word' id='word_1_289' title='bbox 1256 680 1319 710; x_wconf 73' lang='grc' dir='ltr'>τοὺς</span> <span class='ocrx_word' id='word_1_290' title='bbox 1340 679 1420 710; x_wconf 76' lang='grc' dir='ltr'>ὄντας</span> <span class='ocrx_word' id='word_1_291' title='bbox 1439 677 1641 713; x_wconf 76' lang='grc' dir='ltr'><strong>εὐαριθμήτους</strong></span> <span class='ocrx_word' id='word_1_292' title='bbox 1667 678 1754 712; x_wconf 81' lang='grc' dir='ltr'>μάλα,</span> <span class='ocrx_word' id='word_1_293' title='bbox 1780 679 1865 712; x_wconf 73' lang='grc' dir='ltr'>ἐμέμ-</span> 
     </span>
    </p>
   </div>
   <div class='ocr_carea' id='block_1_45' title="bbox 1072 724 1865 762">
    <p class='ocr_par' dir='ltr' id='par_1_45' title="bbox 1072 724 1865 762">
     <span class='ocr_line' id='line_1_45' title="bbox 1072 724 1865 762; baseline -0.005 -9"><span class='ocrx_word' id='word_1_294' title='bbox 1072 736 1147 762; x_wconf 82' lang='grc' dir='ltr'>φετο,</span> <span class='ocrx_word' id='word_1_295' title='bbox 1167 727 1205 757; x_wconf 83' lang='grc' dir='ltr'>ὡς</span> <span class='ocrx_word' id='word_1_296' title='bbox 1225 725 1262 761; x_wconf 86' lang='grc' dir='ltr'>μὴ</span> <span class='ocrx_word' id='word_1_297' title='bbox 1286 725 1486 758; x_wconf 76' lang='grc' dir='ltr'>ἐπαμύνοντας,</span> <span class='ocrx_word' id='word_1_298' title='bbox 1512 725 1558 750; x_wconf 55' lang='grc' dir='ltr'><strong>καὶ⁸</strong></span> <span class='ocrx_word' id='word_1_299' title='bbox 1579 725 1603 750; x_wconf 86' lang='grc' dir='ltr'>εἰ</span> <span class='ocrx_word' id='word_1_300' title='bbox 1627 724 1726 750; x_wconf 81' lang='grc' dir='ltr'>παθεῖν</span> <span class='ocrx_word' id='word_1_301' title='bbox 1749 724 1804 750; x_wconf 74' lang='grc' dir='ltr'>ἔδει</span> <span class='ocrx_word' id='word_1_302' title='bbox 1831 733 1865 755; x_wconf 76' lang='grc' dir='ltr'><strong>τι,</strong></span> 
     </span>
    </p>
   </div>
   <div class='ocr_carea' id='block_1_46' title="bbox 1072 769 1865 806">
    <p class='ocr_par' dir='ltr' id='par_1_46' title="bbox 1072 769 1865 806">
     <span class='ocr_line' id='line_1_46' title="bbox 1072 769 1865 806; baseline -0.003 -9"><span class='ocrx_word' id='word_1_303' title='bbox 1072 770 1220 806; x_wconf 75' lang='grc' dir='ltr'><strong>προθύμως</strong></span> <span class='ocrx_word' id='word_1_304' title='bbox 1244 769 1315 805; x_wconf 79' lang='grc' dir='ltr'>ὑπὲρ</span> <span class='ocrx_word' id='word_1_305' title='bbox 1339 770 1388 804; x_wconf 84' lang='grc' dir='ltr'>τῆς</span> <span class='ocrx_word' id='word_1_306' title='bbox 1415 769 1505 804; x_wconf 83' lang='grc' dir='ltr'><strong>Τύχης</strong></span> <span class='ocrx_word' id='word_1_307' title='bbox 1530 769 1743 804; x_wconf 81' lang='grc' dir='ltr'>ὑπομείναντας.</span> <span class='ocrx_word' id='word_1_308' title='bbox 1773 769 1865 796; x_wconf 68' lang='grc' dir='ltr'>Πάντα</span> 
     </span>
    </p>
   </div>
   <div class='ocr_carea' id='block_1_47' title="bbox 1072 815 1864 851">
    <p class='ocr_par' dir='ltr' id='par_1_47' title="bbox 1072 815 1864 851">
     <span class='ocr_line' id='line_1_47' title="bbox 1072 815 1864 851; baseline -0.004 -7"><span class='ocrx_word' id='word_1_309' title='bbox 1072 817 1100 844; x_wconf 81' lang='grc' dir='ltr'><strong>δὲ</strong></span> <span class='ocrx_word' id='word_1_310' title='bbox 1131 817 1164 843; x_wconf 85' lang='grc' dir='ltr'>τὰ</span> <span class='ocrx_word' id='word_1_311' title='bbox 1187 816 1314 851; x_wconf 85' lang='grc' dir='ltr'>κτήματα</span> <span class='ocrx_word' id='word_1_312' title='bbox 1339 816 1386 842; x_wconf 79' lang='grc' dir='ltr'>καὶ</span> <span class='ocrx_word' id='word_1_313' title='bbox 1413 815 1448 842; x_wconf 77' lang='grc' dir='ltr'>τὰ</span> <span class='ocrx_word' id='word_1_314' title='bbox 1471 816 1601 851; x_wconf 82' lang='grc' dir='ltr'>χρήματα</span> <span class='ocrx_word' id='word_1_315' title='bbox 1623 816 1679 841; x_wconf 83' lang='grc' dir='ltr'><strong>τῶν</strong></span> <span class='ocrx_word' id='word_1_316' title='bbox 1703 816 1734 841; x_wconf 81' lang='grc' dir='ltr'>ὲν</span> <span class='ocrx_word' id='word_1_317' title='bbox 1759 816 1864 842; x_wconf 69' lang='lat' dir='ltr'><strong>Rata:-</strong></span> 
     </span>
    </p>
   </div>
   <div class='ocr_carea' id='block_1_48' title="bbox 1074 860 1866 898">
    <p class='ocr_par' dir='ltr' id='par_1_48' title="bbox 1074 860 1866 898">
     <span class='ocr_line' id='line_1_48' title="bbox 1074 860 1866 898; baseline -0.005 -9"><span class='ocrx_word' id='word_1_318' title='bbox 1074 863 1134 898; x_wconf 76' lang='grc' dir='ltr'>ρείᾳ</span> <span class='ocrx_word' id='word_1_319' title='bbox 1149 863 1196 889; x_wconf 76' lang='grc' dir='ltr'>καὶ</span> <span class='ocrx_word' id='word_1_320' title='bbox 1215 862 1267 888; x_wconf 79' lang='grc' dir='ltr'>ὑπὸ</span> <span class='ocrx_word' id='word_1_321' title='bbox 1279 863 1342 893; x_wconf 76' lang='grc' dir='ltr'>τοὺς</span> <span class='ocrx_word' id='word_1_322' title='bbox 1358 861 1444 895; x_wconf 73' lang='grc' dir='ltr'>αὐτῆς</span> <span class='ocrx_word' id='word_1_323' title='bbox 1457 861 1537 896; x_wconf 81' lang='grc' dir='ltr'>ὅρους</span> <span class='ocrx_word' id='word_1_324' title='bbox 1554 860 1723 895; x_wconf 75' lang='grc' dir='ltr'><strong>ἐκκλησιῶν,</strong></span> <span class='ocrx_word' id='word_1_325' title='bbox 1748 860 1866 895; x_wconf 69' lang='grc' dir='ltr'>ἐρευνώ-</span> 
     </span>
    </p>
   </div>
   <div class='ocr_carea' id='block_1_49' title="bbox 1074 906 1867 943">
    <p class='ocr_par' dir='ltr' id='par_1_49' title="bbox 1074 906 1867 943">
     <span class='ocr_line' id='line_1_49' title="bbox 1074 906 1867 943; baseline -0.004 -8"><span class='ocrx_word' id='word_1_326' title='bbox 1074 917 1142 943; x_wconf 84' lang='grc' dir='ltr'>μενα</span> <span class='ocrx_word' id='word_1_327' title='bbox 1170 909 1238 943; x_wconf 85' lang='grc' dir='ltr'>μετὰ</span> <span class='ocrx_word' id='word_1_328' title='bbox 1261 907 1395 942; x_wconf 77' lang='grc' dir='ltr'>βασάνων,</span> <span class='ocrx_word' id='word_1_329' title='bbox 1416 908 1455 938; x_wconf 88' lang='grc' dir='ltr'>εἰς</span> <span class='ocrx_word' id='word_1_330' title='bbox 1480 907 1560 942; x_wconf 79' lang='grc' dir='ltr'>μέσον</span> <span class='ocrx_word' id='word_1_331' title='bbox 1580 906 1714 942; x_wconf 80' lang='grc' dir='ltr'>φέρεσθαι</span> <span class='ocrx_word' id='word_1_332' title='bbox 1732 906 1867 941; x_wconf 73' lang='grc' dir='ltr'>προσέτι-</span> 
     </span>
    </p>
   </div>
   <div class='ocr_carea' id='block_1_50' title="bbox 1073 952 1867 989">
    <p class='ocr_par' dir='ltr' id='par_1_50' title="bbox 1073 952 1867 989">
     <span class='ocr_line' id='line_1_50' title="bbox 1073 952 1867 989; baseline -0.005 -7"><span class='ocrx_word' id='word_1_333' title='bbox 1073 955 1127 987; x_wconf 83' lang='grc' dir='ltr'>ξεν.</span> <span class='ocrx_word' id='word_1_334' title='bbox 1153 955 1255 982; x_wconf 80' lang='grc' dir='ltr'>Αὐτίκα</span> <span class='ocrx_word' id='word_1_335' title='bbox 1277 955 1304 981; x_wconf 85' lang='grc' dir='ltr'>δὲ</span> <span class='ocrx_word' id='word_1_336' title='bbox 1331 954 1489 989; x_wconf 77' lang='grc' dir='ltr'>τριακοσίας</span> <span class='ocrx_word' id='word_1_337' title='bbox 1515 953 1613 988; x_wconf 83' lang='grc' dir='ltr'>λὶτρας</span> <span class='ocrx_word' id='word_1_338' title='bbox 1633 953 1740 988; x_wconf 76' lang='grc' dir='ltr'>χρυσοῦ</span> <span class='ocrx_word' id='word_1_339' title='bbox 1759 952 1801 987; x_wconf 79' lang='grc' dir='ltr'>τῷ</span> <span class='ocrx_word' id='word_1_340' title='bbox 1821 961 1867 979; x_wconf 78' lang='grc' dir='ltr'><strong>τι·</strong></span> 
     </span>
    </p>
   </div>
   <div class='ocr_carea' id='block_1_51' title="bbox 1075 999 1866 1036">
    <p class='ocr_par' dir='ltr' id='par_1_51' title="bbox 1075 999 1866 1036">
     <span class='ocr_line' id='line_1_51' title="bbox 1075 999 1866 1036; baseline -0.005 -8"><span class='ocrx_word' id='word_1_341' title='bbox 1075 1001 1143 1036; x_wconf 81' lang='grc' dir='ltr'>μείῳ</span> <span class='ocrx_word' id='word_1_342' title='bbox 1156 1001 1261 1028; x_wconf 74' lang='grc' dir='ltr'>ἐκτῖσαι</span> <span class='ocrx_word' id='word_1_343' title='bbox 1271 1010 1278 1015; x_wconf 89' lang='grc'>·</span> <span class='ocrx_word' id='word_1_344' title='bbox 1306 1000 1454 1035; x_wconf 77' lang='grc' dir='ltr'>κληρικοὺς</span> <span class='ocrx_word' id='word_1_345' title='bbox 1466 999 1494 1026; x_wconf 77' lang='grc' dir='ltr'><strong>δὲ</strong></span> <span class='ocrx_word' id='word_1_346' title='bbox 1515 999 1620 1030; x_wconf 82' lang='grc' dir='ltr'>πάντας</span> <span class='ocrx_word' id='word_1_347' title='bbox 1634 999 1817 1034; x_wconf 73' lang='grc' dir='ltr'>ἐγγραφῆναι</span> <span class='ocrx_word' id='word_1_348' title='bbox 1833 999 1866 1033; x_wconf 78' lang='grc' dir='ltr'>τῷ</span> 
     </span>
    </p>
   </div>
   <div class='ocr_carea' id='block_1_52' title="bbox 1073 1046 1866 1082">
    <p class='ocr_par' dir='ltr' id='par_1_52' title="bbox 1073 1046 1866 1082">
     <span class='ocr_line' id='line_1_52' title="bbox 1073 1046 1866 1082; baseline -0.003 -8"><span class='ocrx_word' id='word_1_349' title='bbox 1073 1048 1217 1082; x_wconf 79' lang='grc' dir='ltr'><strong>καταλόγῳ</strong></span> <span class='ocrx_word' id='word_1_350' title='bbox 1240 1047 1294 1074; x_wconf 82' lang='grc' dir='ltr'><strong>τῶν</strong></span> <span class='ocrx_word' id='word_1_351' title='bbox 1315 1047 1366 1074; x_wconf 80' lang='grc' dir='ltr'><strong>ὑπὸ</strong></span> <span class='ocrx_word' id='word_1_352' title='bbox 1388 1047 1433 1073; x_wconf 77' lang='grc' dir='ltr'>τὸν</span> <span class='ocrx_word' id='word_1_353' title='bbox 1457 1048 1574 1082; x_wconf 79' lang='grc' dir='ltr'>ἄρχοντα</span> <span class='ocrx_word' id='word_1_354' title='bbox 1596 1046 1644 1073; x_wconf 76' lang='grc' dir='ltr'>τοῦ</span> <span class='ocrx_word' id='word_1_355' title='bbox 1668 1046 1766 1077; x_wconf 74' lang='grc' dir='ltr'>ἔθνους</span> <span class='ocrx_word' id='word_1_356' title='bbox 1791 1055 1866 1081; x_wconf 71' lang='grc' dir='ltr'>στρα-</span> 
     </span>
    </p>
   </div>
   <div class='ocr_carea' id='block_1_53' title="bbox 1073 1091 1866 1128">
    <p class='ocr_par' dir='ltr' id='par_1_53' title="bbox 1073 1091 1866 1128">
     <span class='ocr_line' id='line_1_53' title="bbox 1073 1091 1866 1128; baseline -0.001 -9"><span class='ocrx_word' id='word_1_357' title='bbox 1073 1093 1201 1120; x_wconf 76' lang='grc' dir='ltr'>τιωτῶν³</span> <span class='ocrx_word' id='word_1_358' title='bbox 1223 1093 1237 1119; x_wconf 84' lang='grc' dir='ltr'><strong>ὃ</strong></span> <span class='ocrx_word' id='word_1_359' title='bbox 1265 1093 1419 1128; x_wconf 82' lang='grc' dir='ltr'>δαπανηρὸν</span> <span class='ocrx_word' id='word_1_360' title='bbox 1443 1091 1511 1120; x_wconf 76' lang='grc' dir='ltr'>εῖναι</span> <span class='ocrx_word' id='word_1_361' title='bbox 1540 1093 1642 1128; x_wconf 73' lang='grc' dir='ltr'>σφόδρα</span> <span class='ocrx_word' id='word_1_362' title='bbox 1666 1094 1717 1119; x_wconf 73' lang='grc' dir='ltr'><strong>καὶ</strong></span> <span class='ocrx_word' id='word_1_363' title='bbox 1737 1094 1866 1119; x_wconf 69' lang='grc' dir='ltr'>ὲπονεὶὂι-</span> 
     </span>
    </p>
   </div>
   <div class='ocr_carea' id='block_1_54' title="bbox 1075 1139 1865 1175">
    <p class='ocr_par' dir='ltr' id='par_1_54' title="bbox 1075 1139 1865 1175">
     <span class='ocr_line' id='line_1_54' title="bbox 1075 1139 1865 1175; baseline -0.003 -9"><span class='ocrx_word' id='word_1_364' title='bbox 1075 1148 1136 1166; x_wconf 83' lang='grc' dir='ltr'>στον</span> <span class='ocrx_word' id='word_1_365' title='bbox 1150 1139 1206 1175; x_wconf 78' lang='lat'><strong>(67)</strong></span> <span class='ocrx_word' id='word_1_366' title='bbox 1220 1140 1247 1166; x_wconf 81' lang='grc' dir='ltr'>ὲν</span> <span class='ocrx_word' id='word_1_367' title='bbox 1259 1140 1319 1170; x_wconf 80' lang='grc' dir='ltr'>ταῖς</span> <span class='ocrx_word' id='word_1_368' title='bbox 1333 1139 1387 1165; x_wconf 84' lang='grc' dir='ltr'><strong>τῶν</strong></span> <span class='ocrx_word' id='word_1_369' title='bbox 1401 1139 1543 1174; x_wconf 80' lang='grc' dir='ltr'>Ῥωμαίων</span> <span class='ocrx_word' id='word_1_370' title='bbox 1554 1140 1695 1174; x_wconf 83' lang='grc' dir='ltr'>στρατιαῖς</span> <span class='ocrx_word' id='word_1_371' title='bbox 1715 1139 1865 1173; x_wconf 72' lang='grc' dir='ltr'>νομίζεται.</span> 
     </span>
    </p>
   </div>
   <div class='ocr_carea' id='block_1_55' title="bbox 1074 1184 1867 1220">
    <p class='ocr_par' dir='ltr' id='par_1_55' title="bbox 1074 1184 1867 1220">
     <span class='ocr_line' id='line_1_55' title="bbox 1074 1184 1867 1220; baseline -0.001 -9"><span class='ocrx_word' id='word_1_372' title='bbox 1074 1186 1110 1211; x_wconf 86' lang='grc' dir='ltr'><strong>Τὸ</strong></span> <span class='ocrx_word' id='word_1_373' title='bbox 1124 1185 1152 1212; x_wconf 79' lang='grc' dir='ltr'>δὲ</span> <span class='ocrx_word' id='word_1_374' title='bbox 1167 1185 1266 1220; x_wconf 85' lang='grc' dir='ltr'>πλῆθος</span> <span class='ocrx_word' id='word_1_375' title='bbox 1280 1185 1334 1211; x_wconf 84' lang='grc' dir='ltr'>τῶν</span> <span class='ocrx_word' id='word_1_376' title='bbox 1346 1185 1516 1220; x_wconf 75' lang='grc' dir='ltr'>Χριστιανῶν</span> <span class='ocrx_word' id='word_1_377' title='bbox 1526 1186 1574 1211; x_wconf 72' lang='grc' dir='ltr'><strong>σὺν</strong></span> <span class='ocrx_word' id='word_1_378' title='bbox 1586 1184 1696 1218; x_wconf 69' lang='grc' dir='ltr'>γυναιξὶ</span> <span class='ocrx_word' id='word_1_379' title='bbox 1711 1186 1762 1211; x_wconf 81' lang='grc' dir='ltr'><strong>καί</strong></span> <span class='ocrx_word' id='word_1_380' title='bbox 1778 1185 1867 1210; x_wconf 72' lang='grc' dir='ltr'>παισὶν</span> 
     </span>
    </p>
   </div>
   <div class='ocr_carea' id='block_1_56' title="bbox 1074 1230 1868 1267">
    <p class='ocr_par' dir='ltr' id='par_1_56' title="bbox 1074 1230 1868 1267">
     <span class='ocr_line' id='line_1_56' title="bbox 1074 1230 1868 1267; baseline -0.001 -9"><span class='ocrx_word' id='word_1_381' title='bbox 1074 1231 1298 1267; x_wconf 77' lang='grc' dir='ltr'>ἀπογράψασθαι,</span> <span class='ocrx_word' id='word_1_382' title='bbox 1316 1231 1363 1257; x_wconf 73' lang='grc' dir='ltr'>καὶ</span> <span class='ocrx_word' id='word_1_383' title='bbox 1377 1231 1504 1266; x_wconf 84' lang='grc' dir='ltr'>καθάπερ</span> <span class='ocrx_word' id='word_1_384' title='bbox 1518 1232 1546 1258; x_wconf 78' lang='grc' dir='ltr'>ἐν</span> <span class='ocrx_word' id='word_1_385' title='bbox 1562 1233 1623 1262; x_wconf 86' lang='grc' dir='ltr'>ταῖς</span> <span class='ocrx_word' id='word_1_386' title='bbox 1637 1230 1751 1265; x_wconf 83' lang='grc' dir='ltr'>κώμαις</span> <span class='ocrx_word' id='word_1_387' title='bbox 1774 1232 1868 1266; x_wconf 59' lang='grc' dir='ltr'>φόρτος</span> 
     </span>
    </p>
   </div>
   <div class='ocr_carea' id='block_1_57' title="bbox 1074 1276 1869 1313">
    <p class='ocr_par' dir='ltr' id='par_1_57' title="bbox 1074 1276 1869 1313">
     <span class='ocr_line' id='line_1_57' title="bbox 1074 1276 1869 1313; baseline -0.003 -9"><span class='ocrx_word' id='word_1_388' title='bbox 1074 1277 1161 1305; x_wconf 80' lang='grc' dir='ltr'>τελεῖν</span> <span class='ocrx_word' id='word_1_389' title='bbox 1173 1286 1179 1293; x_wconf 86' lang='grc'>·</span> <span class='ocrx_word' id='word_1_390' title='bbox 1212 1278 1323 1313; x_wconf 78' lang='grc' dir='ltr'>ἔνορκον</span> <span class='ocrx_word' id='word_1_391' title='bbox 1351 1277 1379 1303; x_wconf 83' lang='grc' dir='ltr'>δὲ</span> <span class='ocrx_word' id='word_1_392' title='bbox 1405 1276 1564 1312; x_wconf 74' lang='grc' dir='ltr'>ἠπείλησεν,</span> <span class='ocrx_word' id='word_1_393' title='bbox 1578 1277 1616 1308; x_wconf 81' lang='grc' dir='ltr'><strong>ὡς</strong></span> <span class='ocrx_word' id='word_1_394' title='bbox 1635 1278 1660 1302; x_wconf 73' lang='grc' dir='ltr'>εἰ</span> <span class='ocrx_word' id='word_1_395' title='bbox 1681 1277 1721 1312; x_wconf 83' lang='grc' dir='ltr'>μὴ</span> <span class='ocrx_word' id='word_1_396' title='bbox 1738 1277 1826 1311; x_wconf 42' lang='grc' dir='ltr'>ταχῇ</span> <span class='ocrx_word' id='word_1_397' title='bbox 1840 1277 1869 1303; x_wconf 63' lang='grc' dir='ltr'>τὰ</span> 
     </span>
    </p>
   </div>
   <div class='ocr_carea' id='block_1_58' title="bbox 1076 1322 1870 1358">
    <p class='ocr_par' dir='ltr' id='par_1_58' title="bbox 1076 1322 1870 1358">
     <span class='ocr_line' id='line_1_58' title="bbox 1076 1322 1870 1358; baseline 0 -10"><span class='ocrx_word' id='word_1_398' title='bbox 1076 1322 1136 1357; x_wconf 75' lang='grc' dir='ltr'>ιερὰ</span> <span class='ocrx_word' id='word_1_399' title='bbox 1158 1322 1344 1358; x_wconf 76' lang='grc' dir='ltr'>ἀνεγείρωσιν,</span> <span class='ocrx_word' id='word_1_400' title='bbox 1366 1322 1396 1347; x_wconf 79' lang='grc' dir='ltr'><strong>οὺ</strong></span> <span class='ocrx_word' id='word_1_401' title='bbox 1422 1322 1555 1348; x_wconf 74' lang='grc' dir='ltr'>παύσεται</span> <span class='ocrx_word' id='word_1_402' title='bbox 1571 1322 1688 1356; x_wconf 81' lang='grc' dir='ltr'>μηνιῶν,</span> <span class='ocrx_word' id='word_1_403' title='bbox 1710 1322 1761 1347; x_wconf 80' lang='grc' dir='ltr'><strong>καὶ</strong></span> <span class='ocrx_word' id='word_1_404' title='bbox 1789 1330 1870 1348; x_wconf 79' lang='grc' dir='ltr'>κακο-</span> 
     </span>
    </p>
   </div>
   <div class='ocr_carea' id='block_1_59' title="bbox 1075 1368 1869 1405">
    <p class='ocr_par' dir='ltr' id='par_1_59' title="bbox 1075 1368 1869 1405">
     <span class='ocr_line' id='line_1_59' title="bbox 1075 1368 1869 1405; baseline -0.003 -9"><span class='ocrx_word' id='word_1_405' title='bbox 1075 1369 1159 1396; x_wconf 84' lang='grc' dir='ltr'>ποιῶν</span> <span class='ocrx_word' id='word_1_406' title='bbox 1171 1370 1220 1405; x_wconf 84' lang='grc' dir='ltr'>τὴν</span> <span class='ocrx_word' id='word_1_407' title='bbox 1237 1369 1314 1395; x_wconf 81' lang='grc' dir='ltr'>πόλιν</span> <span class='ocrx_word' id='word_1_408' title='bbox 1330 1377 1336 1384; x_wconf 80' lang='grc'><strong><em>⁸</em></strong></span> <span class='ocrx_word' id='word_1_409' title='bbox 1354 1368 1400 1395; x_wconf 74' lang='grc' dir='ltr'>καὶ</span> <span class='ocrx_word' id='word_1_410' title='bbox 1412 1368 1471 1395; x_wconf 70' lang='grc' dir='ltr'>οὐδὲ</span> <span class='ocrx_word' id='word_1_411' title='bbox 1493 1368 1543 1399; x_wconf 78' lang='grc' dir='ltr'>τὰς</span> <span class='ocrx_word' id='word_1_412' title='bbox 1556 1369 1678 1402; x_wconf 61' lang='grc' dir='ltr'>κεφαλὰς</span> <span class='ocrx_word' id='word_1_413' title='bbox 1694 1369 1869 1404; x_wconf 70' lang='grc' dir='ltr'>συγχωρήσει</span> 
     </span>
    </p>
   </div>
   <div class='ocr_carea' id='block_1_60' title="bbox 1074 1411 1870 1449">
    <p class='ocr_par' dir='ltr' id='par_1_60' title="bbox 1074 1411 1870 1449">
     <span class='ocr_line' id='line_1_60' title="bbox 1074 1411 1870 1449; baseline -0.004 -7"><span class='ocrx_word' id='word_1_414' title='bbox 1074 1416 1136 1446; x_wconf 76' lang='grc' dir='ltr'>τοὺς</span> <span class='ocrx_word' id='word_1_415' title='bbox 1146 1415 1303 1446; x_wconf 78' lang='grc' dir='ltr'>Γαλιλαίους</span> <span class='ocrx_word' id='word_1_416' title='bbox 1313 1414 1386 1449; x_wconf 77' lang='grc' dir='ltr'>ἔχειν</span> <span class='ocrx_word' id='word_1_417' title='bbox 1405 1423 1411 1429; x_wconf 91' lang='grc'><strong>·</strong></span> <span class='ocrx_word' id='word_1_418' title='bbox 1423 1411 1473 1441; x_wconf 83' lang='grc' dir='ltr'><strong>ὦδε</strong></span> <span class='ocrx_word' id='word_1_419' title='bbox 1494 1414 1548 1449; x_wconf 85' lang='grc' dir='ltr'>γὰρ</span> <span class='ocrx_word' id='word_1_420' title='bbox 1569 1414 1755 1445; x_wconf 73' lang='grc' dir='ltr'>ἐπιτωθάζων</span> <span class='ocrx_word' id='word_1_421' title='bbox 1781 1415 1870 1440; x_wconf 69' lang='grc' dir='ltr'>καλεῖν</span> 
     </span>
    </p>
   </div>
   <div class='ocr_carea' id='block_1_61' title="bbox 1076 1457 1870 1494">
    <p class='ocr_par' dir='ltr' id='par_1_61' title="bbox 1076 1457 1870 1494">
     <span class='ocr_line' id='line_1_61' title="bbox 1076 1457 1870 1494; baseline 0 -10"><span class='ocrx_word' id='word_1_422' title='bbox 1076 1458 1154 1485; x_wconf 80' lang='grc' dir='ltr'>εἴωθε</span> <span class='ocrx_word' id='word_1_423' title='bbox 1169 1459 1231 1490; x_wconf 79' lang='grc' dir='ltr'>τοὺς</span> <span class='ocrx_word' id='word_1_424' title='bbox 1248 1458 1438 1494; x_wconf 81' lang='grc' dir='ltr'>Χριστιανούς.</span> <span class='ocrx_word' id='word_1_425' title='bbox 1459 1458 1554 1493; x_wconf 75' lang='grc' dir='ltr'>Ἐξέϐη</span> <span class='ocrx_word' id='word_1_426' title='bbox 1567 1458 1590 1484; x_wconf 84' lang='grc' dir='ltr'><strong>δ’</strong></span> <span class='ocrx_word' id='word_1_427' title='bbox 1600 1457 1633 1484; x_wconf 77' lang='grc' dir='ltr'><strong>ἂν</strong></span> <span class='ocrx_word' id='word_1_428' title='bbox 1646 1459 1713 1490; x_wconf 77' lang='grc' dir='ltr'>ἴσως</span> <span class='ocrx_word' id='word_1_429' title='bbox 1727 1459 1770 1490; x_wconf 81' lang='grc' dir='ltr'><strong>εἰς</strong></span> <span class='ocrx_word' id='word_1_430' title='bbox 1794 1459 1870 1494; x_wconf 66' lang='grc' dir='ltr'>ἔργον</span> 
     </span>
    </p>
   </div>
   <div class='ocr_carea' id='block_1_62' title="bbox 234 1503 1020 1545">
    <p class='ocr_par' dir='ltr' id='par_1_62' title="bbox 234 1504 1020 1540">
     <span class='ocr_line' id='line_1_62' title="bbox 234 1504 1020 1540; baseline 0.001 -9"><span class='ocrx_word' id='word_1_431' title='bbox 234 1512 267 1531; x_wconf 89' lang='lat' dir='ltr'><strong>ac</strong></span> <span class='ocrx_word' id='word_1_432' title='bbox 288 1512 322 1531; x_wconf 88' lang='lat' dir='ltr'><strong>ne</strong></span> <span class='ocrx_word' id='word_1_433' title='bbox 343 1505 541 1539; x_wconf 88' lang='lat' dir='ltr'><strong>permissurum</strong></span> <span class='ocrx_word' id='word_1_434' title='bbox 565 1504 674 1538; x_wconf 84' lang='lat' dir='ltr'><strong>quidem</strong></span> <span class='ocrx_word' id='word_1_435' title='bbox 697 1510 725 1530; x_wconf 88' lang='lat' dir='ltr'><strong>ut</strong></span> <span class='ocrx_word' id='word_1_436' title='bbox 754 1504 856 1532; x_wconf 74' lang='lat' dir='ltr'><strong>Galil-.ei</strong></span> <span class='ocrx_word' id='word_1_437' title='bbox 876 1504 927 1540; x_wconf 91' lang='lat' dir='ltr'><strong>(sic</strong></span> <span class='ocrx_word' id='word_1_438' title='bbox 951 1505 1020 1532; x_wconf 91' lang='lat' dir='ltr'><strong>enim</strong></span> 
     </span>
    </p>
   </div>
   <div class='ocr_carea' id='block_1_63' title="bbox 1075 1503 1871 1545">
    <p class='ocr_par' dir='ltr' id='par_1_63' title="bbox 1075 1503 1871 1541">
     <span class='ocr_line' id='line_1_63' title="bbox 1075 1503 1871 1541; baseline 0.001 -11"><span class='ocrx_word' id='word_1_439' title='bbox 1075 1505 1090 1539; x_wconf 85' lang='grc' dir='ltr'>ἡ</span> <span class='ocrx_word' id='word_1_440' title='bbox 1106 1503 1215 1539; x_wconf 82' lang='grc' dir='ltr'>ἀπειλὴ,</span> <span class='ocrx_word' id='word_1_441' title='bbox 1228 1505 1252 1530; x_wconf 84' lang='grc' dir='ltr'><strong>ει</strong></span> <span class='ocrx_word' id='word_1_442' title='bbox 1269 1503 1306 1539; x_wconf 85' lang='grc' dir='ltr'>μὴ</span> <span class='ocrx_word' id='word_1_443' title='bbox 1322 1503 1418 1530; x_wconf 81' lang='grc' dir='ltr'>θᾶττον</span> <span class='ocrx_word' id='word_1_444' title='bbox 1429 1503 1614 1538; x_wconf 68' lang='grc' dir='ltr'>ἐτελεύτησεν.</span> <span class='ocrx_word' id='word_1_445' title='bbox 1634 1503 1714 1530; x_wconf 82' lang='grc' dir='ltr'>Ἐπεὶ</span> <span class='ocrx_word' id='word_1_446' title='bbox 1731 1504 1782 1531; x_wconf 70' lang='grc' dir='ltr'><strong>καὶ</strong></span> <span class='ocrx_word' id='word_1_447' title='bbox 1796 1506 1871 1541; x_wconf 69' lang='grc' dir='ltr'>παρὰ</span> 
     </span>
    </p>
   </div>
   <div class='ocr_carea' id='block_1_64' title="bbox 233 1549 1025 1585">
    <p class='ocr_par' dir='ltr' id='par_1_64' title="bbox 233 1549 1025 1585">
     <span class='ocr_line' id='line_1_64' title="bbox 233 1549 1025 1585; baseline 0.001 -8"><span class='ocrx_word' id='word_1_448' title='bbox 233 1549 408 1577; x_wconf 86' lang='lat' dir='ltr'><strong>Christianos</strong></span> <span class='ocrx_word' id='word_1_449' title='bbox 426 1558 472 1584; x_wconf 88' lang='lat' dir='ltr'><strong>per</strong></span> <span class='ocrx_word' id='word_1_450' title='bbox 487 1550 635 1577; x_wconf 83' lang='lat' dir='ltr'><strong>ludibrium</strong></span> <span class='ocrx_word' id='word_1_451' title='bbox 652 1550 778 1585; x_wconf 84' lang='lat' dir='ltr'><strong>vocabat)</strong></span> <span class='ocrx_word' id='word_1_452' title='bbox 810 1551 901 1585; x_wconf 85' lang='lat' dir='ltr'><strong>capita</strong></span> <span class='ocrx_word' id='word_1_453' title='bbox 913 1559 962 1578; x_wconf 90' lang='lat' dir='ltr'><strong>sua</strong></span> <span class='ocrx_word' id='word_1_454' title='bbox 983 1558 1025 1578; x_wconf 86' lang='lat' dir='ltr'><strong>re-</strong></span> 
     </span>
    </p>
   </div>
   <div class='ocr_carea' id='block_1_65' title="bbox 235 1595 1025 1631">
    <p class='ocr_par' dir='ltr' id='par_1_65' title="bbox 235 1595 1025 1631">
     <span class='ocr_line' id='line_1_65' title="bbox 235 1595 1025 1631; baseline 0 -9"><span class='ocrx_word' id='word_1_455' title='bbox 235 1595 364 1622; x_wconf 87' lang='lat' dir='ltr'><strong>tinerent.</strong></span> <span class='ocrx_word' id='word_1_456' title='bbox 391 1596 430 1623; x_wconf 81' lang='lat' dir='ltr'><strong>Ac</strong></span> <span class='ocrx_word' id='word_1_457' title='bbox 455 1596 574 1622; x_wconf 84' lang='lat' dir='ltr'><strong>fortasse</strong></span> <span class='ocrx_word' id='word_1_458' title='bbox 598 1595 631 1621; x_wconf 87' lang='lat' dir='ltr'><strong>ad</strong></span> <span class='ocrx_word' id='word_1_459' title='bbox 647 1603 716 1630; x_wconf 87' lang='lat' dir='ltr'><strong>opus</strong></span> <span class='ocrx_word' id='word_1_460' title='bbox 730 1596 819 1630; x_wconf 86' lang='lat' dir='ltr'><strong>ipsum</strong></span> <span class='ocrx_word' id='word_1_461' title='bbox 836 1597 1025 1631; x_wconf 87' lang='lat' dir='ltr'><strong>pervenissent</strong></span> 
     </span>
    </p>
   </div>
   <div class='ocr_carea' id='block_1_66' title="bbox 212 1641 1021 1676">
    <p class='ocr_par' dir='ltr' id='par_1_66' title="bbox 212 1641 1021 1676">
     <span class='ocr_line' id='line_1_66' title="bbox 212 1641 1021 1676; baseline 0.001 -8"><span class='ocrx_word' id='word_1_462' title='bbox 212 1666 217 1671; x_wconf 84' lang='grc'><strong>,</strong></span> <span class='ocrx_word' id='word_1_463' title='bbox 235 1641 326 1673; x_wconf 65' lang='lat' dir='ltr'><strong>minae,</strong></span> <span class='ocrx_word' id='word_1_464' title='bbox 346 1641 401 1668; x_wconf 76' lang='lat' dir='ltr'><strong>nisi</strong></span> <span class='ocrx_word' id='word_1_465' title='bbox 417 1645 505 1668; x_wconf 88' lang='lat' dir='ltr'><strong>morte</strong></span> <span class='ocrx_word' id='word_1_466' title='bbox 523 1645 674 1676; x_wconf 57' lang='lat' dir='ltr'><strong>priercptus</strong></span> <span class='ocrx_word' id='word_1_467' title='bbox 694 1641 804 1669; x_wconf 82' lang='lat' dir='ltr'><strong>fuisset.</strong></span> <span class='ocrx_word' id='word_1_468' title='bbox 822 1642 889 1669; x_wconf 86' lang='lat' dir='ltr'><strong>Nam</strong></span> <span class='ocrx_word' id='word_1_469' title='bbox 903 1647 931 1669; x_wconf 92' lang='lat' dir='ltr'><strong>et</strong></span> <span class='ocrx_word' id='word_1_470' title='bbox 944 1643 1021 1670; x_wconf 91' lang='lat' dir='ltr'><strong>initio</strong></span> 
     </span>
    </p>
   </div>
   <div class='ocr_carea' id='block_1_67' title="bbox 235 1687 1022 1723">
    <p class='ocr_par' dir='ltr' id='par_1_67' title="bbox 235 1687 1022 1723">
     <span class='ocr_line' id='line_1_67' title="bbox 235 1687 1022 1723; baseline 0.004 -10"><span class='ocrx_word' id='word_1_471' title='bbox 235 1687 364 1722; x_wconf 89' lang='lat' dir='ltr'><strong>imperii,</strong></span> <span class='ocrx_word' id='word_1_472' title='bbox 391 1687 595 1714; x_wconf 79' lang='lat' dir='ltr'><strong>clementiorem</strong></span> <span class='ocrx_word' id='word_1_473' title='bbox 625 1695 654 1714; x_wconf 88' lang='lat' dir='ltr'><strong>se</strong></span> <span class='ocrx_word' id='word_1_474' title='bbox 681 1688 798 1722; x_wconf 64' lang='lat' dir='ltr'><strong>praebuit</strong></span> <span class='ocrx_word' id='word_1_475' title='bbox 824 1689 857 1716; x_wconf 90' lang='lat' dir='ltr'><strong>iis</strong></span> <span class='ocrx_word' id='word_1_476' title='bbox 877 1689 925 1723; x_wconf 92' lang='lat' dir='ltr'><strong>qui</strong></span> <span class='ocrx_word' id='word_1_477' title='bbox 945 1689 1022 1723; x_wconf 81' lang='lat' dir='ltr'><strong>prius</strong></span> 
     </span>
    </p>
   </div>
   <div class='ocr_carea' id='block_1_68' title="bbox 237 1733 1022 1769">
    <p class='ocr_par' dir='ltr' id='par_1_68' title="bbox 237 1733 1022 1769">
     <span class='ocr_line' id='line_1_68' title="bbox 237 1733 1022 1769; baseline 0.003 -10"><span class='ocrx_word' id='word_1_478' title='bbox 237 1733 388 1761; x_wconf 81' lang='lat' dir='ltr'><strong>Ecclesiam</strong></span> <span class='ocrx_word' id='word_1_479' title='bbox 405 1734 544 1768; x_wconf 83' lang='lat' dir='ltr'><strong>persecuti</strong></span> <span class='ocrx_word' id='word_1_480' title='bbox 560 1733 679 1765; x_wconf 84' lang='lat' dir='ltr'><strong>fuerant,</strong></span> <span class='ocrx_word' id='word_1_481' title='bbox 694 1740 747 1761; x_wconf 91' lang='lat' dir='ltr'><strong>non</strong></span> <span class='ocrx_word' id='word_1_482' title='bbox 763 1735 834 1769; x_wconf 89' lang='lat' dir='ltr'><strong>quod</strong></span> <span class='ocrx_word' id='word_1_483' title='bbox 848 1733 1022 1762; x_wconf 80' lang='lat' dir='ltr'><strong>Christianos</strong></span> 
     </span>
    </p>
   </div>
   <div class='ocr_carea' id='block_1_69' title="bbox 1074 1549 1872 1586">
    <p class='ocr_par' dir='ltr' id='par_1_69' title="bbox 1074 1549 1872 1586">
     <span class='ocr_line' id='line_1_69' title="bbox 1074 1549 1872 1586; baseline -0.001 -10"><span class='ocrx_word' id='word_1_484' title='bbox 1074 1549 1123 1585; x_wconf 78' lang='grc' dir='ltr'><strong>τὴν</strong></span> <span class='ocrx_word' id='word_1_485' title='bbox 1138 1549 1235 1586; x_wconf 79' lang='grc' dir='ltr'>ἀρχὴν,</span> <span class='ocrx_word' id='word_1_486' title='bbox 1253 1550 1303 1576; x_wconf 81' lang='grc' dir='ltr'><strong>οὐκ</strong></span> <span class='ocrx_word' id='word_1_487' title='bbox 1315 1549 1398 1575; x_wconf 79' lang='grc' dir='ltr'>ὲλεῶν</span> <span class='ocrx_word' id='word_1_488' title='bbox 1413 1550 1476 1581; x_wconf 78' lang='grc' dir='ltr'>τοὺς</span> <span class='ocrx_word' id='word_1_489' title='bbox 1499 1550 1694 1585; x_wconf 76' lang='grc' dir='ltr'>Χριστιανοὺς,</span> <span class='ocrx_word' id='word_1_490' title='bbox 1716 1550 1872 1585; x_wconf 75' lang='grc' dir='ltr'>φιλανθρω-</span> 
     </span>
    </p>
   </div>
   <div class='ocr_carea' id='block_1_70' title="bbox 1076 1596 1871 1631">
    <p class='ocr_par' dir='ltr' id='par_1_70' title="bbox 1076 1596 1871 1631">
     <span class='ocr_line' id='line_1_70' title="bbox 1076 1596 1871 1631; baseline 0.001 -9"><span class='ocrx_word' id='word_1_491' title='bbox 1076 1597 1189 1631; x_wconf 80' lang='grc' dir='ltr'>πότερος</span> <span class='ocrx_word' id='word_1_492' title='bbox 1205 1596 1290 1631; x_wconf 75' lang='grc' dir='ltr'>ἐφάνη</span> <span class='ocrx_word' id='word_1_493' title='bbox 1305 1596 1358 1622; x_wconf 85' lang='grc' dir='ltr'><strong>τῶν</strong></span> <span class='ocrx_word' id='word_1_494' title='bbox 1374 1596 1491 1631; x_wconf 81' lang='grc' dir='ltr'>πρόσθεν</span> <span class='ocrx_word' id='word_1_495' title='bbox 1507 1596 1661 1628; x_wconf 78' lang='grc' dir='ltr'>διωξάντων</span> <span class='ocrx_word' id='word_1_496' title='bbox 1679 1596 1732 1631; x_wconf 83' lang='grc' dir='ltr'><strong>τὴν</strong></span> <span class='ocrx_word' id='word_1_497' title='bbox 1756 1597 1871 1631; x_wconf 72' lang='grc' dir='ltr'>Ἐκκλη-</span> 
     </span>
    </p>
   </div>
   <div class='ocr_carea' id='block_1_71' title="bbox 1077 1642 1871 1678">
    <p class='ocr_par' dir='ltr' id='par_1_71' title="bbox 1077 1642 1871 1678">
     <span class='ocr_line' id='line_1_71' title="bbox 1077 1642 1871 1678; baseline 0.001 -10"><span class='ocrx_word' id='word_1_498' title='bbox 1077 1642 1138 1668; x_wconf 84' lang='grc' dir='ltr'>σίαν</span> <span class='ocrx_word' id='word_1_499' title='bbox 1152 1649 1160 1656; x_wconf 76' lang='grc'><strong><em>⁸</em></strong></span> <span class='ocrx_word' id='word_1_500' title='bbox 1176 1642 1233 1668; x_wconf 80' lang='grc' dir='ltr'>ἀλλ’</span> <span class='ocrx_word' id='word_1_501' title='bbox 1252 1643 1284 1668; x_wconf 76' lang='grc' dir='ltr'>ἐκ</span> <span class='ocrx_word' id='word_1_502' title='bbox 1295 1642 1349 1669; x_wconf 87' lang='grc' dir='ltr'><strong>τῶν</strong></span> <span class='ocrx_word' id='word_1_503' title='bbox 1367 1643 1529 1676; x_wconf 74' lang='grc' dir='ltr'>φθασάντων</span> <span class='ocrx_word' id='word_1_504' title='bbox 1544 1643 1645 1678; x_wconf 80' lang='grc' dir='ltr'>εὑρὼν.</span> <span class='ocrx_word' id='word_1_505' title='bbox 1670 1643 1752 1669; x_wconf 72' lang='grc' dir='ltr'>οὐδὲν</span> <span class='ocrx_word' id='word_1_506' title='bbox 1777 1644 1871 1677; x_wconf 61' lang='grc' dir='ltr'>δφελος</span> 
     </span>
    </p>
   </div>
   <div class='ocr_carea' id='block_1_72' title="bbox 1076 1684 1871 1723">
    <p class='ocr_par' dir='ltr' id='par_1_72' title="bbox 1076 1684 1871 1723">
     <span class='ocr_line' id='line_1_72' title="bbox 1076 1684 1871 1723; baseline 0.003 -11"><span class='ocrx_word' id='word_1_507' title='bbox 1076 1684 1145 1713; x_wconf 78' lang='grc' dir='ltr'>εῖναι</span> <span class='ocrx_word' id='word_1_508' title='bbox 1159 1687 1300 1722; x_wconf 85' lang='grc' dir='ltr'>τιμωριῶν</span> <span class='ocrx_word' id='word_1_509' title='bbox 1313 1688 1353 1718; x_wconf 86' lang='grc' dir='ltr'><strong>εἰς</strong></span> <span class='ocrx_word' id='word_1_510' title='bbox 1373 1686 1500 1714; x_wconf 76' lang='grc' dir='ltr'>σύστασιν</span> <span class='ocrx_word' id='word_1_511' title='bbox 1521 1688 1718 1722; x_wconf 66' lang='grc' dir='ltr'>Ἐλληνισμοῦε</span> <span class='ocrx_word' id='word_1_512' title='bbox 1742 1689 1833 1723; x_wconf 73' lang='grc' dir='ltr'>ταύτῃ</span> <span class='ocrx_word' id='word_1_513' title='bbox 1845 1689 1871 1714; x_wconf 74' lang='grc' dir='ltr'><strong>δὲ</strong></span> 
     </span>
    </p>
   </div>
   <div class='ocr_carea' id='block_1_73' title="bbox 1079 1731 1869 1769">
    <p class='ocr_par' dir='ltr' id='par_1_73' title="bbox 1079 1731 1869 1769">
     <span class='ocr_line' id='line_1_73' title="bbox 1079 1731 1869 1769; baseline 0.001 -11"><span class='ocrx_word' id='word_1_514' title='bbox 1079 1731 1195 1766; x_wconf 79' lang='grc' dir='ltr'>μάλιστα</span> <span class='ocrx_word' id='word_1_515' title='bbox 1214 1732 1248 1758; x_wconf 74' lang='grc' dir='ltr'>τὰ</span> <span class='ocrx_word' id='word_1_516' title='bbox 1267 1733 1439 1766; x_wconf 78' lang='grc' dir='ltr'>Χριστιανῶν</span> <span class='ocrx_word' id='word_1_517' title='bbox 1459 1732 1605 1768; x_wconf 81' lang='grc' dir='ltr'>ηὐξῆσθαι,</span> <span class='ocrx_word' id='word_1_518' title='bbox 1631 1734 1679 1760; x_wconf 77' lang='grc' dir='ltr'><strong>καὶ</strong></span> <span class='ocrx_word' id='word_1_519' title='bbox 1710 1733 1869 1769; x_wconf 72' lang='grc' dir='ltr'>ἐνδοξότερα</span> 
     </span>
    </p>
   </div>
   <div class='ocr_carea' id='block_1_74' title="bbox 836 1821 1262 1850">
    <p class='ocr_par' dir='ltr' id='par_1_74' title="bbox 836 1821 1262 1850">
     <span class='ocr_line' id='line_1_74' title="bbox 836 1821 1262 1850; baseline 0.002 -1"><span class='ocrx_word' id='word_1_520' title='bbox 836 1822 972 1850; x_wconf 82' lang='lat' dir='ltr'><strong>VALESll</strong></span> <span class='ocrx_word' id='word_1_521' title='bbox 987 1821 1262 1850; x_wconf 77' lang='lat' dir='ltr'><strong>ANNOTATIONES.</strong></span> 
     </span>
    </p>
   </div>
   <div class='ocr_carea' id='block_1_75' title="bbox 271 1880 1025 1916">
    <p class='ocr_par' dir='ltr' id='par_1_75' title="bbox 271 1880 1025 1916">
     <span class='ocr_line' id='line_1_75' title="bbox 271 1880 1025 1916; baseline -0.001 -8"><span class='ocrx_word' id='word_1_522' title='bbox 271 1881 326 1916; x_wconf 69' lang='lat'><strong>(65)</strong></span> <span class='ocrx_word' id='word_1_523' title='bbox 348 1881 427 1911; x_wconf 78' lang='grc' dir='ltr'><strong>Μάζα</strong></span> <span class='ocrx_word' id='word_1_524' title='bbox 445 1881 519 1907; x_wconf 69' lang='grc' dir='ltr'>κατὰ</span> <span class='ocrx_word' id='word_1_525' title='bbox 531 1881 563 1907; x_wconf 79' lang='grc' dir='ltr'>τὸ</span> <span class='ocrx_word' id='word_1_526' title='bbox 573 1881 700 1914; x_wconf 68' lang='grc' dir='ltr'>πρῶτον.</span> <span class='ocrx_word' id='word_1_527' title='bbox 720 1880 900 1908; x_wconf 75' lang='lat' dir='ltr'><strong>Schbendum</strong></span> <span class='ocrx_word' id='word_1_528' title='bbox 930 1881 1025 1916; x_wconf 75' lang='lat' dir='ltr'><strong>procul</strong></span> 
     </span>
    </p>
   </div>
   <div class='ocr_carea' id='block_1_76' title="bbox 210 1915 1026 1950">
    <p class='ocr_par' dir='ltr' id='par_1_76' title="bbox 210 1915 1026 1950">
     <span class='ocr_line' id='line_1_76' title="bbox 210 1915 1026 1950; baseline -0.002 -7"><span class='ocrx_word' id='word_1_529' title='bbox 210 1921 212 1925; x_wconf 96' lang='lat'>&#39;</span> <span class='ocrx_word' id='word_1_530' title='bbox 236 1917 320 1944; x_wconf 83' lang='lat' dir='ltr'><strong>dubio</strong></span> <span class='ocrx_word' id='word_1_531' title='bbox 351 1920 393 1943; x_wconf 87' lang='lat' dir='ltr'><strong>est</strong></span> <span class='ocrx_word' id='word_1_532' title='bbox 420 1916 538 1947; x_wconf 74' lang='grc' dir='ltr'>Μάζακα</span> <span class='ocrx_word' id='word_1_533' title='bbox 563 1916 592 1942; x_wconf 78' lang='grc' dir='ltr'><strong>τὸ</strong></span> <span class='ocrx_word' id='word_1_534' title='bbox 612 1915 719 1950; x_wconf 84' lang='grc' dir='ltr'>πρῶτον</span> <span class='ocrx_word' id='word_1_535' title='bbox 735 1915 931 1950; x_wconf 78' lang='grc' dir='ltr'>ὀνομαζομένη.</span> <span class='ocrx_word' id='word_1_536' title='bbox 960 1915 1026 1942; x_wconf 88' lang='lat' dir='ltr'><strong>Nam</strong></span> 
     </span>
    </p>
   </div>
   <div class='ocr_carea' id='block_1_77' title="bbox 237 1950 1027 1986">
    <p class='ocr_par' dir='ltr' id='par_1_77' title="bbox 237 1950 1027 1986">
     <span class='ocr_line' id='line_1_77' title="bbox 237 1950 1027 1986; baseline -0.004 -7"><span class='ocrx_word' id='word_1_537' title='bbox 237 1953 361 1979; x_wconf 51' lang='lat' dir='ltr'><strong>Caesarea</strong></span> <span class='ocrx_word' id='word_1_538' title='bbox 389 1951 578 1986; x_wconf 65' lang='lat' dir='ltr'><strong>Cappadoeiaf,</strong></span> <span class='ocrx_word' id='word_1_539' title='bbox 592 1952 669 1985; x_wconf 88' lang='lat' dir='ltr'><strong>prius</strong></span> <span class='ocrx_word' id='word_1_540' title='bbox 697 1950 805 1977; x_wconf 84' lang='lat' dir='ltr'><strong>Mazaca</strong></span> <span class='ocrx_word' id='word_1_541' title='bbox 823 1951 984 1986; x_wconf 64' lang='lat' dir='ltr'><strong>vocabatur.</strong></span> <span class='ocrx_word' id='word_1_542' title='bbox 997 1953 1027 1986; x_wconf 79' lang='lat' dir='ltr'><strong>ut</strong></span> 
     </span>
    </p>
   </div>
   <div class='ocr_carea' id='block_1_78' title="bbox 237 1984 1027 2020">
    <p class='ocr_par' dir='ltr' id='par_1_78' title="bbox 237 1984 1027 2020">
     <span class='ocr_line' id='line_1_78' title="bbox 237 1984 1027 2020; baseline -0.004 -7"><span class='ocrx_word' id='word_1_543' title='bbox 237 1987 350 2013; x_wconf 83' lang='lat' dir='ltr'><strong>tradunt</strong></span> <span class='ocrx_word' id='word_1_544' title='bbox 369 1984 527 2020; x_wconf 60' lang='lat' dir='ltr'><strong>geographi.</strong></span> <span class='ocrx_word' id='word_1_545' title='bbox 549 1984 626 2018; x_wconf 83' lang='lat' dir='ltr'><strong>Quod</strong></span> <span class='ocrx_word' id='word_1_546' title='bbox 644 1986 806 2012; x_wconf 86' lang='lat' dir='ltr'><strong>vocabulum</strong></span> <span class='ocrx_word' id='word_1_547' title='bbox 829 1993 843 2011; x_wconf 89' lang='lat' dir='ltr'><strong>a</strong></span> <span class='ocrx_word' id='word_1_548' title='bbox 866 1984 947 2020; x_wconf 14' lang='lat' dir='ltr'><strong>Syris?</strong></span> <span class='ocrx_word' id='word_1_549' title='bbox 961 1984 1027 2011; x_wconf 84' lang='lat' dir='ltr'><strong>indi-</strong></span> 
     </span>
    </p>
   </div>
   <div class='ocr_carea' id='block_1_79' title="bbox 237 2019 1025 2055">
    <p class='ocr_par' dir='ltr' id='par_1_79' title="bbox 237 2019 1025 2055">
     <span class='ocr_line' id='line_1_79' title="bbox 237 2019 1025 2055; baseline -0.003 -7"><span class='ocrx_word' id='word_1_550' title='bbox 237 2027 293 2048; x_wconf 92' lang='lat' dir='ltr'><strong>tum</strong></span> <span class='ocrx_word' id='word_1_551' title='bbox 322 2022 385 2048; x_wconf 88' lang='lat' dir='ltr'><strong>mihi</strong></span> <span class='ocrx_word' id='word_1_552' title='bbox 398 2019 515 2051; x_wconf 67' lang='lat' dir='ltr'><strong>videtur.</strong></span> <span class='ocrx_word' id='word_1_553' title='bbox 532 2028 647 2055; x_wconf 85' lang='lat' dir='ltr'><strong>quorum</strong></span> <span class='ocrx_word' id='word_1_554' title='bbox 656 2020 745 2047; x_wconf 87' lang='lat' dir='ltr'><strong>coloni</strong></span> <span class='ocrx_word' id='word_1_555' title='bbox 767 2019 1025 2055; x_wconf 83' lang='lat' dir='ltr'><strong>suntCappadoces,</strong></span> 
     </span>
    </p>
   </div>
   <div class='ocr_carea' id='block_1_80' title="bbox 237 2056 567 2083">
    <p class='ocr_par' dir='ltr' id='par_1_80' title="bbox 237 2056 567 2083">
     <span class='ocr_line' id='line_1_80' title="bbox 237 2056 567 2083; baseline -0.003 0"><span class='ocrx_word' id='word_1_556' title='bbox 237 2061 266 2083; x_wconf 89' lang='lat' dir='ltr'><strong>ut</strong></span> <span class='ocrx_word' id='word_1_557' title='bbox 278 2061 393 2082; x_wconf 75' lang='lat' dir='ltr'><strong>testatur</strong></span> <span class='ocrx_word' id='word_1_558' title='bbox 404 2056 567 2083; x_wconf 84' lang='lat' dir='ltr'><strong>Herodotus.</strong></span> 
     </span>
    </p>
   </div>
   <div class='ocr_carea' id='block_1_81' title="bbox 275 2089 1025 2126">
    <p class='ocr_par' dir='ltr' id='par_1_81' title="bbox 275 2089 1025 2126">
     <span class='ocr_line' id='line_1_81' title="bbox 275 2089 1025 2126; baseline -0.003 -8"><span class='ocrx_word' id='word_1_559' title='bbox 275 2092 331 2126; x_wconf 79' lang='lat'><strong>(66)</strong></span> <span class='ocrx_word' id='word_1_560' title='bbox 347 2092 426 2118; x_wconf 78' lang='grc' dir='ltr'><strong>Ἐπεὶ</strong></span> <span class='ocrx_word' id='word_1_561' title='bbox 442 2091 533 2118; x_wconf 75' lang='grc' dir='ltr'>δὲκαὶ</span> <span class='ocrx_word' id='word_1_562' title='bbox 545 2090 658 2123; x_wconf 73' lang='grc' dir='ltr'>τὸντῆς</span> <span class='ocrx_word' id='word_1_563' title='bbox 676 2090 770 2124; x_wconf 79' lang='grc' dir='ltr'>Τύχης</span> <span class='ocrx_word' id='word_1_564' title='bbox 781 2090 823 2122; x_wconf 80' lang='grc' dir='ltr'><strong>ὅς,</strong></span> <span class='ocrx_word' id='word_1_565' title='bbox 836 2093 889 2126; x_wconf 83' lang='lat' dir='ltr'><strong>etc.</strong></span> <span class='ocrx_word' id='word_1_566' title='bbox 912 2089 1025 2126; x_wconf 79' lang='lat' dir='ltr'><strong>Rectius</strong></span> 
     </span>
    </p>
   </div>
   <div class='ocr_carea' id='block_1_82' title="bbox 237 2124 1025 2160">
    <p class='ocr_par' dir='ltr' id='par_1_82' title="bbox 237 2124 1025 2160">
     <span class='ocr_line' id='line_1_82' title="bbox 237 2124 1025 2160; baseline -0.005 -7"><span class='ocrx_word' id='word_1_567' title='bbox 237 2126 264 2154; x_wconf 87' lang='lat' dir='ltr'><strong>in</strong></span> <span class='ocrx_word' id='word_1_568' title='bbox 281 2124 374 2153; x_wconf 83' lang='lat' dir='ltr'><strong>codice</strong></span> <span class='ocrx_word' id='word_1_569' title='bbox 401 2126 550 2153; x_wconf 60' lang='lat' dir='ltr'><strong>l’uketiano</strong></span> <span class='ocrx_word' id='word_1_570' title='bbox 583 2126 680 2160; x_wconf 63' lang='lat' dir='ltr'><strong>legitur</strong></span> <span class='ocrx_word' id='word_1_571' title='bbox 706 2126 735 2150; x_wconf 79' lang='grc' dir='ltr'>τὸ</span> <span class='ocrx_word' id='word_1_572' title='bbox 763 2125 811 2159; x_wconf 74' lang='grc' dir='ltr'>τῆς</span> <span class='ocrx_word' id='word_1_573' title='bbox 834 2124 918 2159; x_wconf 74' lang='grc' dir='ltr'>τύχης</span> <span class='ocrx_word' id='word_1_574' title='bbox 945 2125 958 2150; x_wconf 72' lang='grc' dir='ltr'><strong>ὃ</strong></span> <span class='ocrx_word' id='word_1_575' title='bbox 978 2125 1025 2160; x_wconf 74' lang='grc' dir='ltr'><strong>μό-</strong></span> 
     </span>
    </p>
   </div>
   <div class='ocr_carea' id='block_1_83' title="bbox 237 2160 1024 2194">
    <p class='ocr_par' dir='ltr' id='par_1_83' title="bbox 237 2160 1024 2194">
     <span class='ocr_line' id='line_1_83' title="bbox 237 2160 1024 2194; baseline -0.001 -7"><span class='ocrx_word' id='word_1_576' title='bbox 237 2170 291 2193; x_wconf 58' lang='grc' dir='ltr'>νον,</span> <span class='ocrx_word' id='word_1_577' title='bbox 305 2165 358 2187; x_wconf 87' lang='lat' dir='ltr'><strong>ctc.</strong></span> <span class='ocrx_word' id='word_1_578' title='bbox 374 2161 459 2193; x_wconf 83' lang='lat' dir='ltr'><strong>Quam</strong></span> <span class='ocrx_word' id='word_1_579' title='bbox 482 2161 644 2194; x_wconf 81' lang='lat' dir='ltr'><strong>scripturam</strong></span> <span class='ocrx_word' id='word_1_580' title='bbox 659 2160 927 2193; x_wconf 80' lang='lat' dir='ltr'><strong>ChristopliorSonus</strong></span> <span class='ocrx_word' id='word_1_581' title='bbox 941 2160 1024 2186; x_wconf 89' lang='lat' dir='ltr'><strong>etiam</strong></span> 
     </span>
    </p>
   </div>
   <div class='ocr_carea' id='block_1_84' title="bbox 237 2195 1023 2229">
    <p class='ocr_par' dir='ltr' id='par_1_84' title="bbox 237 2195 1023 2229">
     <span class='ocr_line' id='line_1_84' title="bbox 237 2195 1023 2229; baseline -0.003 -8"><span class='ocrx_word' id='word_1_582' title='bbox 237 2203 269 2221; x_wconf 89' lang='lat' dir='ltr'><strong>ac</strong></span> <span class='ocrx_word' id='word_1_583' title='bbox 296 2196 416 2222; x_wconf 76' lang='lat' dir='ltr'><strong>Savilius</strong></span> <span class='ocrx_word' id='word_1_584' title='bbox 445 2196 472 2222; x_wconf 93' lang='lat' dir='ltr'><strong>in</strong></span> <span class='ocrx_word' id='word_1_585' title='bbox 496 2196 658 2229; x_wconf 85' lang='lat' dir='ltr'><strong>quibusdam</strong></span> <span class='ocrx_word' id='word_1_586' title='bbox 689 2195 830 2221; x_wconf 86' lang='lat' dir='ltr'><strong>codicibus</strong></span> <span class='ocrx_word' id='word_1_587' title='bbox 855 2197 1023 2229; x_wconf 86' lang='lat' dir='ltr'><strong>repererunt.</strong></span> 
     </span>
    </p>
   </div>
   <div class='ocr_carea' id='block_1_85' title="bbox 237 2229 1021 2264">
    <p class='ocr_par' dir='ltr' id='par_1_85' title="bbox 237 2229 1021 2264">
     <span class='ocr_line' id='line_1_85' title="bbox 237 2229 1021 2264; baseline -0.003 -8"><span class='ocrx_word' id='word_1_588' title='bbox 237 2231 462 2257; x_wconf 83' lang='lat' dir='ltr'><strong>Subaudicndum</strong></span> <span class='ocrx_word' id='word_1_589' title='bbox 483 2235 572 2256; x_wconf 85' lang='lat' dir='ltr'><strong>autem</strong></span> <span class='ocrx_word' id='word_1_590' title='bbox 599 2234 642 2256; x_wconf 86' lang='lat' dir='ltr'><strong>est</strong></span> <span class='ocrx_word' id='word_1_591' title='bbox 662 2230 742 2264; x_wconf 69' lang='grc' dir='ltr'>ἱερὸν.</span> <span class='ocrx_word' id='word_1_592' title='bbox 765 2229 801 2256; x_wconf 82' lang='lat' dir='ltr'><strong>De</strong></span> <span class='ocrx_word' id='word_1_593' title='bbox 816 2231 916 2264; x_wconf 85' lang='lat' dir='ltr'><strong>templo</strong></span> <span class='ocrx_word' id='word_1_594' title='bbox 944 2229 1021 2256; x_wconf 82' lang='lat' dir='ltr'><strong>Genii</strong></span> 
     </span>
    </p>
   </div>
   <div class='ocr_carea' id='block_1_86' title="bbox 1076 1879 1869 1916">
    <p class='ocr_par' dir='ltr' id='par_1_86' title="bbox 1076 1879 1869 1916">
     <span class='ocr_line' id='line_1_86' title="bbox 1076 1879 1869 1916; baseline 0.003 -9"><span class='ocrx_word' id='word_1_595' title='bbox 1076 1879 1150 1911; x_wconf 81' lang='lat' dir='ltr'><strong>talis.</strong></span> <span class='ocrx_word' id='word_1_596' title='bbox 1170 1888 1263 1908; x_wconf 90' lang='lat' dir='ltr'><strong>eorum</strong></span> <span class='ocrx_word' id='word_1_597' title='bbox 1288 1881 1393 1908; x_wconf 89' lang='lat' dir='ltr'><strong>scilicet</strong></span> <span class='ocrx_word' id='word_1_598' title='bbox 1410 1880 1455 1914; x_wconf 87' lang='lat' dir='ltr'><strong>qui</strong></span> <span class='ocrx_word' id='word_1_599' title='bbox 1473 1880 1500 1908; x_wconf 91' lang='lat' dir='ltr'><strong>in</strong></span> <span class='ocrx_word' id='word_1_600' title='bbox 1524 1881 1613 1908; x_wconf 81' lang='lat' dir='ltr'><strong>officio</strong></span> <span class='ocrx_word' id='word_1_601' title='bbox 1627 1881 1825 1916; x_wconf 73' lang='lat' dir='ltr'><strong>prtefectorum</strong></span> <span class='ocrx_word' id='word_1_602' title='bbox 1839 1890 1869 1909; x_wconf 75' lang='lat' dir='ltr'><strong>ac</strong></span> 
     </span>
    </p>
   </div>
   <div class='ocr_carea' id='block_1_87' title="bbox 1075 1915 1869 1951">
    <p class='ocr_par' dir='ltr' id='par_1_87' title="bbox 1075 1915 1869 1951">
     <span class='ocr_line' id='line_1_87' title="bbox 1075 1915 1869 1951; baseline 0.001 -8"><span class='ocrx_word' id='word_1_603' title='bbox 1075 1916 1220 1951; x_wconf 66' lang='lat' dir='ltr'><strong>praESidum</strong></span> <span class='ocrx_word' id='word_1_604' title='bbox 1231 1915 1395 1944; x_wconf 82' lang='lat' dir='ltr'><strong>militabant.</strong></span> <span class='ocrx_word' id='word_1_605' title='bbox 1408 1916 1470 1943; x_wconf 78' lang='lat' dir='ltr'><strong>Haec</strong></span> <span class='ocrx_word' id='word_1_606' title='bbox 1483 1915 1634 1950; x_wconf 61' lang='lat' dir='ltr'><strong>postrema;</strong></span> <span class='ocrx_word' id='word_1_607' title='bbox 1644 1917 1666 1944; x_wconf 89' lang='lat' dir='ltr'><strong>si</strong></span> <span class='ocrx_word' id='word_1_608' title='bbox 1682 1925 1747 1943; x_wconf 90' lang='lat' dir='ltr'><strong>cum</strong></span> <span class='ocrx_word' id='word_1_609' title='bbox 1763 1918 1869 1944; x_wconf 80' lang='lat' dir='ltr'><strong>duabus</strong></span> 
     </span>
    </p>
   </div>
   <div class='ocr_carea' id='block_1_88' title="bbox 1076 1950 1868 1985">
    <p class='ocr_par' dir='ltr' id='par_1_88' title="bbox 1076 1950 1868 1985">
     <span class='ocr_line' id='line_1_88' title="bbox 1076 1950 1868 1985; baseline 0 -7"><span class='ocrx_word' id='word_1_610' title='bbox 1076 1950 1136 1978; x_wconf 74' lang='lat' dir='ltr'><strong>aliis</strong></span> <span class='ocrx_word' id='word_1_611' title='bbox 1154 1950 1322 1981; x_wconf 81' lang='lat' dir='ltr'><strong>conferatur.</strong></span> <span class='ocrx_word' id='word_1_612' title='bbox 1338 1951 1469 1979; x_wconf 85' lang='lat' dir='ltr'><strong>vilissima</strong></span> <span class='ocrx_word' id='word_1_613' title='bbox 1483 1955 1552 1978; x_wconf 86' lang='lat' dir='ltr'><strong>erat.</strong></span> <span class='ocrx_word' id='word_1_614' title='bbox 1574 1951 1626 1978; x_wconf 85' lang='lat' dir='ltr'><strong>Sed</strong></span> <span class='ocrx_word' id='word_1_615' title='bbox 1643 1959 1694 1978; x_wconf 86' lang='lat' dir='ltr'><strong>cur</strong></span> <span class='ocrx_word' id='word_1_616' title='bbox 1708 1951 1868 1985; x_wconf 49' lang='lat' dir='ltr'><strong>summa</strong></span> 
     </span>
    </p>
   </div>
   <div class='ocr_carea' id='block_1_89' title="bbox 1075 1986 1867 2020">
    <p class='ocr_par' dir='ltr' id='par_1_89' title="bbox 1075 1986 1867 2020">
     <span class='ocr_line' id='line_1_89' title="bbox 1075 1986 1867 2020; baseline 0 -7"><span class='ocrx_word' id='word_1_617' title='bbox 1075 1991 1189 2014; x_wconf 85' lang='lat' dir='ltr'><strong>vocetur</strong></span> <span class='ocrx_word' id='word_1_618' title='bbox 1201 1986 1253 2012; x_wconf 88' lang='lat' dir='ltr'><strong>hoc</strong></span> <span class='ocrx_word' id='word_1_619' title='bbox 1284 1993 1369 2020; x_wconf 76' lang='lat' dir='ltr'><strong>genus</strong></span> <span class='ocrx_word' id='word_1_620' title='bbox 1393 1986 1506 2017; x_wconf 67' lang='lat' dir='ltr'><strong>militiae,</strong></span> <span class='ocrx_word' id='word_1_621' title='bbox 1524 1994 1579 2012; x_wconf 91' lang='lat' dir='ltr'><strong>non</strong></span> <span class='ocrx_word' id='word_1_622' title='bbox 1593 1986 1661 2013; x_wconf 88' lang='lat' dir='ltr'><strong>satis</strong></span> <span class='ocrx_word' id='word_1_623' title='bbox 1677 1987 1769 2020; x_wconf 76' lang='lat' dir='ltr'><strong>capio.</strong></span> <span class='ocrx_word' id='word_1_624' title='bbox 1789 1987 1867 2019; x_wconf 61' lang='lat' dir='ltr'><strong>Qum-</strong></span> 
     </span>
    </p>
   </div>
   <div class='ocr_carea' id='block_1_90' title="bbox 1076 2021 1866 2054">
    <p class='ocr_par' dir='ltr' id='par_1_90' title="bbox 1076 2021 1866 2054">
     <span class='ocr_line' id='line_1_90' title="bbox 1076 2021 1866 2054; baseline 0.001 -7"><span class='ocrx_word' id='word_1_625' title='bbox 1076 2025 1199 2049; x_wconf 83' lang='lat' dir='ltr'><strong>stuosum</strong></span> <span class='ocrx_word' id='word_1_626' title='bbox 1212 2021 1283 2048; x_wconf 90' lang='lat' dir='ltr'><strong>enim</strong></span> <span class='ocrx_word' id='word_1_627' title='bbox 1302 2021 1391 2054; x_wconf 88' lang='lat' dir='ltr'><strong>potius</strong></span> <span class='ocrx_word' id='word_1_628' title='bbox 1401 2021 1507 2048; x_wconf 81' lang='lat' dir='ltr'><strong>videtur</strong></span> <span class='ocrx_word' id='word_1_629' title='bbox 1517 2021 1612 2048; x_wconf 86' lang='lat' dir='ltr'><strong>fuisse.</strong></span> <span class='ocrx_word' id='word_1_630' title='bbox 1626 2021 1704 2047; x_wconf 88' lang='lat' dir='ltr'><strong>Unde</strong></span> <span class='ocrx_word' id='word_1_631' title='bbox 1720 2023 1748 2048; x_wconf 90' lang='lat' dir='ltr'><strong>in</strong></span> <span class='ocrx_word' id='word_1_632' title='bbox 1764 2022 1866 2048; x_wconf 74' lang='lat' dir='ltr'><strong>Codice</strong></span> 
     </span>
    </p>
   </div>
   <div class='ocr_carea' id='block_1_91' title="bbox 1076 2055 1871 2091">
    <p class='ocr_par' dir='ltr' id='par_1_91' title="bbox 1076 2055 1871 2091">
     <span class='ocr_line' id='line_1_91' title="bbox 1076 2055 1871 2091; baseline -0.001 -9"><span class='ocrx_word' id='word_1_633' title='bbox 1076 2055 1266 2091; x_wconf 86' lang='lat' dir='ltr'><strong>Theodosiano</strong></span> <span class='ocrx_word' id='word_1_634' title='bbox 1283 2056 1429 2090; x_wconf 79' lang='lat' dir='ltr'><strong>peculiaris</strong></span> <span class='ocrx_word' id='word_1_635' title='bbox 1443 2056 1541 2083; x_wconf 90' lang='lat' dir='ltr'><strong>titulus</strong></span> <span class='ocrx_word' id='word_1_636' title='bbox 1556 2061 1597 2083; x_wconf 88' lang='lat' dir='ltr'><strong>est</strong></span> <span class='ocrx_word' id='word_1_637' title='bbox 1615 2055 1654 2082; x_wconf 87' lang='lat' dir='ltr'><strong>De</strong></span> <span class='ocrx_word' id='word_1_638' title='bbox 1672 2056 1756 2082; x_wconf 77' lang='lat' dir='ltr'><strong>lucris</strong></span> <span class='ocrx_word' id='word_1_639' title='bbox 1777 2058 1871 2091; x_wconf 69' lang='grc' dir='ltr'>οῃῑιτὲο-</span> 
     </span>
    </p>
   </div>
   <div class='ocr_carea' id='block_1_92' title="bbox 1075 2090 1866 2126">
    <p class='ocr_par' dir='ltr' id='par_1_92' title="bbox 1075 2090 1866 2126">
     <span class='ocr_line' id='line_1_92' title="bbox 1075 2090 1866 2126; baseline 0 -9"><span class='ocrx_word' id='word_1_640' title='bbox 1075 2100 1144 2118; x_wconf 86' lang='lat' dir='ltr'><strong>rum.</strong></span> <span class='ocrx_word' id='word_1_641' title='bbox 1162 2090 1323 2124; x_wconf 75' lang='lat' dir='ltr'><strong>Huiusmodi</strong></span> <span class='ocrx_word' id='word_1_642' title='bbox 1345 2096 1419 2118; x_wconf 85' lang='lat' dir='ltr'><strong>certe</strong></span> <span class='ocrx_word' id='word_1_643' title='bbox 1433 2091 1711 2126; x_wconf 79' lang='lat' dir='ltr'><strong>ollicialesjudicum,</strong></span> <span class='ocrx_word' id='word_1_644' title='bbox 1728 2095 1784 2117; x_wconf 85' lang='lat' dir='ltr'><strong>tam</strong></span> <span class='ocrx_word' id='word_1_645' title='bbox 1801 2090 1866 2119; x_wconf 61' lang='lat' dir='ltr'><strong>m-</strong></span> 
     </span>
    </p>
   </div>
   <div class='ocr_carea' id='block_1_93' title="bbox 1074 2126 1865 2160">
    <p class='ocr_par' dir='ltr' id='par_1_93' title="bbox 1074 2126 1865 2160">
     <span class='ocr_line' id='line_1_93' title="bbox 1074 2126 1865 2160; baseline -0.001 -7"><span class='ocrx_word' id='word_1_646' title='bbox 1074 2127 1140 2153; x_wconf 90' lang='lat' dir='ltr'><strong>lium</strong></span> <span class='ocrx_word' id='word_1_647' title='bbox 1166 2133 1248 2160; x_wconf 90' lang='lat' dir='ltr'><strong>quam</strong></span> <span class='ocrx_word' id='word_1_648' title='bbox 1276 2126 1446 2158; x_wconf 86' lang='lat' dir='ltr'><strong>militarium,</strong></span> <span class='ocrx_word' id='word_1_649' title='bbox 1479 2126 1563 2152; x_wconf 88' lang='lat' dir='ltr'><strong>multa</strong></span> <span class='ocrx_word' id='word_1_650' title='bbox 1578 2127 1689 2160; x_wconf 65' lang='lat' dir='ltr'><strong>cxi-gere</strong></span> <span class='ocrx_word' id='word_1_651' title='bbox 1712 2127 1865 2153; x_wconf 74' lang='lat' dir='ltr'><strong>soleliauta</strong></span> 
     </span>
    </p>
   </div>
   <div class='ocr_carea' id='block_1_94' title="bbox 1074 2160 1866 2195">
    <p class='ocr_par' dir='ltr' id='par_1_94' title="bbox 1074 2160 1866 2195">
     <span class='ocr_line' id='line_1_94' title="bbox 1074 2160 1866 2195; baseline -0.001 -7"><span class='ocrx_word' id='word_1_652' title='bbox 1074 2161 1243 2195; x_wconf 73' lang='lat' dir='ltr'><strong>litigantibus</strong></span> <span class='ocrx_word' id='word_1_653' title='bbox 1273 2164 1318 2186; x_wconf 85' lang='lat' dir='ltr'><strong>aut</strong></span> <span class='ocrx_word' id='word_1_654' title='bbox 1341 2169 1355 2187; x_wconf 86' lang='lat' dir='ltr'><strong>a</strong></span> <span class='ocrx_word' id='word_1_655' title='bbox 1386 2161 1610 2195; x_wconf 84' lang='lat' dir='ltr'><strong>provincialibus.</strong></span> <span class='ocrx_word' id='word_1_656' title='bbox 1637 2160 1761 2188; x_wconf 88' lang='lat' dir='ltr'><strong>Onerosa</strong></span> <span class='ocrx_word' id='word_1_657' title='bbox 1779 2166 1866 2188; x_wconf 68' lang='lat' dir='ltr'><strong>tamen</strong></span> 
     </span>
    </p>
   </div>
   <div class='ocr_carea' id='block_1_95' title="bbox 1074 2195 1865 2230">
    <p class='ocr_par' dir='ltr' id='par_1_95' title="bbox 1074 2195 1865 2230">
     <span class='ocr_line' id='line_1_95' title="bbox 1074 2195 1865 2230; baseline -0.003 -6"><span class='ocrx_word' id='word_1_658' title='bbox 1074 2197 1124 2224; x_wconf 81' lang='lat' dir='ltr'><strong>fuit</strong></span> <span class='ocrx_word' id='word_1_659' title='bbox 1139 2197 1195 2223; x_wconf 64' lang='lat' dir='ltr'><strong>haec</strong></span> <span class='ocrx_word' id='word_1_660' title='bbox 1214 2195 1330 2222; x_wconf 86' lang='lat' dir='ltr'><strong>militia:</strong></span> <span class='ocrx_word' id='word_1_661' title='bbox 1348 2197 1464 2230; x_wconf 87' lang='lat' dir='ltr'><strong>primum</strong></span> <span class='ocrx_word' id='word_1_662' title='bbox 1494 2196 1522 2222; x_wconf 93' lang='lat' dir='ltr'><strong>in</strong></span> <span class='ocrx_word' id='word_1_663' title='bbox 1550 2204 1582 2223; x_wconf 88' lang='lat' dir='ltr'><strong>eo</strong></span> <span class='ocrx_word' id='word_1_664' title='bbox 1595 2195 1668 2230; x_wconf 88' lang='lat' dir='ltr'><strong>quod</strong></span> <span class='ocrx_word' id='word_1_665' title='bbox 1695 2198 1801 2223; x_wconf 76' lang='lat' dir='ltr'><strong>novelli</strong></span> <span class='ocrx_word' id='word_1_666' title='bbox 1822 2197 1865 2230; x_wconf 89' lang='lat' dir='ltr'><strong>qui</strong></span> 
     </span>
    </p>
   </div>
   <div class='ocr_carea' id='block_1_96' title="bbox 1073 2230 1866 2266">
    <p class='ocr_par' dir='ltr' id='par_1_96' title="bbox 1073 2230 1866 2266">
     <span class='ocr_line' id='line_1_96' title="bbox 1073 2230 1866 2266; baseline -0.003 -7"><span class='ocrx_word' id='word_1_667' title='bbox 1073 2232 1180 2266; x_wconf 86' lang='lat' dir='ltr'><strong>corpori</strong></span> <span class='ocrx_word' id='word_1_668' title='bbox 1196 2238 1244 2258; x_wconf 86' lang='lat' dir='ltr'><strong>seu</strong></span> <span class='ocrx_word' id='word_1_669' title='bbox 1261 2231 1373 2264; x_wconf 75' lang='lat' dir='ltr'><strong>collegio</strong></span> <span class='ocrx_word' id='word_1_670' title='bbox 1388 2230 1542 2258; x_wconf 80' lang='lat' dir='ltr'><strong>ollicialium</strong></span> <span class='ocrx_word' id='word_1_671' title='bbox 1561 2231 1787 2261; x_wconf 78' lang='lat' dir='ltr'><strong>ascrihebautur,</strong></span> <span class='ocrx_word' id='word_1_672' title='bbox 1812 2241 1866 2257; x_wconf 85' lang='grc' dir='ltr'>ιιιιι-</span> 
     </span>
    </p>
   </div>
   <div class='ocr_carea' id='block_1_97' title="bbox 238 2264 1864 2305">
    <p class='ocr_par' dir='ltr' id='par_1_97' title="bbox 238 2264 1864 2305">
     <span class='ocr_line' id='line_1_97' title="bbox 238 2264 1864 2305; baseline 0.001 -14"><span class='ocrx_word' id='word_1_673' title='bbox 238 2265 314 2305; x_wconf 64' lang='lat' dir='ltr'><strong>urbis</strong></span> <span class='ocrx_word' id='word_1_674' title='bbox 328 2264 861 2305; x_wconf 25' lang='lat' dir='ltr'><strong>Cecsai-i-mcappadocia:loquitur&#39;etliiam</strong></span> <span class='ocrx_word' id='word_1_675' title='bbox 875 2265 1023 2305; x_wconf 54' lang='lat' dir='ltr'><strong>Grcgorjps</strong></span> <span class='ocrx_word' id='word_1_676' title='bbox 1039 2271 1062 2300; x_wconf 77' lang='grc' dir='ltr'>ι)</span> <span class='ocrx_word' id='word_1_677' title='bbox 1077 2264 1149 2305; x_wconf 76' lang='lat' dir='ltr'><strong>neris</strong></span> <span class='ocrx_word' id='word_1_678' title='bbox 1164 2274 1211 2293; x_wconf 85' lang='lat' dir='ltr'><strong>seu</strong></span> <span class='ocrx_word' id='word_1_679' title='bbox 1233 2266 1362 2305; x_wconf 74' lang='lat' dir='ltr'><strong>sportula:</strong></span> <span class='ocrx_word' id='word_1_680' title='bbox 1376 2266 1436 2292; x_wconf 90' lang='lat' dir='ltr'><strong>loco</strong></span> <span class='ocrx_word' id='word_1_681' title='bbox 1447 2265 1582 2305; x_wconf 66' lang='lat' dir='ltr'><strong>grandem</strong></span> <span class='ocrx_word' id='word_1_682' title='bbox 1595 2266 1748 2305; x_wconf 78' lang='lat' dir='ltr'><strong>pecuniam</strong></span> <span class='ocrx_word' id='word_1_683' title='bbox 1768 2267 1864 2293; x_wconf 72' lang='lat' dir='ltr'><strong>inferre</strong></span> 
     </span>
    </p>
   </div>
   <div class='ocr_carea' id='block_1_98' title="bbox 236 2299 1020 2333">
    <p class='ocr_par' dir='ltr' id='par_1_98' title="bbox 236 2299 1020 2333">
     <span class='ocr_line' id='line_1_98' title="bbox 236 2299 1020 2333; baseline -0.003 -7"><span class='ocrx_word' id='word_1_684' title='bbox 236 2299 425 2326; x_wconf 64' lang='lat' dir='ltr'><strong>Nazianzenus</strong></span> <span class='ocrx_word' id='word_1_685' title='bbox 441 2300 467 2326; x_wconf 88' lang='lat' dir='ltr'><strong>in</strong></span> <span class='ocrx_word' id='word_1_686' title='bbox 482 2299 611 2326; x_wconf 82' lang='lat' dir='ltr'><strong>luvecliva</strong></span> <span class='ocrx_word' id='word_1_687' title='bbox 626 2300 712 2333; x_wconf 86' lang='lat' dir='ltr'><strong>priore</strong></span> <span class='ocrx_word' id='word_1_688' title='bbox 727 2300 752 2326; x_wconf 85' lang='lat' dir='ltr'><strong>in</strong></span> <span class='ocrx_word' id='word_1_689' title='bbox 766 2299 913 2331; x_wconf 79' lang='lat' dir='ltr'><strong>Juliammt,</strong></span> <span class='ocrx_word' id='word_1_690' title='bbox 934 2307 958 2333; x_wconf 88' lang='lat' dir='ltr'><strong>p.</strong></span> <span class='ocrx_word' id='word_1_691' title='bbox 971 2299 999 2325; x_wconf 88' lang='lat'><strong>9|</strong></span> <span class='ocrx_word' id='word_1_692' title='bbox 1014 2308 1020 2330; x_wconf 92' lang='lat'>;</span> 
     </span>
    </p>
   </div>
   <div class='ocr_carea' id='block_1_99' title="bbox 237 2334 1022 2369">
    <p class='ocr_par' dir='ltr' id='par_1_99' title="bbox 237 2334 1022 2369">
     <span class='ocr_line' id='line_1_99' title="bbox 237 2334 1022 2369; baseline -0.001 -8"><span class='ocrx_word' id='word_1_693' title='bbox 237 2338 264 2361; x_wconf 84' lang='lat' dir='ltr'><strong>ct</strong></span> <span class='ocrx_word' id='word_1_694' title='bbox 279 2334 306 2359; x_wconf 90' lang='lat' dir='ltr'><strong>in</strong></span> <span class='ocrx_word' id='word_1_695' title='bbox 327 2335 451 2361; x_wconf 86' lang='lat' dir='ltr'><strong>oratione</strong></span> <span class='ocrx_word' id='word_1_696' title='bbox 469 2335 509 2364; x_wconf 85' lang='lat' dir='ltr'><strong>l9.</strong></span> <span class='ocrx_word' id='word_1_697' title='bbox 527 2342 553 2368; x_wconf 87' lang='lat' dir='ltr'><strong>p.</strong></span> <span class='ocrx_word' id='word_1_698' title='bbox 573 2335 633 2362; x_wconf 79' lang='lat'><strong>309.</strong></span> <span class='ocrx_word' id='word_1_699' title='bbox 655 2334 720 2361; x_wconf 82' lang='lat' dir='ltr'><strong>Vide</strong></span> <span class='ocrx_word' id='word_1_700' title='bbox 741 2343 801 2369; x_wconf 65' lang='lat' dir='ltr'><strong>qum</strong></span> <span class='ocrx_word' id='word_1_701' title='bbox 815 2335 912 2369; x_wconf 86' lang='lat' dir='ltr'><strong>scripsi</strong></span> <span class='ocrx_word' id='word_1_702' title='bbox 929 2335 956 2361; x_wconf 92' lang='lat' dir='ltr'><strong>in</strong></span> <span class='ocrx_word' id='word_1_703' title='bbox 972 2341 1022 2360; x_wconf 84' lang='lat' dir='ltr'><strong>an-</strong></span> 
     </span>
    </p>
   </div>
   <div class='ocr_carea' id='block_1_100' title="bbox 238 2369 610 2397">
    <p class='ocr_par' dir='ltr' id='par_1_100' title="bbox 238 2369 610 2397">
     <span class='ocr_line' id='line_1_100' title="bbox 238 2369 610 2397; baseline 0.005 -3"><span class='ocrx_word' id='word_1_704' title='bbox 238 2370 427 2396; x_wconf 88' lang='lat' dir='ltr'><strong>notationibus</strong></span> <span class='ocrx_word' id='word_1_705' title='bbox 438 2369 610 2397; x_wconf 87' lang='lat' dir='ltr'><strong>Eusebianis.</strong></span> 
     </span>
    </p>
   </div>
   <div class='ocr_carea' id='block_1_101' title="bbox 274 2404 1023 2439">
    <p class='ocr_par' dir='ltr' id='par_1_101' title="bbox 274 2404 1023 2439">
     <span class='ocr_line' id='line_1_101' title="bbox 274 2404 1023 2439; baseline 0 -10"><span class='ocrx_word' id='word_1_706' title='bbox 274 2404 328 2439; x_wconf 75' lang='lat'><strong>(67)</strong></span> <span class='ocrx_word' id='word_1_707' title='bbox 351 2405 527 2438; x_wconf 77' lang='grc' dir='ltr'>Δαπανηρὸν</span> <span class='ocrx_word' id='word_1_708' title='bbox 548 2405 596 2431; x_wconf 79' lang='grc' dir='ltr'>καὶ</span> <span class='ocrx_word' id='word_1_709' title='bbox 611 2405 827 2430; x_wconf 72' lang='grc' dir='ltr'>ἐπονείδιστον.</span> <span class='ocrx_word' id='word_1_710' title='bbox 847 2404 902 2431; x_wconf 88' lang='lat' dir='ltr'><strong>Cur</strong></span> <span class='ocrx_word' id='word_1_711' title='bbox 917 2404 1023 2430; x_wconf 67' lang='grc' dir='ltr'>ἐπονεί-</span> 
     </span>
    </p>
   </div>
   <div class='ocr_carea' id='block_1_102' title="bbox 237 2437 1021 2474">
    <p class='ocr_par' dir='ltr' id='par_1_102' title="bbox 237 2437 1021 2474">
     <span class='ocr_line' id='line_1_102' title="bbox 237 2437 1021 2474; baseline -0.001 -9"><span class='ocrx_word' id='word_1_712' title='bbox 237 2437 336 2469; x_wconf 77' lang='grc' dir='ltr'>διστον,</span> <span class='ocrx_word' id='word_1_713' title='bbox 350 2440 376 2466; x_wconf 91' lang='lat' dir='ltr'><strong>id</strong></span> <span class='ocrx_word' id='word_1_714' title='bbox 392 2444 433 2466; x_wconf 84' lang='lat' dir='ltr'><strong>est</strong></span> <span class='ocrx_word' id='word_1_715' title='bbox 443 2437 494 2466; x_wconf 84' lang='lat' dir='ltr'><strong>vile</strong></span> <span class='ocrx_word' id='word_1_716' title='bbox 505 2447 536 2466; x_wconf 87' lang='lat' dir='ltr'><strong>ac</strong></span> <span class='ocrx_word' id='word_1_717' title='bbox 549 2441 710 2474; x_wconf 84' lang='lat' dir='ltr'><strong>probrosum</strong></span> <span class='ocrx_word' id='word_1_718' title='bbox 724 2440 862 2466; x_wconf 84' lang='lat' dir='ltr'><strong>vocaverit</strong></span> <span class='ocrx_word' id='word_1_719' title='bbox 879 2440 928 2466; x_wconf 79' lang='lat' dir='ltr'><strong>hoc</strong></span> <span class='ocrx_word' id='word_1_720' title='bbox 937 2447 1021 2473; x_wconf 78' lang='lat' dir='ltr'><strong>genus</strong></span> 
     </span>
    </p>
   </div>
   <div class='ocr_carea' id='block_1_103' title="bbox 239 2474 1021 2509">
    <p class='ocr_par' dir='ltr' id='par_1_103' title="bbox 239 2474 1021 2509">
     <span class='ocr_line' id='line_1_103' title="bbox 239 2474 1021 2509; baseline 0 -9"><span class='ocrx_word' id='word_1_721' title='bbox 239 2474 353 2509; x_wconf 65' lang='lat' dir='ltr'><strong>militia),</strong></span> <span class='ocrx_word' id='word_1_722' title='bbox 378 2475 444 2502; x_wconf 81' lang='lat' dir='ltr'><strong>satis</strong></span> <span class='ocrx_word' id='word_1_723' title='bbox 477 2475 607 2509; x_wconf 75' lang='lat' dir='ltr'><strong>intelligo.</strong></span> <span class='ocrx_word' id='word_1_724' title='bbox 627 2474 735 2507; x_wconf 76' lang='lat' dir='ltr'><strong>Triplex</strong></span> <span class='ocrx_word' id='word_1_725' title='bbox 753 2474 824 2500; x_wconf 86' lang='lat' dir='ltr'><strong>enim</strong></span> <span class='ocrx_word' id='word_1_726' title='bbox 855 2474 906 2500; x_wconf 84' lang='lat' dir='ltr'><strong>i&#39;uit</strong></span> <span class='ocrx_word' id='word_1_727' title='bbox 924 2474 1021 2500; x_wconf 80' lang='lat' dir='ltr'><strong>militia</strong></span> 
     </span>
    </p>
   </div>
   <div class='ocr_carea' id='block_1_104' title="bbox 238 2508 1016 2543">
    <p class='ocr_par' dir='ltr' id='par_1_104' title="bbox 238 2508 1016 2543">
     <span class='ocr_line' id='line_1_104' title="bbox 238 2508 1016 2543; baseline 0.001 -11"><span class='ocrx_word' id='word_1_728' title='bbox 238 2508 307 2541; x_wconf 85' lang='lat' dir='ltr'><strong>apud</strong></span> <span class='ocrx_word' id='word_1_729' title='bbox 323 2509 470 2536; x_wconf 77' lang='lat' dir='ltr'><strong>Romanos.</strong></span> <span class='ocrx_word' id='word_1_730' title='bbox 483 2508 575 2536; x_wconf 73' lang='lat' dir='ltr'><strong>Prima</strong></span> <span class='ocrx_word' id='word_1_731' title='bbox 590 2513 617 2536; x_wconf 75' lang='lat' dir='ltr'><strong>et</strong></span> <span class='ocrx_word' id='word_1_732' title='bbox 644 2509 855 2536; x_wconf 73' lang='lat' dir='ltr'><strong>honoratissimo</strong></span> <span class='ocrx_word' id='word_1_733' title='bbox 881 2514 921 2535; x_wconf 70' lang='lat' dir='ltr'><strong>cst</strong></span> <span class='ocrx_word' id='word_1_734' title='bbox 943 2510 1016 2543; x_wconf 83' lang='lat' dir='ltr'><strong>pala-</strong></span> 
     </span>
    </p>
   </div>
   <div class='ocr_carea' id='block_1_105' title="bbox 239 2543 1016 2578">
    <p class='ocr_par' dir='ltr' id='par_1_105' title="bbox 239 2543 1016 2578">
     <span class='ocr_line' id='line_1_105' title="bbox 239 2543 1016 2578; baseline 0 -10"><span class='ocrx_word' id='word_1_735' title='bbox 239 2543 303 2574; x_wconf 85' lang='lat' dir='ltr'><strong>tina,</strong></span> <span class='ocrx_word' id='word_1_736' title='bbox 328 2553 420 2571; x_wconf 86' lang='lat' dir='ltr'><strong>eorum</strong></span> <span class='ocrx_word' id='word_1_737' title='bbox 441 2545 544 2571; x_wconf 80' lang='lat' dir='ltr'><strong>scilicet</strong></span> <span class='ocrx_word' id='word_1_738' title='bbox 559 2544 604 2578; x_wconf 82' lang='lat' dir='ltr'><strong>qui</strong></span> <span class='ocrx_word' id='word_1_739' title='bbox 621 2544 647 2570; x_wconf 89' lang='lat' dir='ltr'><strong>in</strong></span> <span class='ocrx_word' id='word_1_740' title='bbox 661 2544 761 2578; x_wconf 80' lang='lat' dir='ltr'><strong>palatio</strong></span> <span class='ocrx_word' id='word_1_741' title='bbox 783 2544 944 2570; x_wconf 80' lang='lat' dir='ltr'><strong>militabant.</strong></span> <span class='ocrx_word' id='word_1_742' title='bbox 968 2544 1016 2570; x_wconf 79' lang='lat' dir='ltr'><strong>Sc-</strong></span> 
     </span>
    </p>
   </div>
   <div class='ocr_carea' id='block_1_106' title="bbox 238 2578 1015 2607">
    <p class='ocr_par' dir='ltr' id='par_1_106' title="bbox 238 2578 1015 2607">
     <span class='ocr_line' id='line_1_106' title="bbox 238 2578 1015 2607; baseline -0.003 -3"><span class='ocrx_word' id='word_1_743' title='bbox 238 2579 325 2605; x_wconf 86' lang='lat' dir='ltr'><strong>cunda</strong></span> <span class='ocrx_word' id='word_1_744' title='bbox 338 2579 546 2607; x_wconf 76' lang='lat' dir='ltr'><strong>fuitcastrensis</strong></span> <span class='ocrx_word' id='word_1_745' title='bbox 556 2579 613 2606; x_wconf 85' lang='lat' dir='ltr'><strong>sive</strong></span> <span class='ocrx_word' id='word_1_746' title='bbox 626 2583 739 2606; x_wconf 84' lang='lat' dir='ltr'><strong>armata.</strong></span> <span class='ocrx_word' id='word_1_747' title='bbox 752 2578 842 2606; x_wconf 80' lang='lat' dir='ltr'><strong>Tertia</strong></span> <span class='ocrx_word' id='word_1_748' title='bbox 854 2578 904 2605; x_wconf 83' lang='lat' dir='ltr'><strong>fuit</strong></span> <span class='ocrx_word' id='word_1_749' title='bbox 917 2579 1015 2605; x_wconf 85' lang='lat' dir='ltr'><strong>cohor-</strong></span> 
     </span>
    </p>
   </div>
   <div class='ocr_carea' id='block_1_107' title="bbox 1076 2301 1863 2336">
    <p class='ocr_par' dir='ltr' id='par_1_107' title="bbox 1076 2301 1863 2336">
     <span class='ocr_line' id='line_1_107' title="bbox 1076 2301 1863 2336; baseline -0.003 -7"><span class='ocrx_word' id='word_1_750' title='bbox 1076 2302 1243 2336; x_wconf 76' lang='lat' dir='ltr'><strong>cogcbantur</strong></span> <span class='ocrx_word' id='word_1_751' title='bbox 1259 2301 1284 2336; x_wconf 83' lang='lat' dir='ltr'><strong>in</strong></span> <span class='ocrx_word' id='word_1_752' title='bbox 1298 2308 1388 2327; x_wconf 86' lang='lat' dir='ltr'><strong>arcam</strong></span> <span class='ocrx_word' id='word_1_753' title='bbox 1411 2301 1517 2336; x_wconf 81' lang='lat' dir='ltr'><strong>collegii</strong></span> <span class='ocrx_word' id='word_1_754' title='bbox 1533 2309 1540 2334; x_wconf 85' lang='lat'><strong>;</strong></span> <span class='ocrx_word' id='word_1_755' title='bbox 1559 2301 1659 2327; x_wconf 84' lang='lat' dir='ltr'><strong>deinde</strong></span> <span class='ocrx_word' id='word_1_756' title='bbox 1686 2301 1714 2327; x_wconf 90' lang='lat' dir='ltr'><strong>in</strong></span> <span class='ocrx_word' id='word_1_757' title='bbox 1736 2308 1769 2328; x_wconf 88' lang='lat' dir='ltr'><strong>eo</strong></span> <span class='ocrx_word' id='word_1_758' title='bbox 1797 2302 1863 2336; x_wconf 82' lang='lat' dir='ltr'><strong>quod</strong></span> 
     </span>
    </p>
   </div>
   <div class='ocr_carea' id='block_1_108' title="bbox 1076 2335 1862 2370">
    <p class='ocr_par' dir='ltr' id='par_1_108' title="bbox 1076 2335 1862 2370">
     <span class='ocr_line' id='line_1_108' title="bbox 1076 2335 1862 2370; baseline -0.003 -6"><span class='ocrx_word' id='word_1_759' title='bbox 1076 2335 1225 2364; x_wconf 81' lang='lat' dir='ltr'><strong>sententias</strong></span> <span class='ocrx_word' id='word_1_760' title='bbox 1238 2335 1361 2370; x_wconf 70' lang='lat' dir='ltr'><strong>indicum</strong></span> <span class='ocrx_word' id='word_1_761' title='bbox 1376 2339 1402 2362; x_wconf 85' lang='lat' dir='ltr'><strong>et</strong></span> <span class='ocrx_word' id='word_1_762' title='bbox 1414 2339 1547 2370; x_wconf 68' lang='lat' dir='ltr'><strong>praecepta</strong></span> <span class='ocrx_word' id='word_1_763' title='bbox 1569 2336 1769 2370; x_wconf 86' lang='lat' dir='ltr'><strong>imperatorum</strong></span> <span class='ocrx_word' id='word_1_764' title='bbox 1790 2345 1862 2363; x_wconf 66' lang='lat' dir='ltr'><strong>exsc-</strong></span> 
     </span>
    </p>
   </div>
   <div class='ocr_carea' id='block_1_109' title="bbox 1047 2370 1862 2405">
    <p class='ocr_par' dir='ltr' id='par_1_109' title="bbox 1047 2370 1862 2405">
     <span class='ocr_line' id='line_1_109' title="bbox 1047 2370 1862 2405; baseline 0.001 -9"><span class='ocrx_word' id='word_1_765' title='bbox 1047 2392 1049 2396; x_wconf 69' lang='lat'><strong>,</strong></span> <span class='ocrx_word' id='word_1_766' title='bbox 1075 2372 1177 2398; x_wconf 89' lang='lat' dir='ltr'><strong>cutioni</strong></span> <span class='ocrx_word' id='word_1_767' title='bbox 1193 2370 1356 2397; x_wconf 85' lang='lat' dir='ltr'><strong>mandabant</strong></span> <span class='ocrx_word' id='word_1_768' title='bbox 1370 2378 1419 2397; x_wconf 89' lang='lat' dir='ltr'><strong>suo</strong></span> <span class='ocrx_word' id='word_1_769' title='bbox 1436 2371 1568 2405; x_wconf 86' lang='lat' dir='ltr'><strong>periculo,</strong></span> <span class='ocrx_word' id='word_1_770' title='bbox 1592 2371 1618 2398; x_wconf 91' lang='lat' dir='ltr'><strong>id</strong></span> <span class='ocrx_word' id='word_1_771' title='bbox 1634 2376 1677 2398; x_wconf 87' lang='lat' dir='ltr'><strong>est</strong></span> <span class='ocrx_word' id='word_1_772' title='bbox 1690 2371 1769 2405; x_wconf 84' lang='lat' dir='ltr'><strong>gravi</strong></span> <span class='ocrx_word' id='word_1_773' title='bbox 1785 2373 1862 2397; x_wconf 78' lang='lat' dir='ltr'><strong>multa</strong></span> 
     </span>
    </p>
   </div>
   <div class='ocr_carea' id='block_1_110' title="bbox 1076 2405 1862 2441">
    <p class='ocr_par' dir='ltr' id='par_1_110' title="bbox 1076 2405 1862 2441">
     <span class='ocr_line' id='line_1_110' title="bbox 1076 2405 1862 2441; baseline -0.001 -9"><span class='ocrx_word' id='word_1_774' title='bbox 1076 2406 1216 2441; x_wconf 82' lang='lat' dir='ltr'><strong>puniendi.</strong></span> <span class='ocrx_word' id='word_1_775' title='bbox 1233 2406 1285 2432; x_wconf 86' lang='lat' dir='ltr'><strong>nisi</strong></span> <span class='ocrx_word' id='word_1_776' title='bbox 1305 2406 1470 2440; x_wconf 89' lang='lat' dir='ltr'><strong>paruissent.</strong></span> <span class='ocrx_word' id='word_1_777' title='bbox 1491 2405 1560 2432; x_wconf 89' lang='lat' dir='ltr'><strong>llinc</strong></span> <span class='ocrx_word' id='word_1_778' title='bbox 1576 2406 1604 2432; x_wconf 92' lang='lat' dir='ltr'><strong>in</strong></span> <span class='ocrx_word' id='word_1_779' title='bbox 1623 2405 1728 2432; x_wconf 84' lang='lat' dir='ltr'><strong>Codice</strong></span> <span class='ocrx_word' id='word_1_780' title='bbox 1741 2405 1862 2433; x_wconf 78' lang='lat' dir='ltr'><strong>Theodo-</strong></span> 
     </span>
    </p>
   </div>
   <div class='ocr_carea' id='block_1_111' title="bbox 1074 2441 1861 2476">
    <p class='ocr_par' dir='ltr' id='par_1_111' title="bbox 1074 2441 1861 2476">
     <span class='ocr_line' id='line_1_111' title="bbox 1074 2441 1861 2476; baseline -0.004 -8"><span class='ocrx_word' id='word_1_781' title='bbox 1074 2442 1151 2468; x_wconf 87' lang='lat' dir='ltr'><strong>siano</strong></span> <span class='ocrx_word' id='word_1_782' title='bbox 1166 2442 1246 2467; x_wconf 86' lang='lat' dir='ltr'><strong>toties</strong></span> <span class='ocrx_word' id='word_1_783' title='bbox 1260 2441 1410 2475; x_wconf 78' lang='lat' dir='ltr'><strong>aseriptum</strong></span> <span class='ocrx_word' id='word_1_784' title='bbox 1422 2441 1522 2476; x_wconf 75' lang='lat' dir='ltr'><strong>legitur</strong></span> <span class='ocrx_word' id='word_1_785' title='bbox 1534 2441 1639 2475; x_wconf 80' lang='lat' dir='ltr'><strong>legibus</strong></span> <span class='ocrx_word' id='word_1_786' title='bbox 1657 2441 1861 2475; x_wconf 64' lang='lat' dir='ltr'><strong>imperatorum,</strong></span> 
     </span>
    </p>
   </div>
   <div class='ocr_carea' id='block_1_112' title="bbox 1074 2476 1860 2510">
    <p class='ocr_par' dir='ltr' id='par_1_112' title="bbox 1074 2476 1860 2510">
     <span class='ocr_line' id='line_1_112' title="bbox 1074 2476 1860 2510; baseline -0.001 -7"><span class='ocrx_word' id='word_1_787' title='bbox 1074 2481 1103 2503; x_wconf 90' lang='lat' dir='ltr'><strong>ut</strong></span> <span class='ocrx_word' id='word_1_788' title='bbox 1121 2476 1238 2503; x_wconf 84' lang='lat' dir='ltr'><strong>cilicium</strong></span> <span class='ocrx_word' id='word_1_789' title='bbox 1256 2476 1401 2510; x_wconf 62' lang='lat' dir='ltr'><strong>praesidum</strong></span> <span class='ocrx_word' id='word_1_790' title='bbox 1415 2477 1508 2503; x_wconf 84' lang='lat' dir='ltr'><strong>decem</strong></span> <span class='ocrx_word' id='word_1_791' title='bbox 1525 2480 1570 2502; x_wconf 86' lang='lat' dir='ltr'><strong>aut</strong></span> <span class='ocrx_word' id='word_1_792' title='bbox 1591 2477 1686 2510; x_wconf 85' lang='lat' dir='ltr'><strong>plures</strong></span> <span class='ocrx_word' id='word_1_793' title='bbox 1706 2477 1766 2502; x_wconf 92' lang='lat' dir='ltr'><strong>auri</strong></span> <span class='ocrx_word' id='word_1_794' title='bbox 1785 2478 1860 2502; x_wconf 68' lang='lat' dir='ltr'><strong>libras</strong></span> 
     </span>
    </p>
   </div>
   <div class='ocr_carea' id='block_1_113' title="bbox 1074 2511 1860 2546">
    <p class='ocr_par' dir='ltr' id='par_1_113' title="bbox 1074 2511 1860 2546">
     <span class='ocr_line' id='line_1_113' title="bbox 1074 2511 1860 2546; baseline -0.003 -8"><span class='ocrx_word' id='word_1_795' title='bbox 1074 2512 1138 2538; x_wconf 84' lang='lat' dir='ltr'><strong>ﬁsco</strong></span> <span class='ocrx_word' id='word_1_796' title='bbox 1163 2511 1264 2538; x_wconf 84' lang='lat' dir='ltr'><strong>inferre</strong></span> <span class='ocrx_word' id='word_1_797' title='bbox 1285 2515 1407 2544; x_wconf 78' lang='lat' dir='ltr'><strong>cogatur,</strong></span> <span class='ocrx_word' id='word_1_798' title='bbox 1435 2511 1459 2538; x_wconf 87' lang='lat' dir='ltr'><strong>si</strong></span> <span class='ocrx_word' id='word_1_799' title='bbox 1489 2511 1628 2546; x_wconf 85' lang='lat' dir='ltr'><strong>quidpiam</strong></span> <span class='ocrx_word' id='word_1_800' title='bbox 1655 2516 1753 2538; x_wconf 79' lang='lat' dir='ltr'><strong>contra</strong></span> <span class='ocrx_word' id='word_1_801' title='bbox 1785 2512 1860 2546; x_wconf 77' lang='lat' dir='ltr'><strong>legem</strong></span> 
     </span>
    </p>
   </div>
   <div class='ocr_carea' id='block_1_114' title="bbox 1071 2545 1385 2581">
    <p class='ocr_par' dir='ltr' id='par_1_114' title="bbox 1071 2545 1385 2581">
     <span class='ocr_line' id='line_1_114' title="bbox 1071 2545 1385 2581; baseline -0.006 -8"><span class='ocrx_word' id='word_1_802' title='bbox 1071 2546 1160 2574; x_wconf 83' lang='lat' dir='ltr'><strong>facere</strong></span> <span class='ocrx_word' id='word_1_803' title='bbox 1175 2545 1385 2581; x_wconf 44' lang='lat' dir='ltr'><strong>praismupscrit.</strong></span> 
     </span>
    </p>
   </div>
   <div class='ocr_carea' id='block_1_115' title="bbox 959 2667 1146 2696">
    <p class='ocr_par' dir='ltr' id='par_1_115' title="bbox 959 2667 1146 2696">
     <span class='ocr_line' id='line_1_115' title="bbox 959 2667 1146 2696; baseline 0.005 -1"><span class='ocrx_word' id='word_1_804' title='bbox 959 2667 1146 2696; x_wconf 73' lang='lat' dir='ltr'><strong>VARIOItl‘M.</strong></span> 
     </span>
    </p>
   </div>
   <div class='ocr_carea' id='block_1_116' title="bbox 273 2725 1021 2759">
    <p class='ocr_par' dir='ltr' id='par_1_116' title="bbox 273 2725 1021 2759">
     <span class='ocr_line' id='line_1_116' title="bbox 273 2725 1021 2759; baseline -0.001 -7"><span class='ocrx_word' id='word_1_805' title='bbox 273 2725 282 2744; x_wconf 71' lang='grc'>⁸</span> <span class='ocrx_word' id='word_1_806' title='bbox 305 2725 370 2752; x_wconf 75' lang='grc' dir='ltr'><strong>Ἐπὶ</strong></span> <span class='ocrx_word' id='word_1_807' title='bbox 387 2725 538 2752; x_wconf 77' lang='grc' dir='ltr'>Κλαυδίου</span> <span class='ocrx_word' id='word_1_808' title='bbox 559 2725 716 2759; x_wconf 77' lang='grc' dir='ltr'>Καίσαρος.</span> <span class='ocrx_word' id='word_1_809' title='bbox 742 2726 762 2751; x_wconf 81' lang='grc' dir='ltr'>Α</span> <span class='ocrx_word' id='word_1_810' title='bbox 779 2725 890 2752; x_wconf 90' lang='lat' dir='ltr'><strong>Tiberio</strong></span> <span class='ocrx_word' id='word_1_811' title='bbox 911 2725 1021 2759; x_wconf 88' lang='lat' dir='ltr'><strong>imposi-</strong></span> 
     </span>
    </p>
   </div>
   <div class='ocr_carea' id='block_1_117' title="bbox 220 2759 1020 2795">
    <p class='ocr_par' dir='ltr' id='par_1_117' title="bbox 220 2759 1020 2795">
     <span class='ocr_line' id='line_1_117' title="bbox 220 2759 1020 2795; baseline -0.003 -8"><span class='ocrx_word' id='word_1_812' title='bbox 220 2760 226 2764; x_wconf 76' lang='grc'><em>“</em></span> <span class='ocrx_word' id='word_1_813' title='bbox 237 2764 292 2787; x_wconf 92' lang='lat' dir='ltr'><strong>lum</strong></span> <span class='ocrx_word' id='word_1_814' title='bbox 303 2760 328 2786; x_wconf 89' lang='lat' dir='ltr'><strong>id</strong></span> <span class='ocrx_word' id='word_1_815' title='bbox 341 2768 449 2792; x_wconf 79' lang='lat' dir='ltr'><strong>nomen,</strong></span> <span class='ocrx_word' id='word_1_816' title='bbox 461 2769 543 2795; x_wconf 75' lang='lat' dir='ltr'><strong>regno</strong></span> <span class='ocrx_word' id='word_1_817' title='bbox 553 2761 678 2787; x_wconf 83' lang='lat' dir='ltr'><strong>Archelai</strong></span> <span class='ocrx_word' id='word_1_818' title='bbox 689 2762 715 2787; x_wconf 91' lang='lat' dir='ltr'><strong>in</strong></span> <span class='ocrx_word' id='word_1_819' title='bbox 726 2760 892 2794; x_wconf 90' lang='lat' dir='ltr'><strong>provinciam</strong></span> <span class='ocrx_word' id='word_1_820' title='bbox 900 2759 1020 2790; x_wconf 84' lang='lat' dir='ltr'><strong>redacto,</strong></span> 
     </span>
    </p>
   </div>
   <div class='ocr_carea' id='block_1_118' title="bbox 235 2794 1020 2823">
    <p class='ocr_par' dir='ltr' id='par_1_118' title="bbox 235 2794 1020 2823">
     <span class='ocr_line' id='line_1_118' title="bbox 235 2794 1020 2823; baseline 0 -1"><span class='ocrx_word' id='word_1_821' title='bbox 235 2795 337 2822; x_wconf 89' lang='lat' dir='ltr'><strong>diserte</strong></span> <span class='ocrx_word' id='word_1_822' title='bbox 364 2795 447 2822; x_wconf 87' lang='lat' dir='ltr'><strong>tradit</strong></span> <span class='ocrx_word' id='word_1_823' title='bbox 475 2794 609 2823; x_wconf 81' lang='lat' dir='ltr'><strong>Eusebius</strong></span> <span class='ocrx_word' id='word_1_824' title='bbox 636 2796 663 2822; x_wconf 94' lang='lat' dir='ltr'><strong>in</strong></span> <span class='ocrx_word' id='word_1_825' title='bbox 678 2795 818 2822; x_wconf 70' lang='lat' dir='ltr'><strong>Clu-unico.</strong></span> <span class='ocrx_word' id='word_1_826' title='bbox 834 2795 924 2822; x_wconf 73' lang='lat' dir='ltr'><strong>Causa</strong></span> <span class='ocrx_word' id='word_1_827' title='bbox 940 2794 1020 2822; x_wconf 88' lang='lat' dir='ltr'><strong>istius</strong></span> 
     </span>
    </p>
   </div>
   <div class='ocr_carea' id='block_1_119' title="bbox 235 2830 1021 2866">
    <p class='ocr_par' dir='ltr' id='par_1_119' title="bbox 235 2830 1021 2866">
     <span class='ocr_line' id='line_1_119' title="bbox 235 2830 1021 2866; baseline -0.005 -7"><span class='ocrx_word' id='word_1_828' title='bbox 235 2830 336 2858; x_wconf 78' lang='lat' dir='ltr'><strong>erroris</strong></span> <span class='ocrx_word' id='word_1_829' title='bbox 355 2839 385 2858; x_wconf 87' lang='lat' dir='ltr'><strong>e.\</strong></span> <span class='ocrx_word' id='word_1_830' title='bbox 404 2831 541 2858; x_wconf 87' lang='lat' dir='ltr'><strong>communi</strong></span> <span class='ocrx_word' id='word_1_831' title='bbox 563 2832 668 2866; x_wconf 78' lang='lat' dir='ltr'><strong>utrique</strong></span> <span class='ocrx_word' id='word_1_832' title='bbox 683 2831 784 2858; x_wconf 66' lang='lat' dir='ltr'><strong>Cwsari</strong></span> <span class='ocrx_word' id='word_1_833' title='bbox 797 2830 897 2858; x_wconf 82' lang='lat' dir='ltr'><strong>Tiberii</strong></span> <span class='ocrx_word' id='word_1_834' title='bbox 913 2830 1021 2856; x_wconf 85' lang='lat' dir='ltr'><strong>nomine</strong></span> 
     </span>
    </p>
   </div>
   <div class='ocr_carea' id='block_1_120' title="bbox 1075 2723 1855 2760">
    <p class='ocr_par' dir='ltr' id='par_1_120' title="bbox 1075 2723 1855 2760">
     <span class='ocr_line' id='line_1_120' title="bbox 1075 2723 1855 2760; baseline -0.005 -8"><span class='ocrx_word' id='word_1_835' title='bbox 1075 2725 1196 2760; x_wconf 76' lang='lat' dir='ltr'><strong>protecta</strong></span> <span class='ocrx_word' id='word_1_836' title='bbox 1215 2725 1330 2756; x_wconf 84' lang='lat' dir='ltr'><strong>videtur,</strong></span> <span class='ocrx_word' id='word_1_837' title='bbox 1348 2729 1375 2751; x_wconf 93' lang='lat' dir='ltr'><strong>ul</strong></span> <span class='ocrx_word' id='word_1_838' title='bbox 1393 2731 1464 2758; x_wconf 66' lang='lat' dir='ltr'><strong>sa‘pe</strong></span> <span class='ocrx_word' id='word_1_839' title='bbox 1476 2724 1544 2750; x_wconf 87' lang='lat' dir='ltr'><strong>alias</strong></span> <span class='ocrx_word' id='word_1_840' title='bbox 1562 2723 1675 2760; x_wconf 58' lang='lat' dir='ltr'><strong>(minui.</strong></span> <span class='ocrx_word' id='word_1_841' title='bbox 1702 2723 1764 2751; x_wconf 69' lang='lat' dir='ltr'><strong>&quot;rec</strong></span> <span class='ocrx_word' id='word_1_842' title='bbox 1781 2723 1855 2760; x_wconf 85' lang='lat' dir='ltr'><strong>S_p_an-</strong></span> 
     </span>
    </p>
   </div>
   <div class='ocr_carea' id='block_1_121' title="bbox 1075 2757 1854 2791">
    <p class='ocr_par' dir='ltr' id='par_1_121' title="bbox 1075 2757 1854 2791">
     <span class='ocr_line' id='line_1_121' title="bbox 1075 2757 1854 2791; baseline -0.004 -4"><span class='ocrx_word' id='word_1_843' title='bbox 1075 2757 1193 2790; x_wconf 71' lang='lat' dir='ltr'><strong>lwmius.</strong></span> <span class='ocrx_word' id='word_1_844' title='bbox 1211 2761 1320 2787; x_wconf 82' lang='lat' dir='ltr'><strong>dissert.</strong></span> <span class='ocrx_word' id='word_1_845' title='bbox 1335 2761 1363 2791; x_wconf 80' lang='lat'><strong>9,</strong></span> <span class='ocrx_word' id='word_1_846' title='bbox 1378 2760 1416 2786; x_wconf 83' lang='lat' dir='ltr'><strong>De</strong></span> <span class='ocrx_word' id='word_1_847' title='bbox 1427 2757 1579 2786; x_wconf 76' lang='lat' dir='ltr'><strong>numismnt.</strong></span> <span class='ocrx_word' id='word_1_848' title='bbox 1596 2758 1640 2785; x_wconf 86' lang='lat' dir='ltr'><strong>W.</strong></span> <span class='ocrx_word' id='word_1_849' title='bbox 1663 2759 1776 2786; x_wconf 76' lang='lat' dir='ltr'><strong>Lowru.</strong></span> <span class='ocrx_word' id='word_1_850' title='bbox 1792 2757 1854 2784; x_wconf 83' lang='lat' dir='ltr'><strong>Idem</strong></span> 
     </span>
    </p>
   </div>
   <div class='ocr_carea' id='block_1_122' title="bbox 1075 2794 1689 2831">
    <p class='ocr_par' dir='ltr' id='par_1_122' title="bbox 1075 2794 1689 2831">
     <span class='ocr_line' id='line_1_122' title="bbox 1075 2794 1689 2831; baseline 0 -9"><span class='ocrx_word' id='word_1_851' title='bbox 1075 2801 1099 2822; x_wconf 71' lang='lat' dir='ltr'><strong>ct</strong></span> <span class='ocrx_word' id='word_1_852' title='bbox 1113 2797 1194 2831; x_wconf 75' lang='lat' dir='ltr'><strong>Pugio</strong></span> <span class='ocrx_word' id='word_1_853' title='bbox 1208 2797 1395 2827; x_wconf 86' lang='lat' dir='ltr'><strong>observatum,</strong></span> <span class='ocrx_word' id='word_1_854' title='bbox 1413 2795 1445 2822; x_wconf 88' lang='lat' dir='ltr'><strong>ad</strong></span> <span class='ocrx_word' id='word_1_855' title='bbox 1461 2802 1525 2822; x_wconf 85' lang='lat' dir='ltr'><strong>ann.</strong></span> <span class='ocrx_word' id='word_1_856' title='bbox 1538 2794 1600 2823; x_wconf 68' lang='lat'><strong>502.</strong></span> <span class='ocrx_word' id='word_1_857' title='bbox 1615 2802 1643 2821; x_wconf 91' lang='lat' dir='ltr'><strong>n.</strong></span> <span class='ocrx_word' id='word_1_858' title='bbox 1661 2794 1689 2822; x_wconf 67' lang='lat'><strong>4.</strong></span> 
     </span>
    </p>
   </div>
  </div>
