1899 3077
40 143 118 171 19.09

548 146 709 174 HISTORIA
730 147 1006 178 ECCLESIASTICA.
1027 167 1061 171 —
1077 152 1141 179 LIB.
1163 152 1194 180 V.

1624 155 1694 183 1210

37 203 111 235 τοὺς
127 204 188 239 μὲν
203 205 366 240 ἐχειρώσατο
379 212 386 220 ·
395 196 466 238 τοὺς
477 205 504 232 δὲ
518 206 669 244 ἐζώγρησε.
683 209 814 244 Λαμπρὸς
827 209 845 235 δὲ

906 210 975 242 lunt,
1007 213 1109 239 multos
1134 220 1228 240 eorum
1250 211 1396 244 interfecit,
1415 212 1483 239 alios
1498 212 1574 240 vivos
1591 214 1690 248 cepit'.

38 249 187 283 τηνικάδε
203 251 305 284 φανεὶς,
320 251 368 277 καὶ
383 251 435 277 ὑπὸ
450 253 624 288 μετριότητος
641 254 687 280 καὶ
701 255 851 286 ἐπιεικείας

39 296 261 329 κεχαρισμένος
276 297 332 327 τοῖς
348 298 528 332 στρατιώταις
542 299 672 333 γεγονὼς,
687 300 851 334 ἀναγορεύε-

39 350 89 368 ται
110 342 191 377 πρὸς
205 343 295 369 αὐτῶν
314 343 455 377 σεῦᾳστός.
471 345 562 379 Μηδὲν
574 346 602 372 δὲ
618 347 682 380 περὶ
694 346 800 377 τούτου,
814 347 852 378 ὡς

39 387 135 419 εἰκὸς,
157 389 233 424 πρὸς
247 390 435 417 Κωνστὰντιον
453 392 702 426 παραιτησάμενος,
719 392 851 427 ἄρχοντας

42 433 97 468 μὲν
114 434 189 466 τοὺς
212 435 257 461 ὑπ’
272 435 354 462 αὑτοῦ
371 436 610 471 χειροτονηθέντας
631 437 744 472 ἤμειϐεν
758 446 764 452 ·
790 437 851 463 ἐπί-

40 480 130 514 τηδες
153 480 186 506 δὲ
207 481 254 507 καὶ
271 482 320 513 τὰς
342 483 487 515 ἐπιστολὰς
507 478 662 516 ἐπεδείκνυ,
683 484 716 510 δι’
734 481 772 511 ὧν
789 484 851 515 τοὺς

43 525 217 561 βαρϐάρους
233 528 324 555 καλῶν
343 529 414 555 κατὰ
429 530 616 563 Μαγνεντίου,
638 531 678 561 εἰς
699 531 851 566 Ῥωμαίους

41 572 172 607 ἤγαγεν·
192 573 326 610 ἐξαπίνης
336 575 364 602 δὲ
378 575 428 610 τὴν
443 575 591 611 θρησκείαν
601 576 769 611 μεταϐαλὼν,
783 577 845 612 πρό-

43 627 130 653 τερον
165 621 364 654 χριστιανίζειν
401 621 507 652 δοκῶν,
541 622 671 657 ἀρχιερέα
711 621 850 656 ὠνόμαζεν

43 664 163 696 ἑαυτὸν,
185 667 237 697 καὶ
249 668 304 698 τοῖς
327 667 461 702 Ἑλλήνων
484 669 558 699 ναοῖς
583 668 687 702 ἐφοίτα,
710 668 757 694 καὶ
777 668 848 700 ἔθυε,

44 711 96 737 καὶ
112 713 183 744 τσὺς
202 713 339 747 ὑπηκόους
356 711 407 740 ὧδε
428 714 590 748 θρησκεύειν
614 714 715 741 ἔπειθε.
733 715 849 749 Προσδο-

43 758 189 793 κωμένων
204 759 232 785 δὲ
248 759 359 794 Περσῶν
382 760 529 795 Ῥωμαίοις
545 760 732 796 ἐπιθήσεσθαι,
748 762 794 788 καὶ
806 761 850 788 διὰ

42 804 128 831 τοῦτο
152 805 184 832 ἐν
212 806 296 841 Συρίᾳ
313 805 500 832 Κωνσταντίου
524 806 717 842 διατρίϐοντος,
739 807 849 842 λογισά-

45 859 132 885 μενος
154 851 284 886 ἀμαχητὶ
299 851 428 878 δύνασθαι
442 851 495 879 τῶν
511 851 647 888 Ἰλλυριῶν
668 854 788 888 κρατεῖν,
809 852 848 879 εἴ-

43 904 111 931 χετο
125 896 180 931 τῆς
196 897 240 923 ἐπ’
257 896 353 928 αὐτοὺς
366 896 426 923 ὁδοῦ
441 905 448 913 ·
469 898 604 932 πρόφασιν
619 898 790 933 ποιούμενος,
811 899 849 930 ὡς

44 943 206 977 ἀπολογίας
220 944 301 979 χάριν
317 944 422 971 ὲλαύνει
437 945 505 980 πρὸς
518 945 706 972 Κωνστάντιον
721 945 791 981 ὑπὲρ
802 946 848 972 τοῦ

46 989 86 1024 μὴ
103 988 181 1015 ἑκὼν
197 989 272 1021 δόξαι
290 990 359 1025 πρὸς
373 990 428 1017 τῶν
447 991 620 1026 στρατιωτῶν
645 992 720 1026 παρὰ
737 992 848 1027 γνώμην

44 1035 132 1061 αὑτοῦ
146 1035 184 1061 τὰ
201 1035 325 1070 σύμϐολα
339 1036 389 1071 τῆς
404 1036 542 1071 βασιλείας
559 1037 766 1072 καταδέχεσθαι.
795 1038 848 1064 Λέ-

43 1089 126 1114 γεται
141 1080 172 1106 δὲ
196 1081 278 1116 ἡνίκα
298 1082 351 1116 πρὸ
370 1082 425 1108 τῶν
443 1082 507 1118 τῇδε
531 1083 601 1118 ὅρων
619 1083 715 1118 ἐπέϐη,
733 1083 782 1115 τὰς
800 1084 848 1118 μὲν

45 1125 194 1160 ἀμπέλους
210 1126 277 1161 μετὰ
291 1126 393 1161 τρύγην
406 1126 478 1162 ἀμφὶ
492 1127 541 1162 τὴν
556 1127 760 1155 τῶνΠλειάδων
774 1128 848 1155 δύσιν

44 1171 187 1206 ὁμφάκων
208 1171 323 1206 πλήρεις
346 1172 464 1207 φανῆναι
482 1180 490 1187 ·
517 1173 566 1208 τὴν
591 1173 618 1199 δὲ
639 1174 692 1200 ἀπὸ
705 1174 750 1200 τοῦ
768 1174 848 1209 ἀέρος

45 1218 157 1253 δρόσον,
175 1218 349 1253 διαχεθεῖσαν
361 1218 432 1245 κατὰ
448 1219 498 1254 τῆς
515 1219 597 1245 αὐτοῦ
611 1220 724 1255 ἐσθῆτος
735 1221 781 1246 καὶ
795 1221 847 1247 τῶν

45 1265 207 1299 ἑπομένων,
230 1264 290 1291 καθ’
307 1265 424 1300 ἑκάστην
447 1265 574 1299 σταγόνα,
596 1267 713 1300 σταυροῦ
735 1268 847 1301 σημεῖον

47 1311 220 1338 ὲντυπῶσαι.
237 1311 339 1337 Ἐδόκει
356 1311 384 1337 δὲ
400 1311 473 1347 αὐτῷ
489 1311 535 1338 καὶ
553 1311 658 1343 πολλοῖς
673 1312 727 1338 τῶν
742 1313 846 1339 συνιόν-

46 1366 101 1384 των
122 1357 194 1392 (5|),
220 1358 245 1383 οἱ
272 1357 321 1392 μὲν
345 1357 457 1391 βότρυες
481 1357 558 1393 παρὰ
586 1358 681 1393 καιρὸν
705 1359 845 1392 φανέντες,

48 1403 189 1438 σύμϐολον
205 1401 274 1430 εἶναι
290 1403 389 1437 ἀγαθόν
402 1411 408 1418 ”
424 1404 440 1439 ὴ
451 1403 478 1430 δὲ
491 1404 586 1438 δρόσος
601 1405 634 1430 ὲκ
647 1405 848 1440 παρατυχόντος

47 1446 99 1476 ὧδε
114 1450 165 1484 τὴν
183 1449 287 1485 ἐσθῆτα
311 1449 472 1481 καταστίξαι
488 1449 549 1476 καθ’
563 1447 597 1485 ἧς
620 1450 698 1484 ἔτυχε
716 1450 845 1478 πεσοῦσα.

50 1495 145 1522 ’Ἄλλοι
171 1495 202 1521 δὲ
222 1495 313 1529 ἔλεγον
328 1496 382 1522 τοῖν
398 1495 552 1530 συμϐόλοιν,
568 1496 598 1522 τὸ
618 1496 676 1530 μὲν,
692 1495 780 1531 ἄωρον
798 1504 847 1530 ση-

50 1541 158 1576 μαίνειν
171 1541 333 1568 ἀπολεῖσθαι
349 1541 395 1567 τὸν
413 1541 536 1576 βασιλέα,
550 1541 681 1576 ὁμφάκων
695 1541 782 1576 δίκην,
800 1542 847 1568 καὶ

47 1587 238 1622 ὀλιγοχρόνιον
264 1587 374 1614 ἔσεσθαι
394 1587 477 1613 αὑτοῦ
502 1587 550 1622 τὴν
573 1587 710 1622 βασιλείαν
724 1596 730 1602 ·
756 1587 786 1613 τὸ
806 1588 846 1620 δὲ,

49 1634 224 1668 προμηνύειν
238 1633 363 1668 οὐράνιον
376 1632 445 1660 εἶναι
460 1633 489 1659 τὸ
498 1633 587 1668 δόγμα
599 1633 653 1660 τῶν
665 1633 846 1669 Χριστιανῶν,

51 1679 98 1706 καὶ
114 1680 217 1714 χρῆναι
233 1679 337 1710 πάντας
357 1679 396 1715 τῷ
413 1679 518 1714 σημείῳ
533 1678 579 1705 τοῦ
595 1679 711 1715 σταυροῦ
727 1687 847 1712 καταση-

53 1725 202 1761 μανθῆναι.
223 1726 267 1757 Ὧς
281 1725 352 1752 ἔοικε
367 1725 406 1758 δὲ,
423 1726 446 1751 οἱ
460 1725 591 1752 τάναντία
604 1725 642 1760 τῷ
659 1725 764 1760 βασιλεῖ
776 1725 849 1757 δοξά-

53 1778 161 1804 σαντες,
180 1771 212 1797 οὐ
231 1771 382 1806 διήμαρτον
395 1771 443 1806 τῆς
464 1770 592 1805 ἀληθείας
605 1778 613 1786 ·
637 1771 781 1806 ἀμφότερα
794 1770 848 1806 γὰρ

52 1817 189 1853 εὐστόχως
205 1817 332 1853 εἰρῆσθαι
348 1817 449 1852 προῖὼν
464 1818 478 1842 ὁ
495 1817 591 1852 χρόνος
605 1817 756 1848 ἀπέδειξεν.
772 1817 849 1843 Ἐπεὶ

52 1863 79 1890 δὲ
92 1864 213 1891 ἐπύθετο
230 1864 417 1895 Κωνστάντιος
429 1863 620 1898 ἐκστρατεύειν
635 1864 677 1889 ἐπ’
692 1863 772 1890 αὐτὸν
784 1863 847 1889 Ἴου-

52 1908 161 1942 λιανὸν,
192 1909 349 1936 καταλιπὼν
372 1909 421 1944 τὴν
447 1908 514 1943 πρὸς
543 1909 605 1940 τοὺς
627 1909 736 1944 Πέρσας
760 1917 849 1944 παρα-

54 1953 174 1989 σκευὴν,
206 1954 253 1980 ἐπὶ
281 1953 343 1989 τὴν,
359 1953 564 1980 Κωνσταντίνου
594 1953 671 1980 πόλιν
700 1953 847 1988 ἠπείγετοι

54 1999 134 2034 ἡνίκα
148 1999 182 2036 δὴ
200 2000 250 2035 τὴν
263 2000 418 2035 ὁδοιπορίαν
443 1999 612 2035 ποιούμενος,
630 1999 805 2034 ἐτελεύτησεν
820 2000 849 2026 ἐν

53 2045 171 2080 Μὸμψου
190 2047 314 2081 κρήναις,
333 2045 432 2081 μεταξὺ
450 2045 569 2072 Κιλίκων
591 2046 637 2072 καὶ
655 2045 848 2072 Καππαδοκῶν

55 2091 107 2118 τῶν
130 2091 201 2126 πρὸς
222 2091 261 2126 τῷ
279 2091 395 2126 Ταύρῳ’
420 2090 466 2125 ἔτη
489 2091 561 2126 ἀμφὶ
582 2090 787 2126 τεσσαράκοντα
801 2091 849 2117 καὶ

56 2136 136 2162 πέντε
155 2135 284 2170 γεγονώς.
313 2137 359 2169 Ἐξ
375 2134 412 2164 ὧν
435 2137 612 2172 τρισκαίδεκα
636 2137 684 2164 σὺν
706 2135 744 2172 τῷ
765 2137 849 2172 πατρὶ

57 2182 227 2214 ἐϐασίλευσε,
246 2183 326 2209 πέντε
343 2182 372 2209 δὲ
386 2182 433 2209 καὶ
450 2182 535 2209 εἰκοσι
552 2183 610 2217 μετ’
631 2183 744 2209 ἐκεῖνον.
772 2183 848 2210 Ἐπεὶ

902 257 959 290 Qua
976 265 1008 284 ex
1021 265 1049 285 re
1059 259 1194 293 ingentem
1208 258 1320 292 gloriam
1337 258 1470 293 adeptus,
1494 266 1556 285 cum
1583 259 1617 285 ob
1634 267 1692 285 mo-

902 303 1016 331 destiam
1031 311 1062 330 ac
1080 312 1186 331 morum
1203 304 1339 332 lenitatem
1355 304 1532 338 gratissimus
1547 308 1620 332 esset
1642 305 1692 331 mi-

902 349 1011 381 litibus,
1025 351 1165 385 Augustus
1184 351 1218 377 ab
1235 350 1331 378 iisdem
1351 351 1533 378 renuntiatur.
1556 350 1692 385 Nullaque

902 395 937 421 ob
964 394 990 420 id
1015 394 1118 421 factum
1147 395 1325 422 excusatione
1351 403 1433 428 usus,
1459 396 1531 423 sicut
1549 403 1598 430 par
1621 400 1690 428 erat,

902 440 973 474 apud
990 440 1196 474 Constantium,
1215 441 1321 475 judices
1335 441 1444 476 quidem
1460 442 1493 468 ab
1509 449 1541 468 eo
1551 446 1692 476 promotos

902 485 1018 512 mutavit
1033 506 1040 518 ,
1056 486 1162 513 litteras
1189 490 1278 514 autem
1293 487 1353 521 ejus
1373 487 1406 514 de
1423 487 1557 514 industria
1569 491 1692 514 ostenta-

901 531 950 562 vit,
968 531 1068 566 quibus
1086 531 1130 559 ille
1144 532 1277 559 barbaros
1290 533 1322 559 ad
1338 533 1437 560 bellum
1454 538 1550 561 contra
1563 534 1692 569 Magnen-

900 576 968 602 tium
997 576 1127 609 invitans,
1142 576 1172 603 in
1196 576 1352 611 provincias
1369 577 1554 605 Romanorum
1576 579 1692 607 induxe-

900 627 953 648 rat.
975 620 1099 656 Cumque
1121 628 1201 648 antea
1230 622 1405 650 Christianus
1429 623 1514 651 fuisse
1535 624 1688 658 videretur,

901 671 1011 701 repente
1026 671 1128 694 mutata
1144 667 1287 702 religione,
1300 668 1447 703 semetipsa
1456 669 1611 703 pontiﬁcem
1631 678 1690 697 ma-

900 712 1004 739 ximum
1024 712 1188 747 appellavit:
1203 716 1230 739 et
1247 712 1389 747 gentilium
1404 714 1505 747 templa
1522 714 1689 748 ingrediens,

901 756 955 783 diis
971 756 1154 789 sacriﬁcavit,
1181 761 1208 784 et
1227 757 1348 784 subditis
1372 756 1488 784 suadere
1504 759 1587 793 coepit
1613 763 1642 786 ut
1659 767 1691 787 eo

900 803 954 829 ritu
982 803 1048 830 deos
1073 803 1204 830 colerent.
1225 802 1321 836 Porro,
1338 811 1399 830 cum
1417 807 1505 831 metus
1522 804 1647 832 subesset
1658 813 1692 832 ne

900 848 992 876 Persze
1016 849 1043 875 in
1068 848 1255 876 Romanorum
1279 849 1412 876 ditionem
1437 849 1635 884 irrumperent,
1651 854 1692 876 at-

901 902 954 929 que
967 894 1070 921 idcirco
1086 894 1267 922 Constantius
1290 895 1317 922 in
1327 894 1406 930 Syria
1421 901 1588 926 moraretur,
1605 896 1692 922 anim-

899 940 1046 968 advertens
1074 940 1201 968 Julianus
1225 949 1254 968 se
1276 941 1381 975 absque
1407 942 1462 967 ullo
1484 941 1581 976 proelio
1607 942 1693 977 Illyri-

900 994 961 1014 cum
986 994 1122 1021 occupare
1149 994 1248 1021 posse,
1275 994 1307 1014 eo
1334 987 1478 1014 contendit
1504 997 1510 1014 :
1531 987 1636 1023 ﬁngens
1662 996 1692 1016 se

899 1031 1050 1059 excusandi
1066 1032 1109 1059 sui
1130 1039 1225 1064 causa,
1253 1031 1287 1059 ad
1301 1031 1493 1059 Constantium
1511 1032 1564 1059 iter
1583 1034 1691 1065 facere,

899 1086 933 1106 ne
956 1079 1036 1114 178
1055 1087 1104 1106 sua
1127 1083 1224 1114 sponte
1248 1083 1347 1113 praeter
1364 1079 1439 1106 illius
1461 1080 1634 1107 voluntatem
1649 1078 1692 1106 in-

899 1125 988 1160 signia
1016 1126 1123 1161 imperii
1153 1133 1168 1152 a
1197 1126 1332 1153 militibus
1362 1127 1521 1161 suscepisse
1538 1126 1690 1153 videretur.

899 1170 1032 1198 Cmterum
1056 1179 1088 1198 eo
1105 1171 1222 1206 primum
1243 1171 1413 1206 ingrediente
1443 1172 1470 1198 in
1495 1171 1563 1198 lines
1584 1171 1691 1206 Illyrio-

899 1226 970 1250 rum,
1000 1218 1078 1244 aiunt
1103 1218 1171 1244 vites
1183 1217 1292 1252 quidem
1319 1222 1381 1252 post
1410 1221 1521 1252 tempus
1547 1217 1691 1245 vindemiae

899 1263 972 1290 circa
992 1271 1121 1291 occasum
1138 1263 1338 1298 Vergiliarum,
1364 1264 1426 1291 uvis
1453 1264 1560 1291 acerbis
1593 1263 1690 1298 plenas

899 1309 991 1336 subito
1007 1310 1167 1344 apparuisse
1185 1319 1191 1336 :
1210 1317 1301 1336 rorem
1316 1317 1380 1336 vero
1403 1317 1436 1336 ex
1455 1317 1519 1336 acre
1535 1309 1690 1344 delapsum,

899 1356 993 1382 tumin
1010 1355 1069 1389 ejus
1082 1355 1239 1391 chlamyde.
1257 1360 1316 1382 tum
1336 1355 1363 1382 in
1383 1355 1509 1382 vestibus
1526 1363 1621 1382 eorum
1643 1356 1690 1390 qui

898 1403 988 1438 ipsum
1009 1402 1206 1437 sequebantur,
1227 1401 1337 1436 signum
1358 1401 1450 1428 crucis
1474 1400 1591 1435 singulis
1606 1401 1690 1434 guttis

899 1448 1069 1482 depinxisse.
1110 1447 1141 1474 Et
1170 1447 1229 1481 ipse
1253 1446 1382 1481 quidem,
1415 1445 1605 1479 comitumque
1632 1444 1691 1478 ejus

899 1493 1116 1529 quamplurinii,
1146 1500 1213 1520 uvas
1238 1491 1430 1526 intempestive
1453 1495 1620 1526 apparentes
1641 1497 1691 1525 pro

898 1540 970 1567 bono
984 1540 1074 1566 omine
1094 1539 1283 1573 accipiebant;
1303 1545 1392 1564 rorem
1410 1545 1476 1564 vero
1490 1544 1555 1564 casu
1572 1537 1690 1571 quodam

899 1585 1013 1613 fortuito
1034 1589 1122 1612 vestes
1144 1585 1171 1612 in
1190 1592 1260 1619 quas
1287 1583 1449 1614 ceciderat,
1469 1583 1506 1609 ila
1533 1582 1692 1617 depinxisse

899 1633 1093 1667 opinabantur.
1109 1630 1162 1656 Alii
1180 1630 1321 1662 dicebant,
1349 1637 1380 1657 ex
1400 1629 1442 1656 his
1461 1628 1571 1655 duobus
1595 1628 1691 1662 prodi-

899 1678 962 1713 giis,
977 1677 1093 1704 alterum
1107 1676 1221 1711 quidem
1244 1675 1408 1710 portendere
1429 1675 1623 1710 imperatorem
1643 1674 1691 1700 im-

899 1728 1007 1750 maturo
1035 1723 1110 1750 exitu
1141 1723 1312 1756 periturum,
1339 1722 1452 1756 perinde
1475 1728 1507 1748 ac
1529 1728 1595 1747 uvas
1624 1720 1686 1748 illas

899 1775 1071 1803 regnumque
1093 1767 1168 1794 illius
1191 1767 1267 1794 brevi
1285 1771 1408 1801 tempore
1428 1767 1595 1794 duraturum
1611 1774 1690 1800 esse;

900 1815 1017 1841 alterum
1040 1821 1106 1840 vero
1125 1813 1274 1847 praedicere
1293 1813 1513 1840 Christianorum
1530 1812 1691 1847 religionem

900 1860 1043 1889 ccelestem
1062 1867 1137 1892 esse,
1155 1864 1327 1894 cunctosque
1340 1859 1419 1894 signo
1433 1860 1524 1887 crucis
1535 1858 1691 1894 consignari

899 1909 1040 1942 oportere.
1064 1906 1103 1933 Ac
1125 1913 1186 1933 meo
1202 1905 1312 1940 quidem
1329 1905 1451 1939 judicio,
1474 1905 1493 1932 ii
1507 1905 1554 1940 qui
1576 1905 1691 1932 adversa

899 1953 1059 1988 imperatori
1078 1952 1296 1987 augurabantur,
1315 1958 1330 1977 a
1349 1951 1465 1978 veritate
1485 1951 1596 1978 minime
1611 1951 1691 1978 aber-

899 2003 1006 2026 rarunt.
1030 1998 1184 2032 Utrumque
1209 1998 1282 2025 enim
1308 1996 1382 2024 felici
1403 1997 1563 2031 conjectura
1581 1998 1615 2024 ab
1636 1998 1690 2025 illis

899 2046 1003 2073 dictum
1034 2044 1130 2075 fuisse,
1164 2051 1326 2079 progressus
1362 2044 1495 2076 temporis
1524 2043 1688 2070 declaravit.

899 2090 1080 2119 Constantius
1098 2097 1197 2124 porro,
1215 2096 1276 2115 eum
1294 2088 1434 2115 Julianum
1452 2088 1554 2115 bellum
1576 2088 1630 2123 ipsi
1647 2087 1690 2115 in—

900 2137 972 2164 ferre
999 2135 1161 2167 didicisset,
1184 2134 1282 2162 relicto
1306 2134 1371 2162 belli
1398 2137 1530 2168 apparatu
1557 2134 1690 2161 adversus

900 2182 1009 2214 Persas,
1026 2180 1295 2214 Constantinopolim
1311 2179 1464 2206 contendit.
1489 2178 1543 2206 Sed
1560 2179 1625 2206 dum
1639 2178 1691 2206 iter

57 2227 82 2252 δὲ
104 2228 298 2262 ἐτελεύτησεν,
322 2228 336 2253 ὸ
363 2227 412 2262 μὲν
434 2227 575 2259 Ἰουλιανὸς
598 2227 648 2262 ἤδη
671 2227 720 2263 τὴν
739 2228 845 2263 Θρᾴκην

902 2228 1014 2258 faceret,
1030 2226 1231 2262 Mopsucrenis,
1246 2225 1295 2260 qui
1312 2225 1391 2252 locus
1408 2229 1450 2252 est
1466 2225 1541 2252 inter
1552 2225 1652 2252 Cilices
1665 2228 1692 2252 et

58 2271 140 2308 εἶχεν.
154 2274 212 2300 Οὐκ
227 2274 268 2305 εἰς
283 2273 390 2308 μακρὰν
406 2273 482 2304 δὲείς
499 2273 548 2308 τὴν
562 2273 847 2300 Κωνσταντινούπολιν

59 2318 159 2352 ἐλθὼν,
187 2319 366 2353 αὐτοκράτωρ
394 2317 576 2354 ἀνηγορεύθη.
606 2318 637 2344 Οὶ
664 2318 693 2344 δὲ
716 2317 846 2353 Ἕλληνες

60 2364 240 2398 ἐλογοποίουν,
255 2365 293 2396 ὡς
313 2365 360 2391 καὶ
377 2365 429 2400 πρὸ
441 2365 489 2391 τοῦ
505 2364 630 2395 Γαλάτας
642 2363 784 2391 ἀπολιπεῖν
800 2365 848 2390 αὺ-

61 2410 114 2442 τὸν,
136 2411 260 2445 μαντικοὶ
282 2411 329 2437 καὶ
346 2410 471 2446 δαίμονες
488 2411 533 2437 ἐπὶ
549 2410 651 2445 ταύτην
670 2411 719 2446 τὴν
733 2411 850 2444 ἐκστρα-

62 2456 133 2482 τείαν
149 2457 289 2492 ἐκίνησαν,
304 2457 348 2484 τὸν
362 2457 551 2484 Κωνσταντίου
574 2457 687 2484 θάνατον
705 2455 847 2491 προμηνύ-

64 2510 166 2535 σαντες,
185 2504 232 2530 καὶ
245 2503 294 2538 τὴν
308 2503 361 2529 τῶν
383 2503 553 2539 πραγμάτων
571 2504 733 2538 μεταϐολήν.
750 2501 803 2529 τΗν
818 2502 846 2528 δὲ

63 2548 116 2583 ἄρα
128 2549 238 2576 πιθανὸν
255 2551 406 2586 πρόγνωσιν
425 2549 510 2576 ταῦτα
525 2550 626 2582 καλεῖν,
645 2551 668 2576 εἱ
684 2549 722 2585 μὴ
735 2550 780 2575 καὶ
794 2550 843 2576 αὺ-

65 2593 107 2622 τὸν
131 2595 191 2622 ὅσον
217 2595 292 2623 οὔπω
314 2597 344 2623 τὸ
366 2596 413 2623 τοῦ
437 2597 494 2631 βίου
518 2596 594 2627 τέλος
612 2595 738 2636 ἔφθασεν,
763 2595 800 2627 ὡς
815 2596 844 2622 ὲν

65 2637 158 2675 ὀνείρῳ
173 2642 222 2676 τῆς
235 2641 372 2676 βασιλείας
388 2642 568 2677 γευσάμενον.
588 2641 691 2676 Εΰηθες
705 2642 759 2676 γὰρ
770 2639 846 2676 οἶμαι

101 2727 108 2742 ¹
131 2728 208 2758 Socr.
224 2731 272 2758 lib.
296 2738 328 2764 ιι,
342 2738 366 2758 c.
380 2731 429 2758 ult.
445 2734 471 2758 cl
487 2730 534 2757 lib.
551 2737 592 2763 ιιι,
611 2738 636 2757 c.
656 2731 680 2757 ‘l.

902 2274 1082 2310 Cappadoces
1109 2273 1157 2308 qui
1180 2272 1301 2299 Taurum
1327 2272 1470 2305 accolunt,
1495 2271 1552 2298 fato
1580 2271 1691 2298 functus

901 2326 943 2349 est
955 2341 963 2354 ,
983 2327 1070 2347 annos
1088 2322 1171 2347 natus
1186 2319 1308 2353 quinque
1321 2322 1347 2346 et
1360 2318 1554 2354 quadraginta.
1577 2317 1616 2344 Ex
1629 2318 1691 2352 qui-

899 2368 951 2394 bus
974 2365 1106 2393 tredecim
1132 2364 1245 2399 quidem
1273 2372 1328 2391 una
1354 2371 1417 2391 cum
1443 2367 1534 2398 patre,
1568 2363 1693 2398 quinque

901 2420 966 2440 vero
981 2420 1014 2439 ac
1029 2411 1129 2446 viginti
1146 2414 1209 2445 post
1223 2411 1283 2444 ejus
1297 2410 1401 2437 obitum
1415 2409 1570 2444 imperavit.
1584 2409 1691 2436 Mortuo

902 2458 998 2492 itaque,
1007 2456 1181 2490 Constantio,
1198 2455 1327 2483 Julianus
1343 2456 1454 2491 quidem
1469 2455 1524 2488 jam
1545 2454 1691 2482 Thraciam

899 2504 1054 2532 obtinebat.
1076 2502 1179 2530 Verum
1195 2503 1277 2538 paulo
1291 2507 1354 2538 post
1377 2502 1519 2537 ingressus
1534 2501 1692 2529 Constanti-

899 2551 1032 2586 nopolim,
1051 2551 1202 2585 imperator
1218 2553 1260 2578 est
1286 2549 1451 2585 appellatus.
1473 2548 1608 2576 Caeterum
1624 2555 1692 2582 gen-

897 2598 961 2624 tiles
980 2597 1091 2624 aiebant
1119 2604 1199 2628 eum,
1222 2595 1310 2623 multo
1342 2599 1404 2622 ante
1425 2602 1507 2629 quam
1536 2602 1568 2621 ex
1594 2593 1690 2620 Galliis

899 2642 1070 2674 discederet,
1096 2641 1130 2669 ad
1157 2642 1228 2669 hanc
1255 2640 1457 2676 expeditionem
1485 2638 1689 2674 suscipiendam

660 2806 792 2833 VALESII
806 2805 1089 2834 ANNOTATIONES.

106 2852 156 2888 (Si)
172 2855 222 2882 Kal
241 2855 366 2887 πολλοῖς
380 2855 438 2881 τῶν
455 2855 632 2882 συνιόντων,
653 2853 758 2881 Mallem
785 2851 845 2879 seri!

899 2861 903 2880 Σ
922 2852 1065 2878 συνόντων.
