1899 3077
180 129 247 158 1211

908 125 1077 155 SOZOMENI

1742 123 1831 150 1212

179 189 324 216 incitatum
341 183 427 213 luisse
451 191 466 212 a
491 183 598 212 vatibus
617 185 702 218 atque
722 181 906 215 daemonibus,
921 183 969 218 qui

1049 183 1121 217 ἱγειν,
1136 183 1173 214 ὼς
1190 181 1234 208 διὰ
1250 182 1298 217 τῆς
1315 180 1447 216 μαντικῆς
1464 179 1581 216 προϊδὼν
1597 179 1646 214 τὴν
1661 178 1834 213 αὐτόματον

180 236 206 260 et
220 231 376 259 Constantii
394 234 521 260 mortem,
537 232 564 255 et
584 228 705 254 futuram
728 235 821 254 rerum
842 228 971 255 mutatio-

181 285 244 305 nem
260 276 284 304 ei
298 275 493 311 praedixerant.
506 273 604 301 Posset
621 272 647 299 id
664 272 773 307 quidem
788 280 842 299 non
854 273 972 300 absurde

181 322 276 350 vocari
296 320 467 356 praescientia
487 326 579 346 rerum
596 319 762 349 futurarum,
779 318 830 345 nisi
856 319 971 353 ipsemet

182 367 275 395 statim
296 371 382 393 morte
398 369 553 400 prmventus
568 363 684 395 fuisset,
706 363 822 398 imperio
846 364 920 390 velut
942 363 970 390 in

183 414 287 441 somnis
305 411 440 438 duntaxat
452 410 607 445 degustato.
624 408 745 436 Stultum
764 409 848 440 enim,
867 413 897 436 ut
911 409 971 442 opi-

183 465 243 490 nor,
263 457 346 484 fuerit
372 457 481 489 dicere,
500 463 573 488 eum,
600 463 662 482 cum
687 455 796 482 fatalem
817 453 972 482 Constantii

184 504 336 535 interitum,
346 508 374 530 et
386 510 462 530 suam
475 503 561 537 ipsius
576 502 676 529 caedem
687 501 714 528 in
729 500 840 528 Perside
852 500 970 526 futuram

184 557 233 584 per
250 549 391 576 divinandi
409 553 495 575 artem
518 547 698 582 przevidisset,
715 546 787 573 ultro
802 545 835 572 ad
856 549 971 572 mortem

185 600 247 621 ante
265 595 361 621 oculos
379 594 496 629 positam
514 600 676 628 properasse
693 601 699 619 :
714 599 776 626 quae
791 591 844 626 ipsi
861 590 972 625 quidem

1022 228 1210 255 Κωνσταντὶου
1223 226 1361 263 τελευτὴν,
1377 227 1423 253 καὶ
1440 226 1489 262 τὴν
1503 225 1586 252 αὑτοῦ
1604 224 1680 259 παρὰ
1695 224 1832 259 Πέρσαις

1023 273 1140 308 σφαγὴν,
1156 273 1268 308 ἐκοντὴς
1283 274 1323 304 εἰς
1337 271 1474 308 προῦπτον
1487 273 1572 308 ἥλατο
1587 272 1703 299 θάνατον
1715 280 1721 286 ·
1742 270 1834 306 αὐτῷ

1025 319 1085 354 μὲν,
1102 319 1178 346 οὐδὲν
1193 319 1234 346 ὅτι
1252 319 1289 354 μὴ
1301 319 1429 351 ἀϐουλίας
1445 319 1492 346 καὶ
1505 318 1629 354 ἀμαθοῦς
1646 317 1832 354 στρατηγίας

1024 364 1202 399 προσάψαντα
1220 364 1299 398 δόξαν
1317 364 1372 399 (52)
1397 364 1475 400 παρὰ
1497 364 1621 395 πολλοῖς·
1649 366 1682 399 τῇ
1699 364 1728 391 δὲ
1751 364 1834 390 Ῥω·

1026 410 1113 445 μαίων
1137 410 1250 446 ὑπηκόῳ
1270 410 1398 437 τοσοῦτον
1412 411 1586 445 ἐπαγαγόντα
1609 410 1752 442 κίνδυνον,
1780 410 1834 440 ὡς

1026 455 1126 491 μικροῦ
1143 457 1243 487 πᾶσαν,
1255 456 1272 492 ἦ
1286 456 1317 483 τὸ
1332 456 1455 483 πλεῖστον
1470 457 1565 491 αὐτῆς,
1579 455 1755 482 κινδυνεύσαι
1767 454 1834 481 ὑπὸ

1025 502 1144 537 Πέρσαις
1159 503 1297 537 γενέσθαι.
1315 502 1396 529 Ἀλλὰ
1410 502 1497 530 ταῦτα
1513 503 1571 538 μὲν,
1586 503 1630 529 ἴνα
1648 502 1685 538 μὴ
1702 501 1833 537 παραλε-

1024 547 1131 582 λεῖφθαι
1146 549 1223 586 δόξῃ,
1244 545 1296 576 ὦδε
1313 549 1434 585 εἰρήσθω
1456 549 1539 584 ἡμῖν,
1567 550 1614 576 καὶ
1629 550 1684 584 ὅπη
1702 549 1834 578 ἕκαστος

1028 593 1163 628 βούλεται,
1178 595 1262 630 ταύτῃ
1280 594 1407 630 ἡγείσθω.

185 641 255 667 nihil
280 641 396 667 allatura
412 644 496 672 esset,
514 643 613 674 praeter
635 638 792 673 opinionem
816 635 1009 671 imprudentiae
1024 642 1106 674 atque
1141 639 1285 675 imperitiae
1308 640 1348 667 rei
1384 639 1532 668 militaris:
1570 639 1695 669 Romano
1729 643 1831 666 autem

185 686 299 721 imperio
315 689 420 712 tantum
438 686 579 712 invectura
595 687 668 711 esset
685 682 851 718 periculum,
875 686 904 708 ut
938 689 1034 716 parum
1056 684 1175 713 abfuerit
1207 687 1273 720 quin
1296 686 1468 717 universum,
1502 692 1549 714 aut
1579 690 1654 713 certe
1678 694 1745 721 pars
1760 685 1833 720 ejus

185 733 316 763 maxima,
334 731 426 758 Persis
441 730 634 765 subjiceretur.
653 728 751 756 Verum
767 729 825 755 haec
839 727 950 762 quidem
961 735 977 754 a
994 729 1074 758 nobis
1086 731 1123 758 ita
1135 731 1209 758 dicta
1223 732 1290 765 sint,
1305 739 1339 760 ne
1361 732 1546 767 praetermissa
1565 740 1627 760 esse
1653 731 1805 758 videamur
1818 731 1833 756 ἶ

187 779 288 814 singuli
301 785 365 806 vero
384 778 417 805 de
431 777 465 806 iis
481 781 613 814 statuant,
627 779 710 814 prout
726 768 873 803 voluerint.
906 776 912 780 “

512 812 650 850 ι’ἴᾹΡῙἿιέ

1330 823 1458 850 ΚΕΦΔΛ.
1478 822 1516 849 B'.

187 868 228 896 De
241 869 295 896 vita
308 872 332 896 et
347 868 513 907 institutione
534 875 566 907 ac
583 867 653 894 victu
666 864 773 907 Iuliani
781 863 832 900 {et
844 864 974 901 quomodo

1049 867 1096 902 'spl
1111 867 1184 907 ,βίου
1202 867 1252 907 κμὶ
1271 868 1390 907 ἀγωγῆς
1413 868 1613 907 καί-διαζζηςὶ
1627 868 1677 894 καὶ
1689 868 1760 907 -τῆς
1779 870 1828 902 εις

401 903 436 930 ad
449 903 588 936 imperium
600 902 756 936 pervenerit.

1131 902 1190 937 τὴν
1205 902 1372 935 ,βασιλείαν
1385 903 1518 938 παρόδου
1535 904 1715 931 Ἰουλιανοῦ.

226 948 292 976 Post
314 949 419 976 obitum
442 952 533 976 autem
554 947 727 980 Constantii,
753 946 977 982 persecutionum

1062 948 1254 976 Κωνσταντίου
1271 949 1300 976 δὲ
1320 949 1541 985 τελευτήσαντος,
1560 950 1600 981 είς
1614 948 1673 980 δέος
1691 949 1832 984 διωγμῶν

193 998 283 1021 metus
311 994 460 1022 Ecclesium
481 993 594 1021 invasit.
607 993 726 1028 Malique
741 991 821 1027 179
832 994 978 1026 exspecta-

1067 993 1216 1030 Ἐκκλησία
1235 995 1399 1022 καθίστατο·
1423 995 1470 1022 καὶ
1488 994 1681 1030 φοϐερωτέραν
1695 995 1747 1029 τῆς
1764 995 1831 1021 πεί-

192 1040 295 1067 tionem
322 1040 475 1075 graviorem
499 1040 558 1075 ipso
580 1039 652 1066 malo
671 1038 790 1065 faciebat
814 1035 978 1064 Christianis

191 1091 219 1113 ct
236 1086 420 1121 longinquitas
436 1084 567 1120 temporis
582 1083 680 1119 elapsi,
696 1090 756 1119 qua!
778 1083 846 1119 ipsis
864 1082 981 1110 oblivio-

192 1138 255 1158 nem
290 1138 322 1158 ac
359 1131 568 1158 desuetudinem
598 1129 759 1165 huiusmodi
792 1129 980 1165 periculorum

193 1177 337 1210 attulerat,
354 1180 381 1204 et
397 1180 570 1203 vetustorum
583 1176 760 1203 cruciatuum
773 1175 940 1209 recordatio,
954 1178 982 1202 et

195 1223 288 1250 odium
313 1222 446 1258 principis
475 1221 502 1249 in
524 1221 646 1257 ipsorum
672 1221 844 1257 religionem.
871 1219 981 1248 Etenim

195 1269 287 1297 statim
309 1269 344 1296 ab
366 1269 445 1296 initio
468 1268 548 1296 tidem
577 1267 681 1296 Christi
709 1267 778 1295 adeo
809 1266 982 1303 impudenter

195 1315 346 1350 abnegasse
371 1314 470 1346 fertur,
491 1319 522 1341 ut
549 1313 694 1341 sacriﬁciis
714 1312 881 1347 quibusdam
900 1316 984 1347 atque

195 1360 417 1388 invocationibus
438 1367 507 1395 quas
530 1358 618 1386 Graeci
640 1358 813 1393 depulsorias
827 1361 942 1390 vocant,
957 1361 985 1386 et

194 1405 369 1433 victimarum
395 1406 529 1440 sanguine
561 1404 728 1439 baptismum
763 1403 984 1431 Christianorum

196 1452 308 1484 eluerit,
335 1451 517 1483 sacramentis
542 1449 672 1478 Ecclesiae
696 1449 858 1477 renuntians
877 1459 883 1476 :
903 1452 986 1483 atque

1031 1048 1078 1075 ρας
1099 1039 1150 1076 τὴν
1171 1040 1335 1076 προσδοκίαν
1357 1041 1475 1068 ἐποιεῖτο
1494 1042 1550 1073 τοῖς
1569 1042 1760 1077 Χριστιανοῖς,
1784 1041 1834 1067 ὅτε

1029 1084 1074 1112 διὰ
1092 1086 1174 1121 μέσου
1191 1086 1274 1118 πολὺς
1298 1086 1403 1122 χρόνος,
1427 1086 1522 1122 ἀήθεις
1534 1086 1632 1118 αὐτοὺς
1647 1086 1833 1121 καταστήσας

1030 1130 1084 1158 τῶν
1106 1131 1234 1159 τοιούτων
1249 1132 1392 1165 κινδύνων,
1407 1133 1454 1159 καὶ
1473 1131 1528 1158 τῶν
1550 1132 1634 1159 πάλαι
1647 1132 1794 1168 τιμωριῶν
1813 1133 1834 1166 ἡ

1031 1177 1203 1213 ἀνάμνησις,
1227 1177 1275 1204 καὶ⁵
1291 1177 1321 1204 τὸ
1339 1177 1387 1204 τοῦ
1408 1177 1575 1214 κρατοῦντος
1593 1179 1658 1213 περὶ
1683 1178 1716 1204 τὸ
1737 1177 1835 1213 δόγμα

1034 1224 1122 1259 μ’ίσος.
1137 1223 1253 1257 Λέγεται
1269 1223 1324 1259 γὰρ
1337 1223 1418 1255 εὐθὺς
1431 1224 1590 1259 περιφανῶς
1605 1223 1692 1256 οὕτως
1714 1224 1837 1259 ἀναὶδην

1033 1267 1242 1303 ἀπαρνήσασθαι
1262 1267 1312 1304 τὴν
1334 1268 1375 1300 είς
1397 1268 1515 1305 Χριστὸν
1538 1268 1638 1301 πίστιν,
1662 1269 1701 1300 ὡς
1718 1269 1836 1300 θυσίαις

1033 1313 1089 1340 τισὶ
1105 1312 1153 1340 καὶ
1169 1313 1355 1348 ὲπικλήσεσιν,
1372 1313 1405 1345 ἃς
1420 1313 1622 1349 ἀποτροπαίους
1635 1313 1770 1349 ’Έλληνες
1783 1322 1838 1340 κα-

1034 1358 1120 1390 λοῦσι,
1137 1359 1184 1385 καὶ
1201 1359 1298 1394 αἵματι
1313 1359 1435 1393 σφαγίων
1456 1358 1504 1394 τὴν
1521 1358 1582 1385 καθ’
1603 1359 1677 1393 ἡμᾶς
1695 1358 1837 1392 βάπτισιν

1035 1404 1235 1439 ἀπονίψασθαι,
1257 1406 1289 1440 τῇ
1316 1406 1415 1440 μυήσει
1430 1406 1481 1440 τῆς
1501 1404 1663 1439 Ἑκκλησίας
1688 1404 1838 1437 ἀποταξά-

1038 1457 1117 1484 μενον
1127 1457 1134 1464 ·
1158 1450 1205 1476 καὶ
1220 1450 1251 1476 τὸ
1268 1449 1298 1483 ἐξ
1314 1450 1430 1482 ἐκείνου,
1446 1450 1498 1485 ίδίᾳ
1514 1458 1543 1476 τε
1562 1450 1608 1476 καὶ
1623 1450 1743 1485 δημοσίᾳ
1757 1450 1838 1476 ἐντό-

196 1505 272 1526 exeo
289 1501 412 1532 tempore
434 1495 622 1531 haruspicina,
637 1499 665 1523 et
686 1495 816 1527 victimis,
834 1499 861 1522 et
875 1493 983 1522 caeteris

1049 1503 1106 1528 ιοις,
1122 1495 1169 1522 καὶ
1184 1495 1302 1531 ἱερείοις,
1324 1496 1438 1528 καὶτοῖς
1453 1496 1503 1523 ὅσα
1516 1496 1595 1531 θέμις
1612 1497 1687 1522 ἐστὶν
1703 1496 1836 1531 Ἕλλησι,

196 1543 340 1580 gentilium
361 1542 472 1573 ritibus,
491 1545 549 1568 tum
567 1541 704 1576 privatim,
724 1545 780 1568 tum
796 1540 904 1575 publice
919 1547 985 1567 uSus

198 1590 244 1618 sit.
261 1588 385 1622 Quodam
402 1587 487 1623 igitur
516 1591 648 1622 tempore,
664 1594 725 1614 cum
747 1590 809 1614 exta
824 1585 985 1620 inspiceret,

198 1635 277 1661 aiunt
290 1635 398 1668 signum
416 1632 509 1660 crucis
530 1633 555 1659 ei
575 1632 603 1659 in
617 1633 688 1660 extis
710 1631 869 1667 apparuisse
882 1638 986 1658 corona

199 1679 412 1708 circumdatum.
444 1678 478 1705 Et
511 1678 632 1714 reliquos
666 1678 776 1712 quidem
807 1676 987 1704 divinationis

199 1725 274 1753 illius
293 1725 417 1753 conscios
439 1731 471 1751 ac
487 1724 643 1759 participes,
664 1728 737 1750 metu
759 1723 900 1757 perculsos
915 1729 986 1754 esse,

200 1771 302 1806 quippe
314 1771 360 1805 qui
384 1770 524 1805 religionis
543 1773 645 1796 nostra:
669 1769 723 1795 vim
740 1772 766 1795 et
783 1775 939 1795 mansuram
959 1767 988 1794 in

200 1821 364 1852 perpetuum
387 1816 539 1843 doctrinam
565 1823 598 1843 ex
622 1823 654 1843 eo
678 1815 857 1850 conjicerent.
881 1814 987 1841 Corona

202 1862 337 1897 siquidem
357 1869 410 1897 qua
433 1869 500 1889 crux
526 1865 585 1888 erat
611 1857 793 1894 circumdata,
815 1860 923 1895 signum
947 1864 989 1887 est

201 1909 343 1936 victoriae:
359 1914 384 1935 et
403 1908 585 1943 undeqoaque
609 1907 750 1934 exordium
764 1914 892 1938 sumens,
908 1910 990 1940 atque

202 1954 230 1981 in
247 1962 276 1981 se
291 1953 436 1986 desinens,
457 1953 560 1980 ambitu
584 1952 680 1980 circuli
704 1958 839 1986 nusquam
858 1951 989 1978 termina-

204 2003 261 2025 tur.
292 1997 393 2025 Verum
418 1998 514 2026 doctor
540 1998 621 2032 hujus
654 1997 774 2024 scientiae
799 1996 989 2030 imperatorem

203 2043 277 2072 bono
297 2046 388 2072 animo
407 2052 469 2072 esse
488 2044 582 2079 jussit.
603 2043 670 2070 Exta
696 2043 767 2070 enim
793 2041 885 2069 lausta
908 2046 934 2068 et
958 2049 989 2069 ex

206 2089 291 2116 animi
309 2090 444 2117 sententia
471 2089 539 2124 ipsis
557 2096 704 2124 apparere,
722 2088 822 2123 quippe
837 2095 897 2122 quae
915 2095 990 2122 sym-

205 2133 298 2161 bolum
318 2134 460 2168 religionis
473 2134 693 2162 Christianorum
707 2133 828 2168 undique
845 2133 992 2161 concludes

206 2184 281 2212 rent,
303 2185 384 2214 atque
401 2179 429 2206 in
446 2183 591 2214 angustum
615 2184 805 2212 coarCtarent;
824 2180 860 2206 ita
888 2183 917 2206 ut
941 2187 990 2206 nec

208 2225 327 2258 dilatari,
346 2233 395 2252 nec
411 2225 498 2252 libere
518 2233 571 2260 quo
594 2226 675 2253 vellet
693 2226 802 2262 evagari
820 2230 923 2260 posset,
946 2229 992 2252 ut-

207 2275 271 2307 pote
296 2271 400 2298 ambitu
428 2271 524 2297 circuli
548 2272 766 2306 circumscripta.
797 2271 896 2298 Audivi
922 2278 992 2305 pra-

208 2322 282 2345 terea
305 2324 368 2345 eum
390 2317 536 2352 aliquando
557 2318 585 2344 in
613 2318 832 2345 illustrissimum
857 2317 994 2353 quoddam

208 2371 242 2391 ac
276 2363 433 2398 religiosum
465 2364 576 2399 adytum
608 2364 803 2394 descendisse,
833 2364 996 2391 initiationis

209 2409 374 2444 cujusdam,
403 2414 450 2437 aut
475 2414 548 2438 certe
576 2409 681 2438 oraculi
710 2409 871 2436 consulendi
899 2417 994 2436 causa.

210 2456 335 2489 Cumque
363 2459 475 2491 repente
505 2459 632 2491 spectra,
659 2463 719 2489 quae
746 2455 996 2483 machinationibus

211 2500 373 2537 quibusdam
392 2506 419 2528 et
434 2502 545 2536 magicis
565 2501 710 2536 praestigiis
731 2501 758 2528 in
772 2501 906 2535 ejusmodi
928 2501 995 2528 locis

212 2553 343 2582 apparere
366 2547 465 2579 solent,
480 2548 505 2574 ei
523 2548 629 2582 objecta
651 2551 754 2580 essent,
769 2555 825 2582 pra:
842 2551 948 2576 terrore
963 2556 996 2575 ac

212 2595 297 2625 metu,
316 2592 420 2621 oblitus
445 2600 541 2621 eorum
558 2601 618 2629 qua:
636 2594 800 2629 gerebantur
820 2602 827 2620 :
846 2592 903 2628 jam
923 2593 994 2621 enim

1035 1541 1163 1576 χρῆσθαι.
1179 1541 1248 1568 Ποτὲ
1271 1540 1337 1575 γοῦν
1352 1541 1430 1577 αὐτῷ
1453 1541 1596 1578 θεωμένῳ,
1619 1542 1698 1576 λόγος
1722 1542 1839 1569 ἀναδει-

1036 1586 1133 1622 χθῆναι
1147 1586 1263 1622 σταυροῦ
1281 1587 1393 1623 σημεῖον
1409 1588 1438 1614 ὲν
1452 1589 1508 1619 τοῖς
1526 1587 1691 1623 σπλάγχνοις
1703 1588 1838 1623 στεφάνῳ

1036 1632 1220 1668 κυκλούμενον
1234 1641 1240 1647 ·
1269 1634 1316 1660 καὶ
1338 1634 1401 1665 τοὺς
1424 1634 1474 1669 μὲν
1491 1633 1587 1666 ἄλλους
1611 1634 1759 1665 κοινωνοὺς
1782 1635 1837 1669 τῆς

1038 1678 1169 1713 μαντείας
1187 1679 1227 1709 είς
1244 1678 1303 1710 δέος
1317 1678 1458 1713 ἐμϐαλεῖν,
1482 1679 1688 1714 συμϐάλλοντας
1703 1679 1836 1705 ἐντεῦθεν

1037 1724 1087 1758 τὴν
1102 1723 1170 1759 μετά
1193 1724 1280 1750 ταῦτα
1293 1724 1343 1759 τῆς
1358 1724 1508 1759 θρησκείας
1530 1725 1618 1760 ἰσχὺν,
1635 1725 1682 1751 καὶ
1701 1724 1752 1751 τοῦ
1767 1725 1835 1758 δόγ-

1041 1777 1125 1804 ματος
1152 1769 1182 1795 τὸ
1195 1769 1280 1795 ἀΐδιον
1292 1776 1299 1783 ·
1320 1768 1414 1795 καθότι
1430 1770 1444 1795 ὁ
1457 1769 1590 1804 στέφανος
1604 1765 1625 1804 ᾧ
1641 1769 1836 1805 περιείληπτο,

1039 1815 1117 1850 νίκης
1131 1823 1161 1841 τε
1178 1815 1344 1849 σημαντικόν
1361 1815 1418 1841 ἐστι
1434 1823 1442 1831 ο
1464 1815 1510 1841 καὶ
1524 1817 1557 1852 τῇ
1579 1815 1696 1852 περιόδῳ
1716 1816 1765 1842 τοῦ
1783 1816 1836 1843 κύ-

1039 1860 1114 1891 κλου,
1139 1861 1270 1887 πάντοθεν
1288 1861 1449 1896 ἀρχόμενος,
1476 1864 1524 1888 καὶ
1547 1863 1587 1894 εἰς
1612 1863 1708 1889 ἑαυτὸν
1728 1863 1836 1898 λήγων,

1039 1906 1156 1942 οὐδαμοῦ
1176 1906 1346 1942 περαιοῦται.
1373 1908 1406 1934 ’Ὀ
1423 1917 1454 1942 γε
1470 1909 1523 1944 μὴν
1546 1909 1667 1944 ἀρχηγὸς
1691 1910 1743 1944 τῆς
1769 1911 1837 1946 περὶ

1039 1953 1125 1979 ταῦτα
1150 1952 1338 1986 διαγνώσεως,
1362 1953 1473 1989 θαρρεῖν
1495 1954 1654 1987 ἐκέλευσεν,
1680 1955 1718 1986 ὡς
1736 1955 1836 1982 αἰσίων

1041 1998 1111 2024 κατὰ
1125 1997 1237 2033 γνώμην
1255 1998 1311 2033 (55)
1336 1998 1428 2030 αὐτοῖς
1451 1998 1505 2025 τῶν
1528 1999 1650 2034 σφαγίων
1674 1999 1837 2026 ἀναδεικνυ-

1043 2043 1141 2079 μένων,
1158 2044 1204 2071 καὶ
1217 2043 1425 2079 περικλειόντων
1440 2044 1470 2070 τὸ
1480 2043 1526 2070 τοῦ
1540 2044 1673 2080 δόγματος
1688 2045 1720 2071 σύ
1725 2046 1836 2080 μϐολον,

1042 2089 1089 2116 καὶ
1105 2090 1145 2120 είς
1161 2089 1257 2116 ταύτὸν
1277 2089 1480 2121 συνωθούντων,
1495 2089 1565 2116 ὥστε
1582 2090 1618 2125 μὴ
1637 2090 1835 2123 πλατύνεσθαι,

1044 2134 1091 2160 καὶ
1104 2133 1190 2166 ἀδεῶς
1206 2136 1304 2170 χωρεῖν
1323 2135 1364 2170 ἐφ’
1380 2134 1426 2166 οὓς
1441 2135 1574 2170 βούλεται,
1593 2135 1655 2170 ὅρον
1673 2135 1774 2170 ἔχοντα
1791 2137 1836 2171 τὴν

1044 2179 1091 2206 τοῦ
1109 2180 1209 2207 κύκλου
1231 2181 1414 2216 περιγραφήν.
1445 2181 1598 2216 Ἐπύθόμην
1613 2181 1641 2208 δὲ
1662 2181 1701 2213 ὡς
1719 2182 1770 2208 καὶ
1786 2183 1836 2208 τῶν

1045 2226 1253 2261 ἐπισημοτάτων
1277 2227 1324 2253 καὶ
1347 2226 1468 2262 φοϐερῶν
1493 2227 1597 2253 ἀδύτων
1619 2226 1659 2259 εἷς
1682 2236 1708 2253 τι
1730 2227 1836 2263 κατῄει,

1044 2272 1154 2307 τελετῆς
1172 2281 1244 2304 τινος
1263 2272 1280 2307 ἦ
1306 2272 1435 2307 μαντείας
1451 2272 1530 2307 χάριν
1542 2281 1549 2287 ·
1570 2272 1700 2308 ἐξαπίνης
1712 2273 1741 2299 δὲ
1757 2282 1836 2308 προσ-

1044 2317 1195 2344 ϐαλλόντων
1220 2317 1293 2352 αύτῷ
1316 2317 1370 2344 τῶν
1392 2318 1438 2344 ἐπὶ
1452 2317 1556 2349 τούτοις
1573 2319 1835 2353 μεμηχανευμένων,

1044 2364 1090 2390 καὶ
1101 2364 1239 2399 γοητείαις
1257 2365 1504 2398 παραφαινομὲνων
1518 2364 1679 2399 φασμάτων,
1697 2364 1750 2391 ὑπὸ
1763 2364 1836 2399 θορύ-

1045 2409 1093 2436 ϐου
1113 2410 1159 2435 καὶ
1175 2408 1249 2440 δέους
1264 2408 1318 2435 τῶν
1338 2408 1481 2444 παρόντων
1499 2408 1745 2444 ἐπιλανθανόμενος
1758 2418 1764 2424 ·
1789 2409 1835 2444 ὀψὲ

1046 2454 1100 2489 γὰρ
1112 2453 1162 2489 τῆς
1186 2453 1295 2488 ἡλικίας
1319 2454 1366 2480 ἐπὶ
1388 2453 1514 2489 τοιαύτην
1537 2451 1601 2490 ἦλθε
1624 2454 1673 2489 τὴν
1693 2455 1832 2490 μάθησιν·

1048 2499 1140 2526 ἔλαθεν
1156 2499 1208 2525 ὑπὸ
1220 2499 1270 2534 τῆς
1284 2499 1418 2534 προτέρας
1437 2499 1590 2534 συνηθείας,
1604 2497 1648 2526 οἷά
1660 2508 1692 2533 γε
1706 2497 1834 2535 Χριστια-

1048 2547 1092 2578 νὸς
1110 2547 1138 2573 ἐν
1154 2545 1267 2580 ἀπόροις
1283 2544 1417 2576 κινδύνοις
1434 2544 1625 2580 περιληφθεὶς,
1648 2545 1688 2580 τῷ
1711 2545 1834 2580 συμϐὣῳ

1048 2593 1095 2619 τοῦ
1111 2591 1228 2628 Χριστοῦ
1244 2592 1439 2626 κατασημάνας
1450 2591 1555 2619 ἑαυτόν.
1572 2591 1676 2617 Αὐτίκα
1689 2600 1721 2617 τε
1735 2590 1834 2626 φροῦδα

809 2649 947 2677 VALESII
968 2647 1249 2678 ANNOTATIONES.

247 2695 304 2730 (5’2)
330 2696 534 2731 Προσάψαντα
547 2697 651 2729 δόξαν.
664 2695 708 2731 rln
723 2694 875 2731 Fuketiano
903 2696 998 2723 codice

214 2729 415 2767 scripturir’est
438 2729 630 2767 ’προσάξαντση
656 2730 751 2767 Quam
778 2729 996 2767 emendationem

212 2766 478 2800 Christophorsonus
508 2767 589 2794 etiam
615 2774 647 2793 ac
669 2766 789 2793 Suvilius
820 2766 848 2792 in
876 2766 998 2800 margine

213 2802 410 2836 ascripserunt.

249 2834 305 2870 (55)
345 2837 392 2869 Ὠς
423 2837 528 2863 αἰσίων
556 2836 630 2863 κατὰ
658 2836 786 2870 γνώμην,
818 2834 995 2863 Scribcndum

1052 2700 1141 2730 puto;
1166 2694 1210 2725 Ὡς
1238 2693 1334 2730 αἰσίων
1360 2693 1408 2730 καὶ
1437 2691 1507 2730 κατ-ὰ
1527 2691 1640 2730 ηώμην
1664 2690 1757 2721 αὐτοῖς
1785 2689 1834 2730 τιῖιν

1053 2724 1187 2764 σφαγίων,
1201 2724 1266 2755 εἰς.
1282 2728 1369 2764 Porro
1385 2729 1441 2754 hate
1466 2724 1597 2764 historia,
1617 2724 1644 2752 et
1664 2732 1784 2764 sequens
1798 2724 1834 2764 fa:

1051 2758 1125 2791 et'nn'i
1141 2758 1213 2798 quod
1231 2768 1324 2799 narrat
1338 2762 1519 2799 Sonmenus,
1533 2762 1659 2799 leguntur
1674 2758 1756 2799 etiam
1767 2758 1832 2793 apud

1051 2794 1212 2833 Gregorium
1245 2794 1463 2830 Nazianz‘cnum,
1493 2799 1520 2824 in
1551 2795 1683 2822 lin-ecliva
1714 2794 1832 2821 adversus

1050 2834 1199 2861 lulianum.
