1899 3077
15 159 73 188 213

519 160 682 189 HISTORIA
699 160 975 190 ECCLESIASTICA.
995 179 1031 184 -—
1049 163 1114 191 LIB.
1136 163 1168 190 V.

1587 166 1658 194 1214

15 218 33 245 ὰ
53 217 208 253 φάσματα
224 217 348 251 ἐγένετο,
371 217 419 244 καὶ
439 217 470 244 τὺ
488 217 705 253 σπουδαζόμενον
727 218 816 253 ὲμπε-

879 220 960 247 l'Illlla
983 224 1063 247 aetate
1076 220 1109 247 ad
1124 227 1183 247 eam
1205 220 1381 255 disciplinam
1398 228 1428 248 se
1451 221 1656 249 transtulerat:

15 264 134 290 πόδιστο.
156 263 363 298 Ἀπορούμενος
374 263 402 289 δὲ
416 263 479 298 περ)⁵
491 262 583 290 τούτου
595 264 609 290 ὁ
626 264 815 298 μυσταγωγὸς,

15 309 103 344 πειδὴ
121 309 206 343 ἔγνω
219 309 249 335 τὸ
263 309 348 335 αῐτιον
360 309 409 343 τῆς
425 309 513 344 φυγῆς
526 309 579 336 τῶν
596 309 739 344 δαιμόνων,
751 310 818 344 ἄγος

16 355 31 381 δ
46 354 176 389 γεγονὸς
193 355 378 385 ἀποκαλέσας,
393 355 440 381 καὶ
457 355 580 390 ἀνδρεῖον
595 355 678 388 εἶναι,
700 356 747 382 καὶ
767 365 819 391 μη·-

16 401 47 426 ὲν
76 400 197 436 πρᾶξαι
222 400 238 436 ἢ
259 400 385 434 ἐννοῆσαι
402 401 596 436 Χριστιανικὸν
610 401 818 437 παρακελευσά-

15 454 108 478 ιενος,
137 444 225 477 αὖθις
252 446 298 472 ἐπὶ
313 445 362 480 τὴν
382 445 492 481 τελετὴν
513 447 593 474 αὐτὸν
612 445 689 482 ἦγεν.
713 447 750 474 οὐ
770 455 818 482 με·

21 492 93 527 ρίως
120 492 154 518 δὲ
183 492 280 519 ὲλύπει
314 493 377 524 τοὺς
403 493 585 528 Χριστιανοὺς
611 494 659 520 καὶ
684 494 819 528 περιδεεῖς

20 538 98 564 ποίει
118 539 136 573 ἡ
159 539 230 573 περὶ
249 538 334 565 ταῦτα
347 538 448 574 σπουδὴ
468 539 515 566 τοῦ
533 539 675 574 βασιλέως,
699 542 746 567 καὶ
765 541 818 575 μά-

15 592 87 610 ,ιστα
113 583 162 610 ὅτι
191 584 355 619 Χριστιανὸς
377 581 412 619 ἦν
437 585 578 621 πρότερον.
607 586 737 613 Εὐλαὸῶν
764 586 819 622 γὰρ

15 631 74 665 rep".
99 629 154 665 τὴν
179 630 332 665 θρησκείαν
359 630 485 666 πατέρων
517 631 680 668 γενόμενος,
704 633 736 659 ἐκ
753 629 818 660 ’νέου

15 676 125 711 ιμυήθη
152 675 233 702 κατὰ
256 676 300 703 τὸν
327 676 427 712 θεσμὸν
441 677 490 712 τῆς
512 678 684 714 Ἐκκλησίας,
706 679 819 711 καὶτὰς

15 722 89 758 ,ερας
104 722 229 758 Γραφάς
254 722 411 758 ἐπαιδεύθη,
432 724 480 749 καὶ
506 723 558 750 ὑπὸ
583 725 744 758 ἐπισκόποις
760 725 817 761 (54)

15 770 56 795 ιαί
84 768 337 803 ἐκκλησιαστικοῖς
359 769 488 803 ἀνδράσιν
510 769 626 806 ἐτράφη.
651 771 749 806 Γέγονε
765 772 819 808 γὰρ

15 814 88 850 ιύτῷ
110 814 163 841 καὶ
191 813 286 848 Γάλλῳ
310 814 401 850 πατὴρ
419 815 626 848 Κωνστάντιος,
651 817 820 853 ὁμοπάτριος

15 859 133 894 Ξιδελφὺς
141 859 356 886 Κωνσταντινου
369 859 416 886 τοῦ
429 859 647 894 βασιλεύσαντος,
659 863 706 888 καὶ
717 862 820 898 Δαλμα-

869 271 900 291 ex
919 265 1033 298 pristina
1056 265 1266 298 consuetudine,
1292 269 1385 299 utpote
1410 266 1600 298 Christianus,
1629 268 1658 294 in

870 310 1037 344 gravissimo
1072 310 1232 338 discrimine
1266 312 1458 344 constitutus,
1497 312 1659 347 imprudens

870 354 949 389 signo
964 355 1055 382 crucis
1072 355 1192 389 seipsum
1215 357 1406 391 consignavit;
1433 358 1580 392 statintque
1595 365 1658 392 spe-

872 405 932 428 ctra
944 406 1127 434 evanuerunt,
1142 407 1168 429 et
1189 402 1216 429 id
1234 403 1307 437 quod
1325 404 1456 438 perﬁcere
1468 405 1594 432 volebant
1608 405 1658 432 im-

870 447 990 480 peditum
1006 452 1059 474 est.
1075 446 1221 474 Sacrorum
1239 454 1329 475 autem
1353 449 1466 476 antistes
1489 457 1520 476 ea
1544 457 1573 477 re
1596 457 1659 484 per-

870 491 1009 523 turbatus,
1031 497 1176 526 postquam
1201 492 1297 520 didicit
1315 501 1396 528 quam
1411 494 1447 521 ob
1466 502 1576 522 causam
1602 495 1657 521 dae-

871 544 966 564 mones
982 537 1162 572 aufugissent.
1175 538 1314 572 piaculum
1332 547 1391 567 esse
1407 540 1476 567 dixit
1496 541 1522 567 id
1534 541 1606 575 quod
1623 541 1659 567 ab

870 582 1035 616 imperatore
1069 583 1171 610 factum
1207 588 1266 611 erat
1290 594 1296 611 :
1324 585 1504 621 hortatusque
1533 592 1559 613 ut
1594 586 1658 613 forti

870 629 962 657 animo
979 634 1063 662 esset,
1089 638 1140 657 nec
1154 630 1342 658 Christianum
1357 632 1508 667 quidquam
1533 637 1578 659 aut
1594 640 1659 667 age-

870 678 929 706 ret,
958 679 1005 702 aut
1030 675 1178 710 cogitaret,
1205 683 1267 703 eum
1292 684 1389 704 rursus
1412 677 1445 704 ad
1473 678 1658 712 peragendum

870 726 978 746 sacrum
994 720 1117 747 deduxit.
1139 720 1226 749 Porro
1238 721 1403 749 Christianis
1418 730 1472 749 non
1493 723 1658 750 medimzrem

870 765 992 805 dolorem
1016 773 1048 793 ac
1074 770 1173 793 metum
1199 767 1353 795 incutiebat
1382 768 1503 795 studium
1528 769 1659 803 principis

870 818 934 846 erga
952 811 1108 846 hujusmodi
1122 813 1347 847 superstitionem
1357 833 1364 845 ,
1381 821 1414 840 ac
1428 814 1564 849 praecipue
1587 815 1660 849 quod

869 856 1046 885 Christianus
1065 861 1129 884 ante
1153 859 1315 886 exstitisset.
1335 859 1401 886 Nam
1418 868 1479 887 cum
1502 861 1661 895 parentibus

15 892 93 933 rion;
122 902 157 933 οὗ
177 907 246 938 παῖς
268 904 413 941 ὁμώνυμος
429 892 548 942 ’Καῖσαρ
565 892 748 942 ἀναδειχθεὶς,
771 892 820 935 άν-

879 901 1033 930 Zhristiante
1057 902 1182 938 religioni
1206 904 1404 932 addictissimis
1429 910 1509 934 ortus
1534 909 1623 938 esset,
1645 913 1661 933 a

15 953 102 988 ῃρὲθη
124 952 184 978 ὑπὸ
200 952 255 978 τῶν
273 951 448 986 στρατιωτῶν
464 951 534 987 μετὰ
546 953 597 988 τὴν
613 953 820 980 Κωνσταντίνου

15 998 164 1033 τελευτήν.
189 998 319 1033 Ὀρφανοὶ
334 998 363 1024 δὲ
386 998 491 1034 πατρὸς
515 998 655 1034 γενόμενοι
678 999 727 1027 καὶ
744 1000 821 1027 αὐτοὶ

15 1044 86 1076 τότε,
106 1043 262 1080 Δαλματίῳ
277 1044 475 1073 συναπολέσθαι
490 1045 668 1073 ἐκινδύνευον.
688 1046 822 1080 Ἐξείλετο

15 1089 44 1116 δὲ
64 1089 117 1124 τῆς
134 1089 289 1124 ἐπιϐουλῆς
304 1089 406 1116 Γάλλον
423 1090 482 1125 μὲν,
506 1090 547 1117 ὅτι
567 1090 652 1117 νοσῶν
669 1090 758 1127 ἔτυχε,
774 1091 822 1119 καὶ

15 1136 79 1162 ὅσον
102 1135 187 1162 οὔπω
219 1135 382 1170 αὐτομάτως
412 1135 589 1171 τεθνήξεσθαι
612 1137 799 1174 προσεδοκήθη
813 1146 821 1154 ·

21 1181 176 1208 Ὶοιιλιανὸν
200 1181 230 1208 δὲ
243 1182 274 1207 τὸ
289 1182 349 1208 νέον
361 1190 368 1197 ’
391 1181 431 1208 ἔτι
446 1181 501 1217 γὰρ
520 1182 612 1216 ὄγδοον
634 1183 742 1219 ἡλικίας
755 1182 823 1220 ἦγεν

18 1229 88 1259 ἔτος.
106 1227 280 1263 Παραδόξως
291 1228 319 1254 δὲ
330 1225 381 1255 ὧδε
397 1228 585 1262 διασωθέντες,
597 1230 822 1266 προσετάχθησαν

19 1275 47 1300 ἐν
69 1273 264 1310 Καππαδοκίᾳ
284 1274 433 1311 διατρίὸειν
449 1276 478 1302 ὲν
498 1275 643 1311 Μακέλλῳ.
668 1277 775 1312 Χωρίον
794 1277 823 1304 δὲ

20 1320 100 1346 τοῦτο
120 1320 267 1355 βασιλικὸν
284 1320 353 1355 πρὸς
370 1320 536 1356 τῷἈργαίῳ
546 1320 614 1356 ὄρει,
628 1321 678 1348 οὐκ
690 1322 744 1348 ἀπὸ
757 1322 823 1348 πολ-

20 1366 66 1393 λοῦ
88 1367 140 1402 τῆς
166 1367 334 1402 Καισαρέων
352 1367 466 1399 πόλεως,
491 1367 688 1403 μεγαλοπρεπῆ
702 1377 732 1394 τε
748 1368 824 1403 βασι-

22 1412 82 1439 λεια
107 1412 183 1447 ἕχον,
202 1413 251 1439 καὶ
262 1413 364 1448 λουτρὰ
386 1413 432 1440 καὶ
451 1414 567 1448 κήπους,
591 1414 638 1440 καὶ
657 1414 750 1449 πηγὰς
763 1415 824 1441 ἀεν-

22 1458 115 1490 νάους.
136 1458 228 1485 Ἔνθα
250 1458 282 1494 δὴ
307 1458 457 1491 θεραπείας
480 1460 527 1485 καὶ
551 1459 663 1494 ἀγωγῆς
682 1459 824 1495 βασιλικῆς

24 1503 164 1537 ἠξιοῦντο,
193 1504 243 1530 καὶ
268 1503 412 1540 μαθήμασι
433 1505 481 1531 καὶ
499 1505 662 1539 γυμνασίοις
684 1506 740 1536 τοῖς
763 1505 823 1531 καθ’

24 1550 135 1584 ἡλικίαν
156 1549 298 1585 ἐχρῶντο,
326 1550 374 1576 καὶ
398 1550 486 1584 λόγων
506 1550 687 1582 διδασκάλοις,
705 1552 823 1583 καὶτοῖς
838 1570 860 1601 C

27 1595 185 1631 ὑφηγηταῖς
199 1595 256 1622 τῶν
270 1596 355 1630 ἁγίων
368 1596 486 1632 Γραφῶν
499 1605 505 1612 ·
523 1596 561 1628 ὡς
573 1597 620 1623 καὶ
635 1597 685 1633 ’κλή
690 1607 728 1632 ρῳ
744 1598 825 1632 ἐγκα-

28 1639 191 1675 ταλεγῆναι,
216 1640 264 1666 καὶ
279 1640 515 1674 ὑπαναγινώσκειν
530 1640 570 1675 τῷ
588 1640 645 1675 λαῷ
662 1641 711 1672 τὰς
724 1641 825 1676 ὲκκληο

32 1686 175 1717 σιαστικὰς
194 1686 313 1720 βίϐλους.
331 1687 369 1713 Οὐ
389 1687 442 1722 μὴν
459 1686 527 1713 ἀλλὰ
548 1686 596 1713 καὶ
618 1686 661 1713 διὰ
681 1686 736 1713 τῶν
752 1687 825 1721 ἠθῶν

31 1733 143 1759 καὶτῶν
168 1732 276 1768 ἔργων,
300 1732 349 1768 τὴν
369 1732 511 1760 εὐσέϐειαν
530 1732 736 1758 ἐπεδείκνυντο·
763 1732 826 1767 περὶ.

33 1779 128 1806 πολλοῦ
146 1779 307 1814 ποιούμενοι
324 1779 388 1811 τοὺς
405 1779 507 1814 ἱερέας,
521 1778 568 1805 καὶ
582 1778 645 1810 τοὺς
659 1778 746 1809 ἄλλως
758 1778 826 1811 ἀγα-

33 1825 103 1858 θοὺς,
120 1827 169 1852 καὶ
188 1825 253 1860 περὶ
266 1825 354 1861 δόγμα
373 1825 544 1856 σπουδαίους,
559 1826 616 1855 τοῖς
627 1833 657 1850 τε
672 1824 826 1860 εὐκτηρίοις

34 1870 114 1902 οἴκοις
131 1870 308 1905 θαμίζοντες,
322 1870 369 1896 καὶ
383 1870 442 1900 ταῖς
454 1867 656 1904 προσηκούσαις
670 1868 762 1902 τιμαῖς
776 1867 826 1898 τὰς

34 1916 85 1942 τῶν
103 1915 257 1952 μαρτύρων
273 1915 360 1950 θήκας
380 1914 566 1950 γεραίροντες.
588 1911 745 1949 Τηνικαῦτα
761 1913 827 1947 γοῦν

36 1962 113 1996 φασὶν
142 1961 268 1993 αὐτοὺς,
299 1960 498 1992 σπουδάζοντας
527 1959 646 1995 μεγίστῳ
673 1959 829 1994 περιλαόεἰν

37 2009 99 2043 οἴκῳ
115 2009 161 2035 τὸν
186 2009 273 2042 τάφον
296 2008 384 2042 Μάμα
407 2006 454 2035 τοῦ
477 2007 645 2042 μάρτυροςει,
676 2006 715 2036 εἰς
738 2005 829 2041 ἁμφοτ

38 2054 127 2088 τέρους
152 2055 266 2090 μερίσαι
283 2054 312 2081 τὸ
332 2054 422 2089 ἔργον.
440 2052 642 2088 Ἀμιλλωμένου
654 2051 682 2078 δὲ
697 2051 827 2086 ἐκατέρου

40 2100 177 2136 φιλοτιμίᾳ
191 2101 239 2127 καὶ
252 2102 318 2136 τιμῇ
335 2098 552 2135 ὑπερϐάλλεσθαι
567 2097 612 2124 τὸν
628 2097 729 2133 ἕτερον,
744 2097 831 2132 παρά·

39 2146 110 2178 δεξον
130 2147 268 2183 συμϐῆναι
284 2148 331 2174 καὶ
348 2145 486 2177 παντελῶς
502 2145 627 2175 ἄπιστον,
642 2144 666 2169 εἰ
683 2143 720 2178 μὴ
739 2143 832 2169 πολλοὶ

871 956 958 983 puero
967 948 1047 983 juxta
1064 947 1195 977 Ecclesia:
1203 950 1287 977 ritum
1299 950 1425 978 initiatus
1438 955 1467 979 et
1481 951 1568 979 sacris
1581 951 1662 979 Litte-

870 992 911 1021 ris
931 993 1077 1021 institutus
1090 1012 1097 1025 ,
1124 993 1176 1021 sub
1195 994 1335 1029 episcopis
1349 995 1469 1032 denique
1487 1001 1515 1023 et
1533 997 1662 1024 ecclesia-

871 1038 949 1066 sticis
977 1038 1045 1066 viris
1072 1039 1207 1066 educatus
1233 1039 1333 1068 fuerat.
1361 1041 1414 1076 Ipsi
1439 1042 1513 1069 enim
1534 1047 1560 1070 et
1583 1042 1661 1069 Gallo

873 1088 950 1120 pater
963 1084 1015 1112 fuit
1029 1084 1220 1118 Constantius,
1238 1086 1318 1122 180
1327 1095 1475 1122 germanus
1495 1089 1578 1116 frater
1591 1089 1663 1116 Con-

871 1131 985 1159 stantini
1001 1132 1175 1167 imperatoris
1189 1151 1197 1163 ,
1217 1137 1300 1167 atque
1319 1133 1457 1167 Dalmatii,
1485 1135 1564 1169 cujus
1590 1135 1662 1163 filius

872 1176 969 1205 eodem
989 1178 1100 1206 nomine
1123 1181 1300 1212 nuncupatus
1320 1178 1481 1211 Dalmatius,
1496 1188 1558 1207 cum
1572 1181 1663 1208 Caesar

871 1223 1045 1251 renuntiatus
1074 1223 1187 1256 fuisset,
1217 1228 1280 1259 post
1305 1225 1410 1252 obitum
1441 1224 1614 1253 Constantini
1647 1234 1663 1253 a

873 1268 1007 1296 militibus
1018 1274 1059 1296 est
1075 1269 1247 1298 interfectus.
1268 1270 1328 1303 Quo
1345 1270 1455 1304 quidem
1471 1274 1594 1305 tempore
1610 1271 1663 1306 ipsi

873 1321 982 1349 quoque
1001 1319 1078 1349 patre
1095 1317 1201 1348 orbati,
1226 1324 1325 1351 parum
1353 1315 1442 1344 abfuit
1458 1315 1524 1350 quin
1543 1317 1664 1351 perirent

874 1366 928 1386 una
946 1367 1008 1386 cum
1034 1359 1179 1388 Dalmatia.
1207 1361 1260 1389 Sed
1279 1362 1386 1389 Gallum
1406 1362 1515 1398 quidem
1542 1362 1663 1398 periculo

873 1405 975 1434 exemit
994 1406 1106 1435 morbus
1120 1415 1176 1442 quo
1198 1414 1254 1435 tum
1281 1409 1434 1442 laborabat,
1451 1413 1479 1437 et
1492 1417 1546 1444 quo
1567 1417 1665 1445 prope-

874 1450 946 1478 diem
969 1452 1119 1480 moriturus
1145 1454 1293 1488 putabatur
1315 1463 1321 1480 :
1340 1453 1478 1481 Julianum
1507 1463 1571 1482 vero
1598 1459 1664 1483 atlas

874 1501 976 1525 tenera.
999 1499 1129 1526 Octavum
1146 1500 1220 1526 enim
1243 1500 1333 1527 atatis
1351 1507 1453 1527 annum
1478 1501 1600 1528 nondum
1620 1509 1665 1528 ex-

875 1548 979 1578 egerat.
996 1545 1035 1571 Ita
1057 1551 1157 1579 praeter
1174 1547 1297 1574 omnium
1320 1554 1394 1581 spem
1411 1551 1493 1581 atque
1508 1547 1665 1582 opinionem

876 1592 989 1625 servati,
1001 1592 1027 1619 in
1038 1592 1213 1627 Cappadocia
1229 1594 1327 1629 degere
1339 1594 1410 1628 jussi
1425 1599 1488 1621 sunt
1502 1594 1528 1621 in
1541 1594 1664 1622 Macello.

876 1636 949 1663 Villa
975 1637 1033 1664 haec
1052 1641 1095 1665 est
1112 1639 1231 1673 publica.
1257 1639 1291 1665 ad
1316 1639 1442 1674 Argaaum
1465 1644 1583 1666 montem
1602 1640 1664 1672 sita,

877 1681 951 1709 haud
971 1683 1066 1717 procul
1083 1684 1117 1712 ab
1136 1685 1203 1712 urbe
1220 1685 1356 1717 Caesarea,
1368 1694 1430 1721 quae
1443 1691 1469 1713 et
1491 1686 1665 1721 magniﬁcum

878 1727 959 1754 habet
971 1728 1113 1762 palatium,
1128 1734 1155 1757 et
1167 1731 1286 1764 lavacra,
1300 1735 1326 1758 ct
1343 1732 1451 1765 hortos,
1468 1736 1495 1760 et
1507 1732 1594 1760 fontes
1608 1740 1670 1767 pcr-

878 1778 985 1806 petuos.
1008 1772 1066 1801 Illic
1081 1776 1163 1802 ambo
1184 1776 1269 1811 regali
1281 1777 1356 1804 cultu
1374 1778 1482 1805 educati
1500 1783 1565 1806 sunt
1585 1784 1667 1813 atque

879 1819 996 1846 instituti
1022 1829 1030 1848 :
1053 1821 1089 1848 ibi
1110 1821 1264 1856 disciplinis
1287 1827 1313 1849 et
1333 1825 1576 1851 exercitationibus
1598 1825 1668 1859 ipso-

880 1874 939 1893 rum
958 1867 1033 1894 aetati
1059 1868 1287 1896 convenientibus
1305 1869 1420 1902 imbuti;
1452 1871 1488 1898 ibi
1500 1871 1617 1906 denique
1633 1871 1667 1898 ab

878 1912 1071 1940 humaniorum
1097 1913 1196 1940 artium
1222 1914 1381 1948 magistris,
1408 1920 1435 1943 et
1462 1924 1477 1943 a
1510 1917 1667 1945 doctoribus

880 1966 1022 1987 sacrarum
1035 1959 1202 1987 Litterarum
1216 1960 1253 1987 ita
1269 1965 1332 1988 sunt
1347 1962 1459 1994 eruditi,
1472 1966 1501 1989 ut
1519 1964 1546 1989 in
1559 1964 1663 1990 clerum

881 2005 1099 2038 ascriberentur,
1115 2010 1143 2033 et
1157 2006 1361 2045 ecclesiasticos
1382 2007 1466 2036 libros
1483 2009 1583 2043 popqu
1600 2017 1668 2044 pra:-

882 2051 1014 2086 legerent.
1027 2051 1148 2079 Moribus
1161 2060 1270 2087 quoque
1282 2057 1310 2080 et
1323 2053 1402 2082 factis
1418 2054 1544 2089 pietatem
1563 2063 1618 2090 prae
1639 2063 1669 2083 se

884 2096 1007 2124 ferebant
1021 2106 1027 2124 :
1042 2098 1143 2133 quippe
1154 2098 1200 2133 qui
1218 2102 1274 2124 tum
1292 2099 1460 2132 sacerdotes,
1472 2104 1529 2127 tum
1549 2101 1669 2136 reliquos

885 2145 960 2171 viros
972 2144 1061 2171 bonos
1079 2147 1107 2171 et
1123 2144 1289 2172 Christiana:
1305 2145 1435 2174 doctrinm
1447 2147 1595 2178 studiosos,
1609 2148 1669 2182 plu-

611 2222 653 2250 VA
659 2222 746 2250 LESII
767 2223 1044 2253 ANNOTATIONES.

77 2270 131 2307 (Prii)
157 2270 235 2307 ’ξ’πρ
258 2269 445 2307 ἐσξιᾳκόσιίοις.
472 2269 723 2307 JulianusCzesar
747 2269 830 2296 Nico-

885 2278 984 2307 genere
1002 2271 1110 2306 longius
1124 2272 1312 2306 contingebat,
1327 2277 1356 2299 ut
1372 2272 1495 2307 loquitur
1509 2272 1671 2300 Ammianus

45 2306 134 2332 media:
161 2305 195 2332 ab
216 2304 333 2332 Eusebio
353 2304 486 2333 educatus
512 2310 554 2333 est
580 2305 726 2340 episcopo,
748 2313 830 2340 quem

884 2305 1060 2334 Marcellinus
1071 2307 1098 2334 in
1115 2307 1185 2334 libro
1200 2305 1268 2340 xiu,
1286 2315 1347 2342 pag.
1363 2305 1427 2336 2l9.

752 2393 944 2423 V'AIllOItUM.

80 2445 91 2464 τι
115 2440 170 2467 Τὸν
192 2442 288 2476 τάφον
312 2442 401 2476 Μάμα
422 2441 475 2468 τοῦ
497 2440 657 2475 μάρτυρος.
686 2439 831 2468 Mamantis

50 2476 172 2510 martyris
196 2485 294 2504 nomen
317 2477 388 2511 apud
404 2476 515 2503 Graacos
537 2476 660 2511 celebre;
684 2479 760 2510 gesta
782 2477 832 2503 ob-

50 2518 136 2537 scura.
153 2511 313 2539 Laudarunt
326 2510 388 2539 eum
399 2510 757 2546 GregoriusqNaziauzrnus,
772 2519 832 2538 ora-

51 2545 120 2572 tione
142 2547 186 2578 45,
205 2552 231 2574 et
246 2547 365 2574 Basilius
387 2547 434 2578 Μ..
458 2545 533 2573 tomo
549 2545 569 2578 l,
597 2546 707 2572 homilia
721 2547 767 2576 26.
795 2546 831 2573 De

53 2585 164 2616 martyre
195 2582 341 2610 Mamaute.
368 2581 407 2609 Ex
437 2581 538 2616 quibus
565 2581 634 2608 locis
660 2581 728 2608 nihil
756 2582 830 2608 aliud

52 2614 189 2652 discimus,
208 2625 288 2652 quam
312 2618 400 2652 ipsum
417 2614 550 2651 agrestem
575 2620 712 2652 pastorem
734 2615 830 2647 fuisse.

54 2653 79 2688 ct
94 2651 162 2678 inter
179 2651 313 2688 martyres
324 2651 554 2688 celeberrimum.
574 2651 735 2688 Miraculum
747 2652 830 2688 quod

56 2684 95 2710 hic
108 2692 198 2713 narrat
210 2684 388 2719 Soiotuenus,
401 2687 494 2714 retulit
503 2686 673 2720 etiamGreg.
690 2684 830 2719 Nazianz.,

55 2725 120 2756 orat.
137 2722 153 2748 5
177 2722 310 2750 adversus
326 2723 465 2749 Iulianum
480 2742 488 2754 ,
510 2721 635 2756 quamvis
651 2721 739 2756 sancti
754 2729 832 2756 imar-

57 2755 120 2792 lyris
136 2764 231 2784 nomen
246 2767 300 2785 non
323 2757 469 2792 exprimat.
484 2755 620 2792 Antiquus
637 2759 684 2792 est
703 2755 730 2781 in
745 2755 832 2783 Gallia

99 2789 237 2819 Mamantis
252 2789 398 2824 cultusfin
414 2801 467 2827 qua
482 2793 534 2819 sub
546 2790 698 2818 Mammelis
711 2792 831 2827 nomine,

58 2823 164 2861 sinuet
180 2827 250 2861 apud
266 2829 335 2855 alios
348 2823 472 2856 Latin-os.
493 2831 522 2854 ut
542 2827 689 2859 plurimum
711 2823 833 2852 celebra—

60 2863 110 2886 tur.
128 2860 183 2889 Sub
198 2860 284 2890 huius
314 2863 424 2890 nomino
454 2863 509 2889 Deo
536 2863 623 2889 dicata
651 2865 692 2888 cst
717 2861 832 2888 coclesia

65 2871 110 2886 :uu.
129 2871 183 2889 ouo
203 2871 237 2889 nu
253 2871 284 2890 us
314 2871 424 2890 nounno
455 2871 509 2889 ueo
536 2871 623 2889 meam
651 2871 692 2888 (‘Sl
717 2871 832 2888 enen-sm

65 2895 220 2926 cathedralis
233 2871 414 2934 iiugonensis
427 2898 478 2925 sub
493 2897 633 2932 metropoli
646 2895 832 2932 Lugdunensi.

881 2442 994 2469 Mortem
1018 2442 1077 2476 ejus
1092 2442 1125 2469 ad
1145 2451 1247 2471 annum
1266 2443 1378 2470 circiter
1397 2442 1461 2473 274,
1477 2450 1539 2468 cum
1555 2443 1671 2476 vulgatis

879 2478 1055 2510 auctoribus,
1076 2478 1242 2510 referimus,
1265 2480 1352 2505 donec
1381 2477 1416 2504 ab
1440 2478 1532 2511 aliquo
1556 2478 1671 2504 certiora

880 2513 1057 2547 proferantur
1080 2518 1256 2540 monumenta
1279 2520 1339 2548 qua:
1360 2512 1434 2539 aliud
1463 2513 1541 2540 nobis
1560 2520 1672 2546 persua-

879 2548 1180 2587 deant.__ansenti_unt
1204 2547 1537 2587 antiqua_lllartyrologia_
1555 2548 1670 2587 Adonis,

881 2583 1008 2616 Usuardi,
1030 2583 1146 2616 Habani,
1166 2588 1192 2611 et
1222 2583 1352 2615 Notkeri,
1375 2586 1441 2613 etc.,
1466 2582 1494 2609 S.
1514 2582 1671 2613 Mamantis,

881 2623 944 2647 aut.
973 2623 1055 2653 prout
1082 2619 1248 2654 loquuntur.
1273 2617 1442 2654 Mammetisr,
1468 2618 1526 2644 sive
1546 2616 1673 2654 Mametis

881 2652 1043 2691 martyrium
1070 2652 1125 2681 sub
1148 2655 1320 2691 imperatore
1341 2652 1490 2691 Aureliano
1508 2652 1670 2691 contigisse.

880 2687 987 2716 Colitur
1002 2689 1062 2723 ejus
1080 2687 1211 2716 memoria
1227 2697 1242 2716 a
1263 2689 1368 2715 Latinis
1388 2687 1432 2714 die
1447 2687 1478 2714 ΓΙ
1494 2687 1597 2723 mensis
1615 2687 1672 2714 Au-

881 2725 953 2758 gusti
965 2733 972 2757 ;
990 2731 1004 2750 a
1017 2721 1120 2751 Graecis
1131 2725 1149 2750 2
1166 2724 1345 2759 Septembris.
1359 2721 1668 2759 Tandernhiculllatuas,

881 2758 914 2786 de
929 2767 984 2794 quo
1000 2759 1118 2794 agimus,
1135 2757 1348 2795 distinguendus
1361 2762 1403 2786 est
1416 2759 1450 2795 ab
1461 2758 1515 2795 alio
1535 2757 1671 2784 Mamante

882 2793 1027 2831 martyre,
1053 2793 1235 2831 quemﬂcum'
1252 2794 1385 2831 Basilisco
1419 2793 1526 2831 itidem
1549 2797 1670 2831 martyre

882 2828 971 2866 ϐποέὶ
991 2829 1035 2856 die
1055 2828 1167 2863 29Julii
1188 2831 1325 2866 recolunt.
1342 2828 1458 2866 (Theod.
1477 2828 1621 2857 Ruinart..
1641 2828 1670 2853 in

884 2865 955 2891 Actis
978 2870 1137 2899 martyrum,
1159 2873 1187 2901 p.
1204 2864 1281 2899 276.)
