1899 3077
234 141 304 169 1215

960 137 1129 166 SOZOMENI

1809 140 1868 168 1216

234 198 296 226 rimi
314 197 456 230 facerent;
474 195 605 224 ecclesias
621 194 718 222 crebro
740 193 856 227 adirem,
870 198 897 222 et
915 199 1018 229 marty-

1073 195 1122 221 τῶν
1135 196 1292 230 ἀκηκοότων
1310 195 1387 231 παρὰ
1402 196 1456 222 τῶν
1473 197 1645 232 τεθεαμένων
1662 198 1756 233 μέχρι
1773 198 1823 224 καὶ
1835 200 1869 226 εἰς

234 252 294 272 rum
310 244 434 278 sepulcra
445 242 609 277 competenti
632 241 736 268 honore
750 245 959 268 venerarentur.
980 240 1019 268 Eo

234 290 317 324 igitur
334 293 465 324 tempore,
478 289 554 314 aiunt
570 287 630 314 illos
652 287 808 322 sepulcrum
832 287 926 314 Mamae
948 294 1020 314 mar-

234 336 304 370 tyris
326 334 495 368 amplissima
523 333 634 360 basilica
671 333 842 360 circumdare
866 333 1016 364 studentes,

235 389 304 415 opus
319 382 387 407 inter
402 387 431 407 se
451 380 567 414 partitos
588 387 659 406 esse.
678 379 800 414 Dumque
820 379 889 406 alter
902 379 1018 406 alterum

235 425 436 457 magnificentia
458 430 486 452 et
507 425 581 452 cultu
605 432 733 459 superare
753 425 942 456 contenderet,
962 432 1018 452 rem

234 469 423 497 admirabilem
454 477 622 504 prorsusque
648 469 836 497 incredibilem
867 470 1018 504 accidisse,

233 516 286 542 nisi
304 515 380 542 multi
398 519 490 542 nostra
507 515 596 543 adhuc
611 519 691 543 aetate
702 520 879 550 superessent
897 516 942 551 qui
961 524 1018 543 rem

233 562 320 596 ipsam
342 562 375 588 ah
397 562 451 589 illis
465 561 510 596 qui
529 569 587 588 eam
607 562 740 595 viderant,
761 566 934 596 acceperunt.
951 561 1018 589 Nam

234 615 297 642 pars
311 608 418 642 quidem
433 609 524 643 operis
539 616 599 642 qua:
611 607 689 634 Gallo
703 608 862 639 obvenerat,
876 608 1019 635 attolleba-

235 657 288 684 tur,
305 658 331 679 et
345 661 377 680 ex
391 654 474 680 animi
491 653 653 687 procedebat
670 653 814 680 sententia.
834 652 872 679 Ex
887 653 1019 687 operibus

234 703 325 726 autem
338 699 449 731 Juliani,
464 699 516 725 alia
533 699 714 731 corruebant;
733 698 786 725 alia
800 706 833 725 ex
858 698 1020 725 fundamen-

234 746 270 772 tis
285 752 396 772 sursum
420 745 662 779 propellebantur;
689 743 741 770 alia
763 751 798 770 ne
825 743 883 771 solo
909 744 1018 777 quidem

233 791 373 817 cohmrere
392 790 425 816 ab
444 790 522 816 initio
546 789 729 822 sustinebant,
752 797 805 816 non
830 797 909 816 secus
935 796 967 816 ac
995 790 1018 817 si

233 836 371 863 contraria
389 835 505 870 quadam
524 836 551 862 vi
573 835 701 863 deorsum
719 835 868 863 obsistente
894 836 1019 863 retrude-

234 885 340 908 rentur.
363 880 394 907 Et
404 880 532 908 omnibus
546 881 656 916 quidem
674 888 707 907 ea
720 888 764 908 res
778 881 904 915 prodigio
920 880 1020 909 similis

233 927 292 956 visa
308 931 363 959 est;
377 927 456 954 multi
479 934 557 958 vero,
573 926 639 961 quid
663 925 848 960 portenderet,
872 933 903 953 ex
922 930 1020 953 eventu

230 973 435 1008 judicaverunt.
456 972 508 1000 Sed
525 972 646 999 nonnulli
665 980 697 999 ex
718 980 751 999 eo
771 972 955 1007 conjecturam
975 979 1020 999 ce-

233 1024 350 1054 perunt,
374 1019 449 1046 illum
466 1019 677 1054 haudquaquam
703 1019 811 1046 sincero
837 1019 929 1046 animo
956 1026 1020 1053 erga

232 1065 392 1100 religionem
431 1071 515 1098 esse,
548 1071 645 1092 verum
682 1071 738 1099 pra:
775 1069 850 1091 metu
888 1065 1020 1099 principis

233 1111 280 1147 qui
307 1115 363 1137 tum
399 1111 529 1144 temporis
560 1109 737 1137 Christianus
767 1113 863 1141 esset,
889 1109 1019 1144 pietatem

232 1157 349 1192 ﬁngere;
374 1164 469 1191 parum
501 1159 588 1183 tutum
619 1162 680 1183 esse
707 1155 928 1186 existimantem,
957 1162 1020 1182 scn—

231 1202 345 1230 tentiam
370 1209 447 1229 suam
470 1201 498 1228 in
511 1204 635 1235 apertum
654 1199 788 1234 proferre.
816 1199 904 1226 Porro
928 1203 1020 1233 patera

232 1255 295 1276 nam
317 1248 478 1282 religionem
503 1246 658 1281 prodidisse
684 1245 805 1278 dicitur,
822 1249 914 1272 vatum
941 1245 1020 1272 fami-

236 1294 357 1322 liaritate
391 1297 418 1321 et
448 1293 595 1328 _colloquiis
622 1293 741 1327 primum
778 1292 918 1320 inductus.
951 1291 1019 1319 Nam

231 1340 373 1374 aliquanto
402 1333 469 1374 post
502 1340 544 1366 ira
576 1339 728 1367 Constantii
763 1339 891 1374 placata,
927 1337 1021 1366 Gallus

230 1385 341 1421 quidem
364 1386 441 1420 181
459 1385 487 1412 in
503 1385 594 1413 Asiam
610 1385 761 1420 profectus,
779 1384 879 1420 Ephesi
897 1385 1018 1412 mansit:

231 1439 287 1466 quo
306 1431 334 1458 in
357 1431 418 1458 loco
444 1431 576 1465 majorem
595 1435 699 1465 partem
716 1431 755 1458 rei
774 1430 919 1457 familiaris
938 1430 1019 1457 sitam

231 1477 360 1505 habebat.
377 1476 502 1504 Julianus
523 1484 589 1504 vero
602 1476 867 1511 Constantinopolim
879 1483 1018 1510 reversus,

230 1523 428 1557 magistrorum
449 1523 494 1557 qui
516 1522 573 1549 illic
598 1526 675 1549 erant
695 1522 832 1550 auditoria
863 1522 1020 1558 frequenta-
1034 1534 1055 1564 ρ

231 1567 284 1600 vit;
300 1568 345 1602 qui
362 1575 423 1594 cum
439 1567 548 1603 egregia
569 1567 661 1595 indole
683 1568 815 1602 praeditus
832 1573 916 1600 esset,
935 1573 962 1597 et
990 1569 1018 1597 in

230 1612 385 1648 disciplinis
413 1621 527 1648 magnos
553 1621 718 1649 progressus
744 1614 858 1647 faceret,
873 1615 1018 1651 haudqua-

231 1666 314 1693 quam
331 1659 358 1685 in
374 1659 494 1686 obscuro
508 1659 617 1686 delituit
633 1668 639 1692 ;
657 1660 764 1695 privato
791 1662 863 1688 enim
875 1661 969 1689 habitu
990 1662 1019 1689 in

230 1704 370 1738 publicum
396 1705 558 1739 procedens,
591 1713 653 1732 cum
688 1705 817 1740 plurimis
847 1707 1019 1734 familiariter

229 1749 405 1777 versabatur.
430 1750 482 1777 Sed
509 1751 652 1786 quoniam,
678 1756 709 1778 ut
733 1753 761 1779 in
780 1753 874 1787 populi
889 1753 1019 1780 multitu—

230 1795 293 1822 dine
308 1799 335 1822 et
354 1795 381 1822 in
398 1796 472 1830 regia
484 1797 597 1823 civitate
615 1797 674 1824 fieri
690 1798 770 1830 solet,
786 1803 917 1833 tanquam
935 1798 1019 1826 frater

230 1841 363 1875 patruelis
379 1842 568 1876 imperatoris,
585 1847 612 1870 et
632 1843 716 1871 rebus
742 1844 870 1876 gerendis
892 1845 1017 1877 idoneus,

230 1887 307 1915 brevi
329 1888 362 1915 ad
380 1889 526 1923 imperium
540 1893 725 1924 perventurus
743 1891 908 1925 sperabatur
923 1899 930 1924 ;
948 1891 1019 1918 mul-

230 1932 307 1968 tique
336 1933 496 1968 hujusmodi
522 1942 664 1962 sermones
679 1935 712 1962 de
736 1935 782 1962 illo
796 1935 899 1970 passim
911 1943 1020 1970 sparge-

227 1979 448 2014 bantur,jussus
481 1984 524 2008 est
548 1980 715 2008 Nicomedize
730 1981 840 2017 degere.
861 1981 919 2008 Illic
934 1981 1019 2008 Maxi-

229 2034 292 2054 mus
312 2026 449 2062 Ephesius
472 2027 656 2062 philosophus
674 2028 699 2054 ei
714 2035 874 2060 occurrens,
889 2031 917 2054 et
928 2027 1018 2062 philo-

229 2074 356 2108 sophiam
384 2082 447 2101 eum
472 2074 578 2106 docuit,
606 2079 634 2102 et
657 2074 751 2101 odium
777 2074 920 2110 religionis
939 2074 1019 2103 Chri-

233 2119 331 2146 stianae
348 2128 354 2145 :
376 2122 459 2153 atque
479 2123 509 2146 ut
536 2123 624 2152 vates,
648 2120 673 2147 ei
691 2119 836 2146 aﬂirmavit
847 2127 942 2147 verum
957 2127 1019 2148 esse

230 2164 304 2200 quod
333 2164 368 2191 de
395 2164 443 2191 illo
461 2165 534 2199 vulgi
555 2165 731 2193 sermonibus
747 2165 895 2193 ferebatur.
913 2165 971 2198 Ille,
989 2169 1019 2192 ut

1072 240 1144 274 ἡμᾶς
1157 241 1300 275 περιῆσαν.
1320 240 1357 266 Τὸ
1371 240 1419 275 μὲν
1435 240 1490 276 γὰρ
1506 241 1607 268 Γάλλου
1624 242 1712 277 μέρος
1729 242 1869 275 ἐπεδίδου,

1071 287 1118 312 καὶ
1129 286 1199 313 κατά
1209 286 1321 322 γνώμην
1332 287 1485 323 προύχώρει
1496 296 1502 302 ·
1518 287 1570 314 τῶν
1582 288 1610 314 δὲ
1622 288 1780 315 Ἰουλιανθῦ

1073 331 1174 366 μάτων,
1190 331 1224 358 τὰ
1237 332 1296 366 μὲν,
1311 325 1448 367 ἧρείπωτο
1459 341 1466 349 ·
1484 333 1518 360 τὰ
1536 333 1574 366 δὲ,
1593 335 1624 360 ὲκ
1638 335 1689 370 τῆς
1708 334 1768 369 γῆς
1786 335 1867 360 ἀνεδί-

1071 377 1145 403 δοτο·
1171 377 1205 404 τὰ
1220 378 1257 409 δὲ,
1275 378 1432 412 παραυτίκα
1448 379 1630 406 συνάπτεσθαι
1645 380 1718 415 πρὸς
1730 379 1764 405 τὸ
1775 379 1866 414 ἔδαφος

1071 422 1119 448 οὐκ
1140 423 1271 458 ἠνείχετο,
1292 421 1337 449 οἷά
1355 432 1387 457 γε
1409 424 1439 456 ἐξ
1458 425 1603 451 ἀντιτύπου
1620 425 1667 451 καὶ
1685 425 1784 460 βιαίου
1799 425 1865 457 τινος

1070 467 1208 504 δυνάμεως
1229 469 1351 496 κάτωθεν
1367 470 1540 506 ἀντωθούσης
1554 471 1783 507 ἀνακρουόμενα.
1802 471 1865 498 Πᾶπι

1070 514 1098 540 δὲ
1112 515 1223 546 εἰκότως
1235 517 1376 550 τεράστιον
1393 516 1480 542 ἐδόκει
1493 516 1524 542 τὸ
1535 517 1661 551 πρᾶγμα,
1681 517 1734 543 καλ⁸
1749 518 1807 548 τοῖς
1820 517 1864 551 μὲν

1071 560 1185 594 πολλοῖς,
1202 562 1234 596 τῇ
1252 561 1384 587 ἀποϐάσει
1399 561 1506 597 ἐκρίθη.
1529 560 1613 593 Οίόἒ,
1628 562 1657 594 ἐξ
1674 561 1789 588 ἐκείνου
1807 571 1863 588 συν-

1070 606 1175 638 ἔϐαλον,
1189 607 1226 642 μὴ
1239 607 1323 641 ὑγιῶς
1335 606 1407 642 ἔχειν
1416 607 1460 633 τὸν
1471 608 1556 642 ἄνδρα
1565 607 1629 640 περὶ
1637 608 1687 642 τὴν
1700 608 1860 643 Θρησκείαν,

1070 653 1126 680 ἀλλ’
1144 654 1266 680 εὐσεϐεῖν
1282 653 1458 687 πλάττεσθαι,
1475 653 1637 689 Χριστιανὸν
1654 654 1725 681 ὅντα
1743 654 1792 679 τὸν
1808 655 1863 681 τότε

1070 699 1222 734 κρατοῦντα
1236 700 1459 735 ὑποκρινόμενον,
1486 700 1534 726 καὶ
1549 700 1588 731 εἰς
1605 699 1637 726 τὺ
1661 699 1810 735 προφανὲς
1826 700 1862 731 ὲΞ-

1071 745 1148 778 ἀγειν
1163 744 1211 780 τὴν
1224 744 1337 780 γνώμην
1347 745 1396 771 οὐκ
1405 744 1524 779 ἀσφαλὲς
1538 745 1702 780 ἡγούμενον.
1717 744 1861 780 Προῦδωιιε

1069 790 1114 822 δὲ,
1140 791 1177 822 ὡς
1206 791 1330 825 λέγεται,
1355 791 1404 825 τὴν
1428 791 1558 826 πατρῴαν
1579 791 1744 826 θρησκείαν,
1773 799 1859 817 συνου-

1071 837 1142 868 σίαις
1155 837 1277 871 μάντεων
1293 836 1424 872 ὑπαχθεὶς
1434 836 1468 864 τά
1480 836 1585 872 πρῶτα.
1603 836 1682 863 Μετά
1697 836 1799 871 χρόνον
1812 836 1859 871 γάρ

1070 891 1131 908 τινα
1151 883 1326 918 παυσαμένου
1353 882 1543 909 Κωνσταντίου
1563 882 1613 917 τῆς
1640 882 1742 917 ὀργῆς,
1767 882 1860 913 Γάλλος

1072 928 1120 962 μὲν
1135 928 1174 958 εἰς
1188 927 1237 961 τὴν
1257 927 1348 953 Ἀσίαν
1361 926 1456 959 ἐλθὼν,
1470 929 1498 953 ὲν
1519 927 1625 962 Ἐφέσῳ
1639 927 1792 962 διέτριϐεν,
1803 926 1861 953 ἔνθα

1070 972 1102 1008 δὴ
1115 972 1148 999 τὰ
1159 973 1242 999 πλείω
1254 973 1304 1007 τῆς
1313 973 1406 1004 οὐσίας
1418 971 1500 1008 εῖχεν.
1525 973 1669 1004 Ἰουλιανὸς
1682 973 1723 1004 δὲ,
1739 973 1780 1003 είς
1791 973 1858 999 Κων-

1072 1018 1288 1045 σταντινοὺπολιν
1305 1018 1475 1051 ἐπανελθὼν,
1503 1019 1559 1049 τοῖς
1580 1019 1670 1045 ἐκεῖσε
1690 1018 1859 1049 διδασκάλοις

1071 1065 1180 1098 ὲφοίτα’
1200 1064 1307 1099 φύσεως
1320 1065 1349 1091 δὲ
1363 1063 1392 1091 εὖ
1410 1064 1490 1100 ἔχων,
1516 1065 1562 1091 καὶ
1577 1066 1633 1096 τοῖς
1653 1065 1803 1100 μαθήμασι
1818 1065 1856 1100 ρᾳ-

1070 1109 1134 1141 δίως
1167 1109 1314 1142 ἐπιδιδοὺς,
1339 1110 1389 1136 οὑκ
1417 1109 1573 1137 ἐλάνθανεν.
1609 1110 1652 1136 Ἐν
1680 1109 1789 1136 ίδιώτου
1811 1109 1858 1144 γὰρ

1072 1156 1190 1190 σχήματι
1207 1156 1256 1186 τὰς
1275 1155 1405 1191 προόδους
1419 1156 1579 1191 ποιούμενος
1592 1175 1600 1188 ,
1626 1155 1739 1187 πολλοῖς
1761 1155 1857 1188 συνεγὶς

1071 1209 1140 1228 νετο.
1166 1201 1244 1227 Ἐπεὶ
1258 1201 1297 1233 δὲ,
1314 1198 1357 1228 οἷα
1375 1201 1457 1235 φιλεῖ,
1478 1201 1506 1227 ὲν
1518 1201 1605 1236 ὁμίλῳ
1620 1200 1667 1227 καὶ
1682 1200 1858 1235 βασιλευούσῃ

1071 1247 1158 1279 πόλει,
1179 1247 1292 1281 ἁδελφὸς
1309 1246 1347 1273 ὢν
1368 1247 1415 1273 τοῦ
1440 1246 1612 1281 κρατοῦντος,
1639 1247 1686 1273 καὶ
1713 1246 1858 1281 πράγματα

1070 1293 1179 1319 διοικεῖν
1197 1293 1287 1323 ἱκανὸς
1297 1290 1366 1319 εἷναι
1384 1293 1557 1327 φαινόμενος,
1578 1293 1770 1327 προσεδοκᾶτο
1788 1292 1856 1326 βασι-

1070 1337 1169 1369 λεύειν,
1187 1338 1307 1372 καὶπερὶ
1322 1337 1404 1364 αὑτοῦ
1419 1337 1537 1369 τοιοῦτος
1554 1338 1664 1373 ἐκράτει
1675 1337 1770 1371 λόγος,
1782 1345 1856 1372 προσ-

1071 1383 1171 1418 ετάχθη
1191 1383 1219 1409 ὲν
1235 1383 1405 1419 Νικομηδείᾳ
1419 1383 1533 1418 διάγειν.
1563 1384 1696 1410 Ἐνταῦθα
1711 1383 1855 1418 περιτυχὼν

1071 1428 1145 1464 αὐτῷ
1175 1428 1301 1464 Μάξιμος
1326 1429 1340 1456 ὀ
1366 1429 1491 1464 Ἐφέσιος
1515 1429 1674 1464 φιλόσοφος,
1710 1429 1856 1464 φιλοσόφων

1072 1474 1147 1510 αὐτῷ
1170 1475 1258 1508 λόγων
1285 1474 1445 1510 καθηγητὴς
1469 1475 1593 1509 ἐγένετο,
1623 1475 1671 1502 καὶ
1686 1475 1793 1510 ’μίσους
1813 1474 1854 1508 τῆς

1071 1520 1241 1555 Χριστιανῶν
1253 1519 1402 1555 θρησκείας
1415 1529 1421 1536 ·
1433 1521 1485 1546 -καὶ
1498 1518 1542 1547 οἷα
1557 1520 1664 1556 μάντις,
1678 1521 1782 1556 ἀληθὲς
1794 1517 1854 1546 εἶναι

1074 1565 1227 1601 ἰσχυρίζετο
1240 1565 1271 1591 τὸ
1285 1565 1349 1600 περὶ
1361 1565 1444 1591 αὐτοῦ
1459 1565 1666 1600 θρυλλούμενον.
1686 1567 1718 1593 '0
1734 1566 1772 1599 δὲ,
1787 1565 1854 1592 τοῦτο

1072 1611 1104 1646 δὴ
1113 1610 1144 1637 τὺ
1156 1611 1264 1642 πολλοῖς
1272 1610 1432 1646 συμϐαῖνον,
1444 1612 1474 1639 ἐν
1489 1612 1601 1648 ὑπονοίᾳ
1615 1612 1760 1648 δυσχερῶν
1771 1620 1850 1647 πραγ-

1074 1657 1167 1693 μάτων
1182 1657 1440 1693 ταλαιπωρούμενος
1456 1657 1535 1693 (δι’),
1553 1658 1731 1693 βουκοληθεὶς
1762 1659 1851 1689 αἱσίαις

1073 1703 1176 1735 ἐλπίσι,
1191 1702 1268 1737 φίλον
1283 1703 1347 1738 ἔσχε
1360 1703 1406 1731 τὸν
1421 1703 1558 1739 Μάξιμον.
1574 1704 1619 1740 Τῷ
1637 1704 1745 1740 βασιλεῖ
1757 1705 1784 1731 δὲ
1799 1704 1851 1730 τούν

1071 1758 1125 1776 των
1144 1749 1328 1785 μηνυθέντων,
1352 1749 1443 1782 δείσας
1467 1752 1495 1777 ὲν
1517 1751 1575 1786 χρῷ
1598 1752 1738 1787 ἐκείρατο,
1755 1751 1799 1778 καὶ
1813 1750 1849 1776 τὸν

1073 1795 1219 1831 μοναχικδν
1244 1796 1392 1824 ἐπλάττετο
1420 1797 1487 1832 βίον.
1515 1798 1610 1833 Λάθρα
1636 1798 1665 1825 δὲ
1685 1798 1738 1833 τῆς
1767 1798 1849 1832 ἐτέρας

1072 1841 1161 1877 εἴχετο
1176 1842 1335 1878 θρησκείας.
1359 1843 1467 1879 Ἐπειδὴ
1480 1843 1509 1870 δὲ
1524 1845 1564 1875 είς
1575 1844 1674 1879 ἄνδρας
1687 1845 1740 1879 ἠδη
1755 1843 1847 1879 προῄει,

1073 1887 1243 1923 ἑτοιμότερον
1264 1888 1385 1923 ὑπήχθη,
1409 1889 1457 1915 καὶ
1478 1889 1600 1915 ὲπτοεῖτο
1624 1890 1688 1924 περὶ
1710 1890 1772 1916 τάδε
1792 1889 1847 1923 (55).

1071 1933 1224 1968 Θαυμάζων
1247 1942 1278 1960 τε
1297 1934 1324 1960 εῐ
1342 1935 1385 1966 τίς
1399 1935 1457 1962 ἐστι
1477 1935 1558 1971 τέχνη
1581 1936 1801 1971 προσημαίνοντα
1823 1934 1846 1960 τὸ

1073 1979 1180 2015 μέλλον,
1199 1980 1246 2007 καὶ
1259 1981 1413 2015 ἀναγκαίαν
1428 1982 1579 2017 ἡγούμενος
1592 1982 1642 2017 τὴν
1657 1982 1760 2018 ταύτης
1774 1981 1844 2017 μάθη-

1073 2034 1124 2060 σιν,
1150 2023 1188 2053 ὧν
1210 2026 1248 2062 μὴ
1273 2026 1314 2053 δεῖ
1329 2027 1512 2061 Χριστιανοῖς,
1535 2028 1574 2059 εἰς
1596 2029 1695 2063 πεῖραν
1721 2027 1844 2064 προήχθη¹

1071 2072 1118 2099 καὶ
1131 2072 1161 2099 τὸ
1173 2071 1202 2104 te
1215 2072 1321 2100 ἐκείνου
1331 2074 1387 2104 τοῖς
1400 2073 1488 2101 ταῦτα
1500 2073 1637 2108 μετιοῦσιν
1647 2073 1747 2108 ἐχρῆτο
1763 2073 1842 2107 φίλοις.

1071 2116 1136 2145 Ὧδε
1152 2119 1257 2154 δὲέχων
1273 2118 1386 2154 γνώμης
1396 2119 1462 2155 (56),
1476 2107 1543 2156 ἧκεν
1556 2120 1596 2151 είς
1610 2107 1766 2147 Ἀἐεᾷνάπδ
1777 2119 1842 2146 Νικο-

1074 2164 1196 2200 μηδείας
1206 2164 1253 2190 καὶ
1268 2165 1465 2199 συγγενόμενος
1474 2165 1563 2192 ἐκεῖσε
1572 2165 1713 2198 τοιούτοις,
1724 2164 1841 2201 προθυμό-

229 2210 392 2245 plerumque
408 2209 518 2236 evenire
535 2211 604 2237 solet
618 2210 777 2238 hominibus
805 2210 852 2245 qui
874 2211 1018 2237 imminen-

1073 2218 1149 2244 τερος
1168 2210 1232 2245 περὶ
1253 2211 1338 2236 ταῦτα
1353 2210 1473 2244 γέγονεν.
1503 2211 1579 2237 Ἐπεὶ
1592 2211 1620 2237 δὲ
1638 2211 1764 2243 Γάλλοςὸ
1777 2209 1842 2237 αὑτοῦ

229 2256 299 2282 tium
318 2255 506 2282 calamitatum
522 2260 596 2282 metu
623 2257 798 2288 atilictantur,
824 2256 947 2284 melioris
965 2255 1021 2283 for-

229 2305 302 2327 tuna:
332 2306 381 2334 spe
405 2299 536 2332 illectus,
571 2300 721 2328 Maximum
751 2302 778 2328 in
805 2301 1020 2329 familiaritatem

229 2352 307 2372 suam
322 2345 431 2372 ascivit.
447 2346 552 2378 Quibus
567 2347 729 2382 imperatori
752 2347 900 2379 nuntiatis,
925 2347 1021 2375 timore

229 2390 374 2424 perculsus
393 2398 499 2418 comam
526 2392 606 2424 rasit,
635 2396 662 2420 et
690 2393 875 2420 monasticam
907 2392 1016 2421 vivendi

227 2443 315 2470 genus
341 2436 505 2464 simulavit:
530 2438 602 2464 ciant
628 2446 693 2465 vero
719 2439 861 2473 gentilium
880 2439 1017 2474 supersti-

230 2481 331 2508 tionem
362 2482 507 2516 amplexus
537 2487 589 2510 est.
611 2483 676 2511 Post
698 2484 757 2511 haec
772 2483 829 2518 jam
850 2484 959 2513 virilem
974 2485 1016 2512 in-

1071 2255 1193 2289 ἀδελφὸς,
1218 2256 1328 2291 Καῖσαρ
1351 2256 1503 2288 καταστὰς,
1531 2257 1662 2292 μηνυθεὶς
1689 2256 1840 2292 νεωτερίζειν

1071 2300 1201 2336 ἀνῃρέθη,
1230 2300 1373 2327 ὑπολαὸὼν
1392 2301 1581 2333 Κωνστάντιος
1603 2303 1650 2329 καὶ
1674 2303 1756 2329 αὑτὸν
1775 2301 1840 2336 ἔρωτι

1073 2345 1212 2381 βασιλείας
1227 2343 1402 2381 κατέχεσθαι,
1417 2346 1469 2372 ὑπὸ
1483 2347 1606 2382 φυλακῆς
1630 2347 1714 2382 εἶχεν.
1737 2348 1837 2380 Ἐξαιτη-

1072 2392 1192 2427 σαμένης
1205 2392 1233 2418 δὲ
1247 2392 1329 2419 αὐτὸν
1348 2392 1496 2424 Εὐσεϐείας
1509 2393 1560 2428 τῆς
1577 2393 1702 2428 γαμετῆς
1716 2395 1837 2420 Κωνστιν-

1069 2438 1138 2470 τίου,
1146 2438 1385 2473 παραιτησάμενος
1394 2438 1483 2470 αὐτὸν,
1495 2439 1669 2474 ἀπεδήμησεν
1679 2440 1720 2471 εἰς
1735 2439 1836 2473 Ἀθήνας’

1071 2483 1205 2520 προφάσει
1221 2484 1269 2519 μὲν
1286 2483 1340 2511 τῶν
1356 2484 1522 2519 Ἑλληνικῶν
1539 2485 1628 2512 πόνων
1647 2486 1696 2512 καὶ
1720 2485 1835 2512 παιδευτι-

830 2574 966 2602 VALESII
985 2574 1264 2604 ANNOTATIONES.

262 2647 329 2687 (_54‘)
337 2649 387 2676 Ἐν
392 2651 518 2687 ἀπονοίᾳ
526 2651 683 2686 δυσχερῶν
689 2652 866 2687 πραγμάτων
872 2655 979 2680 talum
983 2662 1018 2680 ω-

225 2685 384 2725 ρούμενος.¹
400 2685 657 2749 Ξονὶιιθιιιιυηιὲἆιιιο
672 2685 950 2724 ταλαιπωρουμένοις.
966 2688 1018 2716 Re-

225 2721 315 2747 fertur
343 2727 414 2746 enim
439 2721 472 2747 ad
488 2721 514 2748 id
527 2729 582 2749 αιιο
627 2724 782 2749 ονωρθεείῑι
807 2723 885 2749 τοῦτο
911 2724 942 2749 δὴ
961 2725 1018 2749 τοῖς

225 2721 318 2760 t'er}_ur_
343 2721 421 2760 euin
439 2721 472 2760 ad
488 2721 514 2748 id
527 2721 602 2756 quod
627 2724 782 2760 praecessit,
800 2721 885 2760 ’τοῦτο
911 2724 943 2758 δὴ
961 2725 1018 2760 τοῖς

225 2755 337 2794 πολλοῖς.
350 2755 505 2794 σομὸαζνον,
531 2755 581 2794 seu
601 2755 700 2794 potius
719 2757 749 2784 τὸ
774 2758 880 2794 πολλοῖς
901 2755 1017 2794 συμϐαῖ-

224 2790 468 2828 νον,υι.1ειςίιυι·ἰιι
487 2791 583 2819 codice
600 2790 763 2819 Fuketiano.
783 2792 839 2820 Hoc
856 2798 908 2827 est,
928 2790 1017 2828 ᾀιιεηις

225 2823 369 2851 (ιιίηιοάιιηί
395 2825 528 2861 plerisque
547 2828 647 2854 evenire
675 2828 741 2854 solet
765 2829 810 2862 qui
832 2823 1016 2855 calamiiatum

226 2864 297 2885 metu
331 2861 492 2893 cruciantur,
520 2870 562 2895 spe
593 2871 678 2889 rerum
705 2863 879 2890 secundarum
902 2863 1015 2895 illectus,

1067 2653 1216 2682 Maximum
1232 2655 1259 2681 in
1276 2654 1421 2681 amicorth
1437 2662 1545 2681 nurnero
1563 2654 1665 2681 habuit.

1104 2690 1159 2725 (55)
1178 2689 1234 2716 Καὶ
1257 2689 1383 2716 ἐποιεῖτο
1400 2690 1466 2723 περὶ
1480 2689 1560 2725 τάδε.
1581 2689 1669 2724 llnjus
1692 2688 1744 2715 loci
1759 2690 1830 2725 verat"

1066 2719 1233 2759 scripturam
1250 2725 1368 2752 servavit
1395 2719 1481 2751 codex
1506 2719 1631 2756 Fuketii:
1649 2725 1676 2750 in
1693 2731 1747 2758 quo
1759 2723 1787 2759 ita
1799 2719 1829 2759 (ης

1066 2752 1142 2787 serte
1154 2760 1288 2794 scriptum
1306 2759 1398 2787 inveni
1421 2768 1427 2786 :
1445 2759 1492 2786 καὶ
1515 2752 1637 2785 εποείτο
1653 2752 1718 2793 napi
1732 2758 1792 2784 τάδε.
1810 2752 1829 2779 Μ

1066 2798 1119 2826 est,
1137 2800 1160 2821 ct
1177 2793 1270 2821 earum
1288 2802 1374 2821 rerum
1392 2794 1570 2821 admiratione
1584 2793 1747 2827 capiebatur.
1795 2820 1817 2827 θ,

1103 2829 1158 2864 (56)
1171 2827 1242 2856 Ὧδε
1257 2829 1290 2856 δὲ
1307 2829 1385 2863 ἔχων
1409 2829 1536 2863 γνώμης.
1560 2826 1649 2856 Malim
1666 2829 1780 2857 scribere
1791 2826 1828 2850 ὼδε

1066 2864 1108 2900 δη.
1127 2865 1172 2892 Sic
1185 2865 1258 2892 enim
1272 2865 1357 2892 (ἐνιερὶ
1377 2864 1451 2898 loqui
1466 2865 1565 2891 solent.
