1899 3077
37 122 96 151 1217
429 118 433 126 “
498 119 659 148 HISTORIA
678 118 805 147 ECCLES

858 118 952 146 iTlCA.
973 135 1007 139 —
1033 119 1096 147 LIB.
1118 120 1151 148 ν.

1573 122 1642 150 lilia

36 178 108 216 ρίων·
139 176 176 208 ὡς
203 176 232 202 δὲ
261 175 384 210 λέγουσι,
414 178 610 212 κοινωσάμενος
634 178 690 208 τοῖς
717 177 805 203 ἐκεῖσε

858 183 971 211 gressus
998 181 1118 210 aetatem.
1145 178 1301 214 promptius
1329 178 1363 206 ad
1387 179 1444 206 haec
1462 179 1539 211 ferri,
1558 187 1642 215 eaque

36 225 135 260 μάντεσι
159 220 222 255 περὶ
236 221 290 247 τῶν
313 221 372 247 κατ’
386 221 476 248 αὐτόν.
501 221 763 256 Μετακαλεσάμενος
777 220 805 247 δὲ

32 268 104 296 αὐτὸν
124 266 226 293 ἐνθένδε
249 266 449 298 Κωνστάντιος,
482 267 611 302 Καίσαρα
635 265 803 300 κατέστησε·

34 312 213 347 κατεγγυὴσας
229 321 258 338 τε
273 311 347 346 αὐτῷ
365 313 433 348 πρὸς
450 312 538 347 γάμον
550 311 742 338 Κωνσταντίαν
757 311 805 346 τὴν

34 360 106 386 αὐτοῦ
125 357 240 393 ἀδελφὴν
252 357 319 393 (57),
346 358 392 384 ἐπὶ
416 358 479 389 τοὺς
499 357 568 393 πρὸς
590 357 665 384 δύσιν
684 357 805 388 Γαλάτας

34 406 175 439 πέπομφεν.
204 403 235 430 Οἱ
256 403 312 438 γὰρ
333 403 480 439 Βάρὸαροι,
507 403 553 435 οὒς
569 403 650 435 αὐτὸς
676 404 806 439 πρότερον

33 450 95 478 κατὰ
108 448 273 482 Μαγνεντίου
296 447 468 483 ἐμισθώσατο
489 449 528 479 εἰς
546 447 714 482 συμμαχίαν,
731 447 806 473 οὐδὲν

33 496 116 530 ὄφελος
135 495 174 526 εἰς
194 493 272 521 τοῦτο
296 493 448 529 γενόμενοι,
472 494 535 523 τοὺς
555 493 676 524 Γαλάτας
701 493 804 527 ἐδῄουν.

39 542 106 568 Ἐπεὶ
119 541 145 567 δὲ
158 539 267 571 ἐτινέος
280 538 324 574 ἦν,
336 541 392 571 τοῖς
405 539 548 574 ἑπομένοις
559 539 633 574 αὺτῷ
646 540 806 574 στρατηγοῖς

33 587 62 613 τὰ
76 585 192 621 πρακτέα
215 585 358 620 ἐπέτρεψε.
375 585 436 611 Τῶν
454 585 481 611 δὲ
506 584 709 620 ῥᾳθυμούντων,
727 585 806 616 αὐτὸς

33 632 64 663 ὡς
83 632 142 666 ἐνῆν
162 631 176 657 ὁ
190 631 300 665 Καῖσαρ
321 629 368 656 τοῦ
386 629 507 664 πολέμου
522 630 644 665 προενόει
659 638 665 645 ·
687 630 806 661 καὶτοὺς

34 676 188 712 στρατιώτας
201 676 420 711 προθυμοτέρους
436 676 500 711 περὶ
511 676 560 710 τὴν
577 676 665 711 μάχην
676 677 807 711 κατέστη-

34 735 82 759 σεν,
94 726 177 758 ἄλλως
192 735 221 753 τε
239 725 480 761 παρακινδυνεύειν
505 726 675 761 προτρέπων,
694 725 740 752 καὶ
759 727 807 761 ῥη-

32 773 72 800 τὸν
99 772 189 808 μισθὸν
222 771 305 804 τάξας
335 771 443 805 ἑκάστῳ
471 771 609 807 βάρϐαρον
640 771 803 806 ἀναιροῦντι.

33 818 227 855 Κεχαρισμένος
244 818 271 844 δέ
285 820 341 850 τοῖς
355 817 534 854 στρατιώταις
555 817 677 844 ἐντεῡθεν
695 818 807 852 γενόμε-

32 874 80 897 νος,
102 865 216 900 ἐδήλωσε
237 864 418 898 Κωνσταντιῳ
437 864 485 899 τὴν
507 863 560 890 τῶν
577 863 736 899 στρατηγῶν
756 865 803 898 ρᾳ-

33 912 136 947 στώνην.
165 910 374 942 Ἀποσταλὲντος
399 910 427 936 δέ
453 909 557 944 ἐτέρου,
587 909 732 944 συμϐαλὼν
753 910 807 940 τοῖς

32 959 185 995 Βιρῖιάροις,
212 957 301 989 καλῶς
323 956 435 992 ἐπραξε.
468 956 528 982 Τῶν
544 956 572 982 δὲ
596 956 659 991 περὶ
687 955 806 982 σπονδῶν

32 995 260 1040 πρεσόευομένωνξ
286 1003 334 1030 καὶ
358 1003 500 1034 ἐπιστολὰς
525 1002 714 1029 Κωνσταντίου
738 1012 805 1038 προ-

30 1051 182 1086 ϊσχομένων,
197 1049 436 1086 μετακαλουμένου
453 1049 522 1082 σφᾶς
536 1048 582 1074 ἐπὶ
597 1048 645 1083 τὴν
665 1049 806 1083 Ῥωμαίων

32 1099 87 1132 γῆν,
96 1097 217 1132 ἐπίτηδες
228 1096 389 1131 ἀποπέμψαι
405 1095 522 1131 μελήσας
533 1094 578 1120 τὸν
586 1095 648 1121 τάδε
663 1094 807 1130 πρεσϐευό-

35 1151 114 1177 μενον,
129 1143 265 1177 ἀδοκήτως
282 1142 320 1177 τῷ
335 1141 431 1177 πλήθει
454 1141 508 1168 τῶν
524 1140 659 1175 πολεμεων
675 1140 804 1172 ἐπελθὼν,

32 1189 140 1223 ἐνίκησε.
172 1188 288 1222 Λέγεται
328 1188 356 1214 δὲ
383 1187 571 1214 Κωνστάντιον
600 1186 806 1212 ἐπιϐουλεύοντα

32 1234 107 1269 αὐτῷ,
119 1233 211 1261 τοῦτον
227 1233 370 1268 ἐπιτρέψαι
383 1233 427 1259 τὸν
441 1232 566 1268 πόλεμον.
590 1232 666 1267 Ἐμοὶ
679 1232 707 1258 δὲ
722 1232 751 1258 οὐ
765 1241 806 1258 πι-

32 1279 102 1306 θανὸν
117 1278 184 1306 εἶναι
201 1279 279 1306 τοῦτο
295 1279 378 1306 δοκεῖ.
397 1276 432 1314 τῼ
449 1279 501 1314 γὰρ
518 1279 581 1313 ἐξῆν
599 1278 666 1313 μηδὲ
680 1278 806 1313 Καίσαρα

30 1325 73 1361 τὴν
84 1326 166 1361 ἀρχὴν
178 1326 263 1351 ποιεῖν
278 1324 369 1356 αὐτὸν,
393 1324 420 1350 τί
433 1324 479 1350 καὶ
494 1323 590 1355 ἐποίει,
605 1323 651 1349 καὶ
664 1322 712 1357 τὴν
728 1322 805 1348 ἀδελ-

31 1371 77 1405 φὴν
93 1371 176 1397 ἐδίδου
191 1369 323 1405 γαμετὴν,
339 1370 384 1396 καὶ
399 1369 566 1405 μεμφομένῳ
582 1368 645 1403 περὶ
655 1367 709 1394 τῶν
725 1367 806 1403 ῥᾳθύ-

32 1425 83 1451 μων
96 1416 252 1452 στρατηγῶν
270 1415 401 1451 ὑπήκουε,
416 1415 462 1441 καὶ
479 1413 620 1440 σπουδαῖον
633 1413 694 1440 ἀντὶ
705 1413 805 1439 τούτων

30 1461 220 1495 ἐξαπέστειλεν,
237 1462 311 1492 ὅπως
330 1459 483 1495 κατορθῶσι
506 1459 551 1486 τὸν
570 1457 698 1493 πόλεμον,
718 1459 742 1484 εἰ
768 1457 805 1494 μὴ

29 1508 98 1541 φίλος
112 1509 258 1543 ἐτύγχανεν
272 1517 278 1541 ;
295 1507 352 1534 ἀλλ’
364 1507 401 1538 ὡς
419 1505 576 1541 συμϐάλλω,
592 1505 641 1540 τὴν
657 1505 705 1540 μὲν
719 1504 805 1541 ἀρχὴν

29 1553 115 1586 abi/ou;
128 1554 164 1581 ὢν
177 1553 253 1589 αὐτῷ
266 1545 463 1584 Κωνστάντιος,
478 1551 606 1586 Καίσαρα
622 1550 787 1585 κατέστησεν
798 1558 804 1565 ·

30 1600 82 1626 ἐπεὶ
98 1601 124 1627 δέ
148 1600 227 1635 παρὰ
248 1599 361 1634 γνώμην
375 1596 458 1624 αὐτοῦ
477 1596 607 1626 σεϐαστὺς
622 1594 805 1630 ἀνεκηρύχθη,

28 1645 141 1680 ἢδεδιὼς
155 1645 214 1672 ἀνθ’
231 1641 268 1671 ὦν
285 1643 364 1670 αὑτὸν
380 1642 430 1669 καὶ
443 1641 487 1668 τὸν
502 1640 615 1674 ἀδελφὸν
633 1639 709 1671 νέους
728 1639 807 1670 ὄντας

30 1690 161 1726 ἠδίκησεν,
179 1691 196 1727 ἢ
221 1688 337 1724 φθονῶν,
357 1688 394 1720 ὡς
416 1687 499 1718 εἰκὸς,
516 1686 562 1713 ἐπὶ
585 1687 617 1721 τῇ
635 1685 714 1721 ὁμοίᾳ
729 1685 806 1720 τιμῇ,

30 1736 198 1762 ἐπεϐούλευεν
217 1734 290 1770 αὐτῷ
308 1733 351 1760 διὰ
372 1732 425 1759 τῶν
441 1732 508 1767 πρὸς
529 1731 573 1758 τὸν
594 1730 689 1766 Ῥῆνον
704 1729 807 1765 βαρΰά-

29 1791 87 1817 ρων.
109 1783 186 1809 Ἀλλὰ
198 1782 260 1808 τάδε
279 1780 326 1816 μὲν
343 1779 433 1810 ἄλλοις
451 1778 536 1809 ἄλλως
548 1777 630 1805 δοκεῖ.

857 230 937 257 agere
959 224 1054 257 coepit.
1082 224 1177 251 Artem
1206 225 1301 260 igitur,
1322 225 1345 252 si
1371 233 1425 260 qua
1452 225 1498 252 illa
1514 230 1565 258 est,
1582 234 1644 261 quaa

855 276 901 296 res
926 268 1034 296 futuras
1063 271 1198 304 praedicit,
1223 271 1327 307 ingenti
1353 273 1536 299 admiratione
1554 273 1643 307 suspi-

856 314 943 346 ciens,
975 315 1091 350 eiusqne
1123 317 1248 343 notitiam
1282 318 1470 345 necessariam
1503 318 1557 345 sibi
1583 326 1643 347 esse

856 359 1038 391 existimans,
1072 361 1292 395 experimentum
1324 363 1397 397 cepit
1426 370 1519 390 earum
1551 371 1643 390 rerum

856 412 916 438 qua:
941 404 1108 433 Christianis
1136 406 1287 434 interdictae
1311 412 1385 434 sunt.
1411 408 1448 434 Ex
1465 416 1498 435 eo
1521 412 1642 442 tempore

855 457 904 477 eos
927 451 973 485 qui
999 455 1085 478 artem
1112 452 1192 479 istam
1223 453 1418 487 profiterentur
1441 455 1467 481 in
1491 455 1642 481 amicorum

856 497 952 524 habuit
967 505 1094 525 numero.
1107 497 1174 525 Cum
1191 499 1276 534 igitur
1291 508 1323 527 eo
1338 500 1431 528 animo
1447 504 1532 532 esset,
1545 501 1643 527 relicta

856 543 1015 572 Nicomedia
1045 545 1073 571 in
1097 545 1191 572 Asiam
1220 546 1352 580 perrexit,
1377 549 1401 574 et
1428 555 1488 573 cum
1506 547 1642 580 ejusmodi

856 590 924 617 viris
949 590 1006 617 illic
1032 598 1212 626 congressus,
1238 592 1396 618 ardentiore
1428 592 1520 619 studio
1547 593 1573 618 in
1595 599 1642 619 eas

858 639 930 662 artes
952 636 1087 663 incubuit.
1107 637 1241 663 Caeterum
1263 645 1323 662 cum
1347 638 1430 664 frater
1447 638 1532 672 ipsius
1548 638 1642 665 Gallus

858 680 958 714 (aesar,
987 689 1030 708 res
1043 689 1129 709 navas
1152 682 1240 708 moliri
1257 682 1375 714 delatus,
1393 690 1507 717 eamque
1523 683 1557 710 ob
1575 691 1641 710 cau-

858 735 915 754 sam
944 727 1108 755 interfectus
1136 727 1246 760 fuisset,
1279 728 1437 762 suspicatus
1462 728 1642 756 Constantius

857 772 998 800 Julianum
1013 781 1124 808 quoque
1137 774 1291 808 imperandi
1305 773 1456 808 cupiditate
1471 773 1577 805 ardere,
1591 775 1642 802 sub

857 821 981 849 custodia
1009 830 1071 849 eum
1098 823 1197 849 tenuit.
1217 822 1317 849 Verum
1344 830 1406 849 cum
1434 823 1551 850 Eusebia
1574 831 1644 850 uxor

858 867 1011 894 Constantii
1037 875 1088 902 pro
1115 868 1162 894 illo
1185 868 1332 902 deprecata
1353 872 1438 898 esset,
1456 868 1516 902 ipse
1534 869 1611 895 venia
1628 876 1643 895 a

858 912 1023 939 Constantio
1053 913 1198 947 impetrata
1217 933 1224 945 ,
1252 913 1376 940 Athenas
1407 914 1548 948 profectus
1580 919 1641 941 est:

858 958 949 992 specie
965 958 1090 992 quidem,
1114 963 1143 986 ut
1158 959 1267 987 Graecas
1285 960 1448 994 disciplinas
1466 961 1642 994 perdisceret,

858 1009 883 1030 et
910 1003 1019 1030 scholas
1044 1003 1233 1038 frequentaret
1252 1013 1258 1031 :
1279 1013 1308 1032 re
1328 1013 1393 1032 vera
1408 1011 1509 1038 tamen,
1527 1011 1557 1033 ut
1570 1011 1644 1034 vales

857 1047 914 1075 illic
939 1049 1069 1082 degentes
1093 1049 1126 1076 de
1152 1049 1237 1078 rebus
1263 1050 1322 1077 suis
1349 1052 1514 1079 consuleret.
1543 1051 1643 1079 Verum

856 1093 938 1128 paulo
958 1098 1018 1128 post
1037 1094 1216 1122 Constantius
1232 1103 1295 1122 eum
1309 1095 1373 1122 inde
1402 1096 1568 1124 accersitum
1586 1097 1644 1124 Ca:-

857 1145 947 1165 sarem
975 1139 1168 1166 renuntiavit:
1195 1140 1390 1174 desponsaqne
1424 1141 1449 1168 ei
1480 1141 1643 1169 Constantia

857 1192 954 1212 sorore
976 1191 1036 1216 sua,
1053 1192 1115 1211 eum
1139 1185 1166 1211 in
1189 1185 1291 1213 Gallias
1306 1187 1391 1214 misit.
1408 1186 1515 1214 Etenim
1531 1187 1643 1214 barbari

857 1239 927 1265 quos
942 1231 1000 1265 ipse
1018 1231 1098 1265 paulo
1116 1234 1196 1258 antea
1218 1231 1252 1257 ad
1274 1231 1408 1258 auxilium
1426 1232 1479 1259 sibi
1498 1232 1641 1260 ferendum

857 1281 955 1303 contra
985 1275 1169 1311 Magnentium
1200 1277 1328 1304 mercede
1358 1277 1550 1311 conduxerat,
1580 1285 1643 1305 cum

857 1322 962 1350 nullum
986 1322 1028 1349 sui
1058 1330 1137 1349 usum
1162 1324 1189 1349 in
1202 1330 1234 1350 eo
1252 1323 1324 1350 bello
1341 1324 1534 1357 praebuissent,
1549 1324 1643 1351 Gallos

856 1367 1070 1402 populabantur.
1088 1368 1120 1394 Et
1131 1368 1261 1402 quoniam
1276 1368 1403 1396 Julianus
1419 1369 1509 1396 adhuc
1532 1369 1643 1404 juvenis

857 1417 925 1445 erat,
944 1412 1060 1440 ducibus
1086 1413 1176 1447 ipsum
1203 1414 1402 1442 comitantibus
1429 1422 1521 1442 rerum
1549 1422 1642 1441 curam

857 1459 998 1486 commisit
1012 1458 1201 1486 Constantius.
1217 1459 1269 1492 Qui
1294 1460 1358 1486 dum
1385 1460 1497 1494 segnius
1519 1465 1643 1495 agerent,

858 1504 976 1539 ipsemet
993 1504 1086 1531 Caesar
1100 1511 1150 1539 pro
1174 1504 1248 1531 virili
1268 1509 1347 1539 parte
1359 1505 1530 1532 bellicuram
1548 1513 1644 1533 susce-

855 1551 896 1587 pit
913 1560 919 1577 :
938 1554 965 1578 et
979 1551 1081 1578 milites
1104 1550 1138 1577 ad
1154 1551 1333 1585 pugnandum
1351 1551 1499 1578 alacriores
1513 1551 1642 1582 reddidit.

855 1601 913 1624 tum
938 1597 1001 1624 aliis
1027 1596 1117 1624 modis
1145 1596 1224 1630 182
1244 1603 1291 1623 eos
1309 1596 1451 1623 incitando
1467 1600 1498 1622 ut
1512 1595 1643 1631 periculis

856 1651 917 1671 sese
939 1643 1105 1677 objicerent,
1135 1646 1192 1669 tum
1214 1646 1290 1669 certa
1314 1643 1441 1670 mercede
1466 1643 1606 1677 proposita
1618 1643 1643 1669 ei

856 1689 903 1724 qui
915 1688 1063 1716 barbarum
1088 1687 1285 1715 interfecisset.
1307 1687 1394 1720 Quam
1413 1688 1449 1715 ob
1469 1695 1580 1715 causam
1596 1695 1643 1715 ac-

855 1738 950 1768 ceptus
974 1733 1111 1760 militibus
1136 1732 1239 1759 ducum
1265 1740 1378 1760 suorum
1410 1733 1544 1761 desidiam
1565 1734 1638 1761 Con-

858 1778 958 1806 stantio
979 1785 1028 1813 per
1050 1778 1158 1805 litteras
1191 1777 1334 1805 indicavit.
1357 1779 1450 1806 Altero
1478 1779 1562 1814 igitur
1582 1786 1645 1806 ma~

29 1828 107 1862 gistro
124 1828 243 1854 militum
264 1826 360 1857 misso,
378 1830 443 1850 cum
472 1822 599 1850 barbaris
626 1829 800 1858 congressus,
821 1831 877 1851 rem
901 1823 1018 1852 feliciter
1043 1823 1142 1858 gessit.
1164 1823 1289 1858 Cumque
1313 1824 1353 1851 illi
1373 1825 1477 1860 legatos
1509 1825 1542 1853 de
1576 1833 1643 1861 pace

29 1873 172 1905 misissem,
198 1876 227 1900 ρι
244 1872 371 1905 Hum-as
398 1868 576 1896 ostenderent
607 1868 775 1903 Constantii,
808 1870 910 1904 quibus
937 1871 1013 1905 ipsos
1039 1870 1067 1897 in
1092 1870 1281 1897 Romanorum
1311 1870 1443 1898 ditionem
1466 1877 1641 1906 evocaverat,

28 1919 82 1953 ipse
106 1920 227 1955 legatum
254 1916 301 1952 qui
322 1922 354 1943 ea
374 1915 408 1943 de
431 1923 462 1942 re
484 1917 608 1946 venerat,
634 1913 828 1943 dimittere'de
847 1916 984 1944 industria
1009 1920 1165 1948 cunctatus,
1186 1923 1313 1951 magnam
1336 1917 1456 1944 hostium
1488 1918 1642 1946 multitudi-

28 1971 84 1991 nem
104 1965 248 2000 inopinato
275 1962 391 1989 adortus
412 1960 524 1988 devicit.
540 1960 626 1988 Aiunt
640 1967 725 1995 porro
740 1961 935 1990 Constantium
956 1963 1072 1991 insidias
1090 1962 1200 1990 Iuliano
1236 1966 1399 1994 struentcm,
1434 1963 1534 1990 bellum
1568 1964 1642 1993 istud

28 2013 49 2039 ei
68 2012 217 2046 gerendum
240 2008 415 2037 commisisse
439 2015 445 2034 :
471 2006 544 2041 quod
569 2009 662 2033 tamen
689 2007 757 2033 mihi
789 2016 963 2043 nequaquam
993 2008 1104 2036 videtur
1137 2008 1290 2043 probabile.
1320 2007 1387 2034 Nam
1410 2015 1472 2035 cum
1498 2009 1522 2036 ei
1547 2009 1642 2038 licere;

28 2057 96 2084 illum
129 2065 163 2085 ne
191 2056 328 2083 Caesarem
359 2052 469 2089 quidem
498 2051 579 2079 initio
606 2051 708 2084 facere,
737 2053 805 2086 quid
822 2061 914 2081 causa:
940 2057 982 2082 est
1012 2061 1062 2081 our
1087 2053 1194 2087 fecerit,
1223 2061 1273 2081 cur
1292 2061 1414 2081 sororem
1429 2061 1507 2081 suain
1540 2055 1579 2082 illi
1613 2055 1642 2083 in

32 2103 233 2130 matrimonium
257 2100 374 2132 dederit,
394 2106 445 2126 cur
462 2098 496 2126 de
512 2098 613 2125 dttcum
645 2097 749 2125 desidia
784 2099 962 2134 conquerenti
994 2106 1099 2126 morem
1128 2099 1256 2134 gesserit,
1286 2103 1313 2126 et
1347 2106 1442 2126 eorum
1470 2099 1531 2126 loco
1558 2099 1641 2127 alittm

27 2154 163 2176 strenuum
178 2147 286 2175 miserit
306 2149 337 2173 ut
351 2144 498 2172 victoriam
510 2144 544 2171 de
563 2143 688 2170 hostibus
706 2147 872 2179 reportaret,
890 2145 943 2171 nisi
958 2144 1089 2172 benevolo
1103 2152 1168 2180 erga
1200 2145 1277 2172 illum
1305 2144 1396 2171 animo
1432 2143 1546 2173 affectus
1574 2145 1641 2173 fuis-

27 2195 86 2221 set?
102 2193 216 2227 V'erum,
239 2197 269 2220 ut
294 2191 421 2227 equidem
448 2189 586 2224 conjicio,
608 2188 689 2215 initio
724 2188 833 2223 quidem
861 2189 1042 2217 Constantius
1070 2197 1132 2216 cum
1161 2198 1223 2217 eum
1251 2190 1383 2218 benevole
1407 2191 1640 2225 complecteretur,

27 2240 153 2267 Ctesarcm
178 2238 358 2273 nuncupavit.
378 2236 432 2264 Sed
446 2239 594 2271 postquam
610 2238 710 2270 praeter
726 2235 812 2270 ipsius
830 2236 994 2263 sententiam
1011 2236 1151 2271 Augustus
1166 2235 1341 2263 renuntiatus
1363 2241 1455 2269 esset;
1495 2245 1542 2265 seu
1557 2241 1640 2270 metu,

29 2295 58 2314 eo
77 2289 149 2322 quod
177 2289 268 2323 ipsum
284 2294 316 2313 ac
332 2285 443 2313 fratrem
459 2284 550 2312 adhuc
564 2283 754 2312 adolescentes
771 2283 872 2318 injuria
889 2284 1018 2312 affecerat
1033 2294 1040 2318 ;
1074 2292 1124 2312 seu
1156 2284 1272 2317 invidia,
1292 2287 1321 2311 ut
1346 2284 1465 2317 videtur,
1492 2286 1640 2321 impulsus,

27 2340 56 2359 eo
74 2333 146 2367 quod
166 2340 262 2368 parem
289 2331 342 2366 ipsi
368 2330 482 2358 honoris
506 2329 622 2364 gradum
649 2336 814 2358 consecutus
839 2334 922 2362 esset,
946 2330 1126 2358 barbarorum
1156 2330 1202 2365 qui
1229 2329 1356 2357 Rhenum
1383 2330 1509 2357 accolunt
1542 2339 1637 2367 opera,

26 2379 135 2407 insidias
157 2380 183 2407 ci
211 2378 389 2413 comparavit.
414 2375 520 2403 Verum
547 2375 580 2403 de
603 2375 645 2403 his
662 2376 745 2403 rebus
766 2376 812 2403 alii
833 2376 911 2404 aliter
928 2376 1062 2403 sentiunt.

321 2423 435 2451 ΚΕΦΑΛ
441 2442 448 2449 .
463 2423 500 2450 Γ’.

25 2470 79 2497 ’Ὁτι
108 2472 260 2505 καταστὰς
287 2473 331 2503 εἰς
357 2470 413 2503 τὴν
439 2468 602 2505 ,βασιλείαν
632 2469 801 2505 Ἰουλιανὸς,

55 2506 147 2541 ἠρέμα
169 2514 233 2540 πως
249 2504 288 2533 τὰ
307 2505 365 2533 τῶν
379 2504 564 2541 Χριστιανῶν
577 2504 731 2541 ἀνακινεῖν
749 2504 802 2537 ἢρ-

55 2538 139 2596 Ξαέο,
163 2538 287 2568 καὶτὸν
315 2539 515 2574 Ἑλληνισμὸν
535 2538 719 2573 τεχνηέντως
741 2541 803 2566 εισ-

55 2585 145 2603 νιῖἐιν.

61 2622 135 2649 Ἐπεὶ
146 2623 175 2648 δὲ
192 2622 271 2657 μόνος
283 2623 321 2654 εἰς
336 2622 385 2657 τὴν
398 2620 534 2656 βασιλείαν
551 2619 680 2654 κατέστη,
693 2619 739 2645 καὶ
753 2610 804 2645 Δινᾶ

25 2667 68 2702 τὴν
80 2668 135 2694 Ἕω
151 2669 217 2700 τοὺς
235 2668 406 2703 Ἑλληνικοὺς
422 2666 503 2697 ναοὺς
527 2664 641 2699 ἀνέῳξε,
670 2664 716 2690 καὶ
741 2664 805 2695 τοὺς

1143 2427 1148 2443 ι
1178 2420 1254 2448 CAP.
1272 2420 1315 2447 Ill.

858 2469 994 2503 Quomodo
1012 2468 1138 2495 Julianus
1169 2467 1203 2503 ad
1222 2468 1359 2500 imperium
1378 2471 1540 2503 cveclttsdres
1563 2467 1641 2494 C/tri-

891 2506 1039 2532 stianorum
1057 2503 1155 2529 sensim
1170 2502 1342 2537 labefactare,
1359 2506 1384 2528 et
1401 2501 1537 2536 gentilium
1551 2510 1640 2536 super-

891 2540 1024 2567 stitionem
1036 2537 1132 2565 callide
1142 2538 1294 2564 instaurare
1308 2538 1394 2571 coepit.

895 2617 946 2644 Ubi
974 2623 1038 2643 vero
1064 2615 1139 2642 solus
1153 2614 1270 2649 imperio
1284 2615 1387 2649 potitus
1404 2617 1457 2646 est,
1474 2614 1639 2654 in_0ricntis

858 2668 969 2697 quoque
992 2659 1118 2695 partibus
1141 2659 1284 2694 gentilium
1304 2658 1403 2694 templa
1422 2659 1538 2693 aperuit.
1561 2659 1591 2684 lit
1607 2666 1639 2686 ea

613 2746 749 2775 VALESll
765 2745 1040 2773 ANNOTATIONES.

56 2794 110 2828 (57)
127 2795 338 2821 Κωνσταντίαν
358 2794 415 2827 τὴν
439 2794 532 2822 αὑτοῦ
550 2793 696 2826 ἀδελφήν.
724 2791 802 2818 llcle-

26 2834 82 2855 naut
103 2829 195 2858 dicere
224 2829 364 2857 debuerat.
393 2829 438 2857 Sic
453 2829 526 2857 enim
556 2834 650 2855 vocata
672 2831 714 2855 est
733 2833 801 2854 uxor

859 2790 977 2817 Cicsaris
999 2789 1111 2816 Juliani.
1136 2787 1297 2815 Constantia
1315 2794 1377 2814 vero
1392 2785 1514 2820 ejusdem
1531 2783 1639 2820 Helena.-

859 2833 946 2858 soror,
967 2829 1050 2860 nupta
1069 2824 1156 2851 fuerat
1170 2823 1247 2852 Gallo
1264 2821 1376 2851 thsari,
1395 2819 1473 2847 fratri
1489 2819 1602 2846 Juliani.

1722 1819 1760 1835 θ’,
