1896 3074
34 131 100 161 ιῖίὶι

542 132 703 161 HISTORIA
723 133 999 162 ECCIESIASTICA.
1020 149 1054 153 ——
1074 133 1138 160 LIB.
1159 133 1189 160 Υ.

1595 139 1664 168 Im

31 192 241 229 πρεσϐευόντων
259 193 322 228 περὶ
341 191 394 218 τῶν
416 192 583 225 λυπούντων,
606 193 654 226 τὰς
677 194 823 229 πρεσϐείας

888 198 1000 222 ιειοτεηι
1019 193 1153 229 quidquid
1168 192 1265 221 donari
1281 193 1333 222 sibi
1344 194 1453 223 vellem.
1465 195 1663 232 lllasveroquae

29 240 189 274 δεχόμενος.
221 238 368 273 Ἀμέλειτοι
388 238 620 274 προσδοκωμένων
637 240 697 266 τότε
712 241 824 276 Περσῶν

30 284 242 320 ἐπιστρατεύειν
267 283 494 319 πρεσϐευομένοις
513 285 578 321 περὶ
596 285 691 312 τούτου
710 286 825 321 Νισιϐη-

30 331 94 361 νοῖς,
113 330 154 361 ὡς
179 328 317 360 παντελῶς
338 330 573 365 Χριστιανίζουσι,
597 332 642 357 καὶ
666 332 733 366 μήτε
761 331 825 363 τοὺς

29 375 110 405 ναοὺς
126 374 279 407 ἀνοίγουσι,
291 375 359 409 μήτε
371 375 410 405 εἰς
424 375 458 400 τὰ
472 375 531 410 ιερὰ
543 375 680 410 φοιτῶσιν,
694 376 824 412 ἠπείλησε

32 419 68 455 μὴ
76 419 198 454 βοηθεῖν,
216 419 283 453 μήτε
292 419 441 454 πρεσϐείαν
450 419 586 453 δέχεσθαι,
597 420 643 446 καὶ
657 419 695 451 ὡς
710 420 824 453 ἐναγοῦς

31 465 78 499 τῆς
95 464 190 490 αὐτῶν
213 464 316 495 πόλεως
334 464 371 500 μὴ
387 464 564 500 ἐπιϐήσεσθαι
580 465 723 500 πρότερον,
747 467 771 492 εί
787 466 824 500 μὴ

31 510 145 536 πύθοιτο
158 511 199 542 εἰς
221 510 395 545 Ἐλληνισμὺν
409 510 619 545 μεταϐαλόντας.
641 511 824 547 Παραπλήσια

33 556 59 582 δὲ
72 557 120 582 καὶ
139 557 197 587 τοῖς
218 557 246 582 ὲν
261 556 426 592 Παλαιστίνῃ
440 556 674 584 Κωνσταντιεῦσιν
689 557 823 591 ἐγκαλῶν,

36 603 201 637 προσένειμε
225 603 352 634 Γαζαίοις
366 603 417 637 τὴν
437 603 527 630 αὐτῶν
545 603 631 630 πόλιν.
646 603 754 639 Ταύτην
771 603 824 639 γὰρ

33 649 79 684 τὴν
96 649 302 680 Κωνσταντίαν,
317 649 353 680 ὠς
366 650 397 675 ἐκ
411 649 465 675 τῶν
479 649 596 685 πρόσθεν
612 649 746 685 ἔγνωμεν,
763 650 824 676 ἐπί-

33 703 100 720 νειον
122 694 250 725 Γαζαίων
263 691 347 720 οὖσαν
363 695 409 720 καὶ
423 695 568 728 Μαῖουμᾶν
586 695 825 730 προσαγορευομέ-

34 749 90 774 νην,
106 739 203 774 μαθὼν
220 741 421 771 Κωνσταντῖνος
443 740 471 771 ἐς
488 741 523 766 τὰ
546 740 662 774 μάλιστα
687 741 736 776 τὴν
755 741 824 776 Χρι-

34 787 149 812 στιανῶν
159 785 308 820 θρησκείαν
319 785 492 821 πρεσϐεύειν,
503 785 567 821 ἀξίᾳ
584 785 687 818 πόλεως
697 786 821 822 ἐτίμησε,

35 835 79 861 καὶ
93 834 280 869 Κωνσταντίῳ
296 833 333 869 τῷ
349 834 424 861 παιδὶ
436 834 606 869 ἐπωνόμασε.
624 834 671 860 καὶ
687 833 748 860 καθ’
761 835 823 860 ἐαυ-

874 240 1057 267 Christianam
1065 239 1224 274 religionem
1233 239 1457 275 colerent,palam
1465 243 1661 270 aversabatur:

874 293 924 312 nec
934 286 992 319 ipse
998 292 1046 312 eas
1054 285 1129 311 adire
1137 284 1341 318 sustinens,nec
1350 286 1453 321 legatos
1460 293 1554 314 earum
1563 288 1663 315 admit-

875 334 946 362 tens,
964 331 986 357 si
997 329 1109 365 quando
1117 330 1150 358 de
1160 330 1342 359 incommodis
1351 332 1661 365 suisconquererentur.

875 377 999 411 Denique
1008 384 1069 404 cum
1079 376 1222 404 Persarum
1232 377 1348 413 irruptio
1355 385 1386 405 eo
1393 382 1514 413 tempore
1521 385 1664 414 exspecta-

874 427 962 454 retur,
973 421 1112 449 Nisibenis
1126 422 1173 456 qui
1191 422 1294 457 legatos
1306 430 1337 450 ea
1354 423 1387 450 de
1397 431 1424 450 re
1439 423 1662 459 adipsummise-

874 473 948 499 rant.
957 476 990 495 eo
996 468 1070 502 quod
1079 468 1228 495 Christiani
1237 476 1334 496 omnes
1340 474 1480 502 essent,ac
1489 478 1578 506 neque
1592 475 1662 498 tem-

874 515 918 550 pla
931 515 1044 542 deorum
1055 514 1292 549 aperirent,ueque
1299 515 1332 542 ad
1340 523 1419 542 sacra
1426 516 1598 550 accederent,
1610 518 1661 544 mi-

874 565 956 588 natus
962 565 1039 589 estse
1046 567 1181 595 necopem
1191 561 1320 594 laturum,
1330 569 1380 588 nec
1388 561 1550 596 legationem
1560 562 1662 590 admis-

874 615 970 635 surum
977 614 1047 638 esse,
1055 614 1105 634 nec
1114 607 1141 633 in
1149 606 1270 641 ipsorum
1279 607 1384 638 urbem,
1391 612 1483 642 utpote
1489 609 1660 641 sceleratam,

873 655 968 690 pedem
986 655 1064 690 prius
1081 655 1233 686 illaturunl,
1250 662 1332 689 quam
1343 654 1417 689 ipsos
1426 655 1458 681 ad
1468 655 1608 690 gentilium
1619 662 1662 681 re-

874 701 1002 737 ligionem
1011 709 1040 728 se
1049 701 1225 728 transtulisse
1234 700 1388 727 didicisset.
1398 701 1660 728 Constantiensibus

874 755 985 782 quoque
1003 747 1029 775 in
1042 746 1188 774 Palaestina
1201 746 1272 774 idem
1283 747 1387 774 crimen
1404 747 1549 781 obiit-iens,
1566 747 1660 773 urbem

873 801 968 822 eorum
997 793 1102 821 Gazazis
1116 793 1274 820 contribuit.
1297 792 1373 820 lianc
1386 792 1459 820 enim
1478 792 1574 819 urbem
1594 791 1664 818 Con-

874 840 1016 872 stantiam,
1044 840 1083 866 uti
1107 846 1190 874 supra
1215 838 1370 870 retulimus,
1388 845 1449 865 cum
1477 838 1573 865 navale
1591 841 1664 865 esset

32 881 80 916 τὴν
115 880 309 908 πολιτεύεςθαι
341 880 502 913 διετάξατο’
529 880 708 915 λογισάμενος
731 881 822 909 ἄδικον

888 886 1046 918 lazworum,
1061 889 1088 913 et
1110 885 1228 912 Maiuma
1256 885 1332 919 prius
1359 884 1506 917 diceretur,
1529 883 1666 911 Constan-

34 924 112 956 εἶναι,
132 926 223 952 τελεῖν
245 925 298 951 ὑπὸ
318 925 444 956 Γαζαίοις
464 926 492 956 ἐς
521 925 590 959 ἄγαν
614 925 821 961 Ἐλληνίζουσιν.

39 972 114 998 Ἐπεὶ
123 971 152 997 δὲ
167 972 207 1002 εἰς
218 970 266 1006 τὴν
280 970 416 1005 βασιλείαν
429 970 566 1006 παρῆλθεν
583 970 736 1004 Ἰουλιανὸς,
746 971 823 1006 δίκην

34 1017 127 1051 ἔλαχον
141 1016 167 1042 οἱ
176 1015 286 1047 Γαζαῖοι
296 1017 351 1046 τοῖς
363 1015 592 1042 Κωνσταντιεῦσι.
611 1016 666 1043 Καὶ
693 1017 824 1052 δικαστὴς

33 1062 149 1093 καθίσας
163 1061 258 1093 αὐτὸς,
276 1060 439 1096 προσένειμε
462 1061 536 1097 Γάζῃ
556 1061 606 1096 τὴν
618 1062 822 1093 Κωνσταντίαν.

34 1107 102 1141 ἀμφὶ
115 1107 181 1138 τοὺς
197 1107 282 1133 εἴκοσι
295 1106 418 1138 σταδίους
430 1106 594 1133 διεστῶσαν⁵
607 1107 653 1133 καὶ
665 1107 693 1134 τὸ
709 1107 739 1140 ἐξ
753 1108 824 1134 ἐκεί-

34 1162 76 1179 νου
93 1154 144 1188 τῆς
168 1153 306 1188 προτέρας
322 1152 500 1188 ἀφαιρεθεῖσα
524 1153 719 1188 προσηγορίας,
734 1162 824 1189 παρα-

35 1199 177 1225 θαλάττιον
208 1198 291 1234 μέρος
311 1198 360 1232 τῆς
382 1198 505 1230 Γαζαίων
528 1199 631 1231 πόλεως
653 1200 822 1235 ὀνομάζεται.

35 1245 124 1272 Κοινοὶ
131 1245 159 1272 δὲ
171 1246 263 1276 αὐτοῖς
272 1245 402 1272 πολιτικοὶ
410 1245 549 1280 ἄρχοντες,
559 1245 604 1272 καὶ
612 1245 757 1280 στρατηγοὶ
767 1245 823 1280 (64)

35 1292 80 1318 καὶ
102 1291 138 1318 τὰ
164 1292 283 1326 δημόσια
298 1291 460 1327 πράγματα.
493 1291 570 1318 Μόνα
596 1291 625 1318 δὲ
645 1291 679 1318 τὰ
696 1291 759 1326 περὶ
774 1291 824 1326 τὴν

42 1337 206 1372 Ἐκκλησίαν
229 1337 314 1363 είσὲτι
337 1338 385 1364 καὶ
406 1336 454 1363 νῦν
479 1336 526 1363 δύο
553 1337 645 1369 πόλεις
670 1337 822 1364 δείκνυσιν·

37 1381 154 1416 ἑκατέρα
173 1382 227 1418 γὰρ
249 1382 301 1417 ἰδίᾳ
326 1382 474 1408 ἐπίσκοπον
498 1381 546 1408 καὶ
571 1381 670 1418 κλῆρον
695 1382 761 1416 ἔχει,
777 1382 824 1408 καὶ

37 1428 204 1463 πανηγύρεις
223 1428 379 1463 μαρτύρων,
403 1428 449 1454 καὶ
463 1427 557 1462 μνείας
580 1427 634 1454 τῶν
652 1429 716 1462 παρ’
732 1428 824 1460 αὐτοῖς

37 1473 189 1508 γενομένων
204 1474 308 1509 ἱερέων,
331 1474 378 1500 καὶ
399 1474 478 1509 ὅρους
497 1473 552 1500 τῶν
570 1473 651 1508 πέριξ
668 1473 770 1508 ἀγρῶν,
784 1470 825 1505 οἷς

38 1518 72 1544 τὰ
89 1519 227 1553 ἀνήκοντα
241 1518 363 1554 ἑκατέρᾳ.
385 1519 521 1554 ἐπισκοπῇ
540 1518 718 1554 θυσιαστήρια
743 1518 823 1553 διορί-

39 1563 120 1596 ζεται.
153 1565 215 1591 Τῶν
237 1562 283 1591 οὖν
297 1565 358 1591 καθ’
372 1565 445 1600 ἡμᾶς
463 1565 621 1591 ἐπισκόπων
644 1572 688 1596 τις
711 1564 760 1599 τῆς
772 1564 825 1591 Γα-

39 1610 119 1641 ζαίων
139 1611 256 1643 πόλεως,
272 1611 495 1646 τετελευτηκότος
518 1610 566 1637 τοῦ
581 1610 751 1646 προεστῶτος
774 1610 825 1645 τῆς

39 1655 216 1690 Μαῖουμιτῶν
231 1655 402 1691 Ἐκκλησίας,
410 1654 574 1681 ἐσπούδασεν
581 1655 752 1690 ἀμφοτέρους
763 1654 825 1686 τοὺς

40 1700 152 1736 κλήρους
166 1702 213 1736 ὑφ’
227 1701 323 1728 ἑαυτὸν
330 1701 452 1736 ποιῆσαι⁹
464 1700 502 1736 μὴ
518 1701 628 1736 θεμιτὸν
644 1699 713 1727 εἷναι
726 1700 824 1735 λέγων,

42 1748 101 1781 μιᾶς
107 1747 214 1778 πόλεως
223 1747 269 1774 δύο
278 1747 443 1779 ἐπισκόπους
451 1747 624 1782 προεστάναι.
634 1745 827 1772 Ἀντειπόντων

40 1791 65 1817 δὲ
84 1792 136 1819 τῶν
154 1792 353 1828 Μαῖουμητῶν,
373 1792 471 1826 διέγνω
489 1793 506 1827 ἡ
527 1790 574 1818 τοῦ
597 1791 688 1822 ἔθνους
707 1790 825 1821 σύνοδος,

40 1836 83 1863 καὶ
94 1837 188 1873 ἓτερον
204 1838 407 1874 ἐχειροτόνησεν
422 1838 570 1863 ἐπίσκοπον
581 1844 588 1851 ·
601 1835 717 1868 ¹πιςιντως
740 1843 826 1870 προσ-

39 1882 112 1923 ήκειν
124 1883 311 1917 δοκιμάσασα,
322 1883 386 1914 τοὺς
400 1883 434 1909 δι’
444 1881 586 1908 εὐσέϐειαν
599 1880 710 1908 δικαίων
724 1880 828 1912 πόλεως

40 1927 222 1961 ἀξιωθέντας,
251 1928 296 1955 διὰ
318 1928 347 1955 δὲ
374 1928 465 1964 κρίσιν
495 1925 667 1963 Ἑλληνιστοῢ
695 1925 828 1962 βασιλέως

40 1972 121 2007 ἄλλως
140 1975 310 2011 πράξαντας,
329 1974 357 2001 ἐν
380 1973 541 2010 ἱερωσύναις
555 1973 602 2000 καὶ
616 1972 691 2006 τάξει
711 1972 826 2007 Ἐκκλη-

42 2021 112 2053 σιῶν,
131 2022 169 2058 μὴ
194 2023 292 2057 χρῆναι
309 2020 483 2056 ἀφαιρεῖσθαι
503 2020 557 2046 τῶν
581 2019 712 2046 δοθέντων
726 2019 825 2055 γερῶν.

46 2065 121 2094 Ἀλλὰ
133 2069 224 2095 ταῦτα
238 2068 288 2103 μὲν
303 2067 416 2102 ὕστερον
429 2062 480 2093 ὦδε
493 2065 593 2100 ἀπέϐη.

873 931 949 958 tinus
975 930 1140 957 Christianae
1160 930 1286 964 religioni
1313 930 1435 964 impense
1459 929 1579 956 deditam
1603 936 1665 956 esse

874 976 1040 1010 intelligens,
1070 976 1191 1004 civitatis
1220 976 1284 1011 jure
1309 975 1473 1007 donaverat,
1502 978 1529 1002 et
1553 975 1599 1002 [ilii
1621 975 1664 1002 sui

874 1022 1031 1049 Constantii
1051 1022 1164 1048 nomine
1190 1022 1365 1056 appellatam,
1393 1021 1541 1055 separatim
1555 1028 1665 1055 rempu-

873 1068 973 1095 blicam
1003 1067 1104 1094 habere
1131 1070 1324 1102 prmccperat:
1344 1067 1470 1102 iniquum
1494 1074 1556 1094 esse
1584 1071 1663 1095 ratus

873 1116 903 1139 ut
927 1111 1033 1139 Gazaeis
1054 1111 1212 1138 Graecorum
1241 1110 1431 1146 superstitioni
1455 1118 1538 1145 supra
1553 1111 1663 1138 modum

874 1158 991 1185 addictis
1020 1157 1178 1186 contributa
1206 1160 1290 1184 esset.
1309 1157 1408 1184 Verum
1430 1156 1475 1183 ubi
1490 1155 1616 1183 Julianus
1628 1155 1664 1184 ad

873 1204 1018 1238 imperium
1044 1202 1182 1238 pervenit,
1205 1202 1295 1230 Gazaei
1316 1201 1448 1229 adversus
1466 1201 1662 1229 Constantien—

874 1257 919 1278 ses
947 1250 1023 1276 litem
1052 1252 1206 1276 moverunt.
1234 1247 1294 1284 Ipse
1310 1248 1415 1276 veroin
1428 1255 1460 1276 ea
1478 1254 1562 1275 causa
1578 1247 1662 1283 judex

874 1295 986 1326 sedens,
1017 1294 1122 1322 Gaza'is
1148 1293 1339 1322 Constantiam
1365 1293 1545 1328 adjudicavit,
1566 1293 1663 1329 viginti

874 1340 986 1368 circiter
1001 1340 1098 1368 stadiis
1117 1340 1151 1367 ah
1164 1347 1195 1367 ea
1210 1339 1347 1367 dissitam.
1359 1339 1448 1374 Atque
1458 1339 1558 1366 exinde
1569 1339 1663 1373 priore

874 1385 991 1420 spoliata
1009 1384 1152 1416 vocabulo,
1175 1384 1312 1411 maritima
1329 1391 1393 1419 pars
1411 1383 1488 1411 urbis
1508 1382 1588 1410 Gazae
1616 1390 1664 1418 ap-

873 1431 1002 1465 pellatur.
1029 1431 1069 1458 Ac
1087 1431 1181 1458 civiles
1193 1429 1303 1465 quidem
1319 1429 1513 1465 magistratus,
1528 1433 1555 1456 et
1565 1428 1664 1456 duum-

873 1476 937 1509 viri,
960 1480 987 1504 et
1008 1476 1164 1511 respublica
1189 1475 1322 1502 ambabus
1343 1475 1500 1502 communis
1515 1477 1568 1502 est.
1585 1473 1663 1507 Quod

874 1528 940 1548 vero
971 1521 1004 1548 ad
1032 1520 1184 1548 Ecclesiain
1208 1520 1337 1555 pertinet.
1355 1526 1387 1546 ea
1407 1519 1496 1546 solum
1511 1522 1588 1553 parte
1603 1517 1664 1544 dum

878 1566 961 1594 urbes
990 1566 1143 1593 etiamnum
1173 1565 1310 1593 videntur.
1339 1564 1463 1600 Utraque
1495 1562 1575 1598 184
1591 1563 1664 1590 enim

878 1618 959 1639 suum
972 1617 1098 1638 seorsum
1129 1610 1210 1638 habet
1236 1610 1407 1646 episcopum,
1429 1616 1509 1636 suum
1536 1608 1663 1635 clerum:

878 1655 937 1683 dies
964 1655 1027 1683 item
1049 1654 1136 1682 festos
1151 1658 1302 1690 martyrum
1320 1661 1444 1687 suorum,
1458 1657 1484 1681 et
1498 1659 1666 1681 commemo-

877 1701 1002 1729 rationes
1027 1701 1222 1736 episcoporum
1239 1700 1286 1736 qui
1309 1700 1376 1735 ipsis
1393 1698 1563 1735 praefuerunt
1578 1707 1585 1725 :
1599 1698 1667 1726 vici-

877 1754 977 1774 norum
1003 1747 1124 1782 denique
1140 1754 1271 1782 agrorum
1289 1746 1390 1774 limites
1417 1745 1517 1780 quibus
1536 1743 1667 1772 Ecclesia:

878 1792 913 1819 ad
936 1796 1084 1826 utrumque
1102 1792 1290 1827 episcopatum
1306 1791 1476 1826 pertinentes
1490 1790 1666 1825 distinguun-

877 1841 934 1865 tur.
959 1836 1059 1864 Nostra
1087 1837 1171 1872 igitur
1193 1840 1273 1865 astate
1292 1836 1404 1871 quidam
1428 1836 1576 1871 episcopus
1590 1835 1666 1863 urbis

877 1883 967 1916 Gazae,
995 1887 1106 1910 mortuo
1129 1883 1262 1918 episcopo
1285 1882 1538 1915 Maiumitanorum,
1556 1884 1667 1908 utrum-

878 1936 932 1966 que
955 1928 1058 1957 elerum
1073 1928 1196 1956 adunare
1217 1935 1250 1955 ac
1262 1927 1314 1956 sibi
1330 1926 1466 1962 subjicere
1480 1931 1596 1954 conatus
1610 1930 1665 1958 est,

879 1974 958 2002 nefas
987 1981 1050 2002 esse
1075 1974 1171 2002 dicens
1196 1976 1226 2000 ut
1242 1973 1324 2000 unius
1341 1972 1418 2001 urbis
1438 1972 1492 2000 duo
1502 1977 1596 1999 essent
1608 1972 1666 2007 epi-

880 2021 968 2055 scopi.
999 2020 1052 2048 Sed
1075 2019 1322 2048 cuniMaiumitani
1338 2018 1575 2049 contradicerent,
1601 2025 1666 2052 syn—

879 2066 952 2093 odus
969 2065 1126 2100 provinciae,
1143 2072 1227 2093 causa
1242 2064 1362 2099 cognita,
1376 2063 1492 2091 alterum
1506 2062 1665 2098 episcopum

42 2113 201 2142 ordinavit:
222 2121 338 2149 prorsus
367 2119 474 2148 aequum
503 2119 567 2140 esse
595 2111 725 2146 judicans
753 2114 783 2138 ut
810 2111 857 2146 qui
873 2112 985 2148 pietatis
1010 2119 1095 2140 causa
1118 2113 1164 2148 jus
1189 2111 1310 2139 civitatis
1335 2110 1426 2146 adepti
1455 2109 1591 2141 fuissent.
1616 2109 1665 2137 sed

43 2161 136 2192 pagani
166 2161 306 2196 principis
335 2159 473 2187 sententia
486 2166 519 2186 eo
536 2158 598 2193 jure
610 2158 789 2192 excidissent,
812 2159 839 2186 in
867 2159 902 2187 iis
929 2159 1026 2187 saltem
1046 2166 1106 2194 qua:
1132 2159 1167 2187 ad
1189 2157 1373 2187 sacerdotium
1392 2161 1421 2185 et
1449 2156 1665 2185 ecclesiasticum

44 2204 164 2231 ordinetur
186 2207 321 2239 spectant,
351 2203 495 2231 concessis
520 2203 571 2230 sibi
600 2202 721 2238 praemiis
755 2211 929 2240 nequaquam
960 2204 1157 2239 spoliarentur.
1185 2203 1287 2232 Verum
1312 2203 1371 2232 haec
1399 2206 1505 2239 postea,
1525 2203 1559 2230 ad
1593 2203 1667 2230 hunc

44 2255 120 2282 quem
143 2250 201 2277 dixi
217 2249 337 2281 modum,
357 2249 543 2283 contigerunt.

33 2298 36 2302 ‘
350 2294 477 2320 ΚΕΦΑΛ.
493 2292 532 2321 Δ’.

47 2336 96 2366 οἶα
112 2340 192 2367 κακὰ
207 2340 407 2374 Καισαρεῦσιν
426 2342 443 2367 d
464 2328 624 2372 Ἰουλιαὶθὸς
635 2338 829 2374 διεπράξατοο

78 2376 125 2400 καὶ
143 2375 210 2409 περὶ
235 2375 290 2408 τῆς
309 2375 478 2409 παρῤησίας
497 2374 575 2409 Μάρι
592 2374 645 2402 τοῦ
663 2375 831 2402 ἐπισκόπου

79 2410 286 2443 Χαλκηδόνος.

80 2455 145 2490 Περὶ
154 2456 182 2482 δὲ
193 2456 238 2482 τὸν
246 2455 327 2482 αὐτὸν
340 2454 445 2490 χρόνον,
452 2454 499 2481 καὶ
507 2454 555 2490 τὴν
568 2454 637 2490 πρὸς
645 2454 684 2490 τῷ
692 2455 809 2490 Ἀργαίῳ
819 2461 829 2474 ι

49 2499 224 2538 Καισάρειαν,
241 2502 362 2537 μεγάλην
378 2502 424 2528 καὶ
435 2501 592 2536 εὐδαίμονα,
604 2500 652 2527 καὶ
666 2501 831 2536 μητρόπολιν

1198 2294 1278 2323 CAP.
1305 2293 1349 2322 IV.

883 2342 998 2376 Quantis
1017 2343 1096 2370 malis
1112 2341 1287 2370 Caesarianae;
1304 2341 1421 2376 effecerit
1434 2340 1580 2368 Julianus:
1594 2345 1619 2368 et
1634 2340 1665 2366 de

917 2379 1017 2412 ﬁducia
1037 2377 1123 2405 Maris
1140 2376 1361 2405 Chalcedonensis
1375 2376 1500 2410 episcopi.

917 2455 970 2483 Per
986 2455 1057 2483 idem
1073 2459 1181 2490 tempus
1198 2453 1324 2482 Julianus
1338 2454 1490 2489 imperator
1501 2453 1666 2483 Caesaream.

882 2501 916 2528 ad
939 2506 1059 2529 montem
1081 2501 1207 2537 Argzeum
1235 2500 1325 2534 sitam,
1340 2500 1435 2527 urbem
1455 2499 1572 2535 amplam
1587 2503 1669 2534 atque

640 2547 777 2575 VALESII
792 2547 1061 2576 ANNOTATIONES

84 2595 138 2630 (64)
155 2595 301 2623 Πολιτικοὶ
325 2595 470 2630 ἄρχοντες
496 2594 739 2630 καὶνστρατηγήοί.
760 2593 830 2620 Male

51 2629 312 2666 Chrislophorsonus
329 2629 498 2666 στρατηγοὺς
518 2629 581 2666 belli
596 2629 680 2666 duces
697 2629 830 2666 interpre-

51 2668 120 2692 tatur
134 2675 140 2693 ε
158 2663 305 2702 στρατηγοὶ
331 2663 494 2693 dicebautur
508 2672 522 2690 a
535 2663 637 2690 Graecis
655 2664 831 2698 magistratus

883 2594 1063 2629 municipales
1080 2602 1129 2622 seu
1142 2593 1289 2625 duumviri,
1302 2597 1332 2620 ut
1341 2593 1396 2629 jam
1408 2591 1514 2629 pridem
1520 2590 1666 2629 observavi

884 2629 911 2656 in
922 2626 1146 2692 aurigitionibus
1170 2629 1203 2656 ad
1219 2629 1266 2656 lib.
1277 2626 1493 2656 xxxiAminiani
1505 2626 1668 2657 Marcellini,

885 2672 947 2699 pag.
1020 2684 1027 2691 .

758 2720 950 2749 VARIORUM.

86 2772 98 2788 '
110 2770 186 2804 Πρὸς
198 2770 239 2803 τῷ
259 2769 390 2804 Ἀργαιῳ.
405 2769 528 2804 Argzeus,
550 2775 641 2804 mons,
655 2766 836 2804 Cappadocia:

55 2801 183 2832 maximus
197 2801 335 2838 Straboni,
352 2801 379 2831 in
392 2801 458 2831 Asia
468 2803 577 2835 minori,
601 2802 735 2836 valdeque
750 2801 837 2829 excel-

57 2843 100 2865 sus
115 2847 122 2866 :
135 2840 291 2869 extenditur
307 2840 378 2867 inter
399 2839 551 2867 Caesaream
565 2838 598 2866 ad
615 2842 718 2869 ortum,
729 2841 756 2864 et
771 2844 836 2864 cou-

888 2767 951 2794 t'inia
965 2767 1086 2801 Calatia:
1103 2765 1223 2800 regionis
1239 2765 1272 2792 ad
1292 2772 1438 2801 occasum,
1461 2770 1545 2798 prope
1575 2761 1671 2791 Melana

887 2799 1011 2836 fluvium,
1028 2802 1116 2837 spatio
1128 2799 1184 2829 fere
1198 2800 1234 2829 80
1249 2800 1318 2828 mill.
1334 2808 1406 2835 pass.
1422 2799 1578 2826 Bwossna.
