1896 3074
219 121 290 150 1223

948 117 1118 146 SOZOMENI

1779 112 1853 141 1226

217 181 316 215 opibus
337 180 532 212 abundantem,
560 183 588 207 et
611 178 695 206 totius
709 177 889 212 Cappadocia
907 180 1008 204 metro-

1063 175 1141 204 οὖσαν
1151 176 1198 203 τοῦ
1215 175 1405 203 Καππαδοκῶν
1429 175 1560 210 κλίματος
1582 174 1614 200 ὲκ
1630 173 1676 200 τοῦ
1697 173 1852 208 καταλόγου

218 227 315 262 polim,
338 234 369 253 ex
389 227 452 254 albo
468 226 610 252 civitatum
623 224 769 258 expunxit,
799 227 826 250 et
840 230 1008 257 cognomen-

219 277 277 299 tum
292 273 410 300 Caesaris
433 273 457 299 ei
469 271 582 301 ademit,
603 270 677 305 quod
696 269 760 296 olim
778 274 910 304 regnante
927 268 1008 296 Clau-

220 319 268 346 dio
280 321 429 349 meruerat,
443 324 504 343 cum
519 316 629 342 Mazaca
641 315 878 350 prius'diceretur.
897 313 964 341 Nam
981 317 1008 341 et

220 368 300 391 antea
327 363 387 397 ejus
407 361 527 388 civitatis
541 361 646 388 incolas
662 360 826 396 gravissimo
840 360 903 387 odio
915 367 1008 394 prose-

219 408 364 443 quebatur,
393 410 537 441 propterea
563 406 638 440 quod
663 413 758 432 omnes
776 413 844 440 pene
858 404 1008 432 Christiani

219 456 322 484 essent,
335 456 362 478 et
375 452 447 486 quod
461 452 516 478 duo
531 451 603 486 apud
619 452 694 485 ipsos
711 451 823 486 templa,
841 450 917 478 Jovis
932 450 1007 477 scili-

220 503 264 526 cet
281 497 406 533 prtesidis
427 497 515 529 urbis,
536 501 564 524 et
579 497 714 532 Apollinis
736 495 1007 531 patrii,jampridem

219 544 435 572 destruxissent.
460 542 511 570 Ubi
532 551 598 570 vero
627 543 757 577 templum
785 542 862 569 Genii
893 542 1007 576 publici,

219 589 294 624 quod
320 589 408 616 solum
437 593 590 623 supererat,
613 596 642 615 se
666 591 799 623 regnante
814 595 828 613 a
844 587 1008 615 Christianis

220 643 347 663 eversum
365 643 427 663 esse
438 635 544 668 didicit,
557 634 719 669 gravissima
731 634 918 668 indignatione
933 641 1008 661 com-

221 685 313 708 motus
340 685 383 707 est
401 680 534 708 adversus
555 680 710 707 universam
723 679 871 706 civitatem.
888 678 927 706 Ac
944 687 1009 714 gen-

221 727 282 754 tiles
299 727 409 762 quidem
426 727 472 761 qui
490 727 544 752 illic
560 729 639 753 erant
654 725 802 752 admodum
816 725 909 761 pauci,
929 726 1007 752 incu-

222 773 292 800 savit
309 773 381 807 quod
399 773 433 799 ad
449 779 526 807 opem
539 771 678 799 ferendam
699 779 752 798 non
767 771 962 803 accurrissent,
982 775 1009 798 et

222 819 245 846 si
266 818 331 853 quid
348 817 464 852 periculi
478 817 650 844 subeundum
668 821 727 844 erat
750 824 799 852 pro
816 817 894 844 Genii
915 816 1010 844 defen-

221 863 310 894 sione,
333 863 416 889 alacri
434 863 526 889 animo
551 869 605 888 non
622 862 811 896 pertulissent.
829 861 931 889 Omnes
946 869 1010 888 vero

221 916 287 943 opes
317 916 349 935 ac
371 908 561 942 possessiones
581 907 778 940 ecclesiarum,
806 911 861 934 tam
894 915 955 942 qua:
981 907 1010 934 in

220 956 289 982 urbe
315 955 449 986 Cresarea,
468 962 549 988 quam
567 962 628 989 quae
648 954 676 981 in
702 954 801 981 vicinis
822 954 890 980 locis
904 958 1008 985 essent,

220 1001 365 1028 tormentis
382 1001 500 1034 exquiri,
513 1004 540 1027 et
564 1001 592 1027 in
608 1000 727 1027 medium
739 999 855 1034 proferri
869 1000 960 1034 jussit.
977 1000 1011 1026 Et

220 1046 365 1073 confestim
393 1046 503 1080 quidem
535 1050 674 1073 trecentas
700 1045 760 1072 auri
789 1045 874 1072 libras
890 1045 957 1072 fisco
970 1046 1011 1072 in-

220 1092 298 1124 ferri,
332 1093 478 1119 universos
495 1096 586 1118 autem
604 1092 720 1119 clericos
738 1091 836 1118 referri
863 1092 891 1118 in
918 1093 1011 1119 album

221 1139 304 1166 cilicii
333 1139 449 1166 rectoris
467 1139 634 1173 provinciae:
653 1138 726 1173 quod
743 1139 853 1172 quidem
873 1139 952 1173 185
970 1146 1012 1173 ge-

221 1192 273 1211 nus
295 1184 399 1210 militia:
425 1192 583 1215 onerosum,
609 1188 637 1211 et
664 1184 736 1210 inter
753 1183 891 1211 Romanos
911 1184 1011 1212 milites

221 1230 274 1257 vile
303 1236 384 1265 atque
408 1230 583 1257 inhonestum
610 1229 795 1257 existimatur.
822 1229 924 1265 Vulgus
946 1238 1011 1258 vero

221 1276 443 1303 Christianorum
474 1283 528 1302 una
555 1283 617 1303 cum
650 1276 783 1304 uxoribus
811 1280 838 1303 et
854 1276 949 1303 liberis
963 1276 1012 1304 de-

222 1323 305 1350 scribi
321 1342 329 1354 ,
359 1327 386 1349 et
417 1322 529 1356 perinde
561 1329 594 1348 ac
619 1322 646 1348 in
673 1321 761 1356 pagis,
778 1321 880 1348 tributa
895 1321 1012 1356 pendere

223 1369 363 1403 [meet-pit.
390 1368 491 1394 Audito
506 1376 615 1402 quoque
636 1367 816 1402 jurejurando
828 1368 947 1396 minatus
959 1372 1010 1401 est,

223 1414 277 1442 nisi
300 1414 503 1448 quamprimum
531 1414 632 1449 templa
660 1415 869 1446 instaurassent,
893 1422 923 1442 se
950 1415 1013 1443 urbi

222 1467 389 1487 succensere
417 1466 535 1493 eamque
560 1460 716 1493 opprimere
738 1467 792 1486 non
818 1459 1010 1488 destiturum:

1058 223 1112 250 τῶν
1127 222 1230 249 πόλεων
1252 221 1391 257 ἐξήλειψεν
1405 221 1418 247 ὁ
1441 220 1582 256 βασιλεύς·
1607 219 1655 246 καὶ
1679 219 1731 254 τῆς
1746 220 1853 247 ἐπωνυ-

1060 268 1125 302 μίας
1142 267 1189 293 τοῦ
1213 266 1352 301 Καίσαρος
1372 266 1508 300 ἀφείλετο,
1534 263 1568 301 ἧς
1584 265 1670 292 πάλαι
1691 265 1790 299 ἔτυχεν
1807 266 1852 291 ἐπὶ

1058 314 1190 341 Κλαυδίου
1208 313 1347 349 Καίσαρος
1358 314 1379 344 ί,
1394 312 1513 344 Μάζακα
1522 312 1553 338 τὺ
1562 312 1670 347 πρῶτον
1682 311 1739 346 (65)
1751 312 1853 347 ὀνομα-

1059 361 1169 396 ζομένη.
1203 360 1307 395 Ἑμίσει
1330 360 1384 395 γὰρ
1410 360 1458 385 καὶ
1474 359 1607 394 πρότερον
1631 358 1751 391 ἐξαίσιον
1774 359 1854 392 μῖσος

1058 408 1121 438 τοὺς
1133 406 1218 441 αὐτῆς
1228 407 1382 441 οἰκήτορας,
1396 405 1433 436 ὡς
1446 405 1583 440 πανδημεὶ
1597 405 1853 440 Χριστιανὶζοντας.

1059 453 1106 479 καὶ
1125 452 1208 479 πάλαι
1229 451 1392 482 καθελόντας
1409 451 1472 482 τοὺς
1488 451 1552 486 παρ’
1568 451 1661 482 αὐτοῖς
1677 450 1758 482 νεὼς,
1777 451 1854 477 πολι-

1058 499 1137 534 ούχου
1149 498 1219 531 Διὸς,
1237 499 1284 525 καὶ
1297 496 1424 533 πατρῴου
1432 497 1609 528 Ἀπόλλωνος.
1627 497 1748 523 Ἐπεὶδὲ
1766 497 1816 523 καί
1826 497 1854 524 τὸ

1058 545 1108 579 τῆς
1130 544 1237 580 Τύχης,
1253 543 1358 578 ὃμόνον
1385 542 1440 577 (66)
1461 541 1647 577 περιελείφθη,
1668 541 1752 568 αὑτοῦ
1776 542 1855 576 {lact-

1059 592 1181 621 λεύοντος
1206 591 1274 626 πρὸς
1301 589 1354 616 τῶν
1376 589 1547 624 Χριστιανῶν
1573 589 1733 624 ἀνετράπη,
1756 589 1854 620 δεινῶς

1059 636 1233 671 ἀπηχθάνετο
1247 635 1321 670 πάσῃ
1338 635 1370 669 τῇ
1389 633 1475 666 πόλει,
1491 633 1539 660 καὶ
1554 633 1707 668 ἐδυσφόρει.
1720 633 1778 660 Καὶ
1787 633 1852 660 Ἕλ-

1060 682 1142 716 ληνας
1163 680 1222 714 μὲν,
1244 680 1308 711 τοὺς
1328 679 1408 710 ὄντας
1427 677 1628 714 εὐαριθμήτους
1653 679 1740 713 μάλα,
1765 679 1854 714 ἐμέμ-

1061 736 1135 762 φετο,
1155 727 1193 757 ὡς
1214 726 1250 761 μὴ
1275 726 1474 759 ἐπαμύνοντας,
1500 725 1546 751 καὶ
1567 725 1591 750 εἰ
1614 725 1711 750 παθεῖν
1734 725 1790 751 ἔδει
1817 734 1853 756 τι,

1060 771 1208 806 προθύμως
1233 770 1303 805 ὑπὲρ
1327 770 1376 805 τῆς
1403 769 1494 804 Τύχης
1518 769 1729 804 ὑπομείναντας.
1759 770 1853 796 Πάντα

1060 818 1088 844 δὲ
1119 817 1152 843 τὰ
1174 817 1302 851 κτήματα
1327 816 1374 842 καὶ
1401 816 1436 842 τὰ
1459 817 1589 851 χρήματα
1611 816 1665 842 τῶν
1689 817 1719 842 ὲν
1745 817 1853 843 Καισαρ

1061 863 1122 898 ps.th
1138 863 1184 889 καὶ
1203 862 1256 889 ὑπὸ
1268 863 1330 893 τοὺς
1346 861 1432 895 αὐτῆς
1445 861 1525 896 ὅρους
1543 861 1708 896 ἐκκλησιῶν,
1733 861 1854 895 ἐρευνώ-

1062 917 1130 943 μενα
1158 909 1226 943 μετὰ
1249 908 1384 943 βασάνων,
1405 908 1444 938 εἰς
1468 907 1549 942 μέσον
1569 907 1699 942 φέρεσθαι
1717 907 1855 942 προσέτα-

1062 955 1115 988 ξεν.
1141 956 1244 982 Αὐτίκα
1265 955 1293 981 δὲ
1320 954 1477 989 τριακοσίας
1503 954 1600 988 λίτρας
1622 953 1726 988 χρυσοῦ
1745 953 1787 988 τῷ
1808 961 1854 980 τα-

1063 1001 1131 1036 μείῳ
1144 1001 1249 1028 ἐκτῖσαι
1259 1010 1266 1016 ν
1294 1000 1442 1036 κληρικοὺς
1454 1000 1483 1026 δὲ
1504 1000 1608 1031 πάντας
1622 1000 1803 1034 ἐγγραφῆναι
1818 999 1854 1034 τῷ

1062 1048 1206 1083 καταλόγῳ
1228 1048 1283 1074 τῶν
1303 1048 1355 1073 ὑπὸ
1377 1047 1422 1073 τὸν
1445 1048 1563 1082 ἄρχοντα
1584 1047 1631 1073 τοῦ
1655 1047 1751 1078 ἔθνους
1776 1056 1854 1081 στρα-

1061 1093 1165 1120 τιωτῶν
1184 1101 1189 1107 '
1212 1093 1225 1119 ὃ
1253 1093 1408 1128 δαπανηρὸν
1431 1091 1499 1121 εἶναι
1528 1094 1630 1128 σφόδρα
1653 1094 1702 1120 καὶ
1723 1094 1854 1120 ἐπονείδι-

1063 1148 1124 1166 στον
1138 1140 1194 1175 (67)
1208 1140 1236 1166 ὲν
1247 1140 1308 1170 ταῖς
1322 1139 1375 1165 τῶν
1390 1140 1531 1174 Ῥωμαίων
1543 1141 1680 1175 στρατιαῖς
1700 1140 1851 1174 νομίζεται.

1062 1186 1099 1212 Τὸ
1113 1185 1140 1212 δὲ
1155 1185 1254 1220 πλῆθος
1268 1185 1322 1211 τῶν
1334 1185 1504 1220 Χριστιανῶν
1514 1186 1562 1211 σὺν
1574 1185 1681 1218 γυναιξὶ
1696 1185 1745 1211 καὶ
1762 1185 1852 1211 παισὶν

1062 1231 1286 1267 ἀπογράψασθαι,
1304 1231 1351 1258 καὶ
1366 1231 1492 1267 καθάπερ
1505 1233 1534 1258 ὲν
1550 1233 1610 1263 ταῖς
1625 1231 1734 1265 κώμαις
1755 1232 1851 1266 φόρους

1062 1278 1149 1304 τελεῖν
1161 1286 1167 1293 ·
1201 1278 1311 1313 ἔνορκον
1339 1277 1368 1303 δὲ
1393 1277 1552 1312 ἠπείλησεν,
1566 1277 1604 1308 ὡς
1623 1278 1646 1303 εἰ
1667 1277 1705 1312 μὴ
1721 1277 1807 1312 τάχος
1821 1278 1851 1304 τὰ

1064 1322 1124 1358 ιερὰ
1146 1322 1333 1358 ὰνεγείρωσιν,
1354 1322 1384 1348 οὐ
1410 1322 1543 1349 παύσεται
1559 1322 1672 1356 μηνιῶν,
1694 1322 1743 1348 καὶ
1770 1331 1851 1348 κακο-

1063 1369 1148 1396 ποιῶν
1159 1371 1208 1405 τὴν
1225 1369 1302 1396 πόλιν
1318 1377 1324 1384 ·
1342 1369 1388 1395 καὶ
1400 1369 1460 1395 οὐδὲ
1481 1369 1530 1400 τὰς
1544 1369 1664 1403 κεφαλὰς
1678 1369 1851 1404 συγχωρήσει

1062 1416 1124 1447 τοὺς
1134 1415 1292 1446 Γαλιλαίους
1301 1415 1374 1450 ἔχειν
1393 1423 1399 1429 ·
1412 1411 1461 1441 ὦδε
1482 1414 1536 1450 γὰρ
1557 1414 1737 1446 ἐπιτωθάζων
1762 1415 1852 1440 καλεῖν

1064 1459 1143 1485 εἴωθε
1158 1459 1219 1490 τοὺς
1237 1458 1426 1494 Χριστιανούς.
1448 1458 1542 1493 Ἐξέϐη
1556 1459 1578 1484 δ’
1588 1458 1620 1485 ἂν
1632 1459 1697 1490 ἴσως
1712 1460 1752 1490 εἰς
1776 1459 1853 1494 ἔργον

222 1512 255 1532 ac
277 1512 311 1531 ne
332 1504 530 1539 permissurum
554 1504 663 1538 quidem
685 1509 714 1531 ut
742 1505 844 1531 Galilzei
863 1505 915 1541 (sic
939 1505 1008 1532 enim

1063 1505 1079 1540 ή
1094 1504 1204 1539 ἀπειλὴ,
1216 1505 1240 1530 ει
1257 1504 1294 1539 μὴ
1310 1504 1406 1530 θᾶττον
1417 1504 1602 1539 ἐτελεύτησεν.
1621 1504 1699 1531 Ἐπεὶ
1714 1504 1764 1531 καὶ
1777 1506 1854 1541 παρὰ

222 1549 396 1577 Christianos
414 1558 461 1584 per
475 1550 624 1577 ludibrium
640 1550 766 1585 vocabat)
798 1551 889 1585 capita
901 1559 950 1578 sua
970 1559 1013 1579 re-

223 1596 353 1622 tinerent.
379 1595 418 1622 Ac
443 1596 562 1622 fortasse
586 1595 619 1622 ad
635 1603 704 1630 opus
718 1597 807 1630 ipsum
824 1597 1014 1631 pervenissent

201 1666 205 1670 .
223 1641 314 1672 minae,
334 1642 389 1668 uisi
405 1644 494 1668 morte
511 1645 662 1675 prtereptus
682 1641 792 1669 fuisset.
810 1642 877 1669 Nam
891 1647 919 1670 et
933 1643 1009 1670 initio

223 1687 352 1722 imperii,
379 1687 583 1715 clementiorem
613 1695 643 1714 se
669 1688 786 1722 praebuit
812 1689 845 1716 iis
864 1689 913 1724 qui
933 1689 1010 1723 prius

226 1733 376 1761 Ecclesiam
393 1734 532 1768 persecuti
548 1733 667 1765 fuerant,
682 1740 736 1761 non
751 1735 822 1769 quod
836 1734 1010 1762 Christianos

1062 1550 1111 1585 τὴν
1126 1550 1223 1586 ἀρχὴν,
1241 1550 1291 1576 οὐκ
1303 1550 1386 1576 ὲλεῶν
1401 1550 1464 1582 τοὺς
1487 1551 1679 1586 Χριστιανοὺς,
1701 1550 1856 1586 φιλανθρω-

1064 1597 1177 1632 πότερος
1193 1596 1278 1631 ἐφάνη
1293 1597 1346 1623 τῶν
1363 1597 1479 1632 πρόσθεν
1495 1597 1647 1628 διωξάντων
1665 1597 1715 1632 τὴν
1739 1598 1855 1632 Ἐκκλη-

1065 1643 1125 1669 σίαν
1141 1649 1148 1657 ·
1164 1642 1222 1668 ἀλλ’
1240 1643 1272 1669 ὲκ
1284 1642 1337 1669 τῶν
1355 1643 1516 1677 φθασάντων
1531 1643 1632 1678 εὑρὼν,
1656 1643 1735 1670 οὐδὲν
1759 1644 1856 1678 beam;

1064 1685 1134 1713 εἶναι
1148 1687 1289 1722 τιμωριῶν
1302 1688 1342 1718 εἰς
1361 1687 1487 1714 σύστασιν
1508 1688 1704 1723 Ἐλληνισμοῦί
1726 1689 1814 1724 ταύτῃ
1828 1690 1856 1715 δὲ

1067 1732 1184 1767 μάλιστα
1202 1732 1235 1759 τὰ
1255 1733 1427 1767 Χριστιανῶν
1446 1733 1593 1768 ηὐξῆσθαι,
1618 1734 1664 1760 καὶ
1695 1734 1854 1769 ἐνδοξότερα

824 1822 960 1850 VALESII
975 1822 1250 1850 ANNOTATIONES.

260 1881 314 1916 (65)
336 1880 415 1911 Μάζίι
433 1881 508 1907 κατὰ
519 1880 550 1906 τὸ
561 1881 693 1916 πρῶτρν.’
708 1880 888 1916 δοῖ-ὢεηιιιιιιι
919 1881 1013 1916 procul

199 1922 202 1925 ’
225 1917 308 1943 dubio
339 1919 381 1943 est
409 1916 526 1946 Μάζακα
550 1916 580 1941 τὸ
599 1915 707 1950 πρῶτον
723 1915 920 1950 ὀνομαζομένη,
947 1915 1014 1942 Nam

225 1952 349 1978 Caesarea
377 1951 565 1985 Cappadocim,
580 1951 657 1984 prius
684 1950 793 1976 Mazaca
811 1951 972 1985 vocabatur,
985 1953 1016 1977 ut

225 1987 338 2013 tradunt
357 1984 515 2020 geographi.
536 1985 614 2018 Quod
632 1986 794 2012 vocabulum
817 1993 831 2011 a
854 1984 934 2020 Syris
949 1985 1015 2011 iudi-

225 2026 281 2047 tum
309 2019 503 2050 miliiviiletur,
520 2020 733 2055 quoriimcoloni
755 2019 1013 2055 suntCappadoces,

225 2060 254 2082 ut
266 2060 380 2082 testatur
393 2055 555 2083 Herodotus.

263 2091 319 2125 (66)
335 2091 414 2117 Ἐπεὶ
430 2091 521 2117 δὲκαὶ
533 2089 646 2122 τὸν-τῆς
663 2090 757 2124 Τύχης
768 2089 811 2122 ὅς,
824 2094 877 2116 ctc.
900 2089 1012 2117 Rectius

225 2125 252 2152 in
268 2126 362 2153 codice
389 2125 537 2153 Fuketiauo
570 2126 668 2159 legitur
694 2125 723 2150 τὸ
751 2125 799 2158 τῆς
823 2125 906 2159 τύχης
933 2125 946 2150 ὃ
965 2125 1013 2160 μό-

225 2169 278 2192 νον,
293 2165 347 2187 etc.
361 2160 447 2193 Quam
469 2161 631 2194 scripturam
647 2159 915 2193 Cliristophorsouns
929 2160 1012 2186 ctiam

225 2202 256 2220 ac
284 2195 404 2222 Savilius
433 2196 459 2221 in
484 2196 646 2229 quibusdam
677 2195 818 2221 codicibus
844 2197 1011 2229 repererunt.

225 2230 449 2256 Suhaudieudum
471 2234 560 2257 autem
588 2234 629 2256 est
650 2229 730 2264 ἱερόν.
753 2229 789 2256 De
804 2231 904 2264 templo
932 2229 1009 2256 Genii

1064 1882 1138 1912 talis.
1158 1882 1381 1917 eorumﬂscilicet
1396 1881 1443 1917 qui
1461 1881 1488 1908 in
1511 1877 1600 1909 ofﬁcio
1615 1881 1810 1917 praefectorum
1824 1891 1854 1910 ac

1063 1917 1209 1951 praesidum
1219 1916 1384 1944 militabant.
1396 1916 1458 1943 Haec
1470 1916 1621 1951 postrema,
1631 1917 1653 1944 si
1669 1925 1732 1943 cum
1748 1918 1854 1945 duabus

1063 1952 1124 1978 aliis
1142 1951 1310 1981 conferatur,
1326 1952 1457 1979 vilissima
1471 1956 1540 1978 erat.
1562 1951 1613 1978 Sed
1630 1959 1680 1978 cur
1695 1952 1853 1986 δαπανηράν

1063 1991 1177 2014 vocetur
1189 1986 1241 2013 hoc
1271 1993 1356 2020 genus
1381 1987 1494 2017 militiae,
1511 1994 1566 2012 non
1581 1987 1648 2014 satis
1664 1987 1754 2020 capio.
1774 1988 1852 2019 ριιῖίι-

1064 2026 1187 2049 stuosum
1200 2021 1272 2048 enim
1290 2022 1380 2055 potius
1389 2021 1495 2048 videtur
1505 2021 1599 2049 fuisse.
1613 2021 1690 2048 Unde
1706 2023 1732 2048 in
1749 2022 1853 2049 Codice

1064 2056 1254 2092 Tlieodosiano
1271 2057 1417 2092 peculiaris
1432 2056 1529 2092 titulus
1544 2061 1586 2084 est
1603 2056 1641 2083 De
1658 2057 1741 2082 lucris
1762 2058 1857 2092 ofﬁcia-

1063 2100 1132 2119 rum.
1150 2091 1311 2125 llujusmodi
1332 2096 1406 2118 certe
1422 2091 1696 2126 ollicialcsjudicum,
1713 2095 1768 2118 tam
1786 2093 1852 2119 Cili-

1063 2127 1128 2154 iium
1154 2134 1235 2161 quam
1264 2126 1434 2158 militarium,
1467 2126 1550 2153 multa
1566 2127 1675 2160 exigere
1698 2127 1852 2153 solebanta

1061 2161 1231 2195 litigantibus
1260 2164 1306 2186 aut
1329 2169 1342 2187 a
1374 2161 1597 2195 provincialibus.
1623 2160 1746 2188 Onerosa
1763 2166 1853 2188 tamen

1062 2197 1112 2224 fuit
1126 2197 1182 2223 Iuno
1202 2196 1317 2222 militia:
1335 2197 1452 2230 primum
1482 2196 1509 2222 in
1537 2204 1570 2223 eo
1583 2196 1654 2230 quod
1681 2197 1786 2223 novelli
1807 2197 1852 2231 qui

1061 2232 1167 2266 c0rpori
1183 2239 1232 2258 seu
1248 2231 1361 2264 collegio
1375 2231 1529 2258 oﬂiciaiium
1548 2231 1772 2262 ascribebautur,
1797 2240 1853 2258 mu-

226 2264 301 2300 urbis
315 2264 848 2300 CtesarvzeCappadocia:loquituretiam
863 2265 1010 2300 Gregorius
1027 2271 1050 2300 D
1065 2264 1137 2294 neris
1152 2274 1198 2293 seu
1221 2266 1349 2300 sportula:
1364 2266 1424 2292 loco
1440 2266 1569 2300 grandem
1589 2266 1733 2300 pecuniam
1752 2267 1852 2293 inferte

224 2298 413 2334 Nazianzenus
429 2299 455 2326 iu
469 2299 599 2326 lnvecliva
613 2300 700 2333 priore
715 2300 740 2325 in
754 2299 901 2331 Juliuuum,
922 2307 946 2334 p.
959 2299 1008 2330 9i;

225 2337 252 2360 et
267 2333 293 2359 in
315 2335 438 2360 oratione
456 2335 496 2365 i9.
515 2342 540 2368 p.
561 2335 621 2362 509.
643 2334 708 2361 Vide
730 2343 789 2369 qure
803 2335 900 2369 scripsi
918 2335 944 2361 in
961 2341 1010 2360 an-

226 2369 414 2396 notationibus
426 2369 598 2396 Eusebianis.

261 2403 316 2438 (67)
339 2405 515 2438 Δαπανηρὸν
536 2406 584 2431 καὶ
599 2405 815 2431 ἐπονείδιστον.
835 2404 890 2431 Cur
905 2403 1010 2430 ἐπονεί-

225 2437 324 2469 διστον,
338 2439 363 2465 id
379 2444 420 2466 est
430 2437 481 2466 vile
493 2447 524 2466 ac
537 2441 698 2474 probrosum
712 2440 850 2466 vocaverit
867 2440 916 2466 huc
924 2446 1009 2473 genus

226 2473 341 2509 militiae,
365 2475 432 2502 satis
465 2473 595 2509 intelligo.
615 2475 723 2508 Triplex
741 2475 812 2501 enim
843 2474 894 2500 fuit
912 2474 1009 2500 militia

225 2507 295 2541 apud
311 2508 458 2535 Romanos.
471 2507 564 2536 Prima
578 2513 604 2536 et
632 2507 843 2536 honoratissima
869 2514 909 2535 est
931 2510 1004 2543 pala-

227 2543 290 2573 tina,
315 2552 408 2570 eorum
430 2545 531 2571 scilicet
547 2545 592 2578 qui
609 2544 635 2570 in
649 2545 750 2578 palatio
771 2544 931 2570 militabant.
956 2544 1004 2569 Se-

225 2577 313 2605 cunda
326 2579 376 2605 fuit
385 2580 534 2606 castrensis
544 2577 601 2606 sive
614 2577 727 2606 armata.
740 2579 830 2606 Tertia
842 2578 891 2605 fuit
905 2578 1003 2605 cohor—

1064 2302 1230 2336 cogehantur
1247 2301 1272 2336 in
1286 2308 1376 2327 arcam
1398 2301 1527 2335 collegii;
1546 2301 1645 2327 deinde
1672 2301 1699 2327 in
1721 2308 1755 2328 eo
1783 2302 1853 2335 quod

1064 2335 1213 2364 sententias
1226 2335 1348 2370 judicum
1364 2340 1390 2362 et
1402 2339 1535 2370 praecepta
1557 2336 1754 2370 imperatorum
1775 2345 1852 2363 exse-

1035 2393 1037 2396 .
1063 2372 1165 2398 cutioni
1181 2371 1343 2397 mandabant
1357 2378 1406 2397 suo
1423 2371 1555 2405 periculo,
1579 2371 1605 2398 id
1620 2376 1662 2398 est
1676 2371 1754 2405 gravi
1770 2372 1851 2397 multa

1064 2406 1204 2441 puniendi,
1221 2406 1273 2432 nisi
1293 2406 1458 2440 paruissent.
1479 2405 1547 2432 Hinc
1564 2406 1590 2433 in
1609 2405 1713 2432 Codice
1726 2405 1851 2433 Theodo-

1061 2442 1138 2468 siano
1154 2441 1234 2468 toties
1248 2441 1397 2475 ascriptum
1410 2441 1509 2476 legitur
1521 2441 1625 2475 legibus
1642 2441 1850 2475 imperatorum,

1062 2481 1090 2503 ut
1108 2475 1226 2503 ollicium
1244 2476 1388 2510 praesidum
1403 2475 1495 2503 decem
1512 2480 1558 2502 aut
1578 2477 1671 2510 plures
1691 2477 1752 2502 auri
1771 2477 1850 2502 libras

1062 2512 1126 2537 ﬁsco
1152 2511 1251 2538 inferre
1273 2515 1395 2545 cogatur,
1423 2511 1446 2538 si
1476 2511 1614 2546 quidpiam
1640 2516 1739 2537 contra
1771 2512 1850 2546 legem

1058 2546 1147 2573 faccre
1163 2546 1372 2581 pra-sumpserit.

947 2667 1072 2696 VARIOR
1079 2669 1096 2696 U
1101 2669 1133 2696 Μ.

260 2725 270 2743 ί
293 2724 358 2752 Ἐπὶ
375 2725 526 2752 Κλαυδίου
547 2725 704 2758 Καίσαρος.
730 2726 749 2752 Α
767 2725 878 2752 Tiberio
899 2725 1009 2759 imposi-

207 2760 214 2764 ’
224 2764 280 2786 ιιιιιι
291 2760 316 2786 id
329 2768 438 2792 nomen,
449 2769 532 2795 regno
541 2761 666 2787 Archelai
677 2761 703 2787 in
714 2760 879 2795 provinciam
887 2759 1007 2795 retineto,

223 2795 325 2822 diserte
352 2795 435 2822 tradit
463 2794 597 2823 Eusebius
624 2796 651 2822 in
667 2795 806 2822 Chronico.
822 2796 912 2822 Causa
928 2794 1007 2821 istius

223 2830 324 2857 erroris
342 2839 373 2858 ex
392 2831 530 2858 communi
551 2831 657 2865 utrique
672 2831 772 2859 Caesari
785 2830 885 2857 Tiberii
900 2830 1009 2856 nomine

1063 2726 1184 2760 protecta
1202 2725 1317 2762 videtur,
1332 2728 1450 2762 iitsa‘pe
1463 2724 1530 2762 alias
1549 2723 1659 2762 fagina.
1686 2723 1750 2750 [hec
1767 2723 1851 2762 Spuri:

1063 2757 1180 2790 iwmius.
1198 2761 1308 2787 dissert.
1323 2761 1350 2790 9,
1365 2760 1403 2786 De
1415 2757 1566 2786 uumismnt.
1582 2757 1625 2785 W.
1648 2759 1762 2786 Lowru.
1780 2758 1847 2785 idem

1062 2801 1087 2822 «λι
1101 2797 1181 2831 Pugio
1196 2796 1382 2826 observatum,
1401 2795 1433 2822 ad
1449 2802 1512 2822 ann.
1524 2794 1587 2823 369..
1602 2802 1628 2821 ιι.
1646 2794 1673 2821 -ί,
