1896 3074
179 158 245 188 ἳῖὅι

902 157 1014 186 $010M
1019 157 1074 186 Et‘il

1744 157 1819 185 1252

179 215 276 244 animi.
305 214 359 244 Sed
386 223 418 245 ex
435 217 529 248 .animi
560 214 696 244 institutis
723 215 812 243 forma
841 216 968 250 corporis

1063 215 1108 252 (ἧς
1123 215 1337 252 ἐπιτηδεύμασιν
1349 215 1570 249 ἆπεικονίζεσθαι
1583 215 1613 243 τὸ
1626 215 1673 242 τοῦ
1685 215 1819 251 σώματος

179 261 348 298 exprimitur
361 273 369 291 :
386 268 413 291 et
429 264 623 299 unusquisque
637 262 795 297 cujusmodi
808 262 909 290 studiis
923 263 970 290 de-

179 307 253 337 ditus
269 311 328 342 est,
343 308 502 343 hujusmodi
514 308 596 335 etiam
610 312 724 343 apparet
734 315 768 336 eo
779 311 902 343 tempore
914 316 970 342 quo

180 354 207 382 in
219 354 320 382 studiis
336 352 392 381 illis
413 357 551 381 versatur.
568 353 602 380 Et
616 353 680 380 huic
690 353 802 388 quidem
814 353 968 387 sententiae,

180 399 204 427 si
221 400 285 435 quis
301 403 397 427 exacte
417 406 473 426 rem
495 397 673 435 cxpendcrit,
695 407 793 432 nemo,
810 403 840 427 ut
859 399 969 434 opinor,

179 444 362 472 contradicet.
378 443 513 471 Caeterum
529 444 606 472 aiunt
619 444 801 472 Athanasium
819 444 970 479 impulsum

179 489 272 517 divina
288 489 410 522 visione,
428 497 490 526 quae
507 489 597 525 ipsum
625 490 676 517 hac
699 490 808 518 ratione
826 493 969 518 servatum

179 536 214 564 iri
240 539 404 568 monuerat,
432 535 467 563 ad
491 543 551 564 eam
575 536 709 572 virginem
734 536 903 572 confugisse.
931 537 970 564 Ac

179 581 248 609 mihi
271 581 381 617 quidem
404 581 433 608 in
454 581 495 608 rei
517 581 603 609 totius
626 583 730 609 exitum
752 581 887 614 intuenti,
913 581 970 609 haec

180 635 235 655 non
253 628 357 662 absque
373 626 421 655 Dei
439 631 508 654 nutu
522 627 652 655 videntur
672 634 734 655 esse
750 626 903 663 disposita:
922 627 970 655 sed

180 677 211 701 ut
231 673 380 709 propinqui
399 673 543 701 Athanasii
566 673 670 700 nullam
693 673 864 701 sustinerent
886 673 970 701 mole-

180 720 261 747 stiam
274 739 282 752 ,
299 718 322 746 si
339 718 402 753 quis
417 725 466 746 eos
482 719 619 752 scrutari,
634 723 661 747 et
681 719 790 747 curiose
812 718 847 746 de
866 718 913 746 illo
928 719 970 746 in—

180 765 292 801 quirere
306 765 457 796 voluisset,
483 768 531 792 aut
546 764 643 799 jurare
665 764 748 792 etiam
768 764 946 800 compulisset
961 774 968 792 :

181 814 208 837 et
223 814 253 837 ut
271 810 330 845 ipse
351 806 477 838 occultus
498 809 619 837 latitaret
640 809 712 845 apud
735 817 796 838 eam
818 809 968 845 virginem,

181 864 241 892 quae
255 856 290 884 ob
307 856 401 884 formae
416 856 526 892 quidem
544 860 714 885 venustatem
731 864 788 884 non
804 856 913 884 sinebat
939 859 970 884 ut

1022 259 1088 297 ἦθος
1104 268 1112 276 ·
1136 261 1246 289 καὶτὸν
1269 261 1350 288 αὑτὸν
1376 262 1451 294 ὅπως
1476 263 1510 289 ἂν
1535 261 1607 299 τύχῃ
1633 262 1816 298 ἐπιτηδεύων,

1022 307 1140 334 τοιοῦτον
1167 307 1215 334 καὶ
1234 307 1441 342 διαφαίνεσθαι,
1465 307 1525 335 καθ’
1547 308 1577 335 ὃν
1600 308 1633 335 ἂν
1656 307 1818 343 ἐπιτηδεύει

1023 353 1118 389 καιρόν
1128 361 1136 368 ·
1161 353 1209 380 καὶ
1220 353 1307 388 τούτῳ
1320 353 1369 389 μὲν
1383 353 1422 389 τῷ
1441 353 1512 388 λόγῳ
1529 353 1556 380 εἴ
1570 362 1612 385 τις
1633 353 1757 389 ἀκριϐῶς
1769 353 1817 385 ἐξ·

1023 397 1144 425 ετάσειεν
1153 416 1160 430 ,
1179 397 1266 428 οὐδεὶς
1280 395 1355 432 οἶμαι
1371 397 1488 432 ἀντερεῖ.
1506 397 1664 425 Ἀθανάσιον
1677 398 1706 424 δὲ
1722 398 1816 431 λόγος,

1022 442 1094 470 κατὰ
1108 443 1182 470 θείαν
1202 443 1262 478 ὄψιν
1280 443 1330 469 ὡδὶ
1345 442 1516 478 ὑποθεμένην
1539 442 1612 478 αὐτῷ
1627 442 1815 478 σωθήσεσθαι,

1022 488 1091 524 πρὸς
1119 488 1222 524 ταύτην
1244 488 1294 524 τὴν
1319 488 1452 524 παρθένον
1478 489 1656 523 καταφυγεῖν.
1685 489 1742 515 Καί
1767 497 1816 524 μοι

1022 535 1095 561 δοκεῖ
1120 533 1188 570 πρὸς
1203 533 1253 570 τὴν
1270 533 1404 561 ἀπόϐασιν
1420 533 1536 569 ὁρῶντι,
1560 535 1611 561 οὐκ
1627 534 1703 561 ἀθεεὶ
1725 534 1816 561 ταῦτα

1022 580 1232 615 οίκονομηθῆναι
1243 588 1251 596 ·
1267 579 1324 606 ἀλλ’
1338 579 1410 606 ὥστε
1432 580 1479 606 καὶ
1496 580 1560 611 τοὺς
1571 579 1736 607 Ἀθανασὶου
1757 581 1817 607 ἔπι.

1022 613 1149 662 miseret»;
1164 613 1202 661 pi;
1230 625 1303 662 ἐχειν
1327 625 1496 662 πράγματα,
1511 625 1538 652 εῐ
1551 635 1594 658 τις
1618 626 1718 658 αὐτοὺς
1731 613 1826 652 τιιολυ-Ι

1022 673 1190 709 πραγμονεῖν
1219 673 1284 708 περὶ
1301 672 1384 699 αὑτοῦ
1411 673 1630 708 ἐπιχειρήσειεν,
1655 672 1672 708 ἢ
1695 672 1815 707 ὀμνύναι

1022 718 1165 746 ἐϐιάσατο·
1181 718 1228 745 καὶ
1244 718 1325 746 αὐτὸν
1347 718 1484 747 διαλαθεῖν
1502 718 1577 754 παρὰ
1591 718 1678 754 ταύτῃ
1692 718 1815 752 κρυπτό-

1023 772 1103 800 μενον
1114 784 1121 797 ,
1135 764 1152 799 ἢ
1174 763 1213 798 τῷ
1230 763 1279 799 μὲν
1293 763 1386 790 κάλλει
1399 783 1406 795 ,
1421 764 1452 790 οὐ
1477 763 1626 799 συνεχώρει
1640 763 1815 790 ὑπονοεῖσθαι

1023 810 1115 837 ἐνθάδε
1136 810 1239 844 διάγειν
1261 809 1306 836 τὸν
1327 810 1412 845 ίερέα.
1428 811 1466 836 Δι’
1479 810 1604 845 ἀνδρείαν
1620 809 1648 835 δὲ
1665 809 1748 836 αὑτὸν
1763 809 1816 835 ὑπ-

1023 854 1147 887 εδέξατο,
1165 854 1212 881 καὶ
1233 853 1278 881 διὰ
1293 854 1425 890 φρόνησιν
1440 853 1583 880 ἀπέσωσεν
1594 861 1603 869 ’
1620 853 1667 880 ἐπὶ
1683 852 1815 880 τοσοῦτον

181 903 244 938 quis
268 903 439 930 sacerdotem
467 902 523 930 illic
548 902 648 937 degere
674 903 883 937 suspicaretur;
912 910 969 937 prze

1063 899 1169 934 ιτοτάτη
1193 898 1281 934 φύλαξ
1306 898 1353 926 καὶ
1379 898 1502 930 διάκονος
1520 898 1652 925 σπουδαία
1663 898 1814 933 γενομένη,

182 947 267 975 animi
284 951 375 975 autem
389 947 549 975 fortitudine
564 955 626 975 eum
644 948 769 983 excepit,
784 951 811 975 et
825 947 969 982 prudentia

1079 946 1161 978 πόδας
1182 944 1265 972 αὐτοῦ
1283 945 1405 977 νίπτειν,
1428 945 1475 972 καὶ
1497 945 1532 972 τά
1554 944 1618 980 περὶ
1639 944 1743 981 τροφὴν
1767 944 1817 970 καὶ

180 1001 231 1022 sua
249 993 380 1022 servavit.
401 991 498 1027 Usque
521 992 590 1020 adeo
613 992 665 1020 tida
687 996 802 1026 custos,
824 996 850 1020 et
875 991 969 1020 sedula

1063 991 1124 1018 ἱλλα
1140 991 1245 1022 πάντα,
1259 990 1305 1017 καὶ
1318 990 1368 1017 ὅσα
1383 990 1463 1025 φύσις
1478 989 1624 1025 ὑπομένειν
1639 989 1764 1024 βιάζεται
1786 990 1815 1015 ὲν

182 1040 243 1076 ejus
267 1038 410 1072 ministra,
428 1042 458 1066 ut
482 1041 510 1066 et
534 1038 616 1074 pedes
632 1038 658 1066 ei
676 1038 796 1071 lavaret,
821 1042 848 1066 et
870 1045 914 1066 res
937 1038 971 1066 ad

1063 1038 1080 1069 ῖς
1095 1035 1322 1070 κατεπειγούσαις
1338 1035 1460 1070 χρείαις,
1478 1035 1562 1070 μόνην
1582 1034 1666 1069 αὐτὴν
1679 1034 1816 1060 διακονεῖ-

183 1087 285 1114 victum
303 1085 491 1119 necessarias,
513 1092 546 1112 ac
564 1085 670 1120 reliqua
684 1084 787 1117 omnia,
803 1091 973 1120 quaecunque

1023 1082 1101 1109 σθαι·
1116 1081 1227 1117 προσέτι
1240 1081 1268 1108 δὲ
1281 1082 1328 1108 καὶ
1345 1081 1452 1116 βίϐλους
1467 1077 1504 1108 ὧν
1517 1081 1603 1107 ἐδεῖτο
1612 1101 1619 1113 ,
1644 1080 1710 1116 παρ’
1724 1079 1815 1107 ἄλλων

182 1137 286 1161 natura:
301 1132 454 1160 necessitas
468 1132 570 1168 exigit,
587 1131 634 1159 ubi
655 1138 725 1167 opus
738 1135 828 1164 esset,
846 1131 904 1159 sola
925 1138 973 1166 per

1063 1126 1153 1159 ιίξειν.
1169 1125 1223 1153 Καὶ
1245 1125 1293 1151 ἐπὶ
1316 1124 1407 1160 πολλῷ
1420 1124 1509 1160 χρόνῳ
1531 1124 1587 1161 (7'7)
1606 1123 1708 1150 τούτων
1737 1130 1816 1157 γενο-

182 1187 213 1207 se
229 1178 422 1207 ministraret:
438 1178 524 1206 libros
539 1182 671 1213 praterea
687 1178 789 1212 quibus
803 1177 849 1205 ille
865 1176 971 1212 indige-

185 1225 232 1252 bat
243 1244 251 1258 ,
268 1224 303 1252 ab
320 1224 383 1252 aliis
403 1223 591 1252 commodatos
615 1222 725 1251 aﬂ‘erret
742 1232 750 1251 :
774 1226 803 1251 et
817 1221 972 1258 longissimi

1027 1173 1131 1209 μένων,
1148 1171 1250 1207 μηδένα
1263 1170 1317 1198 τῶν
1335 1170 1533 1198 κατοικούντων
1549 1169 1598 1205 τὴν
1616 1167 1817 1203 Ἀλεξανδρέων

1025 1218 1103 1246 πόλιν
1117 1217 1223 1253 μαθεῖν.

183 1269 314 1305 temporis
329 1269 422 1304 spatio
443 1276 498 1305 quo
516 1269 575 1297 haec
591 1269 767 1305 gerebantur,
786 1275 867 1297 nemo
881 1272 975 1296 tamen
991 1273 1025 1295 ex
1042 1263 1238 1292 Alexandrinis
1254 1262 1363 1291 civibus
1377 1269 1434 1290 rem
1451 1264 1642 1298 cognosceret.

447 1326 531 1363 139
549 1327 625 1355 car.
651 1326 709 1355 vu.

185 1374 223 1402 De
238 1373 308 1414 ςωοῑε
324 1378 348 1401 et
366 1373 498 1414 "actione
511 1373 623 1414 ,σερε-ξ]γὶιί
638 1371 971 1414 Λιιτιιςαῃςίινὶηὶιρερῑεειηήἐ

218 1409 250 1436 ob
265 1417 296 1436 ea
311 1417 370 1445 quw
390 1409 418 1436 in
438 1409 533 1445 tentplg
553 1407 661 1445 Mil/me
676 1408 852 1440 acciderant;
866 1412 891 1435 et
909 1407 973 1442 quid

219 1453 252 1472 ea
267 1444 301 1472 de
316 1442 344 1472 re
361 1444 496 1478 scripserit
511 1442 650 1470 Julianus.

210 1518 255 1547 Ἐι
282 1519 450 1548 Athanasius
470 1519 580 1555 quidem
600 1519 652 1547 hoc
673 1519 754 1547 modo
775 1523 919 1552 servatus,
941 1525 973 1546 ac
987 1522 1009 1553 c

185 1570 285 1601 praeter
299 1565 421 1593 omnium
437 1564 668 1600 exspectationem
683 1565 712 1592 in
724 1564 847 1592 Ecclesia
863 1571 976 1600 conspe-

188 1615 268 1644 ctus,
292 1610 430 1638 undenam
455 1609 604 1645 prodiissct
633 1609 824 1644 ignorabatur.
855 1609 976 1644 Populus

184 1661 279 1684 autem
296 1655 501 1684 Alexandrinus
516 1656 621 1691 ingenti
637 1655 738 1691 gaudio
755 1655 895 1683 exsultans
907 1675 913 1687 ,
930 1663 976 1684 ec-

187 1703 287 1730 clesias
301 1702 326 1729 ei
343 1701 465 1728 tradidit.
481 1701 575 1728 Ariani
591 1701 675 1736 igitur
691 1701 819 1730 ecclesiis
842 1701 929 1736 pulsi,
947 1702 976 1729 in

186 1749 302 1784 privatis
315 1747 419 1775 aedibus
431 1751 585 1775 conventus
601 1754 668 1775 suos
682 1747 829 1782 separatim
844 1752 974 1782 egerunt,

186 1801 249 1821 cum
273 1793 389 1820 Lucium
409 1792 555 1828 quemdam
567 1812 574 1826 ,
595 1791 704 1828 Georgii
722 1793 800 1825 loco,
814 1793 974 1829 episcopum

186 1843 269 1868 secta:
283 1845 338 1866 suae
354 1838 573 1866 constituissent.
590 1836 650 1865 Jam
663 1839 737 1866 enim
747 1839 881 1875 Georgius
890 1839 976 1866 inter-

186 1889 295 1921 emptus
313 1884 412 1912 fuerat.
436 1882 504 1911 Nam
527 1884 610 1911 simul
633 1885 910 1920 atque'magistratus
926 1893 976 1920 pa-

187 1930 240 1958 lam
256 1929 406 1961 fecissent,
423 1928 615 1956 Constantium
631 1929 740 1964 quidem
757 1933 913 1964 mortuum,
927 1929 976 1958 Ju-

187 1976 291 2004 lianum
306 1982 373 2003 vero
392 1974 427 2002 ad
443 1974 589 2010 imperium
606 1978 730 2003 evectum
757 1982 836 2008 esse,
856 1975 976 2004 Alexan-

188 2022 334 2050 drinorum
349 2019 494 2057 gentilium
517 2020 614 2055 vulgus
639 2020 801 2048 seditionem
818 2022 974 2050 commovit.

187 2068 404 2102 Clamantcsque
419 2061 541 2093 universi
551 2085 558 2098 ,
569 2069 595 2093 et
606 2066 739 2094 conviciis
752 2074 814 2094 eum
831 2067 975 2096 incessen-

187 2119 243 2147 tes,
259 2113 392 2148 impetum
407 2112 435 2140 in
456 2119 520 2140 eum
539 2111 681 2142 fecerunt,
707 2111 781 2140 velut
802 2112 916 2148 jamjam
933 2113 976 2140 in-

188 2157 344 2188 terfecturi.
368 2156 470 2185 Verum
495 2157 599 2193 impetu
627 2157 720 2186 statim
748 2165 891 2194 represso,
917 2163 974 2187 tum

1327 1321 1452 1349 ΚΕΦΑΛ.
1478 1322 1515 1348 Ζ¹.

1027 1368 1098 1403 Περὶ
1111 1368 1166 1403 τῆς
1177 1367 1358 1402 ἀναιρέσεως
1377 1367 1426 1394 καί
1442 1367 1495 1403 τοῦ
1507 1366 1648 1403 θριάιεϐου
1665 1366 1819 1402 Γεωρτίου

1062 1401 1116 1431 ἑοῦ
1137 1401 1376 1436 Ἀλεξανδρείας,
1387 1402 1436 1430 διὰ
1455 1402 1490 1429 τὰ
1510 1402 1544 1428 ἐν
1560 1401 1599 1434 τῷ
1613 1403 1725 1436 Μιθρίῳ
1738 1401 1819 1436 συμ-

1060 1438 1154 1466 ϐάντα
1167 1447 1173 1455 ·
1196 1437 1246 1465 καί
1269 1435 1316 1465 οἶα
1343 1435 1474 1473 ἔγραψεν
1490 1437 1652 1470 Ἰουλιανὸς
1673 1435 1743 1471 περὶ
1763 1435 1820 1470 τῆς

1062 1474 1201 1507 τοιαύτης
1219 1473 1400 1506 ὑποθέσεως.

1069 1521 1097 1547 '0
1115 1519 1164 1555 μὲν
1178 1517 1224 1546 οὖν
1244 1518 1403 1550 Ἀθανάσιος
1420 1515 1471 1545 ὦδε
1484 1517 1625 1550 διασωθεὶς
1635 1537 1642 1550 ,
1653 1517 1703 1544 καὶ
1715 1518 1821 1552 ἀπροσ-

1027 1566 1149 1601 δοκήτως
1163 1566 1191 1592 ὲν
1205 1566 1239 1601 τῇ
1256 1565 1404 1601 Ἐκκλησία
1416 1565 1512 1599 φανεὶς
1521 1585 1528 1597 ,
1540 1564 1594 1591 οὐδ’
1606 1563 1667 1591 ὅθεν
1682 1563 1820 1599 προῆλθεν

1027 1610 1192 1646 ἐγινώσκετο
1201 1619 1207 1626 ·
1223 1610 1375 1646 περιχαρὴς
1388 1609 1416 1636 δὲ
1429 1608 1575 1644 γενόμενος
1588 1609 1603 1634 ό
1615 1607 1670 1635 τῶν
1687 1606 1819 1639 ’Δλεξαν-

1027 1657 1112 1692 δρέων
1151 1656 1215 1688 λαὸς
1230 1676 1238 1689 ,
1269 1655 1319 1687 τὰς
1353 1654 1500 1690 ἐκκλησίας
1535 1653 1610 1689 αὐτῷ
1645 1653 1819 1688 παρέδωκεν.

1026 1701 1220 1738 Ἐκϐληοέντες
1229 1701 1258 1728 δὲ
1267 1701 1293 1728 οἱ
1303 1701 1337 1728 τὰ
1350 1700 1454 1737 Ἀρείου
1470 1699 1630 1736 φρονοῦντες
1640 1720 1647 1732 ,
1660 1699 1690 1726 ὲν
1704 1699 1821 1726 ἰδιωτῶν

1027 1747 1126 1780 οἰκίαις
1160 1747 1221 1775 καθ’
1250 1747 1362 1778 ἑαυτοὺς
1394 1745 1591 1781 ἐκκλησίαζον,
1614 1745 1732 1772 Λούκιον
1756 1745 1819 1772 ἀντὶ

1027 1793 1164 1829 Γεωργίου
1174 1813 1181 1825 ,
1197 1793 1247 1828 τῆς
1264 1792 1355 1821 αὐτῶν
1380 1792 1510 1828 αἱρέσεως
1531 1791 1682 1818 ἐπίσκοπον
1696 1791 1818 1827 προσαλ-

1027 1837 1145 1874 λόμενοι.
1168 1837 1304 1873 Γεώργιος
1328 1837 1357 1864 δὲ
1379 1836 1473 1872 ἔτυχεν
1496 1836 1546 1872 ἥδη
1573 1836 1744 1872 ἀναιρεθείς·
1759 1837 1818 1871 ἅμα

1027 1884 1081 1920 γὰρ
1095 1883 1212 1919 δημοσίᾳ
1232 1883 1311 1918 δῆλον
1323 1882 1454 1918 ἐποίησαν
1467 1883 1493 1908 οἰ
1513 1882 1642 1917 ἄρχονπες
1658 1881 1818 1917 τετελευτη-

1027 1931 1104 1957 κέναι
1115 1929 1303 1957 Κωνστάντιον
1314 1948 1322 1961 .
1342 1928 1529 1964 αὐτοκράτορα
1540 1927 1568 1955 δὲ
1587 1927 1730 1955 Ἰουλιανδν
1747 1925 1818 1954 εἶναι

1027 1975 1171 2003 ἐστασίασε
1185 1975 1214 2002 τὺ
1236 1974 1390 2010 Ἑλληνικὸν
1411 1974 1513 2010 πλῆθος
1531 1973 1586 2000 τῶν
1605 1973 1814 2008 Ἀλεξανδρέων.

1026 2021 1201 2057 Κεκραγότες
1212 2029 1242 2047 τε
1256 2020 1303 2047 καὶ
1315 2018 1514 2055 λοιδορούμενοι
1526 2018 1659 2055 ὥρμησαν
1669 2019 1714 2044 ἐπ’
1723 2018 1816 2049 αὑτὸν,

1026 2067 1064 2099 ὡς
1087 2067 1257 2103 παραχρῆμα
1280 2066 1493 2102 ἀναιρήσοντες·
1516 2064 1702 2096 ἀνακοπέντες
1723 2063 1752 2090 δὲ
1768 2064 1818 2098 τῆς

1027 2113 1186 2149 παραυτίκα
1199 2112 1290 2148 ὁρμῆς
1303 2132 1311 2144 ,
1324 2112 1386 2139 τότε
1400 2111 1450 2147 μὲν
1470 2111 1551 2138 αὐτὸν
1566 2111 1597 2138 ὲν
1608 2111 1719 2146 δεσμοῖς
1732 2108 1816 2145 εἶχον,

1027 2159 1084 2186 οὐκ
1113 2159 1152 2191 εἰς
1182 2158 1291 2194 μακρὰν
1314 2158 1342 2186 δὲ
1369 2157 1590 2193 καταδραμόντες
1616 2156 1702 2183 ἕωθεν
1724 2157 1766 2188 είς
1787 2155 1818 2182 τὺ

784 2247 919 2276 VALESII
931 2247 1206 2276 ANNOTATIONES.

223 2305 349 2349 (77)..K.‘"
360 2304 815 2349 “,1,“od-'QKPWQ’QPFE‘W“?
832 2305 973 2349 ίὶυίξὶε.⁰³·

1063 2305 1277 2347 tConstantius.
1294 2304 1429 2349 (iaeterum‘
1442 2303 1623 2349 Athanasium
1641 2303 1816 2349 apudqislam

189 2339 252 2377 pitis
267 2339 551 2377 titulumAcomposuit,
574 2340 632 2377 sive
646 2339 816 2375 Nicephorus
831 2340 973 2377 Gallislus,

189 2375 245 2404 sive
259 2377 321 2410 quis
348 2375 428 2407 alius.
451 2375 638 2411 Athanasium
666 2379 770 2411 septem
789 2376 878 2411 iannis
903 2375 975 2411 apud

189 2418 297 2439 sacram
324 2411 457 2445 virginem
477 2410 602 2437 latitasse
618 2410 724 2437 scribit.
743 2410 797 2437 Sed
819 2411 842 2438 si
866 2410 928 2438 rem’
941 2410 973 2438 ad

189 2449 301 2473 exactos
312 2445 433 2473 calculos
442 2451 572 2472 revocare
580 2445 759 2478 voluerimus,
767 2453 813 2472 sex
824 2450 928 2473 tantum
937 2445 973 2477 ι’,

189 2487 291 2515 eosque
308 2488 364 2507 non
385 2480 506 2515 integrOs
529 2487 616 2508 annos
635 2487 697 2506 eum
722 2480 838 2508 latuisse
853 2480 974 2515 reperie-

189 2514 253 2543 mus
269 2524 275 2542 :
301 2515 335 2542 ab
352 2514 452 2542 octavo
468 2514 573 2542 scilicet
597 2515 742 2542 consulatu
761 2514 927 2547 Constantii,
940 2515 973 2541 ad

188 2550 362 2578 consulatum
376 2549 458 2577 Tauri
473 2554 501 2577 et
521 2549 662 2583 Florentii,
679 2556 734 2583 quo
756 2557 829 2577 anno
850 2554 974 2586 mortuus

1028 2348 1135 2368 sacram
1152 2340 1284 2376 virginem
1304 2339 1537 2376 tandiu_la_t_uisse
1552 2339 1596 2366 vix
1618 2338 1751 2376 credibile
1765 2344 1815 2367 cst.

1026 2376 1169 2404 Assentior
1196 2373 1287 2410 potius
1302 2373 1433 2410 Gregorio
1447 2373 1631 2410 Nasianzeno,
1647 2373 1693 2408 qui
1714 2375 1816 2410 inpra—

1026 2413 1101 2438 tione
1112 2411 1144 2438 21
1161 2408 1401 2442 οῙίΑιιιοηοεὶιιὴι,
1418 2413 1480 2444 post
1497 2409 1649 2444 ingressum
1665 2412 1692 2435 et
1707 2408 1817 2436 ordina~

1026 2446 1128 2481 tionem
1141 2444 1263 2481 Georgii,
1274 2444 1411 2481 recepisse
1420 2443 1495 2481 sein
1505 2443 1620 2481 ﬂigypti
1631 2444 1815 2481 monasteria,

1026 2480 1120 2516 ibique
1134 2477 1249 2508 latuisse
1268 2477 1354 2514 usque
1365 2479 1406 2516 _ad
1423 2477 1609 2516 principatum
1628 2477 1745 2516 J_ul_ian_i_.
1766 2478 1815 2516 $9—

1027 2512 1135 2542 zomeni
1151 2519 1242 2542 tamen
1267 2512 1454 2542 narrationem
1468 2512 1613 2541 conﬁrmat
1632 2512 1774 2542 Palladius
1790 2513 1816 2540 in

1028 2549 1170 2582 Lausiaca,
1184 2557 1245 2585 cap.
1261 2549 1322 2577 155.

915 2638 1110 2668 VARIORUM.

226 2702 251 2720 ι·
265 2697 434 2725 Athanasius
448 2696 640 2724 Alexandriam
658 2697 731 2732 circa
746 2703 867 2725 mensem
884 2697 977 2732 Augu-

190 2739 262 2763 stum
286 2733 349 2760 anni
379 2732 433 2760 562
456 2731 615 2759 adventavit
642 2741 648 2759 :
674 2731 791 2763 ideoque
814 2739 909 2760 verum
932 2731 978 2759 est

189 2777 251 2797 eum
269 2776 318 2803 per
340 2772 443 2802 septem
463 2774 557 2803 annos
572 2766 725 2803 delituisse.
747 2766 789 2794 illi
804 2770 895 2803 tamen
913 2767 978 2794 anni

191 2801 327 2838 utrimque
353 2801 509 2836 incompleti
538 2801 712 2842 numerandi_
736 2805 819 2833 sunt,
843 2802 877 2829 ab
907 2808 979 2829 anno

191 2839 253 2869 556.
270 2839 304 2865 ad
320 2845 421 2864 annum
437 2836 499 2864 562.
516 2836 567 2869 Qut
586 2836 714 2869 loquendi
731 2837 840 2869 modus,
859 2840 888 2863 ut
908 2843 979 2869 Saepe

190 2839 253 2870 356.
270 2839 304 2865 ad
320 2845 421 2864 annum
437 2839 499 2864 562.
516 2839 567 2869 Qui
586 2839 714 2870 loquendi
731 2839 840 2869 modus,
859 2840 888 2863 ut
908 2843 980 2871 Saepe

191 2874 268 2906 alibi,
286 2873 393 2908 decepit
408 2872 556 2901 V’alesium.
574 2871 708 2907 Antiquos
726 2871 904 2907 incomplctos
920 2872 981 2911 pici

1026 2705 1143 2733 rumque
1170 2705 1220 2733 pro
1244 2696 1358 2732 integris
1390 2703 1556 2733 numerare,
1583 2695 1659 2723 mille
1686 2695 1817 2733 exemplis

1027 2730 1122 2768 liquet.
1157 2730 1314 2765 Pmterea,
1335 2735 1377 2759 est
1401 2731 1449 2758 hic
1474 2735 1588 2759 octavus
1617 2730 1817 2768 perseeutjonis

1027 2765 1220 2795 At'hanasianae
1247 2773 1348 2800 annus,
1367 2773 1428 2800 qua;
1455 2770 1546 2801 coepta
1570 2770 1619 2801 est
1645 2769 1712 2801 ante
1738 2765 1817 2792 linem

1028 2803 1091 2830 Maii
1107 2803 1171 2830 anni
1184 2802 1247 2835 555,
1260 2809 1275 2828 a
1286 2802 1403 2828 concilio
1413 2800 1508 2836 nempe
1517 2800 1727 2830 Mediolancnsi.
1744 2801 1817 2836 (Ant.

1029 2837 1106 2875 Pagi,
1123 2838 1156 2866 ad
1175 2845 1241 2865 ann.
1257 2836 1321 2870 562,
1338 2844 1366 2864 n.
1383 2836 1439 2872 Η.)
