1896 3074
84 178 160 208 ηδτ

580 176 742 206 HISTORIA
760 176 1040 206 ECCLESIASTICA.
1061 194 1096 200 --
1114 178 1178 208 LIB.
1203 178 1233 206 V.

1642 177 1712 206 me

84 235 135 261 καὶ
149 234 230 262 ἄλλοι
250 233 321 266 τινὲς
334 233 389 260 τῶν
403 234 431 260 ἐν
449 233 504 265 τοῖς
517 232 663 268 βασιλείοις
684 233 777 270 ἄρχειν
790 234 882 261 ἐπιτε-

949 241 993 268 us,
1009 235 1103 263 cuncti
1120 235 1324 263 existimarunt.
1339 233 1411 261 Nam
1431 237 1459 261 et
1481 240 1580 261 comes
1596 232 1719 268 largitio-

85 281 281 318 τραμμένων,
299 281 519 316 νεανιευσάμενοι
544 280 614 308 κατὰ
638 280 687 315 τῆς
707 279 880 316 Ἐκκλησίας,

86 328 254 363 παραδόξως
267 327 315 355 καὶ
328 326 452 357 ἐλεεινῶς
468 326 513 353 τὸν
530 325 587 362 βίον
603 326 761 358 κατέλυσαν,
777 326 816 358 ὡς
830 326 882 353 ὑπὸ

87 371 166 405 θείας
184 372 270 408 ὀργῆς
283 370 536 402 καταδικασθέντες.

399 457 524 487 ΚΕΦΑΛ.
539 459 577 487 Θ’.

88 506 160 541 Περὶ
175 505 231 533 τοῦ
237 505 402 541 μαρτιψίου
416 504 475 532 τῶν
487 505 757 541 ἁγίων-,νΕὐσεϐίου9
768 506 883 534 Νεστά-

182 539 248 572 60v,
264 540 314 568 καί
328 540 483 574 Ζήνωνος,
501 541 536 567 ἐν
551 539 630 575 Γάζῃ
644 540 681 575 τῇ
694 541 794 568 πόλει.

132 586 214 612 Ἐπεὶ
229 586 257 612 δὲ
269 587 308 618 είς
319 585 397 612 τοῦτο
412 585 552 621 προήχθην
567 585 661 620 λόγου,
675 586 721 612 καὶ
734 587 784 622 τὴν
798 587 884 623 Γεωρ-

90 631 151 665 γίου
168 631 218 659 καὶ
234 631 372 667 Θεοδώρου
391 631 448 667 (84)
464 632 604 667 ἀναίρεσιν
616 629 754 667 διεξῆλθον
764 652 771 665 ,
788 633 883 668 καιρὸν

90 677 164 712 ἔχειν
181 676 255 703 δοκῶ
267 676 432 712 ποιήσασθαι
445 677 556 712 μνήμην
567 676 707 710 Εὐσεϐίου,
722 677 769 704 καὶ
779 678 883 708 Νεστά-

91 723 157 754 ϐου,
181 723 232 749 καὶ
257 723 379 758 Ζήνωνος
406 722 461 749 τῶν
487 722 626 757 ἀδελφῶν·
643 722 690 754 οὓς
714 723 784 750 κατὰ
805 723 884 750 τοῦτο

93 768 182 804 μισῶν
206 770 221 796 ὁ
245 769 298 795 τῶν
321 768 445 800 Γαζαίων
466 768 567 804 δῆμος,
585 768 654 795 οἶκοι
680 769 884 804 κρυπτομένους

91 815 274 842 συνελάϐοντο
285 835 292 847 ,
306 814 352 841 καὶ
365 814 545 850 δεσμωτηρίῳ
562 814 597 841 τὰ
610 815 707 850 πρῶτα
721 815 883 850 παρέδοσαν,

93 860 138 887 καὶ
153 860 359 895 ἐμαστίγωσαν.
383 860 497 886 Ἔπειτα
514 860 686 893 συνελθόντες
701 861 738 893 είς
759 861 883 896 θέατρον,

932 287 999 309 num
1017 287 1160 309 sacrarum
1171 301 1179 315 ,
1197 284 1225 309 et
1240 280 1286 308 alii
1301 280 1413 315 quidam
1427 279 1543 307 summis
1566 278 1594 306 in
1618 277 1720 313 palatio

932 325 1113 361 dignitatibus
1138 327 1266 362 praediti,
1292 334 1355 355 cum
1381 326 1537 361 petulanter
1565 324 1720 353 illusissent

932 370 1076 404 Ecclesiae,
1094 372 1237 407 insperato
1254 380 1286 400 ac
1300 371 1450 400 miserabili
1467 371 1544 399 exitu
1558 370 1721 406 perierunt,

933 420 1064 452 tanquam
1079 416 1251 454 indignantis
1266 417 1314 446 Dei
1329 417 1465 446 sententia
1478 415 1668 445 condemnati.

1255 462 1333 491 CAP.
1355 462 1402 491 IX.

935 508 973 537 De
982 509 1111 545 martyrio
1123 513 1276 545 sanctorum
1292 508 1408 545 Eusebii,
1424 509 1547 542 Nutabi,
1559 514 1584 538 et
1595 510 1721 545 Zenonis,

1202 545 1229 571 in
1249 544 1354 571 civitate
1371 544 1455 571 Gaza.
1705 552 1717 566 ο

970 588 1023 617 Sed
1042 589 1171 624 quoniam
1194 589 1228 616 ad
1244 589 1316 617 hunc
1339 597 1493 617 sermonem
1511 589 1682 623 devenimus,
1696 594 1722 619 et

933 634 1044 671 Georgii
1057 643 1089 663 ac
1101 635 1239 663 Theodori
1251 635 1352 664 eaedem
1364 635 1420 671 jam
1436 636 1720 669 commemoravimus,

933 685 1120 717 opportunum
1138 688 1212 708 nunc
1237 680 1346 708 videtur
1367 685 1397 708 ut
1419 680 1542 714 Eusebii,
1559 681 1682 716 Nestabi,
1695 686 1723 710 el

934 726 1053 756 Zenonis
1069 727 1187 754 fratrum
1204 728 1369 755 mentionem
1386 721 1528 755 faciamus.
1550 728 1626 760 Quos
1639 735 1724 763 popu-

934 771 977 799 lus
1003 771 1162 799 Gazaeorum
1192 771 1255 799 odio
1283 779 1470 806 prosequens,
1498 777 1563 799 tunc
1593 776 1723 807 temporis

934 817 1008 844 domi
1024 817 1134 845 abditos
1156 817 1377 853 comprehendit.
1406 816 1446 845 Ac
1468 817 1586 854 primum
1613 817 1724 852 quidem

935 861 964 889 in
991 869 1132 890 carcerem
1157 870 1205 890 eos
1232 862 1364 897 coniecit,
1393 865 1421 889 et
1445 861 1539 898 ﬂagris
1560 862 1724 890 verberavit.

91 906 209 932 πλεῖστα
236 905 325 933 αὐτῶν
343 905 526 942 κατεϐόησαν,
538 906 575 938 ὡς
589 907 837 942 κακουργησάντων
851 908 884 935 τὰ

949 907 1037 935 Deinde
1053 915 1148 944 omnes
1167 908 1195 935 in
1211 907 1348 936 theatrum
1365 908 1580 940 convenientes,
1593 907 1726 935 adversus

93 952 164 988 ἱερὰ,
180 952 229 978 καὶ
242 952 288 978 ἐπὶ
304 951 463 987 καθαιρέσει
477 952 523 979 καὶ
540 951 617 987 ὕϐρει
630 952 677 979 τοῦ
693 952 882 988 Ἑλληνισμοῦ,

92 997 130 1033 τῷ
155 997 321 1034 παρελθόντι
347 997 436 1033 χρόνῳ
460 997 708 1033 ἀποχρησαμένων.
735 999 778 1025 Ἐν
794 999 822 1025 δὲ
845 999 884 1035 τῷ

93 1043 279 1078 κεκραγέναι,
295 1043 344 1070 καὶ
363 1043 544 1079 παροτρύνειν
561 1043 690 1078 ἀλλήλους
702 1044 742 1076 εἰς
763 1044 809 1070 τὸν
824 1046 882 1071 κατ’

92 1089 183 1116 αὐτῶν
198 1089 280 1124 φόνον
291 1109 298 1121 ,
313 1088 519 1124 ἐνεπλήσθησαν
534 1088 631 1124 θυμοῦ.
644 1089 699 1115 Καὶ
715 1090 884 1125 παρακελευ-

94 1136 208 1170 σάμενοι
237 1135 360 1168 ἑαυτοῖς,
383 1132 427 1162 οἷά
454 1143 486 1170 γε
512 1135 598 1170 δῆμος
620 1136 771 1168 στασιάζων
793 1137 882 1171 εἴωθε,

93 1182 268 1217 κατέδραμον
296 1182 336 1213 εἰς
363 1181 393 1208 τὸ
415 1178 618 1217 δεσμωτήριονσ
637 1182 684 1209 καὶ
707 1183 884 1218 ἐξαγαγόντες

94 1226 213 1260 αὐτοὺς,
235 1225 366 1261 ὠμότατα
393 1225 588 1261 διεχρήσαντο·
615 1226 654 1262 πῆ
682 1226 731 1262 μὲν
755 1229 883 1264 πρηνεῖς,

95 1272 133 1306 πῆ
147 1273 174 1299 δὲ
190 1272 306 1304 ὑπτίους
320 1272 446 1303 ἕλκοντες
458 1292 465 1304 ,
482 1272 530 1299 καὶ
540 1271 579 1308 τῷ
593 1273 686 1308 ἐδάφει
701 1275 886 1310 προσρηγνύν-

96 1326 158 1350 τεςσ
176 1319 224 1345 καὶ
242 1319 267 1345 εί
283 1318 376 1354 ἔτυχον
394 1318 518 1350 παίοντες
529 1337 538 1351 ,
563 1319 588 1345 οί
614 1318 664 1354 μὲν
680 1318 764 1351 λίθοις
776 1327 783 1335 ·
807 1321 832 1347 oi
857 1320 886 1347 δὲ

98 1363 184 1396 ξύλοις
198 1372 204 1379 ·
218 1364 293 1390 ἄλλοι
307 1363 336 1390 δὲ
354 1363 443 1395 ἄλλοις
455 1363 510 1390 τισὶ
526 1365 582 1396 τοῖς
599 1364 782 1399 ἐπιτυχοῦσιν.
802 1365 886 1391 Ἐπυ-

98 1409 183 1445 θὸμην
198 1409 222 1436 δ’
239 1407 272 1437 αὖ
290 1410 327 1441 ὡς
344 1410 390 1436 καὶ
403 1411 532 1444 γυναῖκες
547 1411 579 1436 ὲκ
591 1409 645 1437 τῶν
667 1411 886 1445 ίστῶν¹ὲξελθοῦ-

101 1465 154 1488 σαι,
173 1457 234 1488 ταῖς
247 1456 372 1491 κερκίσιν
387 1456 485 1488 αὐτοὺς
496 1456 676 1485 κατεκέντουν
687 1466 693 1472 ·
711 1457 758 1484 καὶ
776 1458 830 1484 τῶν
843 1458 886 1485 ἐπ’

100 1503 201 1538 ἀγορᾶς
214 1502 354 1538 μαγείρων
367 1522 374 1536 ,
388 1504 412 1529 οἱ
430 1502 490 1537 μὲν,
505 1502 580 1529 ὕδατι
596 1502 689 1538 θερμῷ
700 1503 888 1538 καχλάζοντας

100 1548 163 1579 τοὺς
185 1547 302 1583 λέϐητας
325 1547 525 1582 ἐξαρπάζοντες
539 1547 592 1573 τῶν
612 1547 800 1582 χυτροπόδων,
823 1556 889 1574 κατ-

937 961 985 981 eos
1003 953 1147 981 vociferati
1163 957 1239 985 sunt,
1259 953 1333 989 quod
1359 954 1461 989 templa
1480 954 1604 989 ipsorum
1625 954 1727 981 violas-

938 1003 1008 1031 sent,
1032 1002 1060 1028 et
1081 999 1258 1034 superiorum
1277 1003 1434 1035 temporum
1460 999 1666 1035 opportunitate
1693 999 1727 1027 ad

937 1043 1108 1072 eversionem
1132 1048 1159 1071 et
1184 1043 1377 1072 contumeliam
1396 1043 1562 1072 Grzecanicze
1586 1044 1728 1079 religionis

939 1089 1017 1117 abusi
1032 1093 1138 1118 essent.
1150 1089 1277 1125 Dumque
1287 1090 1324 1116 ita
1340 1089 1574 1124 vociferantur,et
1585 1091 1612 1117 in
1626 1090 1727 1118 caedem

939 1134 1048 1162 illorum
1066 1142 1127 1162 sese
1145 1138 1241 1162 mutuo
1255 1134 1388 1169 incitant,
1407 1135 1527 1163 furorem
1548 1135 1648 1163 animis
1662 1143 1727 1163 con-

938 1183 1081 1214 eeperunt.
1094 1180 1192 1214 Atque,
1210 1180 1345 1216 utvulgus
1360 1180 1522 1208 seditiosum
1538 1181 1618 1215 solet,
1629 1184 1729 1209 semct-

938 1227 1013 1262 ipsos
1025 1225 1172 1259 cohortati,
1192 1226 1227 1253 ad
1242 1233 1382 1254 carcerem
1399 1232 1582 1262 properarunt
1599 1236 1605 1254 :
1626 1234 1728 1261 eosque

939 1270 1003 1299 inde
1015 1271 1146 1304 eductos,
1162 1271 1356 1299 crudelissimo
1377 1271 1476 1298 mortis
1490 1278 1590 1306 genere
1614 1271 1722 1298 interfe-

939 1313 1053 1350 cerunt;
1072 1325 1146 1345 nunc
1161 1324 1281 1353 pronos,
1307 1324 1382 1345 nunc
1403 1317 1517 1352 supinos
1532 1317 1682 1348 trahentes,
1703 1323 1730 1345 et

940 1362 1097 1397 pavimento
1121 1362 1287 1395 allidcntes;
1304 1366 1330 1390 et
1346 1370 1396 1398 pro
1421 1362 1548 1396 arbitrio,
1568 1362 1613 1389 alii
1628 1362 1728 1398 lapidi-

939 1407 1001 1440 bus,
1016 1407 1063 1434 alii
1084 1407 1216 1439 fustibus,
1233 1411 1260 1435 et
1284 1408 1417 1443 cujusque
1443 1407 1517 1435 modi
1540 1407 1602 1436 telis
1622 1416 1682 1443 qua:
1696 1407 1730 1434 ad

939 1459 1051 1479 manum
1064 1457 1168 1485 essent,
1184 1460 1232 1480 eos
1246 1453 1391 1481 caedentes.
1407 1452 1507 1480 Audivi
1525 1453 1606 1480 etiam
1632 1453 1731 1481 mulie—

940 1505 985 1526 res
998 1498 1095 1526 relieta
1111 1498 1164 1526 tela
1177 1506 1211 1526 ex
1227 1498 1307 1526 domo
1325 1506 1488 1534 progressas
1502 1499 1587 1527 radiis
1602 1499 1664 1527 illos
1680 1507 1732 1534 pu-

941 1544 1072 1580 pugisse:
1091 1548 1117 1572 et
1133 1552 1214 1573 cocos
1227 1545 1274 1580 qui
1298 1544 1326 1572 in
1350 1544 1410 1572 foro
1432 1548 1522 1578 erant,
1544 1545 1643 1580 partim
1663 1545 1732 1573 ollas

101 1592 176 1628 ἑχεον
187 1601 195 1609 ’
207 1593 233 1619 οἱ
249 1593 288 1625 δὲ,
304 1594 360 1624 τοῖς
376 1592 527 1623 ὀϐελίσκοις
543 1592 690 1627 διέπειρον.
711 1593 787 1619 Ἐπεὶ
798 1593 827 1619 δὲ
840 1594 889 1619 αὑ-

949 1598 1013 1625 ιίιυιι
1031 1590 1148 1618 ferventi
1167 1590 1326 1623 bullientes,
1343 1590 1412 1618 focis
1429 1590 1568 1627 abreptas,
1578 1590 1619 1618 eis
1635 1598 1732 1625 super-

101 1638 162 1669 τοὺς
173 1636 371 1673 διεσπάραξαν,
388 1637 435 1664 καὶ
447 1636 497 1669 τὰς
512 1636 633 1671 κεφαλὰς
646 1636 763 1664 ἑθλασαν
771 1658 777 1669 ,
792 1636 830 1670 ὡς
842 1639 889 1665 καὶ

101 1683 144 1709 τὸν
159 1682 312 1718 ἐγκέφαλον
333 1682 422 1718 χαμαὶ
439 1683 497 1718 ῥεῖν
507 1702 515 1715 ,
530 1683 633 1718 ήγαγον
656 1683 709 1718 πρὸ
721 1682 769 1710 τοῦ
782 1683 888 1717 ἄστεος,

103 1726 119 1766 ᾖ
133 1728 167 1755 τὰ
191 1728 399 1764 ἀποθνήσκοντα
416 1729 469 1756 τῶν
492 1729 596 1764 ἀλόγων
615 1729 692 1761 ζώων
706 1729 813 1764 ῥίπτειν
826 1728 890 1755 είώ-

103 1773 182 1801 θεσαν
201 1782 209 1790 ·
235 1775 283 1801 καὶ
311 1773 366 1810 πῦρ
401 1774 573 1809 ἀνάψαντες,
600 1773 719 1801 ἔκαυσαν
745 1774 835 1801 αὐτῶν
855 1774 891 1801 τὰ

104 1818 232 1854 σώματα·
249 1819 296 1846 καὶ
310 1819 344 1846 τὰ
358 1819 565 1855 περιλειφθέντα
586 1819 640 1847 τῶν
655 1820 771 1852 ὀστέων,
785 1820 835 1846 ὅσα
853 1815 891 1855 μὴ

104 1863 132 1889 τὸ
144 1864 198 1900 πῦρ
214 1864 445 1899 ὲδαπάνησε,τοϊς
461 1865 637 1900 ὲρῤιμμένοις
651 1864 745 1891 αὐτόθι
758 1865 891 1900 καμήλων

104 1917 131 1935 τε
146 1910 192 1936 καὶ
212 1910 282 1936 δνων
300 1909 402 1941 ὀστέοις
421 1909 551 1945 ἀνέμιξαν
564 1930 571 1943 ,
586 1909 656 1936 ὥστε
672 1909 709 1946 μὴ
728 1909 822 1945 ῥᾳδίαν
841 1909 890 1936 ab.

104 1954 154 1981 τῶν
167 1953 238 1982 εἶναι
253 1954 302 1990 τὴν
317 1954 440 1990 εὕρεσιν·
454 1953 533 1981 ἔλαθέ
549 1962 581 1989 γε
598 1954 651 1990 μὴν
666 1955 717 1982 οὐκ
739 1955 785 1982 ἐπὶ
800 1954 866 1981 πολύ
881 1963 889 1971 ·

105 2000 171 2035 γυνὴ
188 1999 245 2036 γάρ
262 2008 304 2032 τις
320 2000 485 2035 Χριστιανὴ,
501 2000 551 2027 οὐκ
569 2000 623 2027 ἀπὸ
638 1999 727 2036 Γάζης
738 1997 815 2032 οὖσα,
834 2000 890 2027 ἀλλ’

106 2045 199 2072 ἐνθάδε
226 2046 276 2081 τὴν
294 2045 402 2082 οἴκησιν
426 2046 524 2082 ἔχουσα
539 2066 546 2079 ,
568 2046 640 2073 κατὰ
663 2045 740 2073 θείαν
766 2045 892 2080 σύνταξιν

106 2090 249 2125 ἀνελέξατο
270 2091 357 2118 ταῦτα
381 2093 490 2128 νύκτωρ
505 2100 513 2108 ·
537 2092 583 2118 καὶ
611 2091 766 2127 ἐμϐαλοῦσα
793 2091 891 2128 χύτρᾳ,

107 2137 208 2172 Ζήνωνι
218 2137 258 2173 τῷ
271 2138 362 2165 αὐτῶν
374 2137 476 2173 ἀνεψιῷ
486 2138 629 2173 φυλάττειν
643 2137 752 2166 ἔδωκεν.
764 2134 827 2164 Ὧδε
839 2137 893 2174 γὰρ

108 2183 135 2209 ὲν
154 2185 211 2215 τοῖς
226 2185 340 2220 ὀνείροις
356 2184 470 2220 ἔχρησεν
492 2184 506 2211 ό
525 2183 592 2216 Θεὸς
603 2203 611 2216 ,
629 2183 677 2210 καὶ¹
691 2184 738 2211 τὺν
757 2183 842 2220 ἄνδρα
859 2184 892 2219 τῇ

109 2230 214 2262 γυναικὶ
226 2231 416 2267 κατεμήνυσεν
426 2251 434 2264 ,
484 2230 573 2265 διάγοι
584 2235 593 2246 ⁸
608 2230 656 2257 καὶ
672 2230 737 2266 πρὶν
766 2229 828 2257 ίδετν
842 2230 893 2256 ἐπ-

941 1636 1061 1670 fudissc;
1075 1636 1174 1672 partim
1185 1636 1305 1664 verubus
1318 1643 1366 1664 eos
1381 1635 1564 1664 transfixisse.
1579 1635 1731 1671 Postquam

943 1682 1023 1717 192
1037 1689 1084 1710 eos
1099 1682 1309 1714 dilacerassent,
1329 1686 1356 1709 et
1371 1681 1460 1716 capita
1484 1688 1580 1709 eorum
1603 1681 1642 1708 ita
1666 1688 1733 1708 con-

943 1727 1091 1764 fregisscnt
1116 1731 1147 1756 ut
1172 1728 1317 1756 cerebrum
1341 1727 1417 1755 humi
1434 1727 1569 1760 eﬂlueret,
1593 1735 1641 1755 eos
1656 1730 1732 1754 extra

943 1774 1082 1801 civitatem
1115 1775 1279 1807 traxerunt',
1309 1773 1343 1812 ad
1376 1774 1467 1801 locum
1511 1781 1566 1809 quo
1591 1773 1732 1809 jumento-

943 1826 1004 1846 rum
1016 1817 1151 1846 cadavera
1174 1818 1272 1854 projici
1295 1819 1432 1847 solebant.
1458 1819 1498 1847 ibi
1521 1826 1638 1847 accenso
1655 1827 1732 1855 rogo,

943 1871 1061 1899 corpora
1075 1871 1169 1892 eorum
1186 1869 1399 1892 concremarunt
1418 1875 1424 1893 ;
1444 1870 1472 1893 et
1486 1873 1546 1901 qua:
1570 1869 1734 1901 supererant

945 1917 1019 1943 ossa,
1037 1917 1099 1945 quae
1125 1909 1231 1938 scilicet
1248 1910 1320 1944 ignis
1336 1911 1449 1938 minimc
1467 1912 1670 1947 absumpserat,
1686 1919 1733 1939 ca-

944 1956 1079 1984 melorum
1099 1955 1296 1990 asinorumque
1318 1956 1430 1984 ossibus
1455 1956 1512 1983 illic
1531 1960 1634 1983 temere
1649 1956 1734 1991 disje-

946 2003 998 2030 ctis
1016 2002 1249 2038 permiscuerunt,
1263 2009 1297 2029 ne
1310 2001 1391 2029 facile
1411 2002 1526 2037 reperiri
1540 2006 1662 2037 possent.
1680 2002 1734 2029 Sed

948 2051 1041 2076 tamen
1057 2055 1113 2075 non
1129 2048 1268 2075 latuerunt
1288 2047 1346 2076 diu.
1365 2047 1470 2076 Etenim
1496 2048 1594 2075 mulier
1609 2047 1741 2083 quaedam

946 2093 1116 2126 Christiana,
1129 2100 1183 2122 non
1197 2093 1244 2120 illa
1255 2093 1365 2128 quidem
1382 2094 1498 2121 oriunda
1515 2101 1548 2121 ex
1565 2093 1635 2121 urbe
1649 2092 1733 2125 Gaza,

947 2140 996 2168 sed
1017 2147 1079 2175 quae
1106 2139 1162 2167 illic
1186 2139 1359 2168 domicilium
1386 2139 1499 2172 fixerat,
1530 2139 1585 2168 Deo
1608 2139 1733 2176 iubente,

948 2188 1030 2212 noctu
1059 2192 1092 2213 ea
1121 2184 1253 2220 collegit:
1272 2187 1299 2212 et
1317 2184 1345 2212 in
1362 2185 1445 2212 ollam
1471 2184 1611 2219 conjecta,
1631 2184 1735 2212 Zenoni

947 2238 1042 2259 eorum
1055 2229 1224 2258 consobrino
1238 2230 1420 2259 custodienda
1440 2230 1563 2259 tradidit.
1590 2229 1637 2258 Sic
1661 2230 1735 2263 enim

110 2273 202 2307 ἑδειξε,
217 2264 312 2302 καθότι
321 2264 465 2310 ἄγνωστος.
475 2274 510 2312 ἧν
523 2276 604 2311 αὐτῇ,
616 2275 663 2302 καὶ
675 2264 838 2310 προσφάτως
847 2275 892 2302 τοῦ

949 2277 1018 2305 Deus
1031 2277 1060 2304 in
1085 2277 1190 2305 somnis
1213 2281 1390 2312 praeceperat,
1404 2281 1432 2305 et
1455 2277 1546 2305 locum
1562 2276 1610 2304 ubi
1625 2275 1668 2304 vir
1684 2276 1736 2303 iste

109 2318 228 2355 διωγμοῦ
245 2321 424 2357 κεκινημένου
436 2340 444 2354 ,
460 2320 621 2356 ἐκρύπτετο.
646 2319 723 2347 Ἐπεὶ
741 2320 789 2347 καὶ
811 2320 893 2352 αὐτὸς

110 2364 169 2391 τότε
197 2366 297 2402 μικροῦ
322 2366 485 2402 συλληφθεὶς
509 2366 585 2402 παρὰ
609 2367 663 2394 τῶν
686 2365 826 2399 Γαζαίων,
848 2366 896 2394 ἀν·

111 2411 207 2447 ῃρέθη·
224 2413 424 2452 ᾲσχολουμένου
439 2412 467 2440 δὲ
481 2412 529 2440 τοῦ
545 2413 664 2449 πλήθους
679 2414 743 2448 περὶ
753 2412 799 2440 τὸν
816 2411 895 2447 φόνον

947 2323 1067 2357 degeret,
1090 2323 1198 2350 mulieri
1223 2323 1404 2364 indicaverat.
1421 2323 1460 2350 Ac
1481 2323 1642 2358 priitsquam
1658 2321 1735 2349 illum

947 2368 1073 2400 vidisset,
1088 2367 1114 2395 ei
1129 2367 1299 2397 ostenderat.
1319 2367 1387 2395 Erat
1401 2369 1474 2396 enim
1494 2369 1603 2404 ignotus
1617 2367 1734 2400 mulieri,

948 2418 976 2442 et
995 2413 1031 2441 ob
1063 2421 1160 2442 recens
1196 2414 1344 2443 excitatam
1369 2414 1588 2451 persecutionem
1611 2413 1735 2441 occultus

689 2502 828 2532 VALESll
845 2502 1122 2533 ANNOTATIONES.

148 2560 204 2596 (84)
224 2562 371 2596 rsum-Iov
387 2562 437 2589 καὶ
452 2561 642 2596 Θεοδωρίτου.
659 2561 687 2589 In
697 2561 792 2589 codice
805 2559 894 2588 Fuke-

116 2594 200 2632 tiano,
213 2600 268 2632 tam
284 2594 331 2624 hic
343 2605 425 2632 quam
450 2597 477 2624 in
496 2594 632 2631 superiori
651 2598 749 2632 capite,
766 2595 894 2624 Theodo-

116 2636 162 2667 rus
175 2630 275 2667 dicitur
299 2630 632 2667 hic‘presbyterQquem
656 2630 894 2667 Julianusﬂeomes

117 2663 234 2693 Orientis
254 2663 377 2695 interfici
388 2663 474 2702 jussit
487 2666 523 2694 ob
537 2663 616 2694 (idem
633 2666 748 2694 Christi.
767 2665 894 2693 Theodo-

948 2563 1016 2589 ritus
1040 2566 1130 2590 tamen
1158 2567 1271 2590 vocatur
1286 2563 1321 2590 ab
1341 2561 1493 2597 Epiphanio
1515 2560 1688 2597 scholastice
1707 2560 1734 2587 in

948 2597 1018 2660 {igro
1033 2606 1059 2625 Vl
1078 2598 1209 2627 Historia:
1227 2596 1400 2632 Tripartitw,
1429 2602 1456 2625 et
1481 2605 1496 2624 a
1525 2596 1682 2632 Nicephoro
1707 2597 1735 2622 in

957 2641 965 2660 ι
989 2652 995 2659 .
1012 2641 1039 2660 x.

957 2641 995 2660 Ιυι
1012 2641 1039 2660 Χ.

835 2752 1030 2797 ἻᾼΒΙΟΒΠΜ.

121 2807 210 2844 nubent
238 2818 269 2837 ea:
304 2810 417 2838 Joannis
447 2809 628 2844 C/trysoslomi
655 2808 775 2844 oratione
802 2813 896 2835 contra

122 2841 223 2881 (iantes,
233 2845 259 2872 in
271 2854 323 2881 qua
335 2846 439 2873 Iuliani
455 2841 570 2881 Orientis
587 2844 704 2881 prwfecti
718 2843 853 2881 infestatio
869 2845 895 2869 in

124 2875 283 2908 Dominictmi
299 2889 408 2909 aureum
423 2881 471 2916 (sic
494 2875 654 2908 Antiocheno
681 2875 799 2906 Ecclesia
823 2887 898 2905 voras

952 2808 1039 2843 batur)
1047 2812 1071 2835 et
1083 2808 1109 2834 in
1124 2806 1309 2843 Tllcodoritum
1322 2806 1511 2843 presbyterum,
1522 2807 1580 2843 ejus
1592 2803 1734 2843 custodem,

952 2839 1118 2876 describitur,
1151 2841 1279 2876 simulque
1294 2839 1407 2868 caele-slis
1429 2840 1459 2868 de
1480 2839 1588 2867 Iuliano
1611 2839 1733 2866 vindirla.
