1896 3074
177 142 247 170 1259

907 142 1078 171 SOZOMENI

1736 143 1818 171 Hi0

176 203 287 230 latebat.
313 201 413 231 Parum
441 203 576 239 siquidem
607 203 732 232 abluerat
755 203 820 240 quin
847 208 874 232 et
901 204 997 240 ipseA

1054 214 1067 232 ν
1089 206 1172 233 αὺτοῦ
1188 206 1322 242 ἀνεψιῶν,
1338 204 1433 240 καιρὸν
1451 204 1539 241 εὑρὼν
1560 204 1660 240 ἔφυγεν
1679 203 1721 235 εἰς
1751 204 1819 229 Ἀν-

175 249 393 284 comprehensus
411 257 424 277 a
437 249 541 278 Gazteis
557 249 739 278 occideretur.
757 250 811 278 Sed
827 250 891 278 dum
915 258 965 286 po-

177 294 257 329 polus
273 295 503 323 consobrinorum
523 295 584 330 ejus
603 296 726 324 caedibus
743 296 865 324 intentus
878 299 965 328 esset,

177 348 235 376 ipse
249 341 457 376 opportunitate
481 345 600 374 nactus,
622 341 814 370 Anthedonem
843 341 965 376 aufugit,

178 387 273 415 urbem
299 387 479 419 maritimam,
502 387 598 423 viginti
627 388 741 416 circiter
767 388 864 416 stadiis
894 387 967 414 Gala

177 433 323 461 distantem
339 442 346 460 :
362 441 425 468 quae
439 434 550 468 quidem
571 441 605 462 eo
630 438 754 470 tempore
776 433 967 470 superstitioni

177 479 319 514 gentilium
335 479 450 514 perinde
466 480 588 510 addicta.
606 484 634 508 et
650 481 861 509 simulacrorum
879 479 967 507 cultui

178 523 260 560 supra
275 525 385 553 modum
397 526 486 554 dedita
500 531 570 554 erat.
588 527 626 554 lbi
644 534 705 554 cum
719 526 824 554 indicio
839 532 969 562 quorum-

177 571 239 598 dam
255 571 428 600 Christianus
442 579 503 601 esse
516 572 648 608 .proditus
662 573 769 606 fuisset,
785 577 863 608 tergo
884 572 970 608 virgis

179 617 298 653 graviter
313 625 402 646 caesus
417 623 460 647 est
473 619 508 646 ab
523 619 716 651 Anthedoniis,
729 623 756 647 et
771 620 838 646 urbe
853 619 967 654 ejectus.

179 663 304 698 Cumque
322 663 357 691 ad
376 663 535 692 Gazteornm
561 664 658 692 navale
678 671 708 692 se
725 663 899 695 contulisset,
915 663 971 690 illic

180 709 291 737 abditus
304 709 490 738 delitescebat.
512 710 553 737 lbi
567 710 665 737 mulier
680 710 704 738 ei
721 717 887 741 occurrens,
905 709 970 736 reli-

179 755 260 790 quias
278 755 404 783 tradidit.
431 756 485 784 Eas
511 756 557 784 ille
583 757 656 784 domi
679 756 786 784 abditas
811 754 971 790 aliquandiu

181 801 314 829 servavit.
337 800 436 829 Postea
461 808 527 828 vero
549 801 736 837 episcopatum
755 801 828 828 illius
842 800 973 828 Ecclesiae

181 846 312 874 sortitus:
327 846 353 873 id
378 850 467 874 autem
489 846 604 881 contigit
623 847 779 882 principatu
799 845 948 873 Theodosii
964 852 971 871 :

181 892 324 920 basilicam
333 896 411 919 extra
421 892 519 920 urbem
532 891 678 920 :edllicavit
687 913 694 925 ,
709 896 736 920 et
753 892 840 920 altare
854 891 974 919 sublime

183 938 290 972 erexit,
317 942 345 966 et
377 943 531 974 martyrum
560 938 692 974 reliquias
723 937 869 974 deposuit,
898 937 976 972 juxta

183 983 325 1012 Nestorem
345 983 545 1012 confessorem.
563 984 617 1018 Qui
637 991 700 1012 cum
716 983 890 1012 consobrinis
906 983 976 1016 suis,

184 1030 249 1057 dum
269 1030 410 1064 viverent,
433 1030 605 1058 familiariter
626 1033 768 1063 versatus,
783 1034 811 1058 et
836 1037 888 1057 una
914 1036 977 1056 cum

186 1077 241 1105 illis
265 1084 280 1104 a
305 1077 406 1113 populo
427 1077 662 1113 comprehensus,
685 1077 796 1105 vincula
818 1084 849 1104 ac
872 1075 978 1112 ﬂagella

185 1122 266 1152 simul
289 1130 353 1151 cum
373 1123 408 1151 iis
422 1124 586 1159 pertulerat.
611 1122 665 1151 Sed
691 1123 763 1150 inter
778 1122 942 1150 trahendum
960 1121 978 1148 ii

187 1171 236 1207 qui
251 1178 314 1198 eum
335 1170 493 1206 raptabant,
509 1175 657 1206 conspecta
677 1171 751 1199 illius
763 1169 979 1206 pulchritudine,

185 1217 314 1252 juvenem
334 1217 457 1245 miserati
474 1220 540 1245 sunt
555 1226 561 1244 :
575 1222 602 1245 et
618 1221 695 1245 extra
710 1217 787 1244 urbis
805 1220 898 1252 portas
918 1222 980 1251 pro-

186 1263 327 1299 iecerunt,
341 1263 433 1293 adhuc
453 1263 563 1299 quidem
586 1264 748 1299 spirantem,
767 1262 816 1290 sed
837 1262 884 1297 qui
906 1261 981 1290 brevi

188 1310 343 1338 moriturus
356 1310 533 1345 sperabatur.
550 1308 615 1338 Inde
631 1309 744 1345 quidam
761 1316 822 1337 eum
843 1308 982 1341 tollentes,

188 1355 223 1383 ad
240 1355 381 1384 Zenonem
398 1359 600 1392 reportarunt:
625 1354 698 1390 apud
715 1362 795 1390 quem
822 1354 886 1382 dum
912 1354 984 1382 ulce-

190 1401 269 1430 ribus
281 1401 342 1436 ejus
357 1408 391 1429 ac
406 1401 495 1437 plagis
507 1401 644 1429 medicina
657 1395 848 1433 adhiberetur,
864 1400 983 1428 animam

190 1445 340 1474 exhalavit.
381 1445 418 1473 At
448 1445 538 1474 Gazati
572 1445 735 1482 gravitatem
772 1445 907 1474 facinoris
941 1445 984 1473 sui

191 1492 285 1520 animo
300 1495 473 1528 reputantes,
485 1495 609 1520 metuere
621 1495 765 1527 cmperunt
785 1500 820 1520 ne
835 1492 985 1527 imperator

191 1538 270 1574 ipsos
289 1538 402 1574 impune
424 1537 500 1565 abire
516 1545 571 1565 non
584 1537 699 1566 sineret.
719 1536 780 1564 Jam
799 1537 871 1565 enim
891 1545 985 1565 rumor
999 1546 1020 1575 ο

193 1591 308 1620 sparsus
329 1584 431 1618 fuerat,
445 1583 583 1620 indignari
599 1583 688 1617 illum,
701 1587 728 1611 et
744 1583 878 1612 decimum
893 1590 986 1619 quem-

194 1638 248 1667 que
258 1638 293 1659 ex
307 1630 386 1666 plebe
403 1630 496 1658 necari
513 1630 654 1658 statuisse.
678 1629 734 1658 Sed
752 1629 778 1657 id
796 1629 897 1658 falsum
914 1633 983 1662 erat,

195 1684 228 1705 ac
243 1684 337 1705 rumor
364 1676 444 1712 193
463 1676 598 1704 duntaxat
621 1676 774 1712 popularis,
794 1684 828 1704 ex
851 1680 939 1709 metu.
957 1681 987 1704 ut

196 1722 329 1751 credibile
343 1727 397 1754 est.
413 1726 441 1750 et
454 1730 489 1750 ex
503 1729 598 1750 eorum
613 1729 674 1756 quae
686 1725 832 1756 gesserant
841 1721 987 1750 conscien-

196 1769 246 1800 tia,
261 1775 310 1804 per
325 1767 426 1803 vulgus
444 1767 597 1803 dispersus.
614 1766 754 1802 Siquidem
771 1767 935 1802 imperator,
954 1775 989 1796 ne

198 1813 225 1841 id
241 1813 351 1848 quidem
368 1812 441 1848 quod
457 1821 523 1848 erga
539 1813 742 1841 Alexandrinos
761 1813 795 1840 ob
810 1813 920 1848 Georgii
936 1821 990 1842 cat-

199 1860 262 1888 dem
280 1858 392 1893 fecerat,
411 1859 523 1888 Gazaaos
541 1867 590 1895 per
602 1859 711 1888 litteras
726 1859 915 1894 reprehendit.
936 1858 992 1887 lmo

200 1904 392 1938 consularem,
407 1904 455 1940 qui
481 1908 548 1932 tunc
573 1903 745 1939 provinciam
772 1904 846 1931 illam
868 1904 993 1939 regebat,

200 1950 406 1983 exauctoravit,
434 1954 650 1986 suspectumque
677 1949 772 1977 habuit
790 1958 796 1976 :
813 1953 840 1976 et
863 1949 891 1977 in
919 1949 994 1985 judi-

201 1998 274 2026 cium
294 1996 444 2026 adductum
465 1997 619 2025 clementia
638 2004 695 2024 sua:
713 1995 797 2024 tribui
814 1996 900 2024 voluit.
917 1997 992 2032 quod

205 2050 376 2078 nequaquam
407 2047 496 2071 morte
528 2042 668 2070 multaret.
709 2041 862 2070 lncusabat
895 2046 988 2070 autem

203 2089 281 2116 illum
290 2089 365 2124 quod
379 2088 513 2124 quosdam
532 2096 565 2117 ex
581 2088 698 2121 Gazreis,
724 2087 773 2123 qui
792 2087 939 2116 seditionis
958 2096 991 2116 ac

988 877 1010 905 Β

1017 254 1114 289 θηδόνα
1131 254 1209 282 πόλιν
1234 255 1281 281 ἐπὶ
1306 254 1443 282 Θάλασσαν
1455 275 1462 286 ,
1487 251 1650 287 ἀφεστῶσαν
1663 250 1760 285 Γάζης
1779 249 1821 280 ὼς

1017 302 1057 333 είς
1076 301 1197 333 σταδίους
1212 301 1299 328 εἴκοσι
1312 322 1320 334 ,
1338 299 1536 336 παραπλησίως
1553 298 1581 325 δὲ
1603 296 1763 332 τηνικαῦτα
1778 295 1823 330 τῷ

1024 348 1192 384 Ἐλληνισμῷ
1211 348 1369 384 χαίρουσαν,
1385 346 1508 381 καὶπερὶ
1523 345 1572 380 τὴν
1587 343 1741 379 θεραπείαν
1760 342 1823 368 τῶν

1018 395 1120 429 ξοάνων
1135 394 1315 430 ἐπτοημένην.
1340 391 1551 428 Καταμηνυθεὶς
1569 390 1598 416 δὲ
1623 389 1746 416 ἐνταῦθα
1779 387 1822 418 ὡς

1018 441 1181 477 Χριστιανὸς
1193 461 1201 473 ,
1219 440 1312 472 δεινῶς
1326 439 1396 467 κατὰ
1411 438 1495 466 νώτου
1510 437 1618 473 ῥάϐδοις
1630 433 1821 470 ὲμαστιγὼθη

1020 487 1094 523 παρὰ
1108 487 1163 514 τῶν
1183 486 1360 521 Ἀνθηδονίων
1375 505 1381 517 ,
1400 483 1448 511 καὶ
1466 483 1516 519 τῆς
1535 482 1640 512 πόλεως
1665 479 1792 515 ἐξηλάθη
1812 488 1820 494 -

1019 534 1067 560 καὶ
1085 534 1124 565 εἰς
1149 532 1179 559 τὸ
1200 532 1254 558 τῶν
1275 530 1397 562 Γαζαίων
1424 529 1541 556 ἐπίνειον
1561 532 1571 546 ι
1596 526 1699 558 ἐλθὼν,
1717 524 1823 551 ἔλαθεν

1020 579 1109 606 ἐκεῖσε
1133 577 1331 613 κρυπτόμενος.
1358 574 1443 601 Ἔνθα
1467 573 1499 608 δὴ
1527 571 1672 607 περιτυχδν
1690 568 1771 603 αὐτῷ
1790 568 1824 595 τὸ

1020 624 1147 659 γύναιον,
1159 623 1194 649 τὰ
1209 621 1325 656 λείψανα
1346 620 1478 647 δέδωκεν·
1494 619 1508 645 ό
1531 618 1570 650 δὲ,
1587 617 1656 648 τέως
1678 615 1729 651 μὲν
1747 615 1823 640 οἴκοι

1020 668 1107 696 ταῦτα
1133 667 1302 703 ἐφύλαττεν·
1326 665 1388 692 ἐπεὶ
1413 664 1442 691 δὲ
1467 664 1517 699 τὴν
1541 662 1636 690 αὐτόθι
1663 660 1824 695 ἐκκλησίαν

1022 715 1117 750 ἔλαχεν
1129 713 1298 743 ἐπισκοπεῖν,
1311 710 1408 746 συνέὸη
1421 709 1450 736 δὲ
1462 709 1540 736 τοῦτο
1555 707 1600 735 ἐπὶ
1610 707 1661 742 τῆς
1672 704 1822 732 Θεοδοσίου

1024 761 1162 797 βασιλείας
1174 780 1180 791 ,
1197 759 1339 794 εὐκτήριον
1354 756 1479 792 ἐδείματο
1491 755 1564 782 οἷκον
1580 752 1633 788 πρὸ
1644 751 1693 778 τοῦ
1706 751 1820 797 ἄστεος,

1023 794 1070 835 καὶ
1092 805 1284 840 θυσιαστήριον
1300 804 1329 830 ὲν
1354 801 1430 837 αὐτῷ
1456 801 1576 836 ἐπήξατο
1595 797 1685 844 (34f),
1711 795 1763 822 καὶ
1787 794 1823 844 τε

1024 853 1090 881 ὀστᾶ
1101 852 1155 879 τῶν
1173 850 1318 887 μαρτύρων
1334 848 1449 876 ἀπέθετο
1459 866 1466 879 ,
1483 845 1596 881 πλησίον
1610 843 1754 876 Νέστορος
1774 843 1822 866 τοῦ

1025 898 1202 935 ὁμολογητοί
1215 898 1263 929 Ὃς
1277 896 1314 931 τῷ
1325 895 1376 931 βίῳ
1389 893 1514 929 περιοῦσι
1526 893 1583 923 τοῖς
1595 889 1680 917 αὑτοῦ
1697 887 1824 921 ἀνεψιοῖς

1027 945 1120 981 συνῆν.
1135 944 1191 971 Καὶ
1203 941 1365 977 συλληφθεὶς
1384 940 1442 975 ἅμα
1458 939 1549 970 αὐτοῖς
1565 936 1642 972 παρὰ
1656 935 1705 962 τοῦ
1721 934 1754 968 δὴ
1760 942 1821 981 μου,

1026 989 1134 1025 δεσμῶν
1146 988 1193 1016 καὶ
1207 987 1346 1024 μαστίγων
1364 984 1553 1021 ἐκοινώνησεν.
1577 983 1620 1010 Ἐν
1641 982 1671 1008 δὲ
1685 980 1726 1016 τῷ
1744 980 1823 1006 ’ἑλκε-

1029 1036 1110 1069 σθαι,
1134 1034 1215 1062 καλὸν
1238 1033 1334 1069 ἔχοντα
1357 1032 1388 1058 τὸ
1404 1031 1484 1066 σῶμα
1509 1030 1608 1061 ἰδόντες
1633 1029 1657 1056 οἱ
1675 1028 1821 1058 ἕλκοντες.

1028 1083 1161 1118 ἠλέησαν·
1178 1081 1226 1108 καὶ
1243 1079 1296 1116 πρὸ
1312 1078 1367 1106 τῶν
1391 1077 1484 1105 πυλῶν
1496 1096 1504 1109 ,
1523 1077 1563 1103 ἔτι
1581 1076 1631 1112 μὲν
1654 1074 1822 1109 ἐμπνέοντα,

1029 1128 1174 1156 ἀποθανεῖν
1198 1126 1227 1153 δὲ
1248 1124 1472 1160 προσδοκώμενον
1501 1122 1634 1159 ἔρριψαν·
1662 1119 1824 1153 ἀνελόμενοι

1029 1175 1058 1202 δέ
1074 1182 1161 1206 τινες.
1174 1172 1243 1209 πρὸς
1262 1172 1374 1208 Ζήνωνα
1390 1170 1549 1205 διεκόμισαν
1560 1177 1566 1184 ·
1583 1168 1648 1204 παρ’
1661 1164 1684 1201 ᾧ
1705 1166 1741 1193 τὰ
1756 1165 1824 1198 ’ἐλκη

1030 1220 1077 1246 καὶ
1103 1218 1152 1250 τὰς
1183 1217 1291 1253 πληγὰς
1314 1216 1354 1242 ἔτι
1387 1214 1623 1251 θεραπευόμενος,
1648 1211 1824 1244 ὲτελεὺτησε.

1031 1265 1142 1297 Γαζαῖοι
1158 1263 1186 1290 δὲ
1207 1263 1238 1290 τὺ
1259 1261 1376 1298 μέγεθος
1401 1259 1623 1294 ἀναλογιζόμενοι
1649 1256 1699 1284 τοῦ
1721 1255 1826 1283 οἰκείου

1031 1311 1221 1348 τολμήματος,
1239 1309 1375 1344 περιδεεῖς
1400 1304 1491 1343 ἦσαν,
1516 1305 1553 1341 μὴ
1577 1305 1628 1331 οὐκ
1655 1301 1827 1348 ἀνέξεται-ό

1034 1346 1160 1392 βασιλεὺς
1183 1353 1375 1389 ἀτιμωρήτους
1401 1351 1471 1386 σφᾶς
1488 1349 1668 1377 καταλιπεῖν·
1695 1347 1748 1382 ἢδη
1772 1346 1828 1382 γὰρ

1034 1403 1082 1430 καὶ
1095 1402 1172 1437 φήμη
1189 1409 1231 1431 τις
1242 1398 1373 1433 διεφοίτα,
1387 1397 1425 1428 ὡς
1442 1395 1568 1432 χαλεπῶς
1586 1394 1674 1429 φέρει,
1691 1393 1741 1419 καὶ
1757 1392 1827 1418 ἀπο-

1034 1447 1165 1476 δεκατοῦν
1177 1447 1208 1473 τὺ
1223 1445 1324 1480 πλῆθος
1339 1439 1556 1475 σπουδάζει.ἾΙν
1570 1441 1599 1468 δὲ
1613 1439 1701 1467 ταῦτα
1716 1437 1827 1473 ψεῦδος,

1035 1494 1082 1521 καὶ
1101 1493 1214 1529 θρὺλλος
1233 1491 1329 1528 μόνον,
1350 1489 1387 1521 ὡς
1415 1488 1507 1520 εἰκὸς,
1531 1486 1658 1523 δημώδης
1672 1506 1681 1517 ,
1699 1484 1754 1511 ὑπὸ
1779 1483 1829 1518 τῆς

1036 1540 1138 1571 δειλίας
1156 1539 1203 1565 τοῦ
1217 1537 1365 1564 συνειδέναι
1379 1535 1397 1562 ὃ.
1416 1533 1589 1569 πεπράχασιν
1605 1532 1634 1559 εν
1647 1532 1704 1563 τοῖς
1721 1530 1830 1560 πολλοῖς

1038 1584 1263 1622 περιφερόμενος.
1287 1581 1397 1616 Ἐπειδὴ
1408 1580 1468 1607 οὐδὲ
1485 1579 1564 1606 τοῦτο
1577 1578 1609 1613 δὴ
1621 1577 1650 1604 τὸ
1665 1576 1735 1613 πρκ
1754 1575 1830 1602 Ἀλε-

1039 1631 1168 1667 ξανδρέας
1182 1628 1292 1664 γεγονὸς
1314 1628 1360 1655 ἐπὶ
1371 1625 1525 1662 Γεωργίου,
1540 1623 1600 1652 οὐδὲ
1619 1624 1648 1650 ὲν
1665 1622 1832 1658 γράμμασιν

1040 1676 1182 1712 ἐμέμψατο
1205 1675 1261 1706 τοῖς
1277 1673 1413 1706 Γαζαίοις.
1429 1671 1510 1698 Ἀλλὰ
1539 1669 1585 1696 καὶ
1612 1668 1658 1695 τδν
1677 1667 1832 1702 ἡγούμενον

1039 1723 1100 1750 τότε
1111 1721 1159 1748 τοῦ
1176 1720 1284 1753 ἑθνους,
1296 1719 1345 1756 τὴν
1361 1718 1447 1754 ἀρχὴν
1461 1716 1597 1752 ἀφείλετο,
1612 1715 1660 1742 καὶ
1676 1715 1705 1740 ἐν
1719 1713 1832 1748 ὑπονοίᾳ

1042 1766 1098 1804 εἶχε
1109 1775 1115 1783 ·
1133 1767 1180 1794 καλ¹
1200 1765 1341 1801 ἀγώγιμον
1362 1765 1478 1799 ποιήσας
1489 1783 1497 1796 ,
1512 1762 1542 1789 τὸ
1558 1761 1596 1797 μὴ
1618 1759 1737 1787 θανάτου
1749 1767 1832 1804 atatqu

1041 1802 1230 1849 ψηφίσασθαι,
1245 1809 1451 1846 φιλανθρωπίαν
1473 1807 1631 1841 ἐλογίσατο·
1649 1804 1786 1840 ἐπῃτιᾶτο
1806 1802 1833 1828 δὲ

1041 1859 1134 1891 αὺτὺν,
1149 1857 1244 1884 καθότι
1259 1856 1336 1887 τινας
1357 1855 1411 1882 τῶν
1427 1853 1551 1886 Γαζαίων
1564 1873 1572 1886 ,
1597 1851 1622 1878 οἶ
1637 1850 1688 1886 τῆς
1712 1849 1833 1879 στάσεως

1043 1905 1091 1932 καὶ
1114 1903 1168 1930 τῶν
1195 1903 1283 1938 φόνων
1310 1901 1391 1937 ἄρξαι
1417 1899 1558 1934 ἐλέγοντο,
1578 1896 1782 1931 συλλαὸόμενος
1806 1895 1833 1920 ἑν

1043 1951 1151 1986 δεσμοῖς
1171 1948 1244 1985 εἶχεν
1256 1968 1264 1980 ,
1289 1948 1326 1980 ὡς
1341 1947 1413 1975 κατὰ
1429 1946 1528 1982 νόμους
1543 1943 1658 1975 εὐθύνας
1673 1942 1832 1977 ὑφέξοντας,

1044 1997 1078 2024 Τί
1095 1997 1165 2031 γὰρ,
1189 1995 1292 2032 φησὶν,
1314 1995 1367 2022 ἔδει
1386 1994 1484 2025 αὐτοὺς
1510 1990 1687 2025 ἀπάγεσθαι,
1707 1989 1734 2015 εἰ
1759 1987 1834 2014 Γαλι-

1018 2072 1023 2078 ,
1041 2043 1133 2075 λαίους
1149 2042 1255 2077 ὀλίγους
1276 2041 1334 2069 ἀνθ’
1353 2036 1390 2068 ὧν
1410 2039 1495 2067 πολλὰ
1513 2039 1553 2070 εἰς
1570 2037 1687 2068 αὐτοὺς,
1708 2035 1758 2062 καὶ
1775 2035 1834 2064 τοὺς

1043 2090 1122 2121 θεοὺς
1133 2088 1277 2124 ἠδίκησαν,
1293 2087 1448 2122 ἡμύναντο;
1462 2085 1518 2112 Καὶ
1531 2084 1566 2111 τὰ
1580 2083 1630 2119 μὲν
1644 2079 1697 2109 ὧδε
1712 2082 1832 2115 λέγεται.

204 2134 287 2163 caedis
301 2139 429 2163 auctores
442 2135 529 2163 luisse
543 2135 718 2167 dicebantur,
735 2134 951 2169 comprehensos
978 2136 1004 2164 in
1024 2137 1135 2164 vincula
1158 2135 1324 2170 coniecerat,
1361 2138 1392 2161 ut
1410 2141 1443 2161 ex
1466 2132 1555 2166 legum
1574 2128 1739 2166 praescripto
1762 2128 1833 2163 judi-

205 2182 280 2210 cium
325 2183 464 2211 subirent.
490 2182 562 2216 Quid
591 2183 683 2216 enim,
714 2182 824 2218 inquit,
859 2183 921 2211 illos
952 2184 1016 2212 duci

1050 2192 1164 2214 necesse
1188 2187 1265 2215 erat,
1291 2181 1339 2217 qui
1372 2188 1476 2217 paucos
1506 2179 1634 2207 Galilazos
1657 2185 1710 2212 pro
1743 2175 1834 2203 multis

205 2227 318 2263 injuriis
334 2227 437 2264 quibus
461 2227 538 2263 ipsos
559 2236 592 2256 ac
613 2228 680 2256 deos
696 2229 819 2264 ipsorum
845 2228 992 2257 aﬂccerant
1012 2230 1186 2259 uitiassent?
1200 2229 1233 2257 Et
1253 2229 1310 2257 haec
1332 2227 1443 2263 quidem
1481 2225 1519 2253 ita
1540 2228 1617 2260 gesta
1655 2231 1721 2252 esse
1743 2221 1834 2259 perhi-

206 2275 318 2303 bentur.

798 2352 930 2381 VALESII
950 2351 1232 2380 ANNOTATIONES.

246 2447 326 2482 (δι’)
349 2447 401 2474 Ἐν
420 2445 501 2479 αὐτῷ
515 2445 659 2482 ἐπήξατο.
673 2444 703 2472 In
724 2443 818 2482 codice
843 2443 994 2482 Fuketiano

1059 2451 1142 2482 y_rII_m_
1150 2441 1282 2482 reliquias
1297 2440 1335 2482 ibi
1348 2441 1507 2482 deponeret.
1526 2440 1615 2482 Verba
1635 2442 1730 2482 autem
1749 2439 1792 2466 illa
1806 2438 1830 2464 ιν

211 2474 342 2517 scriptum
361 2482 452 2510 inveni
478 2474 600 2517 ἀνωθεν,
626 2480 654 2508 id
672 2484 719 2517 est
733 2500 740 2512 ,
766 2480 854 2517 altare
876 2478 995 2506 sublime

1054 2474 1121 2514 ἱὺτῷ
1137 2474 1338 2505 inlra'locanda
1360 2474 1425 2504 sunt
1439 2480 1502 2504 ante
1515 2476 1629 2504 verbum
1646 2474 1775 2502 ἀπέθετο.

211 2514 318 2552 erexit,
335 2520 496 2546 constructa
510 2516 615 2546 scilicet
637 2515 735 2545 subtus
748 2514 859 2546 abside,
873 2518 903 2541 ut
922 2520 994 2541 mar-

930 2601 1124 2630 VARIORUM.

251 2690 263 2704 ι
276 2687 328 2718 Εις
342 2685 376 2712 τὸ
390 2684 450 2711 τῶν
462 2683 596 2713 Γαζαίων
608 2682 750 2710 ἐπίνειον.
764 2681 793 2710 ld
809 2687 860 2714 est,
874 2682 1002 2718 Majutra,

215 2721 335 2749 civitatis
356 2720 420 2755 jure
438 2723 470 2755 et,
491 2719 607 2755 proprio
621 2719 749 2755 episcopo
772 2718 881 2755 donata
896 2718 1003 2755 a_Con-

218 2757 340 2784 stantino
357 2752 402 2783 Μ.
426 2754 479 2790 qui
493 2752 572 2790 ’eamr
588 2753 772 2790 Constantiam
788 2753 951 2790 appellavit.
970 2752 1003 2779 At

217 2791 342 2819 Julianus
358 2798 418 2818 eam
435 2787 590 2825 'privilegiis
606 2789 766 2823 spoliatam,
783 2787 886 2825 Gazatis
904 2794 1001 2825 rursus

221 2827 318 2861 subjici
343 2822 450 2860 jussit.‘
463 2822 607 2861 Proprium
621 2822 629 2823 ί
643 2827 732 2861 tamen
762 2823 921 2861 episcopum
948 2822 999 2861 ipsi

222 2857 362 2890 asseruere
386 2857 632 2895 comprovinciales
651 2857 786 2894 episcopi.
812 2859 848 2886 De
874 2858 916 2884 his
938 2857 999 2884 vide

1057 2679 1219 2716 Sozomen”
1245 2685 1306 2714 cap.
1330 2679 1348 2706 5
1369 2675 1452 2716 hujus
1474 2675 1523 2716 lib.
1543 2675 1630 2716 Porro
1647 2673 1766 2716 Zenonis
1777 2671 1826 2716 cpi:

1055 2709 1306 2756 genpiulilajumé,
1322 2717 1361 2756 et
1381 2709 1446 2756 eius
1473 2709 1568 2756 fratris
1593 2709 1827 2756 Ajacismepiscppi

1054 2744 1162 2783 Botolii,
1175 2744 1292 2786 elogium
1300 2744 1365 2776 vide
1381 2744 1463 2779 infra,
1474 2746 1523 2773 lib.
1540 2754 1589 2775 vlt.
1610 2752 1673 2779 cap.
1687 2745 1734 2772 28.
1751 2744 1826 2783 Reco-

1054 2786 1146 2808 Innlllr
1157 2789 1248 2808 mitem
1261 2783 1411 2808 sunratlicti
1426 2785 1562 2808 martvres
1573 2780 1617 2808 die
1629 2781 1646 2807 8
1658 2778 1826 2808 Septembris.

1053 2786 1146 2818 lyntur
1157 2784 1248 2813 autem
1261 2784 1411 2820 supradicti
1426 2785 1562 2816 martyres
1573 2784 1617 2808 die
1629 2784 1646 2807 8
1658 2784 1715 2816 Sep

1052 2820 1155 2849 Thcod.
1171 2820 1305 2855 llummr,
1320 2819 1378 2846 Act.
1396 2821 1488 2851 mart.,
1503 2825 1563 2853 pag.
1581 2815 1643 2844 647.
