1896 3074
230 160 300 190 1247

963 160 1135 189 SOZOMENI

1802 155 1870 183 ηιδ

230 218 297 246 Nam
324 227 386 247 cum
415 219 499 252 Mero,
528 228 588 256 quze
613 221 680 248 urbs
703 225 745 249 est
766 220 900 257 Phrygiae,
926 226 1034 253 rector,

1094 223 1121 257 tp
1140 222 1168 248 ὲν
1183 221 1272 256 Μίσῳ,
1284 219 1361 250 πόλις
1375 218 1404 246 δὲ
1420 218 1467 254 ἣδε
1477 216 1593 255 Φρυγῶν
1604 216 1664 252 (93)
1678 235 1687 250 ,
1704 215 1755 242 τὸν
1774 215 1870 242 ἐνθάδε

232 265 381 300 provincia:
398 267 526 300 lemplum
544 267 707 301 aperuisset,
725 271 754 295 et
769 266 901 294 diuturno
915 267 968 294 situ
984 275 1016 295 ac

231 311 361 340 sordihus
378 312 515 347 oppletum
533 317 720 347 repurgasset,
738 313 777 340 illi
789 316 870 340 noctu
886 313 1016 348 ingressi,

232 357 378 384 simulacra
395 357 595 385 contriverunt.
611 358 734 393 Cumque
754 358 801 386 alii
818 362 947 393 tanquam
967 359 1018 386 huc

230 402 276 436 jus
296 402 428 430 facinoris
445 407 572 430 auctores
588 404 791 439 comprehensi,
808 408 835 432 et
853 412 948 439 poenas
961 406 1018 439 jam

233 447 324 475 daturi
338 452 443 480 essent,
453 456 513 476 sese
525 448 578 484 ipsi
589 449 755 476 indicarunt.
765 448 834 477 Cum
848 453 938 477 autem
950 450 1019 485 ipsis

233 491 327 520 liceret
338 493 430 521 illtesis
445 493 531 525 abire,
542 494 565 521 si
582 494 663 521 modo
677 494 731 522 diis
746 494 904 522 sacriflcare
917 495 1019 522 voluis-

233 541 295 565 sent
308 558 315 570 ,
339 542 484 573 postquam
508 547 609 575 prteses
627 540 696 572 ipsis
710 539 876 574 persuadere
893 548 947 567 non
970 547 1019 576 po-

233 584 286 611 tuit
313 588 342 611 ut
370 585 411 612 vel
436 585 488 612 hoc
510 592 566 612 uno
592 585 789 613 satisfactionis
811 592 909 620 genere
931 585 1020 614 scelus

233 637 313 656 suum
328 630 475 663 diluerent,
494 631 588 658 multis
605 638 652 659 eos
671 631 758 658 modis
773 631 951 658 excruciavit.
979 630 1020 658 Ad

233 679 387 703 extremum
402 683 469 703 vero
486 676 629 704 craticulis
640 676 780 711 imposuit,
797 677 943 712 ignemque
956 676 1021 704 sub-

232 721 309 756 jecit.
327 722 369 749 Illi
385 722 450 749 dum
468 726 658 750 cremarentur
673 731 680 750 :
699 722 728 750 Si
744 731 842 751 carnes
859 730 947 755 assas,
964 723 1021 750 aie-

235 767 312 799 bant,
331 768 519 803 concupiscis,
537 775 554 795 o
569 768 697 801 Amachi,
714 768 741 795 id
753 769 825 796 enim
844 775 944 796 nomen
962 772 1022 795 erat

235 812 371 848 praesidis,
394 813 507 840 alterum
527 813 607 841 nobis
633 813 705 840 latus
731 813 765 841 ad
791 813 880 849 ignem
899 813 1021 846 obverle,

235 866 270 886 ne
284 858 407 894 gestanti
424 859 473 886 tibi
491 859 619 887 insuaves
634 859 788 892 videamur,
802 859 825 888 si
844 860 970 888 semiassi
985 859 1024 888 si-

236 912 309 932 mus.
333 903 366 931 Et
383 904 411 932 hi
432 904 542 940 quidem
559 912 622 932 cum
639 905 673 932 ad
696 905 770 933 hunc
788 905 898 933 modum
915 905 1025 933 fortiter

235 949 445 984 perstitissent,
477 949 505 976 in
528 950 672 978 tormentis
701 950 820 978 animam
850 950 1023 978 exhalarunt.

238 995 322 1022 Aiunt
337 998 479 1030 praeterea,
499 995 615 1031 Ancyrae
640 996 667 1023 in
682 995 788 1024 Galatia
815 996 934 1024 Busirim
960 996 1025 1024 forti

237 1047 269 1067 ac
284 1047 419 1076 generosa
437 1040 612 1069 confessione
637 1041 700 1070 fidei
725 1046 827 1070 n0straa
849 1042 1025 1070 inclaruisse.

237 1085 289 1119 Qui
309 1093 371 1113 cum
389 1090 473 1118 esset,
497 1093 530 1114 eo
553 1086 663 1121 quidem
687 1091 821 1124 tempore,
837 1096 870 1116 cx
887 1093 963 1116 secta
979 1096 1026 1116 eo-

238 1137 300 1157 rum
313 1130 360 1165 qui
379 1129 527 1158 Encratitaa
537 1131 682 1165 dicuntur,
698 1133 916 1168 comprehensus
930 1137 973 1162 est
997 1138 1028 1161 ut

238 1176 391 1205 caederetur
404 1185 419 1204 a
435 1177 551 1212 praeside
569 1178 643 1206 illius
657 1179 815 1213 provinciae,
825 1187 858 1207 eo
874 1179 947 1215 quod
959 1187 1028 1216 gen-

238 1222 333 1250 tilibus
349 1222 519 1251 insultasset.
528 1222 674 1251 Admotum
690 1224 770 1259 igitur
783 1225 912 1260 equuleo,
925 1231 1028 1260 praeses

238 1268 382 1297 sublimem
397 1269 457 1297 tolli
480 1270 617 1305 pnecepit.
643 1269 678 1297 At
692 1270 810 1303 Busiris,
838 1271 968 1299 manibus
993 1271 1028 1298 ad

238 1318 321 1349 caput
342 1314 471 1346 sublatis,
496 1315 580 1343 latera
607 1315 732 1344 nudavit.
756 1316 885 1352 Dixitque
906 1316 1028 1353 praesidi,

238 1367 294 1387 non
310 1367 374 1388 esse
390 1367 460 1395 opus
484 1364 514 1388 ut
535 1361 647 1389 lictores
662 1361 752 1397 ipsum
778 1362 805 1389 in
820 1363 968 1398 equuleum
990 1363 1030 1391 le-

241 1405 332 1433 vando
357 1412 390 1433 ac
416 1411 511 1441 postea
526 1406 699 1441 deponendo,
720 1407 822 1436 frustra
840 1408 1030 1444 fatigarentur.

239 1449 277 1478 Se
290 1451 362 1478 enim
377 1451 484 1486 absque
500 1451 552 1479 hoc
568 1452 721 1480 ministerio
733 1453 818 1481 latera
834 1461 894 1486 sua,
909 1455 1030 1489 quandiu

239 1495 334 1528 vellet,
349 1496 502 1524 tortoribus
515 1496 585 1524 ultro
598 1497 958 1532 przebiturum.Admiratus
974 1500 1033 1534 pol-

1068 267 1135 294 νεὼν
1149 266 1250 301 ήνέῳξε
1262 285 1271 298 ,
1288 265 1336 292 καὶ
1350 264 1402 291 ὑπὸ
1417 263 1520 299 χρόνων
1537 261 1676 299 ρυποῐὶντα
1695 259 1872 295 ὲξεκὰθῃρεν

1067 313 1082 339 ὁ
1100 312 1147 338 τοῦ
1168 312 1261 343 ἔθνους
1272 311 1423 347 ἡγούμενος
1435 330 1443 342 ,
1461 309 1569 344 νύκτωρ
1585 306 1803 338 ἐπεισελθόντες
1815 326 1823 337 ,
1840 307 1874 332 τὰ

1068 357 1213 392 ἀγάλματα
1234 355 1410 390 συνέτριψαν.
1436 354 1481 386 Ὠς
1508 353 1603 380 αίτίων
1624 352 1653 379 δὲ
1676 351 1790 378 τούτων
1809 351 1874 376 συλ-

1068 403 1224 438 ληφθέντων
1242 401 1329 429 ἇλλων
1344 401 1392 427 καὶ
1402 399 1582 439 τιμωρεῖσθαι
1598 397 1758 433 μελλόντων
1770 417 1779 429 ,
1802 396 1874 430 σφᾶς

1068 449 1167 480 αὐτοὺς
1177 448 1380 483 κατεμήνυσαν.
1399 446 1474 478 Ὲξὸν
1485 445 1514 472 δὲ
1524 445 1551 471 εί
1565 453 1596 479 γε
1613 444 1690 471 θύειν
1706 443 1874 478 ἠνέσχοντο,

1071 493 1154 529 μηδὲν
1173 492 1281 525 παθεῖν,
1298 492 1336 524 ὡς
1349 492 1379 519 ὲν
1393 491 1479 526 τούτῳ
1494 491 1567 526 μόνῳ
1581 488 1786 523 ἀπολογεῖσθαι
1804 488 1874 523 ὑπὲρ

1069 539 1124 566 τῶν
1140 538 1342 575 ἡμαρτημένων
1362 539 1376 565 ό
1390 537 1482 573 ἄρχων
1496 537 1546 563 οὐκ
1561 535 1670 567 ἔπειθε,
1689 534 1810 565 πολλοῖς
1827 533 1874 559 αὖ·

1070 585 1133 617 τοὺς
1147 585 1261 620 ᾐκίσατο
1283 584 1410 620 τρόποις·
1430 582 1583 609 τελευταῖον
1600 580 1628 608 δὲ
1652 580 1795 615 ἐσχάραις
1814 579 1874 604 ἐπι-

1071 631 1138 664 θεὶς,
1154 631 1210 666 πῦρ
1224 630 1344 665 ὑφῆψεν·
1359 630 1383 656 οί
1394 629 1433 661 δὲ,
1447 628 1597 662 καιόμενοι,
1613 627 1645 653 ΕΞ
1658 626 1755 662 κρεῶν
1769 624 1873 655 ὀπτῶν,

1071 676 1184 711 ἔφασαν,
1199 676 1352 710 ἐπιθυμεῖς,
1367 671 1390 701 ὦ
1409 674 1522 709 Ἀμὰχιε
1534 673 1605 708 (94),
1617 672 1700 699 τοῦτο
1712 671 1774 706 γὰρ
1789 670 1874 705 ὄνομα

1071 719 1105 757 ἦν
1120 721 1160 757 τῷ
1174 721 1294 756 ἄρχοντι,
1310 720 1358 748 καὶ
1376 720 1423 746 ἐπὶ
1437 719 1485 751 τὰς
1499 719 1595 754 ἑτέρας
1615 717 1742 754 πλευρὰς
1757 716 1832 751 προς
1846 716 1874 742 τὸ

1073 767 1129 803 πῦρ
1148 768 1222 803 ἡμᾶς
1244 767 1375 802 στρέψον,
1393 766 1437 792 ίνα
1452 765 1488 801 μή
1507 773 1548 791 σοι
1566 764 1711 799 γευομένῳ
1740 764 1873 799 ήμίοπτοι

1073 813 1228 848 γενόμενοι,
1243 812 1334 847 ἀηδεῖς
1351 811 1522 846 φαινώμεθα.
1544 810 1600 837 Καὶ
1613 810 1638 836 οἱ
1656 809 1708 844 μὲν
1727 805 1786 836 ὧδε
1811 817 1871 843 γεν-

1074 859 1156 890 ναίως
1171 858 1356 892 διαγενόμενοι
1367 877 1375 890 ,
1395 857 1424 883 ὲν
1443 856 1502 887 ταῖς
1516 855 1661 891 τιμωρίαις
1677 854 1725 881 τδν
1743 854 1806 889 βίον
1824 855 1872 880 ὰπ-

1074 904 1176 932 έθεντο.
1192 903 1261 930 Φασὶ
1275 903 1304 930 δὲ
1316 903 1362 929 καὶ
1382 902 1509 938 Βούσιριν
1523 903 1552 929 ὲν
1574 901 1700 936 Ἀγκύρᾳ
1715 902 1770 936 τῆς
1786 900 1872 927 Γαλα-

1074 950 1134 982 τίας
1147 949 1278 985 λαμπρὰν
1293 949 1340 976 καὶ
1350 947 1543 984 ἀνδρειοτάτην
1556 947 1705 982 ὁμολογίαν
1721 947 1870 982 ὑπομεῖναι

1074 993 1119 1021 διὰ
1134 993 1184 1030 τὴν
1201 993 1360 1029 θρησκείαν.
1378 993 1427 1020 ’ον
1441 992 1490 1027 τῆς
1509 991 1643 1026 αἱρέσεως
1660 991 1728 1018 ὅντα
1743 991 1807 1018 τότε
1821 991 1873 1017 τῶν

1076 1038 1251 1075 καλουμένων
1274 1038 1482 1074 Ἐγκρατιτῶν,
1509 1037 1650 1064 συλλαϐὼν
1674 1039 1690 1064 ὁ
1711 1037 1764 1064 τοῦ
1781 1037 1872 1069 ἔθνους

1075 1085 1185 1121 ἄρχων,
1201 1084 1239 1116 ὡς
1263 1085 1488 1120 νεανιευσάμενον
1511 1083 1582 1110 κατὰ
1606 1084 1660 1110 τῶν
1687 1083 1872 1118 Ἑλληνιστῶν

1075 1129 1229 1162 αἰκίζεσθαι
1244 1129 1384 1164 ἠϐούλετο.
1402 1129 1457 1156 Καὶ
1476 1128 1594 1164 δημοσίᾳ
1616 1129 1791 1165 προαγαγὼν
1806 1129 1872 1164 πρὸς

1076 1176 1107 1204 τὺ
1122 1176 1331 1212 βασανιστήριον
1346 1176 1434 1209 ξύλον,
1448 1176 1607 1212 αἰωρεῖσθαι
1623 1176 1826 1212 προσέταττεν.
1844 1176 1872 1203 Ὁ

1077 1221 1106 1249 δὲ
1130 1221 1257 1256 Βούσιρις
1277 1221 1404 1257 ἀνασχὼν
1427 1221 1466 1248 τὼ
1488 1221 1564 1257 χεῖρε
1580 1222 1648 1258 πρὸς
1663 1222 1715 1257 τὴν
1736 1222 1871 1256 κεφαλὴν,

1078 1268 1221 1304 ἐγύμνωσε
1245 1267 1294 1300 τὰς
1316 1267 1436 1304 πλευράς
1447 1275 1455 1284 ο
1479 1268 1526 1294 καὶ
1543 1268 1581 1303 μὴ
1600 1268 1690 1303 μάτην
1706 1269 1813 1304 χρῆναι
1829 1276 1874 1294 πο-

1079 1316 1134 1342 νεῖν
1150 1314 1213 1346 τοὺς
1227 1314 1340 1350 δημίους
1352 1313 1421 1350 πρὸς
1435 1313 1481 1340 τὸν
1495 1313 1613 1349 ἄρχοντα
1628 1314 1681 1350 ἔφη
1695 1334 1702 1345 ,
1719 1314 1875 1348 ἀνάγοντας

1080 1359 1161 1386 αὑτὸν
1176 1359 1225 1386 ἐπὶ
1238 1359 1268 1385 τὸ
1282 1358 1370 1391 ξύλον,
1380 1358 1428 1386 καὶ
1443 1359 1524 1386 πάλιν
1536 1359 1717 1393 κατάγοντας.
1739 1358 1874 1394 Ἑτοίμως

1080 1404 1135 1440 γὰρ
1149 1404 1198 1432 καὶ
1214 1404 1275 1440 δίχα
1284 1404 1379 1431 τούτου
1394 1404 1436 1438 ἐφ’
1452 1404 1513 1431 ὅσον
1528 1404 1662 1439 βούλεται,
1679 1403 1815 1439 παρέξειν
1828 1405 1874 1436 τὰς

1081 1450 1202 1486 πλευρὰς
1212 1451 1268 1482 τοῖς
1282 1449 1467 1485 βασανισταῖς.
1477 1450 1627 1486 Θαυμάσας
1641 1450 1670 1476 δὲ
1686 1450 1737 1485 τὴν
1756 1450 1875 1485 ὑπόσχε-

1083 1503 1124 1522 σιν
1145 1495 1160 1522 ὁ
1176 1495 1267 1530 ἄρχων
1278 1514 1286 1527 ,
1306 1494 1406 1530 μᾶλλον
1419 1496 1453 1530 τῇ
1472 1491 1555 1530 πείρᾳ
1573 1495 1745 1530 κατεπλάγη.
1764 1495 1873 1527 Λικιζό-

240 1540 420 1568 licitationem
443 1548 557 1575 praeses,
577 1541 662 1577 ipsius
679 1542 718 1569 rei
739 1542 928 1577 experimento
945 1543 1032 1578 magis

1094 1548 1164 1573 ιενος
1190 1541 1245 1576 γὰρ
1266 1540 1327 1572 ταῖς
1345 1539 1418 1573 δνυξι
1434 1540 1484 1572 τὰς
1508 1540 1628 1576 πλευρὰς
1654 1540 1751 1575 μέχρις
1767 1541 1815 1567 ὅτε
1839 1541 1874 1575 τῷ

239 1586 411 1622 stupefactus
427 1592 479 1616 est.
493 1587 560 1615 Nam
577 1595 641 1616 cum
658 1589 743 1616 latera
759 1589 819 1623 ejus
834 1589 957 1624 quandiu
970 1590 1029 1625 pla-

241 1633 301 1660 cuit
323 1633 448 1668 pmsidi,
470 1633 609 1669 unguibus
626 1633 724 1662 ferreis
751 1634 952 1668 lacerarentur,
969 1642 1030 1662 ma-

241 1679 325 1707 nibus
340 1686 424 1715 supra
441 1685 524 1715 caput
539 1680 629 1712 elatis,
648 1680 743 1715 plagas
759 1680 845 1707 alacri
863 1681 955 1709 animo
972 1689 1032 1709 sus-

243 1723 333 1752 tinens
346 1725 541 1760 perseveravit.
562 1725 628 1753 Post
648 1725 705 1752 hlec
717 1725 859 1761 conjectus
871 1726 899 1753 in
911 1726 1032 1759 vincula,

245 1769 317 1798 haud
341 1770 427 1797 mrito
453 1773 516 1806 post
534 1771 666 1798 liberatus
681 1774 734 1803 est,
755 1777 818 1798 cum
838 1778 913 1799 mors
930 1770 1033 1798 Iuliani

245 1815 372 1843 nuotiata
387 1819 474 1850 esset;
489 1820 516 1843 et
531 1816 564 1843 ad
580 1816 765 1851 principatum
788 1824 875 1852 usque
887 1817 1035 1845 Theodosii

244 1865 387 1896 superstes
404 1861 472 1889 fuit:
489 1861 677 1898 damnataque
695 1863 787 1898 priore
812 1863 923 1895 haeresi,
939 1863 973 1891 ad
987 1870 1035 1891 ca-

243 1907 376 1934 tholicam
398 1906 550 1935 Ecclesiam
576 1915 606 1936 se
632 1909 761 1936 contulit.
787 1909 889 1936 Eodem
911 1913 1036 1945 tempore

245 1953 378 1989 martyrio
392 1953 476 1981 vitam
494 1953 601 1982 [iniisse
617 1953 748 1981 dicuntur
764 1954 894 1985 Basilius,
908 1955 1034 1990 Ancyra-

245 2005 287 2025 nae
304 1997 434 2026 Ecclesiae
450 1998 639 2033 presbyter.ct
654 1997 836 2033 Eupsychius,
854 1998 1036 2027 Caesariensis

244 2044 403 2080 Cappadox,
411 2044 496 2072 nobili
508 2052 607 2080 genere
615 2049 704 2075 ortus.
717 2044 764 2079 qui
774 2052 870 2072 recens
880 2045 959 2080 197
967 2052 1038 2072 uxo-

246 2099 304 2118 rem
325 2091 452 2124 duxerat,
469 2095 496 2119 et
513 2091 605 2119 adhuc
620 2092 700 2126 quasi
715 2099 834 2126 sponsus
846 2096 915 2119 erat.
933 2092 966 2119 Et
981 2091 1038 2119 Eu-

248 2137 378 2171 psycliius
396 2137 518 2172 quidem,
541 2128 674 2173 quantdm
700 2137 862 2171 conjectura
892 2144 1036 2172 assequor,

249 2186 361 2217 propter
373 2183 502 2224 templum
517 2183 596 2211 Genii
611 2183 713 2219 publici
730 2183 895 2212 interfectus
906 2188 966 2211 est:
982 2191 1039 2220 quo

249 2231 318 2257 tunc
340 2228 475 2264 temporis
500 2228 664 2262 destructo,
693 2229 816 2258 universi
842 2229 1037 2263 Caesarienses,

1082 1587 1191 1622 ἄρχοντι
1207 1585 1293 1613 ἐδόκει
1306 1606 1313 1618 ,
1330 1586 1525 1621 διεκαρτέρησε
1540 1586 1579 1613 τὼ
1596 1587 1671 1622 χεῖρε
1685 1587 1795 1621 ἀνέχων
1805 1606 1813 1617 ,
1831 1587 1876 1613 καὶ

1080 1631 1130 1663 τὰς
1153 1630 1262 1665 πληγὰς
1284 1630 1432 1666 προθύμως
1457 1630 1613 1666 δεχόμενος.
1645 1631 1691 1658 Ἔν
1716 1631 1833 1667 δεσμοῖς
1851 1631 1877 1658 δὲ

1083 1676 1152 1711 μετὰ
1170 1675 1256 1703 ταῦτα
1269 1676 1431 1712 γενόμενος,
1450 1677 1544 1712 ἀνείθη
1563 1676 1614 1704 οὐκ
1627 1677 1669 1709 είς
1677 1677 1804 1713 ’μακρὰν
1825 1678 1875 1710 ἁγ-

1081 1722 1223 1757 γελθέντος
1232 1722 1386 1758 ἀνῃρῆσθαι
1405 1722 1548 1750 Ἰουλιανόν
1560 1731 1567 1738 ·
1582 1723 1629 1750 καὶ
1644 1723 1728 1759 μέχρι
1740 1725 1794 1759 τῆς
1810 1723 1876 1750 Θεο-

1082 1767 1172 1795 δοσίου
1201 1768 1340 1803 βασιλείας
1367 1769 1470 1796 ὲπεὸίω
1488 1775 1495 1784 ”
1519 1768 1567 1795 καὶ
1595 1769 1663 1804 πρὸς
1685 1769 1738 1804 τὴν
1759 1769 1876 1796 καθόλου

1090 1813 1253 1848 Ἐκκλησίαν
1272 1813 1400 1848 μετέθετο
1411 1833 1420 1846 ,
1443 1814 1596 1847 καταγνοὺς
1610 1813 1662 1848 τῆς
1678 1814 1820 1850 προτέρας
1838 1814 1876 1841 al-

1086 1858 1194 1894 ρέσεως.
1208 1859 1294 1892 Λόγος
1316 1859 1345 1885 δὲ
1366 1859 1437 1886 κατὰ
1451 1859 1546 1886 τοῦτον
1561 1859 1607 1885 τδν
1623 1859 1718 1894 χρόνον
1737 1860 1874 1895 μαρτυρίᾳ

1084 1905 1129 1932 τὸν
1143 1905 1199 1940 βίον
1215 1905 1354 1941 μετελθεῖν
1365 1925 1372 1937 ,
1392 1905 1531 1932 Βασίλειον
1546 1904 1732 1940 πρεσϐύτερον
1751 1905 1764 1924 δ
1784 1905 1835 1939 τῆς
1849 1906 1873 1930 ‘sv

1091 1951 1214 1987 ’Δγκύρα
1242 1951 1405 1986 Ἑκκλησίας
1418 1971 1426 1984 ,
1453 1951 1500 1978 καὶ
1528 1950 1663 1985 Εὺψύχιον
1690 1956 1703 1970 ε
1731 1951 1873 1985 Καισαρέα

1085 1998 1274 2033 Καππαδόκην
1302 1997 1356 2024 τῶν
1383 1996 1575 2033 εὗπατριδῶν,
1607 1996 1723 2030 ἔναγχος
1755 1996 1873 2032 γαμετὴν

1085 2044 1234 2079 ἀγόμενον,
1250 2043 1297 2070 καὶ
1318 2041 1374 2070 οἷον
1387 2042 1427 2069 ἔτι
1446 2043 1562 2078 νυμφίον
1580 2042 1654 2069 ὅντα.
1672 2042 1827 2077 Συμὸἁλλω
1839 2042 1872 2072 δὲ.

1086 2090 1131 2118 τὸν
1153 2090 1202 2126 μὲν
1214 2089 1349 2124 Εὺψύχιον
1368 2088 1545 2124 ἀναιρεθῆναι
1558 2088 1601 2114 διὰ
1617 2087 1663 2114 τὸν
1677 2087 1743 2114 ναὸν
1758 2088 1810 2122 τῆς
1824 2087 1872 2113 Τύ-

1085 2145 1138 2173 χης
1149 2157 1156 2169 ,
1179 2136 1221 2171 ἐφ’
1248 2133 1270 2170 ᾧ
1285 2135 1344 2162 τότε
1358 2134 1560 2170 καθαιρεθέντι,
1576 2133 1613 2165 ὡς
1628 2134 1658 2159 ὲν
1680 2134 1739 2165 τοῖς
1761 2132 1872 2169 πρόσθεν

1086 2184 1206 2220 εῐρηται,
1220 2184 1297 2219 κοινῇ
1319 2182 1421 2214 πάντες
1446 2181 1595 2217 Καισαρεῖς
1613 2180 1664 2215 τῆς
1677 2180 1727 2207 τοῦ
1747 2179 1871 2216 βασιλέως

1087 2228 1173 2265 ὀργῆς
1184 2228 1379 2264 ἐπειράθησαν.
1397 2227 1429 2255 Οί
1444 2227 1472 2254 δὲ
1487 2227 1536 2262 τῆς
1558 2225 1746 2261 καθαιρέσεως
1767 2226 1871 2260 αὐτουρ-

842 2327 978 2356 VALESU
999 2325 1279 2357 ANNOTATlONES.

286 2387 342 2421 (95)
362 2387 414 2414 Ἐἰν-
427 2387 530 2419 Μὺσῳ,
553 2387 642 2419 πόλις
662 2385 718 2421 ἥδε
739 2385 873 2421 Φρυγῶν.
895 2385 924 2412 lu
940 2385 1034 2413 codice

1094 2384 1312 2421 Det/genialibus,
1331 2391 1393 2421 cap.
1407 2384 1419 2410 1
1435 2387 1464 2421 e_t_
1478 2384 1504 2410 4.

251 2420 400 2450 Fultetiauo
423 2422 553 2457 scriptum
578 2426 621 2449 est
650 2420 745 2456 Μύρῳ.
776 2421 830 2448 Sed
857 2429 912 2457 non
936 2420 1035 2457 dubito

251 2459 316 2492 quin
341 2455 521 2492 scribendum,
539 2457 574 2483 sit
595 2455 702 2492 Mﬂpq),
717 2456 948 2490 quemadmodum
971 2455 1036 2490 legit

252 2492 421 2527 Epiphanius
442 2491 639 2519 Scholasticns.
662 2491 725 2518 Fuit
748 2492 805 2527 haec
823 2492 889 2518 urbs
910 2492 1037 2526 Phrygia

252 2526 392 2560 salutaris,
405 2534 465 2561 quae
482 2527 535 2553 alio
549 2527 659 2553 nomine
674 2526 830 2561 Comopolis
845 2527 918 2553 dicta
931 2530 984 2558 est,
1005 2529 1036 2552 ut

252 2563 332 2590 docet
350 2561 547 2590 Constantinus
571 2561 848 2597 Porphyrogennctus
875 2562 902 2588 in
934 2561 1003 2588 libro
1026 2567 1035 2588 ι

1124 2419 1180 2454 (94)
1200 2417 1238 2447 Ὦ
1247 2419 1347 2454 μάχας.
1363 2417 1391 2446 ln
1404 2417 1666 2454 codiceFulretiano
1687 2417 1821 2454 scriptum
1835 2421 1870 2445 est

1087 2451 1110 2481 ὦ
1123 2451 1270 2489 Ἆμάχιμέ,
1285 2451 1413 2488 corrupte
1426 2461 1489 2489 pro,
1497 2453 1609 2489 ἀμάιχιε.
1626 2452 1674 2489 S_lc
1690 2451 1766 2480 enim
1781 2454 1869 2489 impius

1089 2490 1133 2517 ille
1155 2487 1257 2523 praises
1280 2487 1393 2516 vocatur
1416 2489 1443 2515 in
1463 2488 1613 2523 Menologio
1633 2487 1870 2522 ϐτωοοηιιηίιίίο

1088 2523 1253 2553 duodecimo
1268 2523 1447 2559 Septembris.

971 2647 1161 2677 VABIORUM.

289 2706 304 2726 ει
333 2705 495 2733 Βασίλειον
520 2706 732 2741 πρεσϐύτερον.
754 2721 786 2727 ——
802 2704 891 2739 Hujus
919 2705 1043 2741 martyrii

255 2746 315 2770 acta
333 2741 478 2776 habentur?
491 2740 562 2775 apud
579 2741 684 2769 Theod.
707 2741 832 2773 Ruinart,
850 2748 911 2776 pag.
929 2740 1043 2771 650.7ex

258 2776 354 2805 Martio
368 2775 547 2811 Bollandiano
559 2781 699 2811 excerpta.
714 2781 741 2803 el
754 2776 786 2803 ad
798 2776 922 2811 (luscum
938 2776 1044 2811 codicis

258 2812 383 2838 Vaticani
399 2811 508 2837 collata.
527 2810 634 2839 Colitur
645 2810 769 2839 Basilius
789 2819 804 2838 a
820 2810 923 2838 Graecis
947 2814 974 2838 et
990 2810 1043 2837 La-

258 2847 326 2874 tinis
342 2845 386 2873 die
396 2846 432 2873 22
446 2845 545 2872 Martii.

298 2867 664 2917 δ”έῦἶιιῦἷιιῖίῖυρεγειιὶί
685 2867 813 2916 martyris
832 2881 956 2909 meminit
977 2879 1044 2908 Gre-

1094 2705 1189 2740 gorius
1213 2702 1547 2740 Nazianzenus,_epistola
1561 2700 1596 2740 βϐ
1617 2700 1804 2740 ρά-ρεηῑιὶεπι
1816 2698 1866 2740 ζα.

1092 2734 1172 2776 ᾖωιπι
1195 2747 1205 2776 :_
1223 2743 1250 2766 et
1277 2739 1335 2776 ipse
1362 2734 1494 2776 Basilius,
1526 2736 1642 2776 epistola
1659 2735 1745 2776 291...-
1761 2734 1866 2776 Pontica:

1095 2769 1224 2802 diceccsis
1251 2769 1396 2808 episcopos
1421 2769 1566 2812 invitata}!
1595 2770 1758 2812 blupsycbii,
1778 2769 1866 2812 Damae,

1095 2807 1313 2843 caaterorumque
1349 2807 1510 2836 eorumdem
1553 2807 1693 2843 socior_um
1719 2809 1866 2843 _n1arlyruiu

1097 2839 1293 2871 celebritatem.
1307 2843 1411 2870 Colitur
1422 2843 1467 2872 dic
1479 2843 1496 2871 9
1507 2842 1617 2878 Aprilis.
1632 2840 1739 2869 Theod.
1748 2839 1863 2874 Bursam,

1097 2879 1155 2906 Acl.
1174 2883 1263 2912 κιαι-ιη
1278 2886 1339 2914 pag.
1356 2878 1418 2906 656.
