1896 3074
47 123 151 154 1283

559 121 724 150 HISTORIA
743 120 1025 151 ECCLESIASTICA.
1047 138 1082 143 —
1095 121 1160 150 LIB.
1174 121 1205 150 ν.

1632 125 1705 155 ΒΜ»

45 180 99 212 ὡς
125 180 166 213 ἐξ
180 179 268 215 ἔριδος
278 200 286 211 ,
299 178 332 205 τὰ
346 178 458 212 δόξαντα
468 179 502 214 τῇ
518 179 620 215 συνόδῳ
634 180 663 205 ὲν
684 179 860 215 Ἀλεξανδρεῖς

923 187 987 208 vero
1004 187 1066 208 cum
1088 184 1206 209 conatus
1221 180 1274 216 ipsi
1288 187 1345 209 non
1368 180 1543 214 succederet,
1563 182 1709 211 Antiochia

47 225 233 252 διαϐάλλειν
250 225 398 261 ἐπεχείρει.
425 226 458 252 Ὃ
482 225 515 260 δὴ
539 225 675 261 πρόφασις
692 226 799 260 ἐγένετο
819 226 869 261 τῆς

46 272 213 307 αἱρέσεως
223 271 278 298 τῶν
287 271 334 297 ἀπ’
350 270 433 297 αὑτοῦ
451 270 626 306 καλουμένων
637 271 868 307 Λουκιφεριανῶν.

47 318 92 344 Οἱ
127 318 191 353 γὰρ
207 317 255 343 ἐπὶ
275 317 378 348 τούτοις
402 315 477 352 αὑτῷ
500 316 712 352 συναχθόμενοι,
736 318 805 351 σφᾶς
821 317 870 352 τῆς

57 360 250 396 Ἐκκλησίας
273 360 435 395 ἀπέσχισαν.
460 359 546 392 Αὐτὸς
572 360 600 386 δὲ
622 361 724 396 καίπερ
748 361 800 388 ὑπὸ
819 361 870 397 τῆς

46 405 168 442 λύπης
193 406 398 442 κρατούμενος,
425 406 520 442 ἐπειδὴ
546 405 590 433 διὰ
613 406 659 433 τοῦ
690 407 814 434 διακόνου
839 407 869 434 ὃν

49 452 203 487 Εὑσεὸίῳ
227 452 453 485 συναπέστειλεν,
475 452 652 487 ὡμολόγησεν
669 453 796 488 ἐμμεῖναι
812 455 869 486 τοῖς

47 499 86 524 ὲν
115 497 318 534 Ἀλεξανδρείᾳ
334 498 410 534 παρὰ
429 498 480 533 τῆς
496 497 606 525 συνόδου
621 499 793 534 πραχθεῖσιν,
803 501 869 535 ὁμο-

50 544 186 580 φρονῶν
208 545 242 579 τῇ
263 543 377 570 καθόλου
401 544 568 579 Ἐκκλησία,
592 545 632 576 εὶς
646 545 793 580 Σαρδονίαν
818 547 869 580 ἀφ-

51 589 294 621 ἰκετο.Εὑσέϐιος
309 589 337 615 δὲ
347 589 419 616 κατὰ
427 589 476 624 τὴν
486 589 543 616 Ἕω
555 589 677 625 περιϊὼν,
691 591 754 622 τοὺς
764 591 868 627 ἠμελη-

53 635 159 666 κότας
177 634 228 670 τῆς
243 634 361 666 πίστεως
375 634 577 670 ἐπηνωρθοῦτο,
594 635 641 662 καὶ
693 636 745 671 χρὴ
760 638 868 672 φρονεῖν

52 681 234 707 ἐδίδασκεν·
251 679 346 706 ἔπειτα
361 678 530 714 σπουδάζων,
543 681 590 707 καὶ
608 681 752 718 Ἰλλυριοὺς
764 683 867 718 διῆλθε,

53 726 112 753 καὶ
134 727 183 758 εἰς
201 725 316 753 Ἰταλίαν
338 718 415 762 ἧκεν.
437 726 521 754 Ἔνθα
545 727 577 763 δὴ
602 727 691 755 ταῦτα
707 737 869 764 προκατωρ-

54 771 186 798 θωκότα
203 770 352 798 κατέλαϐεν
373 771 486 808 ἰλάριον
497 792 504 804 ,
521 772 551 804 ὃς
567 773 716 801 Πυκτάὃων
726 795 733 806 ,
750 774 826 806 πόλις
839 774 867 801 δὲ

55 817 112 852 ἣδε
133 817 315 850 Ἀκοιτανίας
325 838 332 849 ,
347 817 495 850 ἐπίσκοπος
507 816 542 854 ἦν
553 827 560 835 ο
573 819 652 854 ἔτυχε
667 819 721 854 γὰρ
736 820 867 856 πρότερος

54 863 94 890 ἐκ
111 862 175 898 τῆς
191 862 339 898 ὑπερορίας
360 863 534 896 ἐπανελθὼν,
553 864 669 897 Ἰταλούς
684 874 713 892 τε
732 855 778 892 καὶ
797 866 867 894 Γάλ-
883 855 903 882 Β

55 908 130 939 λους
151 908 282 942 διδάξας,
307 910 372 936 ποῖα
395 909 445 945 μὲν
465 910 517 946 χρὴ
543 910 597 938 τῶν
622 911 764 946 δογμάτων
781 920 866 948 προσ-

57 953 178 988 ίεσθαι,
195 956 259 981 ποῖα
273 954 302 982 δὲ
316 954 426 990 φεύγειν
437 964 445 972 ·
463 957 510 984 καὶ
527 956 580 992 γὰρ
590 956 621 992 δὴ
637 957 684 984 καὶ
696 957 822 993 ἐλόγιμος
833 959 866 994 τῇ

61 1000 228 1036 Ῥωμαίων
251 1000 358 1037 γλώττῃ
375 1001 496 1036 ἐγένετο,
513 1002 560 1029 καὶ
582 1002 677 1037 λόγους
698 1003 865 1039 ἀξιοχρέους,

56 1046 100 1078 ὡς
113 1047 244 1082 εἴρηται,
255 1047 435 1083 συνέγραψεν,
444 1048 672 1084 ἀπομαχομένους
686 1050 742 1081 τοῖς
760 1050 865 1085 ’Δρείου

56 1093 220 1128 δόγμασιν.
237 1090 302 1120 Ὧδε
316 1093 366 1129 μὲν
388 1093 500 1129 Ὶλάριος
517 1091 594 1126 οὗτος
609 1095 656 1122 καὶ
675 1095 804 1128 Εὐσέϐιος
816 1115 823 1128 ,
836 1097 865 1124 ὲν

58 1140 94 1174 τῇ
121 1138 202 1174 πρὸς
227 1138 302 1166 δύσιν
325 1138 463 1176 ἀρχομένη
488 1138 519 1166 τὺ
539 1139 628 1174 δόγμα
644 1140 693 1176 τῆς
710 1136 743 1167 ἓν
763 1140 865 1178 Νικαίᾳ

58 1185 185 1212 συνόδου
206 1184 396 1220 συνεκρότουν.

919 225 1049 253 excessit.
1069 226 1102 252 At
1115 225 1236 259 Lucifer.
1250 228 1424 256 contumelia
1438 228 1500 256 loco
1513 228 1618 257 ducens
1632 231 1707 265 quod

919 271 1054 300 Eusebius
1070 272 1273 301 ordinationem
1292 273 1401 302 Paulini
1416 274 1497 311 199
1517 283 1573 303 non
1597 277 1709 311 probas~

919 321 978 350 set,
1002 319 1208 346 communicare
1231 319 1273 346 illi
1297 319 1477 354 detrectavit,
1505 325 1533 349 et
1557 322 1708 351 altercandi

919 363 1065 395 studio,ea
1080 371 1142 399 quae
1161 364 1332 393 Alexandria:
1352 366 1379 393 in
1398 367 1505 402 synodo
1525 367 1636 396 decreta
1651 369 1708 396 lue.

919 412 982 436 rant
1003 408 1205 443 reprehendere
1220 414 1336 439 conatus
1349 416 1408 445 est;
1422 417 1503 448 atque
1523 421 1556 441 ea
1570 421 1615 442 res
1628 422 1706 442 occa-

919 454 1024 481 sionem
1040 454 1158 489 prmbuit
1179 459 1262 483 sectae
1279 456 1396 491 illorum!
1408 458 1455 492 qui
1470 465 1503 485 ex
1521 459 1582 493 ejus
1598 460 1710 487 nomine

919 499 1086 529 Luciferiaui
1104 504 1170 529 sunt
1193 502 1334 537 appellati.
1352 503 1458 530 Etenim
1472 504 1491 535 ii
1508 504 1556 539 qui
1577 512 1630 532 uua
1645 513 1708 532 cum

919 545 965 573 illo
980 545 1016 573 ob
1033 553 1080 575 eas
1095 554 1141 575 res
1159 546 1292 583 indignati
1314 553 1388 581 sunt,
1405 557 1435 577 se
1448 549 1522 584 ipsos
1536 550 1571 577 ab
1584 550 1707 581 Ecclesia

919 592 1115 626 praeciderunt.
1129 592 1190 628 Ipse
1202 601 1267 621 vero
1280 594 1406 629 quamvis
1420 596 1578 622 exulcerato
1592 603 1707 630 prorsus

919 637 1011 665 animo
1032 642 1118 671 esset,
1136 643 1227 667 tamen
1248 640 1380 674 quoniam
1399 648 1447 675 per
1461 641 1609 668 diaconum
1625 649 1708 676 quem

918 691 973 711 una
990 691 1053 712 cum
1079 684 1198 712 Eusebio
1218 685 1343 717 miserat,
1358 693 1387 713 se
1402 686 1595 714 Alexandrinae
1610 687 1710 722 synodi

918 729 989 757 actis
1013 737 1214 758 consensurum
1244 731 1422 765 promiserat,
1439 739 1501 758 cum
1524 731 1647 760 Ecclesia
1665 740 1710 760 ca-

918 775 1018 802 tholica
1039 776 1229 810 consentiens,
1257 776 1286 803 in
1317 775 1472 804 Sardiniam
1499 777 1590 805 rediit.
1620 777 1709 806 Porro

919 820 1055 849 Eusebius
1069 820 1190 850 Orientis
1213 822 1372 857 provincias
1393 822 1570 855 circumiens,
1592 830 1641 851 eos
1659 825 1707 858 qui

920 865 950 893 in
976 866 1029 895 lide
1056 867 1271 902 ncgligcntiores
1296 867 1406 895 fuerant
1430 868 1580 903 corrigere.
1600 873 1629 896 et
1648 876 1708 903 quise

919 911 1058 939 credenda
1068 916 1172 943 essent.
1182 912 1282 940 docere
1292 913 1384 948 etrapit.
1396 912 1448 940 Per
1460 912 1598 947 Illyricum
1610 913 1709 941 deinde

920 957 1042 989 transiit,
1062 957 1150 984 eidem
1177 958 1254 992 operi
1274 958 1408 991 intentus,
1423 963 1451 985 et
1465 958 1499 986 ad
1515 957 1621 986 Italiam
1647 966 1707 993 per-

921 1003 1007 1032 venit.
1032 1003 1091 1031 Illic
1115 1003 1251 1032 Hilarium
1277 1003 1465 1036 Pictavorum,
1488 1012 1551 1041 quae
1575 1004 1641 1032 urbs
1665 1009 1708 1033 est

917 1047 1084 1084 Aquitaniae,
1110 1050 1272 1085 episcopum
1301 1051 1412 1085 reperit,
1439 1050 1487 1085 qui
1513 1050 1585 1077 idem
1608 1057 1708 1078 munus

917 1095 1015 1127 sedulo
1040 1101 1103 1124 ante
1128 1095 1218 1131 ipsum
1247 1096 1406 1130 expleveiat
1429 1097 1447 1124 '.
1468 1096 1548 1123 Prior
1576 1095 1649 1123 enim
1674 1095 1709 1122 ab

917 1141 1017 1170 exsilio
1036 1142 1168 1174 redierat,
1188 1141 1325 1177 Italosque
1346 1146 1373 1169 et
1399 1141 1504 1176 Gallos,
1524 1149 1584 1177 qua:
1609 1141 1707 1169 admit-

918 1189 1013 1221 tenda,
1041 1196 1101 1224 qua:
1130 1188 1261 1224 fugienda
1286 1192 1380 1217 essent
1395 1188 1536 1224 dogmata,
1563 1188 1705 1216 docuerat.

59 1231 136 1260 Nam
162 1237 195 1260 et
220 1231 318 1260 Latino
347 1240 473 1261 sermone
504 1233 707 1262 disertissimus
734 1234 797 1267 l'uit,
822 1238 849 1262 et
886 1235 973 1264 libros
1006 1236 1079 1264 lectu
1109 1235 1290 1271 dignissimos
1316 1235 1448 1264 adversus
1470 1236 1626 1271 opinionem
1646 1232 1706 1261 Arii

58 1278 242 1313 composuit.
263 1277 295 1306 Et
316 1277 440 1308 Hilarius
461 1279 572 1315 quidem
597 1279 650 1308 iste
671 1287 703 1307 ac
726 1279 862 1309 Eusebius
878 1281 997 1312 Nicaeum
1014 1281 1111 1318 synodi
1135 1281 1290 1310 doctrinam
1311 1281 1364 1315 hoc
1387 1281 1467 1310 nmio
1500 1281 1528 1310 in
1546 1279 1706 1309 Occidentis

62 1323 203 1358 partibus
217 1328 408 1352 asset-uerunt.

371 1389 498 1417 ΚΕΦΛΛ.
518 1390 567 1417 1Δ⁰.

64 1457 172 1490 Ὅκως
198 1457 226 1483 οι
246 1457 320 1492 ἀμφὶ
343 1455 618 1492 Μακεδόνιονντοῖςᾷ
633 1456 711 1492 περὶ,
729 1456 866 1484 Ἀκάκιον

109 1490 479 1526 Ἀρειανοῗζίδιεφέροντο,
495 1491 545 1518 καὶ
557 1492 585 1518 τί
599 1490 680 1528 ἦσαν
696 1491 865 1526 ἀπολογού-

102 1534 195 1560 μενοι
200 1547 206 1554 .

1191 1389 1268 1418 CAP.
1284 1388 1353 1417 XIV.

919 1456 1058 1492 Quomodo
1075 1455 1263 1485 Hacedoniani
1278 1457 1311 1484 ob
1327 1457 1470 1485 Acacianis
1482 1457 1664 1493 dissenserint,
1679 1466 1704 1490 et

1031 1501 1111 1528 quam
1123 1500 1172 1527 pro
1188 1501 1214 1520 se
1231 1494 1428 1520 excusationem
1443 1494 1590 1524 attulerint.

110 1595 159 1622 Ἐν
180 1593 270 1629 τούτῳ
281 1593 310 1621 δὲ
325 1594 351 1620 ol
368 1594 439 1630 ἀμφὶ
455 1593 621 1622 Μακεδόνιον
633 1614 640 1627 ,
658 1589 696 1620 ὦν
718 1591 752 1630 ἦν
775 1594 860 1621 Ἐλεύ-

950 1591 1002 1620 Per
1026 1592 1096 1620 idem
1119 1598 1227 1629 tempus
1249 1592 1268 1620 ii
1290 1594 1338 1629 qui
1360 1601 1375 1621 a
1396 1593 1547 1622 Macedonii
1579 1594 1704 1630 partibus

68 1648 148 1673 σιος,
177 1639 227 1666 καὶ
249 1639 415 1673 Εὑστάθιος,
445 1640 491 1666 καὶ
509 1640 680 1675 Σωφρόνιος,
703 1640 754 1675 ἤδη
776 1642 816 1672 εἱς
832 1640 866 1667 τὸ

69 1686 216 1722 προφανὲς
227 1685 421 1712 Μακεδονιανοὶ
435 1685 576 1712 καλεῖσθαι
590 1685 755 1721 ἀρξάμενοι,
768 1685 806 1718 ὡς
825 1687 866 1718 είς

70 1731 137 1759 ἴδιον
159 1731 349 1767 διακριθέντες
370 1731 496 1767 σύστημα
506 1751 513 1763 ,
528 1731 620 1763 ἁδείας
635 1732 814 1767 τετυχηκότες
831 1733 864 1768 τῇ

70 1777 266 1804 Κωνσταντίου
289 1777 421 1812 τελευτῇ,
444 1777 661 1811 συγκαλέσαντες
680 1778 744 1808 τοὺς
769 1778 798 1804 ὲν
818 1778 866 1804 Σε-

70 1823 185 1859 λευκείᾳ
199 1823 352 1858 ὁμόφρονας
362 1822 454 1854 αὺτοῖς
466 1822 639 1857 γενομένους.
653 1823 778 1854 συνόδους
789 1823 865 1856 τινὰς

70 1869 258 1905 ἐποιήσαντο·
275 1868 322 1896 καὶ
349 1869 414 1900 τοὺς
436 1868 508 1902 ἀμφὶ
534 1867 671 1901 Ἀκάκιον,
695 1868 744 1904 τήν
765 1877 795 1894 τε
819 1868 865 1903 βε-

71 1913 240 1941 ϐαιωθείσαν
255 1914 284 1940 ὲν
308 1913 447 1949 ’Λριμήνῳ
462 1913 554 1939 πίστιν
572 1912 749 1949 ἁπεκήρυξαν
759 1922 766 1929 ’
781 1915 815 1949 τῇ
837 1914 864 1941 δὲ

71 1960 100 1986 ὲν
121 1959 278 1995 Ἀντιοχείᾳ
306 1959 466 1996 ὲκτεθείσῃ,
492 1959 603 1995 ὕστερον
623 1960 652 1987 δὲ
669 1960 698 1987 ἐν
719 1959 863 1996 Σελευκείᾳ

72 2005 139 2041 πρὸς
159 2005 254 2033 αὐτῶν
278 2004 452 2041 κυρωθείσῃ,
477 2005 692 2041 ἐπεψηφίσαντο.
720 2005 865 2040 Ἐγκαλού-

917 1639 1039 1672 stabant,
1055 1639 1128 1667 inter
1144 1647 1215 1674 quos
1232 1639 1359 1668 Eleusius
1380 1644 1439 1667 erat
1452 1643 1479 1667 et
1492 1640 1655 1668 Eustathius
1670 1647 1704 1668 ac

917 1682 1100 1719 Sophronius,
1117 1685 1163 1720 qui
1186 1684 1242 1720 jam
1267 1685 1453 1713 Macedoniani
1472 1686 1563 1721 palam
1587 1685 1704 1714 vocitari

916 1735 1066 1765 ccepcrant,
1091 1735 1188 1766 utpote
1214 1731 1261 1765 qui
1281 1731 1446 1766 peculiarem
1472 1736 1574 1760 sectam
1599 1732 1704 1760 consti-

916 1780 1041 1810 tuerent;
1054 1775 1209 1804 Constantii
1218 1777 1294 1804 obitu
1304 1777 1442 1804 licentiam
1451 1779 1702 1810 nacti,convocatis

915 1821 950 1850 iis
963 1821 1011 1856 qui
1034 1821 1166 1849 Seleucia:
1184 1829 1247 1849 cum
1264 1822 1332 1857 ipsis
1351 1826 1562 1856 consenserant,
1581 1823 1701 1858 synodos

915 1867 1048 1902 quasdam
1066 1871 1312 1903 congregaverunt,
1330 1871 1356 1895 et
1370 1867 1522 1895 Acacianos
1534 1875 1564 1894 ac
1580 1868 1659 1895 Iidem
1674 1868 1703 1895 in

915 1912 1082 1940 Ariminensi
1099 1913 1217 1940 concilio
1236 1913 1372 1939 ﬁrmatam
1390 1913 1619 1940 condemnarunt.
1635 1913 1702 1940 Eam

915 1966 981 1986 vero
998 1966 1058 1993 quae
1072 1957 1224 1985 Antiochiae
1239 1958 1421 1994 promulgata,
1435 1961 1463 1985 et
1473 1958 1508 1985 ab
1523 1958 1592 1992 ipsis
1606 1961 1700 1993 Postea

915 2004 1048 2033 Seleucia:
1067 2004 1228 2032 conﬁrmata
1246 2003 1345 2037 fuerat,
1360 2004 1480 2032 decretis
1498 2005 1556 2032 suis
1574 2011 1700 2038 compro-

73 2059 148 2086 μενοι
163 2052 194 2079 δὲ
216 2051 242 2078 τί
262 2051 361 2087 δήποτε
377 2051 444 2087 πρὸς
464 2052 526 2083 τοὺς
541 2053 613 2087 ἀμφὶ
633 2052 758 2079 Ἀκάκιον
771 2052 860 2087 διαφέ-

915 2051 1026 2078 barunt.
1050 2049 1174 2085 Cumque
1194 2050 1237 2078 his
1253 2049 1421 2085 objiceretur
1442 2058 1491 2078 cur
1505 2050 1538 2077 ab
1555 2050 1700 2077 Acacianis

73 2105 182 2133 ρονται,
198 2098 332 2134 πρότερον
345 2099 437 2130 αὺτοῖς
450 2098 487 2130 ὡς
505 2097 643 2134 ὁμοδόεοις
660 2098 861 2132 κοινωνοῦντες,

73 2145 134 2172 τάδε
157 2145 204 2172 διὰ
221 2144 376 2180 Σωφρονίου
395 2145 442 2172 τοῦ
465 2145 640 2180 Παφλαγόνος
662 2145 839 2180 ὲπεκρίναντο
853 2153 861 2162 ·

73 2190 110 2221 ὡς
122 2190 147 2217 ot
157 2190 230 2217 κατὰ
244 2191 293 2226 τὴν
305 2190 390 2223 δύσιν,
402 2191 432 2218 τὸ
444 2190 586 2227 όμοούσιον
600 2190 724 2223 ἐδόξαζον
735 2199 742 2206 θ
761 2191 863 2223 ’Δέτιος

73 2233 99 2261 δὲ
114 2236 143 2261 ὲν
157 2237 192 2271 τῇ
208 2235 264 2270 Ἕῳ
285 2236 315 2262 τὸ
339 2236 398 2262 κατ’
413 2236 506 2264 οὐσίαν
524 2236 660 2272 ἀνόμοιον.
676 2237 731 2264 Καὶ
753 2237 778 2263 oi
800 2237 860 2272 μὲν,

914 2097 1091 2129 dissiderent,
1105 2096 1272 2131 quibuscum
1289 2100 1379 2130 antea,
1399 2099 1493 2131 utpote
1507 2095 1561 2123 sibi
1582 2103 1701 2123 consen~

914 2142 1059 2175 tientibus,
1083 2141 1337 2173 communieahant,
1361 2148 1410 2176 per
1435 2140 1618 2175 Sophronium
1648 2139 1701 2167 Pa-

914 2187 1073 2223 phlagonem
1099 2187 1157 2214 haec
1179 2187 1383 2222 responderunt
1404 2195 1411 2214 :
1431 2186 1623 2215 Occidentales
1639 2187 1702 2222 qui-

914 2233 974 2261 dem
990 2232 1260 2261 Consubstantialem
1278 2233 1456 2269 probavisse;
1473 2233 1582 2261 Aetium
1596 2241 1660 2261 vero
1673 2233 1701 2260 in

74 2267 199 2314 ἅτάκτυίς
230 2267 280 2313 τάς
309 2281 460 2315 ἰδιαζούσας
487 2267 649 2314 ὑποστόισεις
677 2282 783 2318 Πατρός
800 2267 860 2310 ¹καί

915 2279 1034 2308 Orientis
1061 2280 1188 2315 partibus
1211 2267 1376 2308 dissimilem
1401 2279 1491 2316 quoad
1518 2280 1701 2309 substantiam

74 2325 139 2353 Υῐοῦ
149 2347 157 2360 ,
174 2327 340 2354 συνέπλεκον
349 2328 389 2360 είς
404 2328 517 2363 ἑνότητα
536 2327 576 2364 τῷ
588 2328 635 2354 τοῦ
649 2328 790 2364 όμοουσίου
802 2328 862 2355 ὀνό-

78 2379 156 2405 ματι·
172 2373 187 2399 ό
205 2372 245 2404 δὲ,
265 2372 366 2409 σφόδρα
378 2373 430 2408 τῆς
448 2373 494 2400 τοῦ
514 2372 579 2400 Υἱοῦ
604 2373 671 2409 πρὸς
693 2373 738 2401 τὸν
752 2374 861 2409 Πατέρα

76 2416 181 2450 φύσεως
195 2418 283 2446 sum
310 2419 358 2454 τὴν
384 2419 552 2454 οῐκειότητα’
579 2420 650 2454 σφᾶς
671 2420 698 2446 δὲ
726 2419 859 2452 εὐσεόεῖν,

76 2461 164 2496 ὖμοιον
176 2461 247 2491 εἶναι
265 2464 305 2499 τῷ
323 2464 411 2500 Πατρὶ
426 2464 472 2491 τὸν
491 2464 554 2491 Υίὺν
567 2464 633 2491 ’καθ’
648 2464 796 2491 ὑπόστασιν
817 2464 861 2491 λέ-

77 2515 172 2542 γοντας
185 2529 194 2542 ,
209 2510 257 2537 καὶ
276 2510 362 2546 μέσην
386 2511 488 2546 ἀμφοῖν
502 2510 604 2546 ταύτην
618 2511 668 2547 τὴν
689 2511 749 2538 ὁδὸν
767 2511 859 2538 ὲπιλέ-

78 2551 182 2587 ξασθαι,
195 2555 332 2591 ἑκατέρων
344 2555 412 2592 πρὸς
425 2555 510 2592 ἄκρον
521 2555 568 2582 τοῦ
584 2555 704 2583 ἐναντίου
718 2556 859 2592 χωρησάν-

78 2605 139 2625 των.
155 2599 209 2627 Καὶ
221 2601 247 2627 οἱ
265 2601 314 2637 μὲν
328 2596 380 2629 ὦδε
393 2600 586 2630 ἀπολογεῖσθαι
603 2601 660 2633 τοῖς
674 2602 859 2637 μεμφομένοις

78 2643 233 2680 ἔπειρῶντο,

113 2823 121 2840 ¹
139 2825 226 2862 Socr.,
241 2825 288 2855 lib.
299 2834 340 2860 Ill,
352 2834 376 2855 c.
397 2825 441 2854 to.

913 2325 1078 2353 asseruisse.
1100 2325 1133 2352 Et
1158 2325 1221 2352 illos
1246 2325 1360 2360 quidem
1383 2324 1532 2353 distinctas
1558 2324 1648 2353 Patris
1667 2332 1700 2352 ac

912 2370 975 2398 Filii
990 2379 1122 2412 personas
1137 2370 1388 2400 Consubstantialis
1407 2371 1542 2399 vocabulo
1554 2375 1657 2399 temere
1671 2371 1699 2398 in

913 2425 998 2445 unum
1027 2417 1187 2445 confudisse
1206 2427 1214 2445 :
1235 2417 1308 2444 hunc
1331 2425 1396 2445 vero
1419 2422 1525 2445 natura:
1548 2417 1609 2444 Filii
1635 2424 1699 2445 cum

912 2463 1003 2491 Patris
1020 2467 1118 2491 natura
1136 2463 1326 2499 cognationem
1342 2463 1457 2491 nimium
1476 2466 1610 2498 quantum
1628 2462 1699 2490 divi-

911 2509 994 2538 sisse.
1011 2508 1047 2536 Se
1062 2516 1128 2537 vero
1144 2510 1188 2545 pie
1202 2509 1305 2543 facere,
1318 2509 1364 2545 qui
1381 2508 1480 2536 Filium
1494 2508 1568 2536 Patri
1580 2508 1699 2536 similem

912 2554 1063 2584 secundum
1074 2554 1245 2591 bypostasim
1254 2555 1356 2588 dicant,
1369 2560 1396 2583 et
1411 2555 1482 2582 hanc
1496 2555 1613 2582 mediam
1628 2554 1699 2582 inter

913 2603 1046 2634 utrosque
1066 2600 1138 2628 viam
1162 2600 1307 2635 elegerint,
1324 2607 1387 2628 cum
1402 2601 1513 2635 utrique
1534 2599 1645 2626 illorum
1662 2598 1698 2626 ad

911 2649 1063 2673 extremum
1085 2645 1288 2673 contrariorum
1313 2645 1500 2674 deﬂexissent.
1513 2645 1546 2673 Et
1567 2645 1614 2673 isti
1635 2645 1699 2680 qui-

911 2691 975 2718 dem
1003 2690 1075 2727 apnd
1097 2698 1147 2718 eos
1170 2697 1185 2718 a
1209 2691 1310 2725 quibus
1337 2691 1623 2726 reprehendebantur.
1646 2689 1699 2720 hac

910 2736 1018 2765 ratione
1031 2744 1063 2766 se
1076 2743 1195 2773 purgare
1207 2737 1299 2766 conati
1315 2741 1392 2765 sunt.
