1896 3074
82 151 152 181 1¹Ξ5¹1

536 148 703 177 HISTORIA
721 145 998 176 ECCLESIASTICA.
1018 162 1049 168 -α
1069 147 1134 174 LIB.
1155 147 1185 174 ν.

1643 150 1710 178 I253

83 203 191 244 γματος
205 207 257 234 τῶν
273 207 337 243 πρὶν
356 206 487 242 βασιλέων
503 207 560 242 ἅμα
572 206 678 242 γυναιξὶ
701 206 749 233 καὶ
764 205 873 236 οἰκείοις

943 211 1046 240 .emque
1062 204 1242 238 monetariis;
1258 211 1304 239 qui
1321 209 1435 232 numero
1460 205 1629 234 ahundantcs
1641 211 1668 234 et
1684 208 1709 234 iu

83 255 135 281 ἀνὰ
148 254 199 288 τὴν
210 252 328 284 Κύζικον
340 252 483 288 διέτριϐον,
494 251 570 284 ἔτους
582 252 697 279 ἑκάστου
710 251 793 287 ῥητὴν
807 252 873 278 ἀπο-

83 299 170 334 φορὰν
181 297 222 333 τῷ
230 297 352 333 δημοσίῳ
365 296 563 330 κατατιθέντες,
572 298 596 323 οἱ
611 298 658 332 μὲν
670 296 873 331 στρατιωτικῶν

83 344 229 380 χλαμύδων
242 363 249 375 ,
269 344 294 369 οἱ
313 343 352 377 δὲ,
368 343 503 378 νεουργῶν
517 344 700 378 νομισμάτων.
724 343 800 369 Ἐπεὶ
818 343 872 376 γὰρ

81 392 115 417 ἐκ
128 389 229 421 παντὸς
239 389 338 424 τρόπου
347 389 453 416 δέδοκτο
464 389 538 425 αὐτῷ
551 389 682 424 συστῆσαι
699 389 744 416 τὸν
760 389 873 424 Ἐλληνι-

83 435 162 470 σμὺν,
184 433 324 469 βιάζεσθαι
343 434 392 469 μὲν
407 433 423 469 ἢ
438 434 616 470 τιμωρεῖσθαι
631 435 694 466 τοὺς
709 434 810 470 δήμους
835 434 872 469 μὴ

81 479 212 510 θέλοντας
224 478 308 511 θύειν,
329 478 455 510 ἀὸουλίας
470 479 624 514 «νενόμικεν.
651 479 737 514 Σχολῇ
762 478 815 514 γὰρ
840 479 872 504 ἂν

83 524 217 550 τοσούτων
236 524 274 559 (5)
301 524 361 551 καθ’
385 524 503 559 ἑκάστην
528 524 604 551 πόλιν
630 525 653 551 οἱ
676 525 804 559 ἄρχοντες
827 525 874 550 τὸν

84 571 199 606 ἀριθμὸν
211 571 291 606 μόνον
303 571 492 605 ἐπεγράψαντο
500 579 506 586 ·
520 571 549 597 οὐ
564 571 616 606 μὴν
628 571 687 598 οὐδὲ
699 571 817 598 συνιέναι
826 571 873 598 καὶ

85 616 153 643 κατὰ
170 616 284 651 γνώμην
300 615 426 651 εὔχεσθαι
439 616 593 644 διεκώλυεν.
614 617 691 652 ’ᾘδει
707 617 761 652 γὰρ
777 617 814 649 ὡς
827 617 874 644 καὶ

84 661 192 694 ἀνάγκη
207 660 272 687 ποτὲ
289 660 325 696 (4)
338 661 523 697 κατορθωθείη
542 661 575 688 τὰ
592 662 776 697 προαιρέσεως
797 663 874 689 ὲκου-

86 706 145 737 σίας
161 707 202 737 είς
221 706 352 733 σύστασιν
370 706 493 742 δεόμενα.
523 707 592 739 Τοὺς
613 707 641 734 δὲ
658 708 806 743 κληρικοὺς
827 709 873 735 καὶ

83 752 146 783 τοὺς
171 752 345 786 προεστῶτας
358 752 412 779 τῶν
437 753 615 789 Ἑκκλησιῶν,
635 754 795 782 ἀπελαύνειν
819 755 873 782 τῶν

86 797 189 823 πόλεων
206 797 320 823 ἔσπευδε
331 806 338 812 ·
361 798 391 824 τὸ
416 799 464 833 μὲν
479 799 577 834 ἀληθὲς
592 800 695 832 εἰπεῖν,
726 802 759 835 τῇ
771 801 873 828 τούτων

84 843 203 878 ἀπουσία.
232 844 491 879 πραγματευόμενος
512 845 636 872 διαλῦσαι
655 846 708 872 τῶν
730 846 802 874 λαῶν
823 847 873 879 τὰς

87 887 229 919 συνόδους·
261 888 331 915 ὥστε
351 890 420 925 μήτε
443 890 506 922 τοὺς
528 890 772 926 ἐκκλησιάζοντας,
804 893 873 928 μήτε

85 933 148 964 τοὺς
169 933 343 965 διδάσκοντας
362 933 444 969 ἔχειν,
471 936 540 970 μήτε
557 936 713 972 μυστηρίων
736 937 875 972 μεταλαμ-

86 977 186 1011 ϐάνειν,
200 979 249 1005 καὶ
263 979 304 1014 τῷ
319 978 408 1014 πολλῷ
422 980 509 1015 χρόνῳ
526 982 655 1016 ἐμπεσεῖν
675 983 714 1014 εἰς
730 982 814 1018 λήθην
825 983 875 1018 τῆς

86 1024 186 1055 οἰκείας
200 1024 362 1060 θρησκείας.
389 1026 576 1061 Σκεπτόμενος
591 1027 619 1053 δὲ
637 1028 675 1063 (5)
692 1028 730 1060 ὡς
743 1030 768 1054 οἱ
781 1029 876 1064 κληρι-

86 1071 127 1097 κοὶ
141 1071 180 1101 εἰς
196 1070 338 1098 διάστασιν
351 1070 385 1098 τὰ
398 1071 488 1107 πλήθη
504 1072 626 1106 ἄγουσιν,
647 1073 732 1106 οὕτως
752 1073 798 1102 οὖν
814 1075 875 1102 οὔτε

87 1118 204 1150 στάσεως
231 1118 389 1154 γενομένης,
405 1118 467 1145 οὔτε
492 1119 614 1153 γίνεσθαι
637 1121 874 1156 προσδοκωμένης,

87 1163 186 1196 ἐξιέναι
208 1163 331 1196 Κυζίκου
351 1164 396 1191 τὸν
423 1164 558 1191 Ἐλεύσιον
580 1166 627 1191 καὶ
646 1166 707 1197 τοὺς
731 1167 779 1193 σὺν
802 1166 876 1200 αὐτῷ

89 1209 248 1245 προσέταξε.
275 1210 445 1245 Βοστρηνοὺς
462 1210 492 1237 δὲ
511 1211 549 1246 (6)
578 1211 699 1246 δημοσίῳ
719 1212 875 1247 κηρύγματι

91 1255 279 1290 προύτρέψατο
298 1255 391 1288 διῶξαι
413 1256 462 1291 τῆς
487 1256 576 1282 αὐτῶν
601 1257 704 1288 πόλεως
728 1256 806 1284 Τῖτον
831 1258 876 1284 τὸν

89 1300 146 1327 τότε
155 1302 204 1336 τῆς
220 1300 312 1328 ἐνθάδε
334 1301 497 1337 Ἐκκλησίας
510 1302 668 1330 ἐπίσκοπον.
684 1303 729 1334 Ὠς
736 1304 789 1338 γὰρ
800 1304 877 1338 ήπεί-

89 1346 178 1382 λησεν,
209 1347 291 1374 αὐτὸν
312 1347 433 1379 καὶτοὺς
450 1348 595 1384 κληρικοὺς
619 1350 647 1375 ὲν
663 1349 738 1384 αἰτίᾳ
756 1349 877 1384 ποιήσειν

89 1393 112 1418 εἰ
128 1392 274 1420 στασιάσαι
285 1392 316 1419 τὸ
327 1392 439 1428 πλῆθος,
451 1393 552 1428 βιϐλίον
568 1395 635 1429 πρὸς
645 1394 756 1428 βασιλέα
766 1395 879 1430 διεπέμ·

89 1438 156 1472 dare
170 1439 259 1471 Τῖτος,
287 1439 334 1465 καὶ
350 1439 550 1475 διεμαρτύρατο
568 1441 715 1476 ἐφάμιλλον
736 1442 785 1477 μὲν
807 1440 878 1470 εῖναι

90 1480 127 1515 τῷ
144 1481 292 1517 Ἐλληνικῷ
308 1483 405 1518 πλήθει
429 1483 459 1510 τὸ
477 1485 685 1520 Χριστιανικὸν·
714 1487 827 1522 ἠρεμεῖν
850 1487 878 1514 δὲ

924 251 993 279 duas
1014 259 1180 279 numerosas
1204 252 1332 279 cohortes
1356 251 1507 285 distributi,
1521 260 1553 279 ex
1576 257 1712 288 praecepto

924 297 1098 331 superiorum
1119 297 1285 332 principum,
1302 298 1430 333 Cyzicum
1449 306 1511 325 cum
1534 299 1666 326 uxoribus
1681 306 1712 326 ac

924 342 1084 371 domesticis
1097 344 1269 375 incolebant.
1281 348 1384 371 certam
1401 345 1549 379 quotannis
1558 345 1636 379 201
1649 352 1713 380 pen-

924 389 1031 416 sionem
1061 389 1128 417 tisco
1159 390 1326 423 inferentes;
1360 390 1399 417 illi
1419 395 1521 418 vestem
1552 391 1710 424 militarem,

925 435 951 462 hi
968 442 1097 463 nummos
1114 443 1211 463 recens
1226 443 1318 464 eusos.
1333 435 1400 463 Nam
1423 443 1485 463 cum
1501 437 1643 472 gentilium
1664 445 1712 464 su-

921 479 1113 514 perstitionem
1131 480 1261 507 omnibus
1276 481 1365 508 modis
1384 481 1509 509 stabilire
1532 481 1711 515 instituisset,

924 532 1023 560 cogere
1050 525 1159 559 quidem
1178 533 1210 553 ac
1229 526 1364 561 supplicio
1387 527 1495 554 allicere
1516 528 1642 555 homines
1665 529 1710 563 qui

925 570 1082 598 sacriﬁcare
1095 571 1209 604 nollent,
1220 579 1334 599 summae
1346 573 1537 607 imprudentiae
1547 580 1609 601 esse
1620 574 1712 601 existi-

924 616 1018 643 mavit.
1035 615 1119 652 Egre
1136 615 1272 651 siquidem
1289 617 1317 643 in
1339 617 1456 652 singulis
1471 617 1631 646 civitatibus
1655 626 1712 645 ma-

923 661 1055 695 gistratus
1087 668 1119 688 ae
1142 661 1250 696 iudices
1282 668 1376 689 eorum
1409 665 1554 690 numerum
1582 663 1652 691 inire
1681 671 1714 691 ac

924 706 1082 734 describere
1113 708 1280 741 potuissent.
1310 706 1364 734 Sed
1393 714 1482 742 neque
1505 715 1553 736 eos
1576 709 1605 735 in
1627 717 1711 736 unutn

923 752 1073 780 convenire
1090 756 1118 779 et
1133 760 1182 787 pro
1199 752 1315 780 arbitrio
1333 759 1428 787 preces
1449 752 1540 781 facere
1560 754 1710 788 prohibuit.

923 797 1044 826 Noverat
1065 799 1166 833 quippe
1186 798 1240 826 vim
1261 806 1293 826 ac
1312 798 1505 826 necessitatem
1521 800 1559 827 nil
1576 800 1666 828 valere
1685 801 1712 827 in

925 844 959 872 iis
981 844 1064 872 rebus
1090 852 1152 880 qua:
1167 844 1266 872 libera
1286 844 1430 872 voluntate
1460 852 1531 880 opus
1557 845 1661 873 habent
1685 850 1714 873 ut

926 891 1090 919 consistant.
1104 891 1230 919 Clericos
1246 899 1313 919 vero
1327 895 1354 919 et
1368 891 1556 919 Eccles‘iarum
1575 892 1714 920 antistites

927 935 1089 964 civitatibus
1103 936 1169 971 ejici
1189 937 1297 964 curavit
1312 946 1318 964 :
1336 944 1365 964 re
1380 937 1440 971 ipsa
1460 937 1572 972 quidem
1586 937 1714 971 studens,

927 985 958 1008 ut
982 981 1099 1010 istorum
1129 981 1254 1010 absentia
1280 985 1435 1010 conventus
1459 983 1549 1018 plebis
1575 983 1713 1018 aboleret,

926 1026 991 1054 dum
1008 1034 1089 1054 nemo
1106 1031 1180 1055 esset
1196 1027 1242 1063 qui
1265 1035 1326 1055 eam
1341 1027 1486 1063 colligeret
1500 1036 1533 1055 ac
1549 1028 1671 1062 doceret,
1687 1035 1714 1057 et

926 1073 972 1106 qui
1004 1075 1178 1099 sacramenta
1210 1071 1430 1105 administraret,
1455 1072 1492 1099 ita
1516 1077 1546 1100 ut
1566 1080 1714 1108 progressu

926 1118 1061 1152 temporis
1076 1118 1103 1144 in
1120 1117 1287 1156 oblivionem
1304 1117 1448 1152 religionis
1465 1125 1522 1145 sua:
1534 1119 1714 1153 prolaberen-

927 1167 982 1190 tur.
1000 1163 1118 1191 Causam
1143 1171 1209 1191 vero
1231 1163 1303 1190 hanc
1333 1163 1497 1197 praetexens,
1523 1164 1597 1199 quod
1619 1165 1714 1193 clerici

927 1209 1117 1237 dissensiones
1144 1209 1172 1236 in
1200 1209 1301 1244 popqu
1330 1209 1494 1239 excitarent.
1522 1211 1574 1237 hac
1602 1212 1711 1239 ratione

928 1254 1069 1281 Eleusium
1093 1258 1302 1288 sectatoresque
1324 1254 1386 1288 ejus
1410 1255 1478 1282 urbe
1496 1254 1596 1291 Cyzico
1614 1257 1715 1292 exegit,

927 1306 990 1326 cum
1011 1303 1103 1327 tamen
1119 1308 1170 1327 nec
1185 1300 1286 1327 seditio
1303 1300 1358 1327 ulla
1372 1300 1463 1334 ﬁeret,
1480 1308 1530 1328 nec
1547 1301 1638 1328 futura
1655 1310 1717 1330 esse

928 1346 1098 1373 crederetur.
1126 1345 1278 1374 Bostrenos
1310 1354 1420 1381 quoque
1447 1347 1575 1375 hortatus
1602 1353 1658 1379 est,
1686 1352 1718 1377 ut

930 1391 1022 1419 Titum
1043 1392 1104 1427 ejus
1128 1392 1182 1419 loci
1207 1392 1367 1427 episcopum
1393 1392 1445 1419 sub
1469 1392 1558 1427 elogio
1580 1393 1718 1427 praeconis

929 1439 1073 1474 ejicerent.
1102 1437 1172 1465 Nam
1200 1445 1264 1465 cum
1297 1439 1418 1465 minatus
1444 1442 1519 1465 esset
1550 1438 1657 1474 culpam
1688 1447 1718 1466 se

930 1493 1039 1514 omnem
1062 1484 1253 1520 conjecturum
1275 1485 1302 1511 in
1326 1484 1402 1511 illurn
1418 1488 1445 1511 et
1459 1484 1487 1511 in
1504 1484 1622 1512 clericos
1645 1484 1718 1520 ejus,

91 1526 175 1559 τοῦτο,
189 1528 236 1554 καὶ
249 1529 310 1560 ταῖς
327 1529 409 1556 αὑτοῦ
425 1530 618 1565 παραινέσεσιν
634 1531 776 1567 ἀγόμενον,
794 1534 877 1568 μηδὲν

947 1532 953 1558 i
980 1532 1057 1567 plebs
1084 1531 1249 1559 seditionem
1278 1535 1412 1563 moveret,
1424 1530 1508 1557 Titus
1534 1530 1658 1558 libellum
1684 1531 1718 1558 ad

91 1573 236 1605 στασιῶῖες
261 1574 370 1602 ἐννοεῖν.
408 1575 455 1602 Ἐκ
479 1576 606 1604 τοιούτων
628 1577 656 1603 δὲ
681 1579 811 1613 ῥημάτων
837 1580 877 1612 εἰς

92 1617 188 1653 ἔχθραν
213 1621 382 1656 καταστῆσαι
408 1622 446 1657 τῷ
471 1622 592 1658 δημοσίῳ
621 1624 667 1650 τὸν
689 1625 769 1651 Τῖτον
794 1634 878 1652 κατα-

93 1664 240 1698 σκευάζων,
264 1666 378 1701 γράφων
395 1668 557 1704 Βοστρήνοῖς
576 1669 700 1696 διέϐαλεν
725 1671 816 1702 αὐτὴν,
841 1672 879 1704 ὡς

92 1712 241 1747 κατήγορον
255 1712 301 1738 τοῦ
317 1713 435 1749 πλήθους
455 1715 645 1750 γεγενημένον·
667 1713 710 1743 οἵα
726 1717 757 1752 δὴ
774 1717 812 1752 μὴ
826 1718 880 1744 ἀπο

93 1756 200 1792 γνώμης
222 1759 336 1791 οἰκείας,
357 1759 401 1787 διὰ
420 1760 448 1786 δὲ
469 1760 519 1792 τὰς
538 1761 620 1788 αὐτοῦ
645 1762 821 1797 παραινέσεις
842 1763 879 1798 μὴ

94 1804 286 1836 στασιάζοντας
297 1813 304 1820 ·
319 1805 366 1832 καὶ
379 1805 417 1837 ὡς
435 1805 553 1843 δυσμενῆ
562 1806 724 1833 ἀπελαύνειν
741 1807 820 1834 αὐτὸν
830 1809 879 1840 τῆς

94 1848 203 1883 πόλεως,
230 1851 349 1878 ἀνεκίνει
365 1851 410 1877 τὸν
432 1851 526 1886 δῆμον.
557 1852 674 1879 Τοιαῦτα
691 1853 718 1879 δὲ
734 1853 817 1880 πολλὰ
832 1854 880 1880 καὶ

94 1893 220 1929 ἀλλαχόσε.
239 1895 375 1930 συμϐῆναι
393 1896 465 1927 εἰκός
476 1904 482 1910 ·
506 1896 539 1923 τὰ
555 1897 615 1932 μὲν,
633 1897 701 1924 κατὰ
717 1898 880 1933 πρόσταγμα

95 1938 137 1965 τοῦ
152 1939 301 1974 βασιλέως·
322 1941 357 1967 τὰ
377 1941 415 1972 δὲ,
443 1941 472 1974 ἐξ
489 1942 573 1977 ὀργῆς
588 1943 634 1969 καὶ
655 1944 818 1978 προπετείας
833 1944 880 1979 δή-

98 1991 169 2018 μωντ
186 1987 229 2021 ἐφ’
243 1984 284 2018 οἷς
299 1986 347 2013 καὶ
361 1987 446 2018 οὕτως
461 1987 498 2022 τῷ
513 1987 657 2023 κρατοῦντι
670 1988 718 2024 τὴν
737 1989 824 2016 αἰτίαν
837 1998 880 2022 τις

96 2029 221 2066 ἀναθήσει
237 2032 290 2058 τῶν
312 2032 518 2067 γεγενημένων·
540 2033 570 2059 οὐ
584 2034 638 2068 γὰρ
656 2034 746 2069 ὑπῆγε
767 2036 823 2067 τοῖς
838 2036 880 2062 νό-

98 2083 155 2109 μοις
169 2078 231 2109 τοὺς
247 2074 298 2104 ὧδε
318 2078 556 2114 παρανομοῦντας·
582 2079 650 2106 ἀλλὰ
667 2080 739 2116 μίσει
753 2080 791 2116 τῷ
813 2081 880 2117 πρὸς

96 2121 143 2157 τὴν
171 2123 337 2160 θρησκείαν,
366 2125 519 2160 μέμφεσθαι
549 2126 636 2160 λόγοις
666 2127 762 2159 δοκῶν,
789 2127 880 2163 ἔργοις

98 2169 280 2205 προύτρέπετο
289 2171 362 2202 ’τοὺς
376 2171 410 2197 τὰ
425 2171 537 2197 τοιαῦτα
554 2171 676 2206 δρῶντας
689 2181 695 2187 ·
711 2172 772 2200 ὅθεν
785 2175 831 2200 καὶ
843 2174 880 2208 μὴ

932 1578 1084 1612 principem
1102 1577 1196 1610 misit,
1220 1580 1394 1611 testatusque
1410 1580 1452 1603 est
1466 1576 1640 1604 Christianos
1660 1576 1719 1614 ple-

932 1624 994 1651 bem
1006 1623 1152 1659 gentilium
1165 1630 1283 1650 numero
1294 1621 1439 1658 adaequare
1450 1631 1456 1648 :
1467 1622 1611 1656 quiescere
1625 1626 1719 1651 tamen

933 1670 994 1697 illos
1011 1674 1039 1697 et
1063 1669 1305 1696 cohortationibus
1325 1668 1383 1695 suis
1406 1667 1629 1703 obtemperantes
1650 1668 1719 1694 nihil

933 1716 1093 1743 seditiosum
1119 1714 1274 1742 moliri.‘Ex
1291 1714 1393 1749 quibus
1415 1714 1508 1742 verbis
1532 1713 1626 1741 Titum
1647 1715 1720 1751 plebi

934 1761 1052 1788 invisum
1077 1760 1193 1787 reddere
1219 1760 1334 1794 cupiens
1362 1759 1525 1794 imperator,
1552 1760 1579 1787 in
1603 1760 1720 1795 epistola

933 1813 1016 1840 quam
1032 1805 1144 1839 scripsit
1157 1804 1311 1836 Bostrenis,
1325 1811 1388 1831 eum
1402 1804 1574 1832 insimulavit
1588 1808 1720 1840 tanquam

933 1850 1163 1879 calumniatorem
1185 1850 1325 1882 civitatis,
1347 1849 1422 1884 quod
1447 1849 1555 1877 dixerat
1579 1850 1641 1877 illos
1666 1859 1721 1878 non

934 1906 983 1925 sua
999 1901 1107 1932 sponte,
1124 1897 1171 1924 sed
1185 1896 1274 1930 ipsius
1289 1896 1399 1922 hortatu
1413 1903 1429 1923 a
1440 1895 1627 1925 seditionibus
1640 1897 1723 1923 ahsti-

934 1950 1009 1972 nere,
1024 1941 1186 1977 plebemque
1200 1940 1326 1967 incitavit
1340 1943 1368 1966 ut
1380 1939 1456 1967 illum
1469 1943 1600 1974 tanquam
1614 1940 1720 1967 hostem

934 1987 1074 2022 publicum
1099 1994 1115 2013 e
1140 1985 1251 2012 civitate
1277 1992 1326 2012 sua
1354 1984 1533 2019 expellerent.
1556 1983 1722 2018 Hujusmodi

935 2033 1021 2061 multa
1047 2031 1114 2059 alibi
1141 2037 1252 2066 quoque
1277 2029 1430 2064 contigisse
1460 2036 1528 2056 vero
1555 2029 1646 2056 simile
1667 2033 1721 2062 est,

934 2078 1034 2113 partim
1058 2085 1090 2104 ex
1108 2075 1283 2111 imperatoris
1302 2075 1441 2106 mandato,
1458 2073 1556 2108 partim
1571 2073 1673 2108 ithpctu
1687 2081 1721 2101 ac

934 2124 1090 2151 temeritate
1119 2122 1204 2157 vulgi.
1229 2121 1350 2154 Quorum
1381 2120 1504 2147 omnium
1526 2119 1634 2154 culpam
1663 2127 1722 2146 me-

935 2172 989 2198 rito
1012 2170 1075 2205 quis
1099 2167 1259 2203 imperatori
1283 2166 1454 2201 ascripserit.
1482 2164 1577 2201 Neque
1599 2164 1671 2192 enim
1686 2172 1722 2192 cx

99 2213 235 2246 διώκοντος
248 2217 341 2250 αὑτοῦ,
367 2217 437 2243 κατὰ
452 2217 542 2249 πόλεις
554 2217 600 2244 καὶ
619 2217 715 2253 κώμας
728 2218 842 2253 ἔφευγον
858 2220 881 2248 οἱ

945 2226 1024 2254 egum
1047 2215 1208 2252 praescripto
1229 2213 1424 2241 animadvertit
1440 2213 1468 2241 in
1487 2220 1537 2240 eos
1558 2212 1605 2247 qui
1624 2211 1722 2246 hujus-

694 2298 827 2326 VALESII
844 2295 1122 2326 ANNOTATIONES.

133 2372 170 2413 (ὅ)
185 2373 285 2413 Σχολῇ
299 2374 353 2408 γὰρ
369 2373 407 2401 ἂν
421 2376 581 2413 τοσούτων.
600 2374 782 2413 §cribendum
813 2382 879 2411 puto
898 2394 901 2397 -

101 2410 197 2447 τούτων
216 2410 304 2442 potius
329 2417 413 2447 quam
429 2410 574 2438 τοσούτων.
599 2411 729 2439 Eumdetn
758 2410 880 2439 errorem

101 2445 224 2475 superius
244 2445 346 2471 notavi.

136 2477 172 2516 (έν)
191 2478 238 2516 ίῼς
252 2479 368 2516 ἀνάγκη
382 2480 463 2508 ποτέ.
477 2480 620 2508 Assentior
632 2481 882 2516 Christophorsono

103 2515 128 2537 ct
142 2511 252 2551 S_avilio,
264 2511 485 2551 qui'particulam
504 2516 658 2550 negativam
684 2511 810 2551 supplent
830 2517 883 2544 hoc

104 2547 191 2587 modo,
207 2549 243 2580 ὡς
254 2547 306 2587 οὒκ
319 2547 424 2587 ᾇνάγκη
441 2550 521 2587 ποτέ.
541 2547 632 2587 Ἇιψιθ
661 2551 698 2578 ita
716 2547 780 2587 legit
806 2552 885 2579 Nice-

105 2580 203 2619 phorus
214 2588 239 2610 et
254 2580 424 2619 Epiphanius
438 2580 638 2614 Scholastic‘us.

139 2616 174 2656 (5)
191 2616 394 2656 Σκεπὲόλιενος
412 2620 455 2648 δέ.
472 2620 652 2656 Scribendum
678 2622 774 2656 procul
801 2623 884 2649 duhio

106 2654 354 2691 εει-σκηπτόμενος,
375 2655 605 2691 quemadmodum
636 2654 753 2684 Savilius
779 2657 806 2684 in
835 2665 885 2683 suo

108 2687 196 2726 rodice
214 2687 540 2726 einendarat.'Distinguit
553 2691 625 2717 enim
639 2690 806 2719 Sozomenus
818 2700 886 2726 prie-

108 2722 205 2761 lfxluru
220 2731 273 2758 quo
286 2725 413 2752 utebatur
428 2722 553 2752 Julianus
569 2726 595 2751 in
606 2725 748 2761 pellendis
765 2734 798 2753 ex
818 2722 886 2754 urbe

108 2753 244 2795 clericisﬁ
254 2767 315 2787 vera
326 2767 408 2788 causa
421 2768 481 2795 quae
492 2760 567 2787 illum
580 2753 651 2787 ad'id
665 2753 817 2788 faciendum
829 2753 886 2795 μοΙὲ

109 2786 186 2830 ὶςθιιι.
245 2801 336 2821 veram
352 2786 644 2829 quidemwcausamrait
654 2786 885 2830 ὥίέιέὲζῖἷῷίυιὶε

111 2822 300 2856 doctoribusoc
306 2822 495 2857 sacerdotibus
503 2830 629 2857 destituta
636 2822 774 2863 ,paulati'm
785 2822 887 2857 in'ohti-

111 2863 212 2893 Vtone'm
226 2864 363 2898 religionis
375 2873 430 2892 sure
443 2865 625 2892 delaberetur.
641 2866 803 2893 Practextum
819 2873 885 2893 vero

270 2910 401 2941 ΡΑΤιιοιη
423 2912 471 2942 Gn
501 2912 613 2943 LXVII.

933 2378 1005 2405 hunc
1021 2376 1106 2404 fuisse
1118 2375 1196 2407 dicit,
1212 2374 1284 2409 quod
1301 2371 1510 2409 clericiplebem
1527 2371 1559 2409 ad
1573 2371 1722 2409 seditiones

932 2413 1072 2440 concitare
1095 2411 1167 2438 soliti
1185 2406 1288 2437 essent.
1308 2408 1370 2435 Iltec
1397 2407 1459 2434 ideo
1480 2406 1569 2433 fusius
1594 2408 1720 2441 exposui,

934 2449 999 2483 quia
1012 2449 1176 2480 interpretes
1190 2446 1216 2472 in
1231 2444 1313 2483 hujus
1328 2442 1516 2483 loeiyersione
1532 2441 1610 2476 longe
1627 2449 1643 2467 τι
1659 2450 1721 2483 ὶζςῐνξ

935 2476 1108 2512 aberrarunt.
1142 2488 1174 2507 ac
1203 2476 1339 2514 praecipue
1362 2476 1639 2514 Christophorsouus.
1669 2476 1721 2514 Sed

935 2525 1025 2553 neque
1036 2511 1212 2553 Nicephorus:
1223 2511 1314 2553 verain
1329 2512 1484 2553 hujnsdoci
1500 2511 1643 2553 lectionem
1662 2512 1722 2537 ani-

937 2546 1082 2581 ma'dvertit
1100 2546 1111 2578 ε’
1124 2550 1232 2577 σκοπῶν
1257 2549 1328 2576 enim
1350 2547 1440 2582 posuit
1459 2553 1509 2582 pro
1529 2546 1721 2582 σκεπτόμενος,

937 2588 1074 2623 lnterpres
1086 2592 1176 2613 tamen
1194 2583 1337 2623 Nicephori
1348 2581 1440 2623 verum
1453 2581 1535 2616 hujus
1548 2581 1599 2623 loci
1611 2587 1723 2623 sensum

938 2616 1069 2651 odoratus
1080 2625 1122 2649 est
1137 2630 1144 2647 :
1164 2625 1191 2648 et
1204 2616 1276 2654 quod
1288 2617 1458 2654 Nicephorus
1473 2624 1527 2644 non
1541 2616 1656 2646 viderat.
1666 2616 1724 2650 ipse

939 2657 1162 2693 interpretatione
1182 2653 1395 2693 suasupplevit.
1494 2686 1512 2693 Δ,
1552 2686 1557 2691 _

975 2688 1221 2725 ίϐΥΒοστρηνοὺς
1235 2689 1277 2716 δέ.
1296 2689 1357 2725 Haec
1371 2688 1532 2715 constitutio
1544 2688 1724 2725 imperatoris

940 2720 1041 2755 Iuliani
1070 2720 1290 2754 att-Bostrenses
1319 2724 1411 2751 missa.
1431 2726 1520 2749 exstat
1544 2720 1623 2746 hodie
1653 2720 1725 2755 inter

940 2754 1076 2798 I‘Zpistolas
1105 2759 1219 2798 Iuliani,
1240 2766 1316 2785 num.
1341 2757 1459 2798 52,_u_bi
1489 2754 1726 2798 lulianusdverba

940 2791 998 2832 ip'sa
1013 2795 1210 2832 refertrquibns
1228 2802 1295 2832 usus
1312 2798 1371 2820 erat
1384 2791 1471 2832 .Titus
1498 2791 1653 2818 Bostrensis
1667 2795 1725 2822 ενι-

940 2827 1041 2868 scopus
1058 2832 1086 2859 in
1100 2827 1189 2858 libello
1202 2830 1235 2856 ad
1252 2829 1341 2864 ipsum
1355 2827 1450 2855 misso.

1451 2903 1487 2934 40
