1896 3074
61 164 133 193 ίὲσι

535 161 694 190 HISTORIA
716 162 994 192 ECCLESI.\STlC;\.
1017 179 1048 184 -ι
1069 164 1133 191 UB.
1153 164 1184 190 Υ.

1626 161 1694 189 1-262

59 219 358 256 παρευῶκιμοὺμενον
388 217 458 253 όρῶν
492 217 543 243 ὖπδ
561 218 607 244 τοῦ
632 217 856 254 Χριστιανισμοῠ.

922 221 1052 255 mperium
1080 221 1248 256 prmi-aleret,
1272 227 1331 248 eam
1352 229 1366 248 a
1386 222 1603 250 Christianorum
1627 225 1695 250 reli-

58 268 135 295 Nato‘t
148 267 205 302 μὲν
218 267 271 301 γὰρ
290 265 465 300 ἀνεῴγεισαν.
477 265 523 290 καὶ
536 264 636 295 θυσίαι,
655 265 703 291 καὶ
723 265 856 300 Ἑλλήνων

59 312 178 347 πάτριοι
192 311 286 346 ἑορταὶ
300 310 355 337 τῶν
365 309 480 341 πόλεων,
496 309 566 335 κατὰ
578 309 691 345 γνώμην
707 310 779 345 αὐτῷ
795 319 858 346 προ-

59 358 167 392 χωρεῖν
198 356 318 382 ἐδόκουν.
363 355 469 381 Ἦνιᾶτο
498 353 526 380 δὲ
551 354 742 389 λογιζόμενος,
770 355 808 387 ὡς
836 356 858 381 εί

57 401 228 437 γυμνωθείη
248 400 334 427 ταῦτα
350 399 398 434 τῆς
425 399 506 426 αὑτοῦ
530 400 658 433 σπουδῆς,
679 401 789 434 ταχεῖαν
804 400 859 431 ἕξει

60 448 111 483 τὴν
132 446 300 482 μεταϐολήν.
332 446 387 480 Οὐχ
406 445 506 480 ἥκιστα
522 445 550 472 δὲ
570 446 678 481 ἡχθετο,
695 447 741 472 καὶ
754 445 859 472 πολλῶν

63 492 166 528 ἱερέων
182 491 386 526 Χριστιανίςειν
403 491 509 518 ἁκούων
523 491 573 522 τὰς
590 491 713 525 γαμετὰς
735 493 781 517 καὶ
797 491 860 523 τοὺς

61 539 177 572 παῖδας,
205 539 253 565 καὶ
275 538 338 569 τοὺς
357 537 475 568 οἰκέτας.
499 537 657 563 ’Υπολαόὼν
680 537 709 563 δὲ
730 536 776 562 τὸν
793 537 859 571 Χρι-

63 584 232 619 στιανισμὸν
251 584 299 619 τὴν
320 583 449 610 σύστασιν
465 583 536 617 ἔχειν
553 584 584 609 ἐκ
604 582 652 609 τοῦ
668 583 725 618 βίου
749 583 795 609 καὶ
810 583 859 618 τῆς

62 628 209 660 πολιτείας
229 628 284 654 τῶν
299 628 378 654 αὑτὸν
405 628 568 662 μετιόντων,
591 627 718 653 διενοεῖτο
735 628 858 662 πανταχῆ

62 674 128 705 τοὺς
156 673 335 709 Ἑλληνικοὺς
350 675 430 706 ναοὺς
456 676 488 709 τῇ
504 675 663 709 παρασκευῇ
672 674 718 700 καὶ
733 675 766 708 τῇ
785 673 859 705 τάξει

62 721 112 755 τῆς
137 719 314 754 Χριστιανῶν
331 719 479 754 θρησκείας
498 719 672 753 διακοσμεῖν·
702 718 804 754 βήμασί
830 727 858 744 τε

43 759 45 762 ’
63 766 111 792 καὶ
126 765 298 800 προεδρίαις,
320 765 366 791 καὶ
386 764 549 799 Ἑλληνικῶν
563 764 705 799 δογμάτων
723 766 770 791 καὶ
790 773 859 798 παρ-

63 811 200 838 αινέσεων
217 811 389 842 διδασκάλοις
405 818 435 837 τε
452 811 500 836 καὶ
517 809 713 844 ἀναγνώσταις,
737 810 815 844 ὡρῶν
829 818 858 835 τε

65 857 157 893 ῥητῶν
174 857 226 883 καὶ
241 856 351 892 ἡμερῶν
375 855 554 891 τεταγμέναις
572 855 676 890 εὐχαῖς,
699 863 859 890 φροντιστη-

914 265 995 299 gione
1019 266 1096 301 longe
1113 267 1236 300 superari
1259 274 1388 300 cernens,
1404 268 1500 302 iniquo
1516 269 1608 295 animo
1622 270 1695 296 tulit.

913 310 979 337 Nam
995 311 1092 346 templa
1103 312 1212 345 quidem
1227 312 1340 339 deorum
1353 313 1496 347 patebant.
1509 317 1536 340 et
1548 313 1695 347 sacriﬁcia,

914 350 1030 391 festique
1052 358 1192 391 gentilium
1213 358 1283 390 dies,
1300 359 1424 392 ritusque
1444 358 1579 393 majorum
1595 359 1621 386 in
1636 357 1695 386 si'n-

914 403 983 436 gulis
999 403 1159 430 civitatibus
1173 411 1207 430 ex
1223 408 1285 430 voto
1306 405 1439 438 principis
1457 405 1604 438 procedere
1619 405 1695 431 vidc-

913 448 1021 474 haulur.
1046 447 1158 475 Dolchat
1183 453 1286 481 tamen,
1308 457 1370 476 cum
1397 450 1467 484 apud
1491 458 1520 477 se
1545 455 1695 484 reputaret,

914 494 988 520 brevi
1019 494 1070 520 ista
1097 496 1290 522 commutanda
1317 504 1389 526 esse,
1413 497 1435 523 si
1464 503 1528 522 cura
1554 497 1641 530 ipsius
1664 505 1696 523 ac

913 539 1103 566 sollicitudine
1118 539 1345 567 destituerentur.
1362 541 1517 575 Augebatur
1531 545 1620 567 autem
1641 549 1695 568 non

913 585 1099 618 mediocriter,
1111 592 1173 612 cum
1183 585 1290 612 audiret
1302 586 1382 620 203
1395 587 1541 614 multorum
1557 586 1696 613 ﬂaminum

914 637 1013 657 uxores
1025 636 1058 656 ac
1069 630 1170 657 liberos
1180 634 1208 656 et
1219 629 1335 657 famulos
1344 630 1527 658 Christianam
1538 631 1695 666 religionem

912 675 1044 710 proﬁteri.
1063 676 1188 710 Cumque
1212 675 1382 703 existimaret
1398 676 1616 704 Christianorum
1633 677 1697 704 reli-

914 722 1020 753 gionem
1035 728 1068 746 ex
1084 720 1139 745 vita
1152 724 1179 745 el.
1196 720 1320 746 moribus
1337 728 1432 747 eorum
1448 721 1495 754 qui
1513 720 1586 747 illam
1605 726 1695 749 Secta-

914 769 1024 797 rcntur,
1052 765 1170 792 maxime
1197 766 1399 798 commendari,
1424 766 1566 800 gentilium
1597 768 1695 802 templa

913 817 1043 845 apparatu
1068 815 1151 845 atque
1170 810 1267 838 ordine
1283 810 1451 837 Christianis
1475 811 1576 837 usitato
1598 819 1698 838 ornare

913 857 1057 883 constituit
1072 865 1078 882 :
1095 856 1225 891 gradibus
1249 861 1377 890 praeterea
1395 863 1427 883 ac
1448 857 1527 891 primi
1551 864 1697 884 consessus

66 904 134 940 ρίοις
161 912 194 930 τε
212 903 318 938 ἀνδρῶν
342 903 389 929 καὶ
409 902 546 936 γυναικῶν
566 902 719 936 φιλοσοφεῖν
743 902 862 936 ἐγνωκό-

919 902 1111 937 m-aerogatira;
1131 902 1273 937 gentilium
1294 902 1358 929 item
1378 902 1535 937 dogmatum
1551 906 1578 929 et
1600 903 1700 929 exhor-

65 959 132 982 των,
155 951 206 977 καὶ
225 949 410 984 καταγωγίοις
431 949 514 982 ξένων
533 948 580 974 καὶ
605 948 730 982 πτωχῶν,
758 948 805 974 καὶ
829 949 860 982 τῇ

66 996 135 1033 ἄλλῃ
150 998 185 1032 τῇ
199 996 266 1031 περὶ
280 996 342 1027 τοὺς
352 995 494 1030 δεομένους
505 993 692 1029 φιλανθρωπίᾳ
719 993 749 1019 τὸ
769 993 861 1028 Ἐλλη-

67 1042 142 1069 νικῆν
162 1042 256 1076 δόγμα
275 1041 419 1075 σεμνῦναι,
451 1039 582 1066 ἑκουσίων
607 1048 636 1065 τε
656 1039 703 1065 καὶ
729 1039 862 1066 ἀκουσίων

66 1087 282 1123 ἁμαρτημάτων
302 1086 370 1113 κατὰ
392 1085 440 1120 τὴν
456 1085 510 1111 τῶν
526 1084 698 1120 Χριστιανῶν
713 1084 862 1120 παράδοσιν

68 1133 100 1159 ὲκ
116 1132 303 1168 μεταμελείας
320 1131 475 1166 σύμμετρον
491 1130 569 1162 τάξαι
586 1130 784 1165 σωφρονισμόν.
807 1130 862 1164 Οὐχ

67 1179 169 1214 ἣκιστα
188 1178 217 1205 δὲ
241 1178 358 1214 ζηλῶσαι
385 1177 492 1210 λέγεται
516 1176 549 1202 τὰ
572 1177 730 1212 συνθήματα
742 1176 796 1210 (12)
808 1176 863 1202 τῶν

69 1225 263 1253 ὲπισκοπικῶν
286 1225 470 1261 γραμμάτων,
493 1220 533 1254 οἷς
557 1222 617 1255 ἔθος
639 1221 785 1258 ἀμοιϐαδὸν
800 1222 863 1254 τοὺς

70 1271 162 1304 ξένους
178 1272 241 1298 ὅποι
258 1271 357 1306 δήποτε
367 1271 494 1302 διιόντας,
509 1270 556 1297 καὶ
569 1270 633 1304 παρ’
649 1266 689 1300 οἷς
701 1268 734 1295 ἂν
748 1267 864 1302 ἀφίκων-

70 1326 126 1350 ται,
144 1317 257 1349 πάντως
279 1317 446 1351 κατάγεσθαι
468 1317 515 1343 καὶ
539 1315 686 1351 θεραπείας
713 1314 863 1346 ἀξιοῦσθαι,

69 1361 114 1391 οἷά
135 1372 168 1398 γε
194 1363 350 1398 γνωρίμους
365 1363 411 1390 καὶ
435 1363 588 1397 φιλτάτους,
604 1362 647 1388 διὰ
661 1361 709 1396 τὴν
724 1361 771 1387 τοῦ
795 1370 864 1395 συμ-

72 1409 149 1435 ϐόλου
183 1408 350 1443 μαρτυρίαν.
380 1408 472 1434 Ταῦτα
496 1407 693 1441 διανοούμενος,
713 1405 863 1437 ἐσπούδαζε

73 1455 134 1485 τοὺς
153 1453 330 1488 Ἑλληνιστὰς
350 1453 520 1488 προσεθίζειν
547 1453 602 1483 τοῖς
619 1451 672 1478 τῶν
694 1451 864 1486 Χριστιανῶν

73 1500 298 1535 ἐπιτηδεύμασιν.
318 1499 387 1526 Ἀλλ’
403 1499 495 1534 ἐπειδὴ
511 1499 565 1530 τοῖς
581 1498 685 1528 πολλοῖς
700 1497 764 1528 ἴσως
784 1498 862 1523 ἀπεί-

75 1543 154 1570 θανον
176 1542 249 1570 εἶναι
264 1544 343 1570 τοῦτο
369 1543 452 1575 δοκεῖ,
482 1544 533 1570 οὐκ
553 1543 663 1570 ἄλλοθεν
680 1543 696 1577 ἢ
712 1543 758 1569 ἀπ’
774 1543 863 1570 αὐτῶν

75 1588 128 1615 τῶν
141 1589 188 1615 τοῦ
205 1589 337 1624 βασιλέως
349 1584 477 1624 ῥημάτων
493 1589 646 1623 παρέξομαι
659 1588 707 1623 τὴν
722 1588 776 1614 τῶν
791 1589 864 1623 εἰρη-

78 1635 163 1670 μένων
176 1635 323 1668 ἀπόδειξιν.
337 1635 438 1670 Γράφει
450 1635 479 1661 δὲ
492 1632 540 1661 ὧδε
552 1636 616 1669 (15)·

76 1682 274 1708 assuefaceret.
310 1682 362 1708 Sed
385 1682 514 1715 quoniam
534 1681 607 1708 istud
633 1680 771 1715 plerisque
792 1680 953 1709 incredibile
980 1682 1100 1710 fortasse
1128 1682 1285 1712 videbitur,

913 948 1046 975 talionum
1069 948 1230 976 doctoribus
1258 953 1340 983 atque
1366 949 1534 980 lectoribus;
1558 953 1697 976 certorum

913 1001 1024 1029 quoque
1049 994 1156 1021 dierum
1177 999 1258 1029 atque
1278 993 1408 1021 horarum
1429 995 1541 1022 statutis
1561 997 1700 1030 precatio~

913 1041 1015 1072 nibus;
1033 1040 1209 1068 monasteriis
1222 1044 1352 1075 praeterea
1367 1041 1486 1067 virorum
1504 1048 1536 1068 ac
1551 1041 1699 1068 mulierum

913 1083 1100 1120 philosophari
1124 1086 1310 1120 cupientium;
1330 1087 1508 1113 xenodochiis
1527 1087 1647 1122 denique
1672 1091 1700 1114 et

917 1130 1147 1165 ptochotrophiis,
1168 1135 1196 1158 et
1217 1132 1293 1158 omni
1311 1132 1416 1166 reliqua
1440 1139 1504 1167 erga
1526 1140 1626 1167 egenos
1650 1133 1701 1159 hu-

913 1177 1046 1204 manitate
1070 1177 1233 1212 religionem
1254 1178 1396 1211 gentilium
1419 1177 1566 1205 illustrare.
1582 1178 1620 1205 Ad
1643 1179 1700 1205 haec

914 1222 1032 1256 peccatis
1045 1230 1105 1257 quae
1113 1223 1154 1250 vel
1167 1226 1264 1257 sponte
1273 1223 1314 1250 vel
1324 1223 1358 1250 ab
1370 1223 1464 1251 invitis
1476 1224 1700 1258 committuntur,

911 1268 989 1302 juxta
1006 1276 1109 1295 morem
1129 1268 1350 1296 Christianorum
1363 1276 1514 1305 congruam
1534 1271 1702 1305 paenitentiae

914 1315 1133 1343 emendationem
1158 1314 1290 1342 adhibere
1308 1315 1476 1343 decreverat.
1493 1315 1546 1343 Sed
1564 1317 1701 1351 praecipue

914 1364 993 1388 notas
1011 1368 1042 1387 ac
1058 1366 1176 1388 tesseras
1190 1362 1390 1396 episcopalium
1409 1361 1563 1389 litterarum
1581 1362 1701 1389 admira~

914 1411 959 1434 tus
985 1414 1046 1434 esse
1070 1407 1189 1439 dicitur,
1215 1407 1316 1442 quibus
1346 1407 1436 1434 solent
1461 1407 1621 1442 peregrinos
1648 1407 1702 1435 sibi

916 1451 1030 1479 invicem
1050 1451 1264 1493 commendare;
1284 1456 1314 1478 ut
1336 1452 1474 1478 undelibet
1498 1452 1650 1485 venientes,
1668 1453 1701 1480 ad

914 1507 1096 1534 quoscunque
1111 1499 1295 1529 accesserint,
1307 1502 1437 1533 tanquam
1452 1497 1510 1525 noti
1524 1502 1605 1532 atque
1621 1498 1702 1524 amici

915 1545 1091 1580 excipiantur
1106 1545 1226 1579 hospitio
1246 1549 1273 1571 et
1292 1544 1410 1579 benigne
1425 1548 1556 1571 curentur
1569 1543 1605 1571 ob
1627 1544 1703 1570 testi-

920 1592 1041 1618 monium
1055 1591 1190 1626 ejusmodi
1210 1595 1291 1618 notae.
1309 1590 1371 1617 llaec
1386 1599 1449 1617 cum
1472 1591 1563 1618 animo
1577 1591 1702 1626 agitaret.

918 1644 1029 1671 operam
1048 1637 1128 1663 dabat
1146 1640 1176 1663 ut
1197 1636 1312 1670 gentiles
1329 1635 1547 1663 Christianorum
1571 1635 1704 1663 institutis

1330 1689 1384 1708 non
1410 1681 1521 1708 aliunde
1547 1689 1629 1716 quam
1669 1688 1702 1707 ex

77 1728 200 1764 ipsismet
228 1730 405 1764 imperatoris
431 1729 521 1756 verbis
540 1729 622 1763 hujus
648 1728 686 1755 rei
711 1728 853 1756 Veritatem
873 1730 1067 1765 comprobabo.
1084 1729 1130 1756 Sic
1141 1729 1212 1756 enim
1226 1729 1344 1756 scribit:

244 1777 386 1810 ’Aptmm’rp
399 1775 530 1810 ἀρχιερεῖ
541 1777 701 1809 Γαλατίας.

115 1822 292 1857 Ἑλληνισμὸς
303 1821 378 1847 οὔτ-,ω
392 1822 505 1856 πράττει
518 1821 587 1847 κατὰ
596 1822 683 1856 λόγον,
696 1823 773 1858 ἡμῶν
783 1823 864 1849 ἕνεκα

77 1866 128 1893 τῶν
150 1867 299 1901 μετιόντων
322 1867 413 1894 αὐτόν.
443 1866 483 1892 Τὰ
500 1866 554 1901 γὰρ
575 1866 630 1893 τῶν
652 1867 720 1894 θεῶν
750 1869 864 1903 λαμπρὰ

78 1912 122 1939 καὶ
139 1913 262 1947 μεγάλα,
293 1913 435 1951 κρείττονμ
452 1912 541 1947 πάσης
564 1912 612 1947 μὲν
627 1912 719 1948 εὐχῆς,
734 1913 822 1947 πάσης
836 1914 864 1940 δὲ

78 1957 189 1989 ἐλπίδος.
204 1958 298 1989 Ἵλεως
311 1957 339 1983 δὲ
352 1957 420 1983 ἕστω
433 1958 488 1988 τοῖς
502 1958 591 1992 λόγοις
602 1958 681 1993 ἡμῶν
696 1959 862 1994 Ἀδράστεια.

79 2001 132 2037 Τὴν
146 2002 200 2037 γὰρ
215 2003 245 2029 ἐν
264 2002 345 2037 ὀλίγῳ
359 2002 493 2037 τοσαύτην
511 2004 558 2029 καὶ
571 2004 736 2039 τηλικαύτην
751 2005 864 2039 μεταϐο-

79 2046 125 2082 λὴν
140 2048 200 2074 οὐδὲ
217 2047 347 2079 εὔξασθαί
374 2056 415 2079 τις
437 2048 519 2082 ὀλίγῳ
539 2048 671 2084 πρότερον
692 2050 802 2084 ἐτόλμα.
832 2050 864 2076 Τί

80 2092 124 2121 οὖν
133 2096 214 2129 ἡμεῖς
227 2094 339 2129 οἰόμεθα
351 2093 437 2120 ταῦτα
453 2095 564 2129 ὰρκέῖν;
589 2094 650 2120 οὐδὲ
664 2096 862 2130 ἀποϐλέπομεν,

80 2139 94 2166 ὃ
110 2140 225 2174 μάλιστα
240 2140 294 2174 (14)
304 2140 353 2175 τὴν
370 2139 504 2174 ἀθεότητα
520 2137 685 2175 συνηύξησεν
698 2142 714 2176 ἡ
727 2142 789 2176 περὶ
802 2141 865 2173 τοὺς

82 2183 169 2217 ξένους
186 2185 385 2221 φιλανθρωπία,
411 2187 458 2212 καὶ
476 2187 492 2221 ἡ
509 2187 572 2220 περὶ
587 2187 636 2217 τὰς
650 2187 739 2221 ταφὰς
753 2187 806 2213 τῶν
822 2195 865 2212 νε-

83 2230 153 2265 κρῶν
167 2231 333 2266 προμήθεια,
353 2231 399 2257 καὶ
416 2232 432 2266 η
449 2232 627 2267 πεπλασμένη
645 2233 777 2267 σεμνότης
794 2232 864 2258 κατὰ

1107 1777 1218 1803 Arsacia
1236 1776 1368 1803 sacerdoti
1387 1775 1512 1804 Culmina.
1694 1768 1706 1786 λ

955 1821 1061 1856 Religio
1074 1821 1217 1856 gentilium
1241 1820 1362 1847 nondum
1378 1828 1412 1848 ex
1428 1821 1511 1847 animi
1534 1821 1621 1848 nostri
1644 1828 1705 1848 Sen-

919 1867 1004 1894 tentia
1027 1867 1116 1901 viget,
1139 1866 1220 1900 culpa
1244 1873 1336 1892 eorum
1360 1866 1406 1900 qui
1431 1866 1506 1892 illam
1531 1866 1703 1900 proﬁtentur.

919 1914 986 1940 Nam
1003 1921 1034 1941 ea
1049 1913 1158 1947 quidem
1174 1921 1236 1946 quae
1252 1913 1284 1940 ad
1307 1913 1374 1940 deos
1397 1913 1551 1947 pertinent,
1572 1913 1704 1946 praaelara

920 1962 984 1986 sunt
1005 1961 1087 1992 atque
1117 1957 1260 1992 magniﬁca
1270 1978 1277 1987 .
1294 1958 1423 1992 omnique
1437 1961 1499 1984 voto
1512 1965 1544 1984 ac
1558 1965 1606 1992 spe
1620 1958 1706 1991 majo-

920 2012 961 2031 ra.
976 2005 1063 2038 Atque
1076 2003 1103 2030 id
1118 2010 1185 2037 pace
1198 2002 1322 2030 Nemesis
1336 2002 1438 2030 dictum
1455 2003 1500 2030 sit.
1519 2001 1611 2029 Talem
1630 2003 1702 2030 enim

920 2058 951 2077 ac
967 2055 1068 2077 tantam
1081 2050 1181 2083 exiguo
1203 2050 1336 2084 temporis
1358 2049 1447 2083 spatio
1469 2048 1648 2076 mutationem
1669 2056 1704 2076 ne

920 2100 1014 2130 optare
1029 2095 1137 2129 quidem
1152 2095 1297 2129 quisquam
1316 2095 1396 2129 paulo
1412 2098 1476 2121 ante
1490 2093 1617 2121 audebat.
1633 2093 1703 2126 Quid

919 2139 1005 2173 ergo?
1021 2142 1187 2173 putamusne
1202 2146 1252 2165 nos
1267 2139 1319 2165 ista
1343 2137 1489 2165 sullicere?
1510 2138 1563 2165 Nec
1585 2138 1703 2165 attendi-

919 2193 978 2212 mus
1002 2184 1067 2218 quid
1092 2174 1313 2211 Christianorum
1339 2184 1502 2218 religionem
1530 2184 1702 2218 potissimum

918 2231 1042 2263 auxerit;
1060 2230 1217 2258 humanitas
1234 2229 1338 2257 scilicet
1350 2230 1376 2256 in
1390 2229 1565 2264 peregrinos,
1577 2234 1604 2256 et
1616 2230 1643 2256 iu
1659 2237 1703 2256 se.—

83 2274 126 2300 τὺν
139 2275 211 2310 βίον,
230 2272 268 2302 ὧν
279 2275 393 2302 ἕκαστον
407 2276 498 2310 οἴομαι
512 2276 610 2311 χρῆναι
625 2277 690 2311 παρ’
706 2276 785 2312 ἡμῶν
800 2277 865 2310 ἀλη-

919 2275 1052 2310 pclicndis
1077 2275 1194 2302 mortuis
1215 2275 1334 2302 sollicita
1347 2275 1506 2310 diligentia.
1527 2279 1555 2302 et
1575 2274 1702 2302 simulata

85 2319 135 2352 θῶς
146 2321 361 2356 ἐπιτηδεύεσθαι.
376 2322 432 2349 Καὶ
444 2323 494 2348 οὐκ
506 2322 614 2358 ἀπόχρη
625 2322 656 2348 τὸ
670 2323 700 2348 σὲ
712 2323 791 2357 μόνον
799 2321 868 2349 εἶναι

85 2367 210 2399 τοιοῦτον,
232 2368 301 2394 ἀλλὰ
318 2367 420 2400 πάντας
440 2367 608 2400 ἁπαξαπλῶς
631 2368 656 2394 οἳ
673 2368 736 2404 περὶ
751 2369 799 2404 τὴν
815 2369 868 2394 Γα-

86 2411 175 2439 λατίαν
189 2414 256 2439 είσὶν
272 2414 363 2448 ἱερεῖς.
379 2413 432 2447 Οὓς
446 2415 462 2450 ἢ
475 2414 646 2449 δυσώπησον,
662 2415 679 2449 ἦ
695 2415 786 2441 πεῖσον
799 2412 868 2440 εἶναι

88 2459 253 2491 σπουδαίους,
271 2461 286 2495 ἢ
303 2460 352 2494 τῆς
366 2461 505 2495 ἱερατικῆς
517 2459 686 2495 λειτουργίας
703 2460 867 2494 ἁπόστησον,

89 2502 112 2528 εἰ
127 2503 162 2539 μὴ
176 2505 370 2540 προσέρχονται
390 2506 458 2540 μετὰ
480 2505 616 2539 γυναικῶν
641 2506 687 2532 καὶ
705 2505 808 2532 παίδων
822 2505 868 2531 καὶ

919 2327 1025 2347 morum
1053 2320 1186 2354 gravitas.
1215 2320 1339 2352 Quorum
1365 2320 1472 2354 singula
1495 2327 1559 2346 vere
1582 2327 1596 2346 a
1623 2319 1703 2346 nobis

919 2365 1070 2392 exercenda
1083 2373 1146 2392 esse
1160 2365 1296 2393 existimo.
1311 2364 1367 2392 Nec
1382 2365 1479 2392 sullieit
1495 2365 1567 2398 quod
1584 2369 1611 2391 tu
1632 2372 1702 2391 unus

918 2412 1052 2446 ejusmodi
1070 2411 1128 2439 sis:
1150 2411 1198 2439 sed
1221 2415 1355 2446 quotquot
1371 2412 1397 2438 in
1411 2410 1516 2438 Galatia
1535 2415 1599 2437 sunt
1616 2411 1703 2437 llanii-

919 2466 969 2485 nes
985 2458 1052 2485 tales
1067 2465 1128 2484 esse
1140 2456 1229 2485 decet.
1245 2457 1320 2490 Quos
1334 2461 1363 2483 tu
1379 2457 1419 2483 vel
1433 2456 1536 2490 pudore
1551 2456 1701 2483 alliciendo.

920 2504 960 2531 vel
978 2502 1189 2536 persuadendo.
1203 2503 1289 2530 bonos
1306 2502 1406 2534 redde,
1432 2506 1481 2528 aut
1503 2509 1516 2527 a
1540 2501 1701 2528 sacerdotali

680 2580 815 2608 VALESII
830 2567 1109 2608 IANNOTATIONES.

124 2621 177 2657 (ιῖ)
194 2625 232 2651 Τὰ
247 2626 435 2660 συνθήματα.
452 2625 569 2653 Litteras
581 2624 868 2660 Torn'ialasintelligit.

93 2656 124 2695 de
136 2659 231 2692 quibus
246 2662 323 2687 multi
340 2656 414 2687 "ante
441 2669 490 2688 nos
515 2661 694 2695 scripserunt.
719 2659 772 2686 Sed
797 2656 869 2687 uritis

95 2696 173 2729 instar
185 2695 303 2722 oumium
321 2696 371 2722 erit
390 2695 573 2722 Bernardiuus
586 2694 737 2726 Ferrarius,
749 2695 794 2728 qui
813 2699 869 2721 tres

95 2725 173 2765 libros
195 2730 323 2757 ediditde
338 2731 450 2765 antiquo
468 2731 530 2765 jure
545 2725 793 2757 ecclesiasticarum
812 2731 869 2764 epi-

96 2762 230 2790 stolarum.

129 2797 179 2831 ‘15)
197 2799 305 2833 Γράφει
320 2799 354 2826 δὲ
371 2798 438 2827 ὧδε.
453 2802 483 2827 in
501 2799 594 2827 codice
622 2799 773 2826 Fuketiano
796 2799 866 2825 srri<

97 2833 215 2861 Pllnncst
234 2836 333 2870 γράφει
363 2836 417 2870 γὰρ
433 2833 493 2862 ὧδε.
522 2834 606 2862 νοτίῃ
635 2840 725 2861 autem
745 2835 788 2860 illa
806 2842 866 2870 quas

97 2870 238 2899 Sequuutur
255 2869 406 2905 ⁷⁴Λρσακίῳ
431 2871 554 2906 ἀρχιερεῖ
579 2870 710 2901 Γαλατίας
740 2869 866 2903 ἐπιστολὴ

929 2625 1071 2652 Ἰουλιανοῦ
1087 2624 1226 2659 βασιλέως,
1240 2625 1272 2651 ad
1293 2626 1441 2659 marginem
1469 2624 1570 2658 scripta
1591 2627 1653 2650 sunt
1674 2623 1700 2649 in

922 2661 1016 2687 eodem
1031 2660 1133 2690 codice,
1150 2668 1202 2686 non
1216 2664 1305 2685 autem
1323 2660 1349 2686 iu
1364 2666 1489 2693 corpore.

956 2695 1011 2728 (l4)
1027 2695 1103 2722 Οὐδὲ
1113 2694 1321 2727 ἀπεϐλέπομεν
1335 2694 1349 2720 ὃ
1361 2691 1504 2726 μάλιστα.
1522 2691 1699 2728 Scribenrlum

919 2726 1030 2757 videtur
1050 2730 1085 2760 ὡς
1103 2729 1229 2764 μάλιστα,
1245 2726 1298 2755 etc.
1327 2730 1404 2755 Certe
1433 2727 1599 2761 Epiphanius
1616 2726 1698 2764 Srlio-

920 2765 1034 2791 lasticus
1050 2766 1084 2790 ita
1097 2761 1171 2796 legit.
1187 2769 1215 2789 ut
1232 2772 1264 2789 ex
1281 2765 1405 2789 versione
1432 2763 1490 2794 ejus
1515 2767 1634 2795 apparet.
1656 2761 1673 2787 5
1688 2770 1701 2786 ιε

919 2801 990 2825 enim
1006 2800 1086 2825 vertit
1102 2800 1172 2825 hunc
1194 2800 1224 2823 lo.
1237 2807 1293 2829 um,
1312 2806 1391 2831 ncqim
1410 2798 1560 2829 respicimus
1580 2796 1702 2829 quemad—

921 2834 1024 2860 modum
1041 2834 1249 2866 superstilimwm
1278 2833 1488 2859 (.‘Itrisliimorum
1512 2831 1614 2856 mereri!
1635 2837 1701 2856 cum

919 2876 958 2901 pc;
966 2871 1084 2904 cgrirwru
1090 2877 1111 2894 ix
1117 2889 1123 2894 .
