1896 3074
218 145 288 174 ηύδ

947 143 1120 174 SOZOM-ENI

1787 144 1861 173 ΡΞῦὸ

215 202 369 230 ministerio
385 209 508 235 remove,
525 201 546 230 si
564 209 614 228 una
630 209 692 228 eum
707 201 840 229 uxoribus
866 207 892 229 et
909 202 982 229 liberi

1073 201 1229 236 εραπόντων
1243 201 1296 232 τοῖς
1309 200 1389 232 θεοῖς.
1404 201 1472 229 ἀλλὰ
1486 201 1626 237 ἀνέχοιντο
1646 201 1702 228 τῶν
1730 201 1859 234 οἰκετῶν,

215 256 247 276 ac
270 248 381 276 famulis
395 249 428 276 ad
445 249 511 276 deos
528 256 581 274 non
600 247 750 275 accedant:
767 248 813 275 sed
829 252 876 274 aut
892 257 1002 281 servos,

216 297 263 320 aut
280 294 351 321 lilios
361 314 369 325 ,
386 297 432 320 aut
441 293 573 328 conjuges
586 292 712 319 Galilmas
728 294 901 325 sustineant,
914 293 961 328 qui
978 298 1005 320 et

215 339 292 374 impii
309 340 364 366 sint
392 346 457 374 erga
475 339 541 366 deos
566 342 593 366 et
607 339 778 373 impietatem
793 339 917 374 religioni
934 347 1004 374 pra:-

214 389 329 420 ponant.
346 384 448 412 Deinde
468 384 592 420 singulos
614 384 741 412 llmmnes
762 386 890 417 hortare,
908 390 938 412 nt
954 392 1003 413 nec

214 430 249 458 ad
276 431 413 458 theatrum
437 430 589 462 accedant,
614 439 665 458 nec
693 433 719 459 in
744 433 868 460 tabernis
891 431 1002 464 bibant,

213 475 294 511 204
311 483 362 503 nec
382 480 467 503 artem
496 476 600 508 ullam.
630 482 677 504 aut
700 479 841 513 opiﬁcium
867 484 947 513 turpe
971 485 1003 505 ac

212 521 375 555 probrosum
399 526 558 549 exerceant.
581 523 613 550 Et
630 532 679 552 eos
700 525 811 559 quidem
834 524 881 560 qni
896 524 1002 552 obtem-

212 569 384 603 peraveriut,
404 569 510 597 honore
528 570 605 597 alliee
621 581 627 598 :
649 577 828 599 contumaces
842 579 908 599 vero
921 576 1002 606 atque

211 614 406 649 immorigeros
417 615 534 650 expelle.
549 615 652 643 Crebra
667 617 693 644 in
707 617 827 652 singulis
841 617 1002 644 civitatibus

209 659 382 687 xenodoehia
404 661 546 688 constitue
558 681 564 693 ,
579 667 608 688 ut
623 662 762 697 peregrini
779 670 834 689 non
847 669 880 689 ex
898 662 1001 690 nostris

208 704 316 738 solum,
336 704 384 732 sed
405 712 438 732 ex
456 705 519 733 aliis
539 706 642 739 etiam,
659 706 683 733 si
710 707 827 741 pecunia
846 707 916 734 forte
931 714 1001 742 opus

208 748 373 782 habuerint,
391 750 564 778 humanitate
581 755 679 778 nostra
697 751 891 787 perfruantur.
910 751 1000 780 Porro

207 794 282 821 unde
304 801 432 830 sumptus
448 796 496 823 tibi
515 801 681 832 suppetant,
697 805 712 824 a
727 806 770 825 me
782 798 840 832 jam
857 798 998 832 provisum

206 844 261 867 est.
279 840 346 868 Nam
367 842 517 876 quotannis
536 843 649 878 triginta
670 843 755 870 millia
777 843 931 871 modiorum
949 843 1000 870 tri-

1056 246 1072 281 ἢ
1092 246 1180 278 υἱέων,
1197 246 1213 281 ἢ
1230 245 1283 272 τῶν
1296 246 1445 273 Γαλιλαίων
1458 247 1595 281 γαμετῶν,
1611 247 1791 274 ἀσεὸούντων
1807 249 1860 282 μὲν

1055 291 1095 322 είς
1107 291 1170 322 τοὺς
1181 290 1268 322 θεοὺς,
1281 291 1413 326 ἀθεότητα
1425 291 1452 317 δὲ
1473 292 1628 323 θεοσεόεἱας
1641 292 1863 328 προτιμώντων,

1057 337 1171 363 Ἔπειτα
1196 337 1361 372 παραίνεσον
1388 337 1473 372 ἱερέα,
1496 338 1564 372 μήτε
1586 337 1694 373 θεάτρῳ
1711 338 1859 373 παραϐάλ-

1054 382 1126 415 λειν,
1143 383 1210 417 μήτε
1228 382 1256 408 ἐν
1274 382 1414 418 καπηλείῳ
1431 383 1536 415 πίνειν,
1563 384 1581 419 ἡ
1599 385 1699 419 τέχνης
1718 384 1795 415 τινὸς
1811 384 1858 410 καὶ

1055 429 1187 464 ἐργασίας
1200 429 1316 464 αίσχρᾶς
1330 428 1377 455 καὶ
1391 429 1574 456 ἐπονειδίστου
1591 430 1795 465 προΐστασθαι·
1812 430 1860 455 καὶ

1053 476 1116 507 τοὺς
1132 475 1181 511 μὲν
1192 474 1371 510 πειθομένους
1389 475 1461 510 τίμα
1472 495 1479 508 ,
1497 475 1561 507 τοὺς
1573 475 1600 501 δὲ
1613 475 1801 506 ἀπειθοῦντας
1814 475 1860 507 ἑξ-

1053 521 1129 548 aeu.
1159 520 1317 556 Ξενοδοχεῐα
1339 520 1400 548 καθ’
1426 521 1545 557 ἑκάστην
1572 521 1650 548 πόλιν
1678 521 1858 554 κατάστησον

1053 567 1154 600 πυκνὰ,
1168 568 1201 594 ἶν’
1218 568 1410 594 ἀπολαύσωσιν
1422 567 1447 593 οἱ
1465 567 1535 599 ξένοι
1552 567 1602 602 τῆς
1614 568 1681 601 παρ’
1695 567 1780 602 ἡμῶν
1794 569 1858 601 φιλ-

1053 613 1220 650 ανθρωπίας,
1242 614 1272 640 οὐ
1287 613 1342 640 τῶν
1366 613 1509 649 ἡμετέρων
1531 613 1622 648 μόνον,
1642 613 1714 639 ἀλλὰ
1737 613 1788 638 καὶ
1802 613 1857 638 τῶν

1052 658 1151 690 ἄλλων,
1167 659 1242 690 ὅστις
1255 659 1288 686 ἂν
1303 658 1384 694 δεηθῇ
1407 659 1564 695 χρημάτων.
1587 658 1671 685 Ὅθεν
1688 659 1719 685 δὲ
1733 659 1857 693 εὐπορή-

1053 713 1120 737 σεις,
1140 704 1311 740 ὲπινενόηταί
1336 713 1381 740 μοι
1398 705 1478 737 τέως.
1506 705 1636 732 Ἐκάστου
1656 704 1713 740 γὰρ
1727 704 1855 731 ἐνιαυτοῦ

1051 750 1231 786 τρισμυρίους
1254 750 1361 786 μοδίους
1377 750 1449 777 κατὰ
1468 750 1559 777 πᾶσαν
1574 750 1624 785 τὴν
1638 749 1780 777 Γαλατίαν
1793 750 1855 776 ἐκέ-

1050 796 1133 823 λευσα
1145 795 1254 832 δοθῆναι
1268 796 1352 829 σίτου,
1365 796 1412 823 καὶ
1423 795 1634 832 ἑξακισμυρίους
1644 796 1719 822 οἴνου
1733 795 1834 828 ξέστας
1846 805 1852 810 ·

1050 838 1088 869 ὧν
1101 842 1132 868 τὸ
1148 842 1197 877 μὲν
1210 842 1334 877 πέμπτον
1345 843 1385 874 είς
1395 843 1457 874 τοὺς
1468 842 1599 878 πένητας,
1613 842 1676 874 τοὺς
1691 843 1750 874 τοῖς
1765 842 1850 877 ἱερεῦ-

208 886 255 914 tici
272 894 321 921 per
335 887 493 915 universam
507 886 644 915 Galatiam
663 889 723 915 dari
747 888 819 924 jussi
833 909 840 921 ,
867 893 894 916 et
919 896 982 917 sexa

1070 896 1093 915 ιν
1108 888 1357 923 ὑπηρετουμένους,
1374 887 1571 914 ἀναλίσκεσθαί
1588 896 1661 922 φημι
1675 886 1784 922 χρῆναι
1794 895 1801 902 ·
1821 887 1853 914 τὰ

207 931 282 966 ginta
300 931 386 958 millia
416 932 599 971 sextariorum
627 932 695 959 vini.
722 932 847 965 Quorum
873 933 997 969 quintam

208 980 315 1011 partem
346 977 373 1004 in
398 984 535 1012 pauperes
565 978 611 1013 qui
632 977 791 1006 llaminilms
819 979 997 1012 ministrant,

208 1021 399 1050 insumendum
424 1030 485 1050 esse
508 1029 632 1055 censeo;
658 1024 765 1058 reliqua
791 1024 947 1059 peregrinis
965 1031 997 1051 ac

206 1068 430 1096 mendicantibus
444 1075 459 1095 a
473 1068 554 1096 vobis
567 1068 728 1097 dividenda.
745 1069 837 1104 Turpe
851 1069 924 1098 enim
940 1069 997 1097 fue-

206 1114 257 1146 rit,
275 1122 306 1142 ex
323 1113 427 1141 Iudaeis
449 1114 560 1149 quidem
585 1115 722 1143 neminem
745 1115 903 1143 mendicare
919 1125 926 1143 :
941 1115 995 1142 im-

207 1161 268 1196 pios
292 1168 356 1188 vero
380 1160 508 1189 Galilazos
532 1167 635 1196 praeter
653 1169 720 1190 suos
735 1169 889 1198 pauperes,
913 1162 997 1190 etiam

205 1210 316 1234 nostros
343 1207 436 1234 alere:
465 1211 578 1236 nostros
613 1212 705 1235 autem
727 1209 870 1237 mendicos
903 1213 997 1242 nostra

205 1259 258 1287 ope
275 1260 308 1281 ac
326 1253 452 1281 subsidio
470 1253 623 1282 destitutos
642 1255 741 1283 videri.
752 1255 834 1284 .Doce
848 1263 916 1291 ergo
931 1263 998 1291 gen-

204 1298 266 1326 tiles
278 1318 285 1330 ,
303 1303 334 1326 ut
351 1300 385 1326 ad
403 1299 563 1334 huiusmodi
580 1301 737 1329 ministeria
765 1302 871 1338 aliquid
901 1302 997 1330 conlc-

203 1348 288 1377 rant,
309 1349 336 1372 et
356 1346 502 1381 gentilium
527 1346 591 1382 pagi
616 1347 754 1382 primitias
776 1348 916 1376 fructuum
941 1348 995 1376 diis

206 1390 334 1418 onerant.
360 1391 393 1418 Et
416 1392 526 1421 Gnaeos
554 1393 680 1422 homines
705 1394 865 1430 hujusmodi
884 1395 991 1422 beneli-

203 1437 300 1464 centim
319 1438 509 1471 assuelacito,
530 1439 633 1466 docens
652 1439 735 1472 illos,
755 1439 782 1467 id
798 1440 863 1467 olim
881 1448 896 1467 a
913 1439 994 1468 nobis
1014 1438 1172 1466 institutum
1189 1437 1286 1466 fuisse.
1306 1437 1442 1465 llomerus
1458 1437 1531 1464 enim
1553 1437 1699 1465 Eummum

202 1488 331 1519 quentem
346 1483 454 1511 inducit
470 1485 478 1500 ¹
495 1494 501 1512 :

252 1530 333 1557 Haud
351 1531 415 1558 mihi
431 1531 491 1566 far,
506 1531 545 1559 vel
561 1532 584 1559 εἰ
601 1533 686 1560 veniat
702 1538 726 1560 te
744 1533 821 1560 vilior
837 1533 940 1568 hospes.

204 1598 366 1633 Quemquam
377 1598 526 1632 despicere:
537 1607 554 1625 a
563 1607 666 1627 summo
678 1591 739 1627 nam
749 1605 810 1628 sunt
819 1600 884 1628 Jove
893 1602 990 1633 cuncti,

203 1634 255 1666 Qui
263 1642 369 1669 peregre
377 1634 529 1666 adveniunt;
537 1633 668 1661 modicum
678 1640 766 1662 autem
774 1638 991 1708 manualamicum

888 1677 938 1699 est.

888 1677 938 1699 est.

200 1712 240 1741 Ne
255 1713 340 1748 igitur
357 1713 420 1741 aliis
437 1718 466 1741 nt
482 1714 555 1741 bona
572 1718 667 1742 nostra
683 1715 858 1747 aemulentur,
876 1717 990 1752 permit-

200 1763 309 1792 tentes,
325 1759 376 1794 ipsi
395 1767 444 1794 per
459 1760 614 1787 socordiam
631 1767 682 1788 nos
698 1762 800 1796 probro
816 1762 988 1791 adiciamus:

203 1809 252 1833 aut
266 1805 362 1841 potius
379 1805 539 1840 religionem
556 1813 622 1842 erga
637 1806 704 1834 deos
726 1807 887 1842 prodamus.
912 1808 989 1842 Quod

200 1853 224 1879 si
239 1857 265 1879 te
284 1852 341 1880 luce
358 1860 441 1888 agere
459 1859 592 1888 accepero
604 1873 612 1886 ,
629 1853 776 1884 exsultabo
791 1855 902 1889 gaudio.
918 1854 990 1882 Prai-

199 1898 273 1926 sides
288 1897 363 1926 domi
382 1905 445 1925 raro
461 1898 569 1926 invise:
586 1900 633 1927 sed
652 1900 757 1928 litteras
775 1901 808 1928 ad
824 1909 872 1928 eos
888 1901 989 1936 saepius

198 1944 286 1971 mitte.
302 1943 359 1972 Illis
382 1944 410 1971 in
424 1945 521 1972 urbem
539 1945 761 1980 ingredientibus
777 1947 869 1974 nullus
887 1947 987 1974 ﬂamen

147 2016 150 2018 _
198 1993 340 2017 occurrat.
370 1989 439 2017 Cum
466 1994 558 2017 autem
581 1991 682 2026 templa
711 1992 825 2020 deorum
849 1993 986 2027 adierint,

198 2036 271 2063 intra
282 2035 451 2064 vestibulum
465 2036 599 2064 duntaxat
613 2042 743 2065 occurrat
755 2038 865 2066 ﬂamen.
881 2038 986 2067 Intran-

198 2085 239 2110 les
253 2089 319 2110 vero
333 2083 395 2110 illos
418 2082 512 2110 nullus
535 2085 721 2118 apparitorum
745 2085 882 2120 praecedat
906 2095 912 2112 :
937 2094 988 2114 se—

197 2131 298 2162 quatur
320 2132 411 2155 autem
425 2128 471 2163 qui
484 2128 567 2156 volet.
579 2128 648 2157 Nam
672 2130 754 2158 simul
778 2128 860 2167 atque
880 2132 987 2168 ingres-

200 2180 249 2200 sus
264 2177 306 2200 est
320 2173 404 2200 limen
418 2172 542 2206 delubri,
558 2176 682 2209 privatus
695 2176 822 2204 efﬁcitur.
838 2177 877 2204 Tu
894 2179 965 2206 enim
977 2198 984 2211 ,

198 2223 228 2246 ut
245 2219 331 2254 probe
344 2218 438 2250 nosti,
458 2218 530 2246 intra
544 2222 676 2256 templum
695 2223 840 2258 imperium
856 2225 984 2258 obtines;

197 2265 420 2299 quandoquidem
437 2267 464 2291 et
481 2264 573 2293 divina
600 2267 642 2294 lex
660 2268 734 2295 istud
762 2270 894 2304 postulat.
917 2269 951 2297 Et
966 2270 984 2297 ii

198 2309 312 2344 quidem
327 2308 377 2343 qui
399 2308 607 2345 obtemperant,
623 2320 716 2340 revera
733 2314 769 2348 pii
787 2320 851 2341 sunt
865 2315 985 2343 cultores

195 2354 308 2381 deorum
331 2354 401 2389 :qui
422 2362 488 2382 vero
509 2354 610 2383 fastum
636 2366 667 2385 ac
690 2366 816 2394 pompam
838 2361 985 2388 circumte-

196 2402 279 2432 runt,
299 2400 362 2426 vani
380 2403 444 2426 sunt
459 2404 486 2427 et
504 2400 594 2429 inanis
612 2403 706 2437 gloriae
723 2405 826 2439 cupidi.
850 2405 983 2441 Equidem

195 2449 308 2479 paratus
321 2453 382 2473 sum
396 2446 545 2474 subvenire
557 2447 782 2483 Pessinuntiis,si
797 2456 910 2479 matrem
924 2453 984 2479 dco-

197 2499 256 2518 rum
278 2492 328 2519 sibi
347 2492 495 2528 propitiam
513 2493 694 2524 reddiderint.
712 2497 759 2524 Sin
777 2506 842 2526 vero
856 2506 915 2526 eam
938 2508 984 2526 nc-

234 2580 241 2594 ¹
256 2579 356 2616 Odyss.
374 2582 404 2614 Ξ,
424 2591 450 2616 v,
470 2584 494 2610 l.

1049 930 1078 961 δὲ
1093 933 1161 960 ἄλλα
1180 934 1236 965 τοῖς
1250 932 1334 965 ξένοις
1345 933 1459 965 καὶτοῖς
1474 932 1647 968 μεταιτοῦστν
1668 932 1851 969 ἑπινέμεσθει

1049 979 1114 1013 παρ’
1130 977 1219 1013 ὑμῶν.
1235 977 1352 1013 Αίσχρὺν
1367 977 1431 1014 γὰρ,
1443 978 1468 1004 εί
1479 977 1533 1004 τῶν
1550 977 1599 1013 μὲν
1610 978 1749 1004 Ἰουδαίων
1767 978 1852 1010 οὐδεὶς

1050 1026 1192 1061 μεταιτεῖ,
1217 1025 1346 1061 τρέφουσι
1368 1024 1395 1050 δὲ
1410 1025 1434 1051 ol
1462 1024 1601 1056 δυσσεϐεῖς
1617 1024 1762 1051 Γαλιλαῖοι
1785 1026 1849 1059 πρὶς

1047 1071 1104 1102 τοῖς
1134 1070 1239 1097 ἑαυτῶν
1269 1070 1315 1096 καὶ
1331 1069 1394 1101 τοὺς
1412 1070 1573 1105 ἡμετέρους.
1607 1070 1638 1096 Οἱ
1659 1070 1687 1096 δὲ
1705 1070 1848 1105 ἡμέτεροι,

1047 1117 1096 1152 τῆς
1110 1117 1173 1152 παρ’
1187 1116 1265 1152 ἡμῶν
1276 1116 1435 1151 ἐπικουρίας
1447 1116 1543 1148 ἐνδεεῖς
1560 1116 1715 1150 φαίνονται.
1730 1117 1847 1143 Δίδαςκε

1046 1163 1075 1189 δὲ
1092 1163 1139 1189 καὶ
1155 1163 1344 1197 συνεισφέρειν
1361 1163 1424 1194 τοὺς
1447 1163 1621 1198 Ἑλληνιστάς
1636 1164 1676 1194 εις
1689 1163 1742 1194 τὰς
1759 1163 1848 1189 τοιαύ-

1047 1217 1095 1241 τας
1120 1208 1307 1244 λειτουργίας,
1323 1208 1435 1240 καὶτὰς
1457 1209 1613 1244 Ἑλληνικὰς
1636 1208 1736 1243 κώμας
1759 1209 1847 1244 ἀπάρ-

1047 1255 1143 1291 χεσθαι
1159 1256 1214 1286 τοῖς
1226 1255 1297 1286 θεοῖς
1312 1254 1366 1282 τῶν
1377 1254 1491 1290 καρπῶν
1503 1263 1509 1270 ·
1531 1255 1578 1281 καὶ
1592 1255 1656 1286 τοὺς
1670 1255 1850 1290 Ἑλληνικοὺς

1048 1303 1108 1333 ταῖς
1121 1300 1259 1333 τοιαύταις
1275 1301 1412 1332 εὐποιίαις
1430 1300 1568 1336 προέθιζε,
1592 1301 1731 1327 διδάσκω-ι
1749 1301 1851 1332 αὐτοὺς

1047 1346 1085 1378 ὡς
1097 1346 1177 1373 τοῦτο
1194 1346 1278 1373 πάλαι
1300 1344 1334 1381 ἦν
1352 1346 1488 1382 ἡμέτερον
1511 1345 1602 1382 ἔργον,
1638 1346 1769 1381 Ὅμηρος
1782 1344 1852 1379 γσῦν

1046 1393 1111 1420 αὐτὸ
1126 1392 1276 1427 πεποίηκεν
1290 1391 1411 1427 Εὔμαιον
1426 1392 1549 1426 λέγονται

1735 1437 1777 1465 sic
1812 1438 1851 1465 lo-

1081 1529 1170 1562 Ξεῖν’,
1186 1529 1223 1555 οὐ
1241 1537 1291 1563 μοι
1311 1527 1394 1563 θέμις
1409 1528 1484 1562 ἔστ’,
1501 1528 1555 1556 of):
1579 1530 1605 1555 ει
1621 1529 1849 1599 κακίῧζῶγέθεν

1765 1573 1807 1594 οι,

1765 1573 1807 1594 οι.

1077 1610 1182 1638 Ξεῖνον
1192 1609 1336 1644 ἀτιμῆσαι
1350 1618 1355 1624 ”
1377 1609 1451 1644 πρὸς
1465 1609 1521 1644 γὰρ
1534 1610 1601 1642 Διός
1613 1611 1696 1636 είσιν
1708 1609 1847 1643 ἅπαντες

1079 1646 1175 1675 Scire!
1184 1654 1225 1678 τε,
1237 1645 1350 1679 πτωχοί
1360 1644 1500 1680 τεχδόσις
1515 1644 1541 1671 δ’
1551 1645 1638 1679 ὀλίγη
1654 1653 1699 1677 τε,
1712 1646 1790 1679 501.111
1803 1654 1845 1672 τε.

1043 1724 1119 1758 Μηδὲ
1139 1724 1173 1751 τὰ
1191 1724 1255 1759 παρ’
1279 1724 1344 1759 ἡμῖν
1360 1723 1451 1758 ἀγαθὰ
1463 1723 1528 1758 (15)ξ
1546 1723 1725 1759 παραζηλοῦν
1749 1724 1845 1756 ἄλλοις

1043 1769 1264 1804 συγχωροῦντες,
1293 1768 1371 1795 αὐτοὶ
1395 1769 1429 1803 τῇ
1448 1767 1571 1804 ῥᾳθυμίᾳ
1596 1769 1842 1804 καταισχύνωμεν,

1043 1816 1143 1851 μᾶλλον
1157 1816 1185 1842 δὲ
1205 1814 1425 1850 καταπροώμεθα
1443 1815 1493 1849 τὴν
1508 1815 1548 1846 είς
1567 1815 1630 1846 τοὺς
1644 1814 1725 1846 θεοὺς
1755 1815 1841 1842 εὖλά-

1043 1861 1130 1888 ϐειαν.
1145 1861 1176 1887 El
1191 1860 1277 1887 ταῦτα
1293 1859 1430 1895 πυθοίμην
1445 1859 1500 1894 ἐγώ
1518 1868 1548 1886 σε
1561 1860 1727 1895 πράττοντα,
1738 1861 1841 1896 μεστὸς

1044 1907 1214 1943 εὐφροσύνης
1241 1906 1348 1942 ἔσομαι.
1381 1906 1450 1937 Τοὺς
1477 1906 1614 1941 ἡγεμόνας
1641 1906 1766 1940 ὀλιγάκις
1793 1908 1840 1933 ἐπὶ

1040 1954 1089 1988 τῆς
1105 1953 1193 1984 οίκίας
1215 1953 1284 1988 ὅρα·
1315 1952 1349 1978 τὰ
1375 1951 1490 1978 πλεῖστα
1516 1951 1543 1977 δὲ
1565 1952 1659 1982 αὐτοῖς
1684 1952 1837 1979 ἐπίστελλε.

1040 1998 1159 2025 Είσιοῦσι
1183 1998 1210 2025 δὲ
1229 1999 1268 2030 είς
1284 1997 1333 2034 τὴν
1359 1997 1445 2030 πόλιν,
1470 1998 1616 2024 ὑπαντάτω
1633 1998 1730 2033 μηδεὶς
1745 1999 1839 2030 αὐτοῖς

1040 2043 1154 2079 ἱερέων·
1179 2043 1236 2070 ἀλλ’
1262 2043 1325 2070 ὅταν
1351 2044 1391 2074 είς
1406 2042 1441 2069 τὰ
1466 2043 1526 2078 ἱερὰ
1541 2043 1654 2077 φοιτῶσι
1678 2044 1734 2070 τῶν
1754 2043 1837 2075 Θεῶν,

1041 2089 1108 2116 εἴσω
1138 2089 1192 2116 τῶν
1222 2089 1366 2125 προθύρων
1397 2089 1462 2125 (16).
1514 2089 1647 2123 Ἠγείσθω
1676 2090 1705 2116 δὲ
1736 2090 1836 2125 «μηδεὶς

1038 2134 1127 2162 αὐτῶν
1147 2135 1213 2161 εἴσω
1232 2133 1400 2170 στρατιώτης
1413 2143 1419 2149 ·
1445 2134 1553 2160 ἑπέσθω
1575 2134 1602 2160 δὲ
1615 2135 1629 2161 ὁ
1649 2134 1814 2170 βουλόμενος
1827 2144 1833 2150 ·

1041 2179 1098 2214 ἅμα
1118 2179 1171 2214 γὰρ
1189 2180 1228 2211 είς
1241 2179 1285 2206 τὸν
1300 2179 1375 2205 οὐδὸν
1397 2177 1462 2214 ἦλθε
1476 2179 1523 2205 τοῦ
1538 2179 1679 2214 τεμένους,
1694 2181 1742 2207 καὶ
1756 2181 1836 2215 γέγο-

1039 2233 1084 2251 νεν
1108 2224 1225 2260 ἰδιώτης.
1256 2225 1368 2260 ’Δρχεις
1393 2225 1448 2260 γὰρ
1471 2225 1563 2256 αὐτὸς,
1588 2225 1626 2257 ὡς
1650 2223 1747 2259 οἶσθα,
1779 2228 1834 2253 τῶν

1036 2270 1120 2302 ἔνδον,
1137 2271 1198 2297 ἐπεὶ
1219 2271 1266 2297 καὶ
1281 2272 1295 2297 ό
1316 2271 1389 2302 θεῖος
1407 2270 1494 2297 ταῦτα
1509 2271 1624 2297 ἀπαιτεῖ
1639 2271 1753 2307 θεσμός.
1780 2272 1834 2299 Καὶ

1036 2316 1061 2341 οἱ
1079 2315 1128 2350 μὲν
1145 2317 1313 2351 πειθόμενοι,
1330 2316 1401 2342 κατὰ
1424 2315 1555 2350 ἀλήθειάν
1566 2316 1621 2342 alat
1638 2317 1794 2349 θεοσεῦεῖς’
1809 2318 1833 2343 οἱ

1036 2360 1065 2388 δὲ
1078 2363 1250 2397 ἀντεχόμενοι
1267 2362 1312 2388 τοῦ
1331 2362 1427 2396 τύφου,
1446 2361 1587 2395 δοξοκόποι
1611 2363 1664 2389 sic!
1689 2364 1737 2389 καὶ
1757 2364 1832 2389 κενό-

1034 2407 1104 2440 δοξοι
1119 2415 1125 2421 ”
1154 2409 1186 2443 τῇ
1210 2407 1380 2434 Πισσινοῦντι
1396 2407 1502 2442 βοηθεῖν
1516 2408 1625 2443 ἕτοιμός
1651 2410 1720 2444 εἰμι,
1743 2410 1769 2435 εἰ
1785 2409 1831 2443 τὴν

1041 2453 1147 2489 μητέρα
1178 2454 1232 2480 τῶν
1261 2454 1330 2480 θεῶν
1361 2453 1424 2479 ἵλεω
1459 2455 1676 2489 καταστήσουσιν
1714 2456 1829 2486 ἑαυτοῖς.

1045 2500 1220 2535 ’Λμελοῦντες
1243 2500 1270 2526 δὲ
1293 2500 1386 2535 αὐτῆς,
1410 2499 1460 2526 οὐκ
1483 2500 1625 2536 ἄμεμπτοι
1645 2501 1739 2535 μόνον,
1766 2501 1830 2528 ἀλλὰ

797 2664 933 2692 VALESll
953 2666 1227 2696 ANNOTATlO‘NES.

229 2717 284 2754 (l5)
300 2715 384 2754 Μηδὲ
399 2717 517 2754 πει-παρ’
536 2718 608 2753 ἡμῖν
622 2719 726 2754 ἀγαθά.
741 2720 830 2747 Malim
861 2722 982 2750 seribere

194 2752 231 2786 μὴ
247 2752 278 2788 δὴ
293 2752 337 2785 τά,
357 2756 409 2779 cte.
427 2752 472 2778 Har
487 2752 626 2788 particula:
641 2752 738 2782 crebro
756 2756 828 2782 inter
857 2764 886 2783 se
915 2765 981 2783 eon-

193 2787 357 2819 tunduntur,
379 2792 407 2814 ut
421 2787 509 2823 supra
521 2790 623 2817 notavi.

228 2822 284 2856 (I6)
306 2822 385 2848 Εἵσω
395 2822 454 2849 τῶν
472 2825 636 2857 προθύρων.
651 2824 731 2852 llunc
743 2826 832 2852 locum
851 2827 885 2852 ita
897 2827 978 2853 vertit

195 2855 362 2892 Lpiplmnius
376 2855 580 2886 Sclio‘lasiicus‘:
598 2860 663 2886 Cum
691 2860 724 2886 ad
750 2862 843 2888 luuulu
862 2863 976 2888 venerint

1036 2726 1156 2758 deorum,
1180 2728 1252 2754 intra
1275 2729 1374 2762 jamms
1395 2737 1438 2755 eos
1463 2738 1536 2756 nemo
1560 2731 1695 2763 pra’cellat
1715 2732 1822 2758 militum

1035 2762 1103 2794 furtu
1118 2768 1162 2788 aut
1174 2764 1375 2802 pra’gedrnlfUMt
1398 2765 1559 2802 ofﬁciorum.
1655 2767 1760 2800 quibus
1783 2775 1824 2802 ap-

1034 2801 1121 2830 paret,
1138 2806 1200 2837 eum
1217 2799 1295 2825 aliter
1323 2799 1395 2826 hunc
1421 2801 1511 2826 locum
1526 2799 1702 2829 distinxisSe.
1726 2801 1755 2829 ln
1775 2799 1823 2837 quo

1034 2836 1123 2859 tamen
1137 2834 1160 2860 ei
1175 2841 1229 2860 non
1242 2836 1387 2861 assentior.
