1896 3074
76 190 138 218 iii-Ii

74 247 165 281 πικρὸν
187 245 271 271 εἰπεῖν
294 243 330 279 μὴ
352 243 398 270 καὶ
419 243 467 277 τῆς
493 245 556 278 παρ’
577 243 653 278 ἡμῶν
679 242 850 270 ἀπολαύσωσι
868 245 888 272 A‘

73 290 225 326 δυσμενείας
235 289 257 324 (ί
265 288 300 324 7).

109 376 148 403 Οὐ
162 375 215 410 γάρ
226 383 276 410 μοι
293 375 373 409 θέμις
387 374 451 402 ἐστὶ
466 375 628 410 κομιζέμεν,
639 375 658 409 ἢ
672 375 817 409 ἐλεαιλοειν

107 440 236 474 Ἀνδρος,
245 440 274 466 οἳ
279 439 327 467 καί
341 439 454 467 θεοῖσιν
462 440 640 474 ἀπέχθωνται
648 441 742 467 ἀθανά
747 448 851 467 τοισιν.

74 485 147 512 Πεῖθε
163 485 250 512 τοίνυν
275 485 391 517 αὐτοὺς,
414 486 438 511 εἰ
458 486 507 520 τῆς
525 485 590 521 παρ’
609 486 675 520 ἐμοῦ
690 486 853 521 κηδεμονίας

73 531 233 566 ἀντέχονται,
247 531 384 567 πανδημεὶ
399 531 449 566 τῆς
474 532 576 567 μητρὸς
594 532 650 558 τῶν
671 532 740 558 θεῶν
761 531 853 564 ἱκέτας

73 577 204 612 γενέσθαι.

367 623 492 649 ΚΕΦΑΛ.
512 623 560 650 ῐΖ’.

73 667 131 702 Ὀτι
155 667 204 693 ἵνα
220 665 263 700 μὴ
278 667 456 700 τυραννικὸς
475 667 560 702 δόξῃ,
578 667 762 702 τεχνηέντως
780 677 851 702 μετ-

103 701 207 735 ήρχετο
227 701 297 733 τοὺς
310 703 507 735 Χριστιανούς
523 710 530 716 ·
557 702 605 728 καὶ
625 703 691 736 περὶ
713 702 769 737 τῆς
781 701 850 730 καθ-

103 736 241 770 ιιιρέσεως
251 736 302 763 τοῦ
313 737 475 770 σταυρικοῦ
489 737 616 771 σημείου
623 745 635 752 -’
647 737 696 764 καὶ
706 738 745 770 ὡς
761 738 851 765 θῦσαι

103 771 134 797 τὸ
150 771 360 805 στρατιωτικὸν
373 771 525 804 ἀκουσίως
543 772 698 806 πεποίηκε.

108 816 138 841 'U
151 816 199 849 μὲν
216 815 342 850 βασιλεὺς
353 816 442 842 τοιάδε
456 815 540 843 ποιῶν
554 817 600 843 καὶ
619 817 745 851 γράφων,
761 817 853 852 ἡγεῖτο

72 861 164 896 ῥᾳδίως
174 861 238 892 τοὺς
254 861 421 896 ἀρχομένους
437 862 549 894 ἑκόντας
567 863 728 898 μεταθήσειν
745 863 791 890 τοῦ
809 863 851 890 δό-

71 914 180 940 γματος.
211 906 267 932 Καὶ
285 906 374 933 πάντα
390 906 547 940 σπουδάζων
560 908 607 934 ἐπὶ
627 908 786 943 καθαιρέσει
802 909 852 943 τῆς
869 915 888 942 Β

70 952 121 987 τῶν
134 952 304 987 Χριστιανῶν
327 953 485 989 θρησκείας,
509 953 571 980 οὔτε
594 954 696 980 πείθειν
713 954 852 986 παντελῶς

70 995 121 1029 οἷός
131 1006 158 1024 τε
171 995 216 1032 ἦν,
234 999 390 1034 περιφανῶς
405 1008 435 1026 τε
447 999 587 1034 βιάζεσθαι
598 999 740 1035 ᾐσχύνετο,
756 1000 793 1036 μὴ
806 1008 853 1026 τυ-

72 1042 189 1078 ραννικὸς
199 1041 271 1070 εἶναι
281 1043 353 1080 δόξῃ.
365 1045 401 1070 Οὺ
415 1044 469 1079 μὴν
475 1045 616 1080 καθυφῆκε
625 1045 674 1080 τῆς
687 1045 850 1080 προθυμίας,

69 1087 134 1114 ἀλλὰ
157 1087 248 1114 πάντα
268 1089 432 1124 ἐμηχανᾶτο,
455 1090 523 1125 πρὸς
545 1090 720 1125 Ἐλληνισμδν
741 1090 770 1116 τὸ
799 1090 852 1116 ὑπ-

70 1133 154 1168 ήκοον,
171 1133 272 1168 μᾶλλον
282 1134 309 1160 δὲ
320 1135 350 1161 τὺ
364 1136 570 1170 στρατιωτικὸν,
587 1136 618 1162 τὸ
633 1136 682 1171 μὲν
696 1136 729 1163 δι’
742 1136 850 1169 ἑαυτοῦ,

69 1180 98 1206 τὸ
118 1180 145 1206 δὲ
164 1180 206 1207 διὰ
223 1180 277 1206 τῶν
294 1181 430 1216 ἀρχόντων
449 1182 627 1217 ἑπαγόμενος.
663 1183 795 1218 Ἀτεχνῶς
823 1184 852 1211 δὲ

70 1224 109 1251 διὰ
144 1225 252 1251 πάντων
278 1225 444 1260 Ἐλὶηνίζειν
471 1227 655 1260 προσεθίζων,
694 1229 851 1263 μεταποιεῖν

70 1269 181 1302 ἔγνωκεν
197 1270 239 1302 είς
259 1270 290 1296 τὺ
308 1271 439 1306 πρότερον
461 1271 564 1306 σχῆμα,
580 1272 612 1298 τὺ
631 1273 780 1307 κορυφαῖον
797 1273 851 1299 τῶν

75 1313 232 1348 Ῥωμαϊκῶν
258 1315 446 1351 συνθημάτων,
464 1317 532 1351 ὅπερ
553 1317 755 1349 Κωνσταντῖνος
779 1318 850 1344 κατὰ

69 1361 137 1388 θεῖον
153 1363 327 1398 πρόσταγμα,
355 1364 392 1395 ὼς
407 1365 436 1390 ὲν
455 1365 511 1395 τοῖς
528 1362 646 1399 πρόσθεν
671 1363 789 1398 εἴρηται,
810 1364 850 1394 είς

70 1407 181 1442 σταυροῦ
201 1408 336 1444 σύμϐολον
355 1409 555 1443 μετετύπωσεν.
589 1409 633 1436 Ἐν
649 1409 677 1435 δὲ
690 1410 749 1441 ταῖς
766 1409 849 1444 δημο-

70 1453 137 1485 eius;
150 1454 253 1480 εἰκόσιν
272 1455 399 1489 ἐπιμελὲς
421 1456 538 1482 ἐποιεῖτο
552 1456 745 1491 παραγράφειν
763 1456 848 1491 αὐτῷ,

70 1499 115 1525 Δία
129 1500 177 1534 μὲν
203 1497 248 1526 οἷά
265 1508 296 1534 γε
313 1501 346 1527 ὲκ
365 1500 412 1527 τοῦ
425 1501 539 1537 οὐρανοῦ
556 1502 783 1538 προφαινόμενον,
804 1503 850 1528 καὶ

69 1545 195 1578 στέφανον
216 1546 265 1572 καὶ
286 1546 431 1581 ἁλουργίδα
452 1546 486 1573 τὰ
505 1547 628 1581 σύμϐολα
647 1548 695 1582 τῆς
711 1547 850 1582 βασιλείας

69 1591 234 1626 παρέχοντα·
260 1592 344 1627 Ἀρεα
355 1580 386 1619 δὲ
403 1593 450 1620 καὶ
463 1593 507 1620 τὸν
524 1580 629 1629 Ἑρμῆν
642 1580 682 1625 εἰς
693 1580 774 1620 αύτὺν
791 1594 849 1629 βλέ-
863 1580 884 1609 C

69 1644 172 1668 Ικοντας,
189 1637 238 1664 καὶ
254 1637 379 1673 καθάπερ
394 1638 432 1673 τῷ
447 1638 577 1674 ὀφθαλμῷ
599 1639 851 1676 ὲπιμαρτυροῦντας

68 1682 103 1714 ὡς
118 1683 217 1717 ἀγαθὸς
234 1684 276 1719 ετη
290 1684 353 1720 περὶ
363 1684 458 1718 λόγους
471 1685 518 1710 καὶ
530 1685 686 1720 πολεμικός.
709 1685 851 1712 Ἑκέλευσε

68 1727 94 1754 δὲ
111 1728 204 1761 ταῦτα,
222 1729 270 1755 καὶ
284 1729 334 1756 ὅσα
352 1729 421 1756 ἄλλα
435 1730 503 1764 πρὸς
523 1729 677 1765 Ἑλληνικὸν
689 1731 739 1766 ὁρᾷ
757 1730 850 1763 σέϐας,

68 1775 288 1809 παραμίγνυσθαι
313 1777 372 1807 ταῖς
399 1775 518 1802 εἰκόσιν·
548 1775 618 1802 ὥστε
641 1776 776 1811 προφάσει
801 1777 850 1812 τῆς

69 1820 104 1850 εἰς
119 1820 230 1854 βασιλέα
248 1821 445 1855 νενομισμένης
458 1821 550 1855 τιμῆς,
567 1821 716 1856 λεληθότως
731 1830 850 1856 προσκυ-

68 1866 119 1890 νεῖν
144 1867 202 1898 τοίς
227 1866 496 1901 συγγεγραμμένοις”
515 1865 709 1902 ἀποχρώμενός
738 1876 766 1893 τε
794 1869 850 1900 τοῖς

67 1910 185 1944 ἀρχαίοις
210 1910 296 1942 ἔθεσι,
313 1911 385 1945 πάσῃ
402 1911 526 1946 περινοίᾳ
551 1911 701 1943 ἐσπούδαζε
724 1912 850 1938 κλέπτειν

66 1955 116 1980 τῶν
131 1955 262 1991 ὑπηκόων
284 1955 334 1989 τὴν
359 1956 528 1992 προαίρεσιν.
547 1957 660 1991 Ἐνενόει
683 1958 738 1992 γὰρ
763 1957 800 1990 ὡς
825 1959 849 1985 εί

67 2001 189 2034 πείσειεν,
210 2001 392 2036 ἑτοιμότερον,
416 2002 448 2028 ἂν
467 2002 542 2038 θέλῃ,
559 2002 585 2028 τὸ
603 2002 694 2029 λοιπον
709 2004 850 2039 ἐπιχειρή-

68 2053 152 2072 σειεν·
184 2048 209 2073 εί
227 2047 255 2073 δὲ
278 2046 456 2079 ἀπειθοῦντας
482 2047 568 2081 εὖροι,
588 2048 752 2084 συγγνώμης
771 2049 850 2081 ἐκτὸς

67 2091 205 2123 κολάσειν,
225 2092 262 2123 ὡς
287 2092 404 2128 περὶτὰ
432 2092 480 2128 ἔθη
507 2093 651 2128 Ῥωμαίων
677 2094 848 2129 νεωτερίζον.

65 2144 113 2168 τας
126 2137 193 2172 (18),
209 2138 255 2164 καὶ
267 2139 306 2169 είς
318 2139 456 2165 πολιτείαν
467 2139 520 2174 (i9)
535 2139 581 2166 καὶ
597 2139 709 2174 βασιλέα
729 2140 849 2176 ἐξαμαρ-

65 2182 201 2214 τάνοντας.
223 2183 321 2218 Ὀλίγοι
337 2184 386 2219 μὲν
398 2182 455 2218 οὖν,
470 2185 494 2211 οἳ
511 2184 559 2211 καὶ
575 2185 652 2220 δίκην
666 2186 847 2222 είσεπρὰχθηυ

564 184 726 211 ιιιεηοῐιιΛ
748 179 1075 210 E(ZCLESIAST[CA.-—
1097 179 1160 206 LIB.
1180 178 1212 205 ν.

1626 175 1689 203 εειςθ

903 239 1037 275 glexerint
1050 259 1057 269 ,
1072 245 1126 264 non
1142 237 1222 263 modo
1238 236 1453 270 reprehensione
1470 244 1522 262 non
1537 236 1687 268 carebunt,

903 285 960 316 sed;
978 284 1049 319 quod
1074 284 1148 310 dictu
1171 283 1236 309 mihi
1249 282 1379 309 acerbum
1392 286 1451 315 est,
1473 282 1689 317 indignationem

903 337 1011 366 quoque
1026 333 1150 357 nostram
1167 329 1356 362 experientur.

903 375 982 409 205
999 373 1118 409 Namque
1129 373 1192 400 mihi
1208 373 1279 400 haud
1299 373 1340 408 fas
1354 377 1393 400 est
1408 373 1532 400 miserari
1547 372 1593 409 hos
1611 376 1689 406 atque

1595 417 1599 423 '
1629 418 1642 432 ὅ

903 444 956 476 Qui
971 445 1022 470 sint
1036 443 1134 477 infensi
1152 443 1203 470 diis
1219 443 1413 470 immortalibus
1429 443 1526 470 hostes.
1558 408 1623 441 [om
1646 426 1653 436 ν

903 490 1039 516 Persuade
1052 489 1133 524 igitur
1151 489 1216 519 illis.
1233 494 1261 516 ut
1278 490 1299 516 si
1315 497 1409 516 curam
1431 489 1474 515 sui
1491 496 1505 514 a
1522 495 1564 514 me
1586 485 1686 521 suscipi

902 538 1006 568 volunt,
1024 537 1143 564 universi
1161 537 1241 563 matri
1264 537 1378 564 deorum
1396 536 1532 570 supplices
1551 534 1617 561 sint.

1211 623 1287 651 CAP.
1308 623 1386 650 XVII.

904 671 1041 704 Quomodo
1069 671 1207 703 Julianus,
1236 678 1266 696 ne
1300 674 1425 702 lynmnus
1453 675 1508 694 esse
1535 667 1686 704 rideretur,

939 705 1105 733 Christianos
1121 701 1210 732 dolose
1231 709 1379 737 perseculus
1393 707 1429 728 est
1441 722 1448 733 ,
1465 707 1489 728 et
1510 702 1594 727 crucis
1612 701 1688 727 rexi!-

940 742 992 767 tum
1012 742 1133 775 deposuit
1152 750 1160 768 :
1179 736 1276 767 milites
1298 738 1408 772 denique
1425 737 1577 771 sacriﬁcare
1594 736 1688 762 inritos

938 777 1032 810 coegit.

939 817 1132 853 Et‘imperator
1151 818 1260 853 quidem
1277 823 1338 844 cum
1358 815 1409 843 ista
1423 818 1450 842 et
1466 814 1567 841 faceret
1581 818 1607 840 et
1619 813 1688 840 seri-

904 863 988 895 beret,
1004 865 1126 892 subditos
1142 872 1206 892 suos
1220 863 1298 890 facile
1313 870 1344 889 ac
1356 861 1458 889 lubenti
1473 860 1564 887 animo
1580 867 1594 885 a
1608 859 1687 886 Chri-

904 910 993 936 stiana
1014 910 1065 938 iide
1085 910 1273 937 traducturum
1291 916 1321 936 se
1335 916 1396 936 esse
1409 906 1590 934 existimabat.
1607 905 1690 932 Cum-

904 963 957 989 que
971 956 1062 982 omnia
1079 956 1220 983 moliretur
1232 955 1266 982 ad
1283 953 1456 982 evertendam
1466 951 1686 979 Christianorum

903 1001 1072 1035 religionem,
1090 1001 1255 1036 persuadere
1268 1000 1376 1036 quidem
1400 998 1556 1026 nullatenus
1576 997 1682 1024 valuit:

903 1046 991 1079 palam
1009 1050 1098 1073 autem
1112 1046 1166 1072 vim
1186 1045 1285 1074 inferre
1299 1043 1488 1074 erubescebat,
1505 1050 1538 1069 ne
1550 1046 1685 1077 tyrannus

902 1099 962 1124 esse
977 1091 1124 1119 videretur.
1135 1090 1189 1118 Nec
1207 1096 1297 1118 tamen
1315 1090 1348 1117 de
1366 1088 1459 1117 studio
1473 1096 1523 1115 suo
1537 1087 1687 1123 quidquam

903 1136 1007 1163 remisit
1024 1145 1030 1163 :
1050 1136 1096 1163 sed
1119 1135 1211 1162 omnia
1229 1134 1405 1170 excogitavit,
1427 1133 1526 1167 quibus
1548 1132 1685 1162 subditus,

902 1188 934 1208 ac
951 1181 1086 1216 praecipue
1101 1181 1210 1214 milites,
1231 1181 1264 1208 ad
1276 1179 1418 1216 gentilium
1433 1179 1603 1213 religionem,
1619 1184 1685 1212 par-

901 1225 949 1251 tim
965 1233 1015 1259 per
1029 1233 1069 1255 se.
1085 1225 1182 1260 partim
1204 1233 1251 1260 per
1270 1224 1400 1260 praesides
1420 1224 1551 1250 alliceret.
1568 1223 1688 1257 Denique

903 1275 933 1297 ut
950 1271 1078 1298 omnibus
1091 1271 1180 1297 modis
1205 1279 1252 1298 eos
1266 1270 1409 1306 gentilium
1432 1268 1618 1304 superstitioni
1641 1275 1686 1295 as-

901 1316 1063 1348 suefaceret,
1092 1316 1119 1344 in
1136 1316 1280 1352 pristinam
1310 1316 1424 1344 formam
1443 1319 1613 1342 commutare
1639 1313 1686 1341 de-

902 1362 987 1388 crevit
1013 1362 1120 1397 signum
1139 1362 1204 1389 illud
1222 1362 1423 1390 nobilissimum
1445 1361 1615 1389 exercituum
1637 1360 1688 1387 lto-

902 1414 1057 1441 manorum,
1074 1409 1148 1443 quod
1163 1408 1371 1440 Constantinus,
1390 1407 1444 1435 Deo
1459 1407 1580 1443 jubente,
1598 1411 1628 1433 ut
1642 1414 1686 1433 su-

902 1454 997 1488 perius
1023 1455 1178 1488 retulimus,
1204 1455 1231 1482 in
1250 1455 1339 1482 crucis
1360 1454 1474 1481 formam
1495 1457 1678 1482 converterat.

899 1500 928 1527 In
940 1500 1056 1534 publicis
1071 1505 1159 1527 autem
1173 1500 1347 1535 imaginibus,
1367 1500 1472 1526 curavit
1490 1503 1520 1526 ut
1533 1499 1615 1534 juxta
1635 1506 1684 1533 ap-

900 1546 1057 1580 pingeretur
1071 1544 1177 1580 Jupiter
1194 1546 1269 1573 velut
1286 1552 1301 1572 e
1317 1544 1387 1572 etelo
1398 1551 1542 1579 apparens,
1560 1547 1587 1571 et
1602 1549 1683 1570 coro-

902 1599 962 1618 nam
980 1599 1012 1619 ac
1028 1600 1187 1627 purpuram,
1206 1591 1312 1626 imperii
1329 1592 1459 1626 insignia,
1471 1591 1522 1626 ipsi
1539 1591 1663 1626 praebens
1679 1602 1687 1621 ς

901 1645 947 1666 aut
976 1638 1049 1666 Mars
1078 1647 1110 1666 ac
1140 1638 1301 1671 Mercurius,
1329 1638 1424 1666 oculos
1438 1639 1465 1665 in
1492 1639 1585 1673 ipsum.
1602 1637 1688 1672 conji-

901 1685 1016 1715 cientes,
1030 1691 1062 1711 ac
1071 1685 1154 1712 veluti
1178 1685 1321 1711 oculorum
1340 1689 1408 1710 nntn
1423 1683 1611 1714 testiﬁcantes,
1625 1690 1686 1709 eum

900 1729 1034 1757 disertum
1058 1738 1120 1758 esse
1137 1734 1164 1757 et
1190 1730 1229 1758 rei
1254 1730 1381 1756 militaris
1408 1729 1537 1764 peritum.
1571 1727 1634 1754 llaec
1661 1732 1687 1754 et

900 1769 1034 1809 ejusmodi
1048 1776 1100 1802 alia
1114 1783 1175 1810 quae
1201 1776 1233 1802 ad
1257 1775 1400 1810 gentilium
1418 1775 1522 1802 cultum
1538 1773 1689 1808 pertinent,

901 1820 1067 1854 imaginibus
1083 1820 1141 1847 suis
1166 1820 1249 1848 inseri
1272 1820 1364 1854 jussit,
1385 1827 1417 1846 eo
1441 1819 1567 1851 consilio.
1582 1823 1611 1846 ut
1633 1819 1686 1846 sub

900 1866 1015 1894 obtentu
1036 1865 1150 1893 honoris
1170 1866 1215 1900 qui
1241 1865 1400 1900 imperatori
1417 1864 1519 1892 deferri
1534 1865 1614 1896 solet,
1633 1864 1686 1892 Ilo—

901 1912 973 1939 niani
987 1920 1034 1940 eos
1053 1913 1135 1940 etiam
1155 1912 1202 1947 qui
1218 1912 1300 1940 simul
1315 1912 1378 1946 picti
1394 1915 1482 1941 erant,
1499 1911 1687 1945 imprudentes

900 1958 1062 1990 adorarent;
1084 1958 1256 1992 abutensque
1284 1957 1420 1984 veteribus
1446 1957 1589 1988 institutis,
1610 1957 1684 1990 omni

900 2003 1035 2030 industria
1059 2003 1208 2035 laborabat,
1235 2007 1265 2029 ut
1289 2002 1459 2029 subditorum
1488 2002 1593 2028 animos
1611 2001 1684 2028 deci-

900 2053 984 2083 peret.
1000 2048 1046 2076 Sic
1062 2048 1134 2076 enim
1146 2048 1296 2083 cogitabat,
1315 2048 1337 2074 si
1357 2048 1466 2082 quidem
1483 2054 1514 2074 ea
1532 2039 1707 2082 persuasis:

899 2099 951 2128 set,
978 2094 1082 2129 reliqua
1106 2101 1167 2128 quae
1188 2094 1285 2126 vellet,
1310 2101 1340 2120 se
1364 2093 1494 2127 deinceps
1509 2092 1616 2121 facilius
1641 2100 1684 2126 ag-

898 2147 1068 2176 gressurum.
1087 2138 1115 2166 Si
1126 2147 1190 2167 vero
1202 2138 1334 2174 refragari
1345 2146 1393 2166 eos
1401 2138 1635 2173 deprehendisset,
1655 2147 1684 2166 sc

900 2186 1002 2220 absque
1017 2185 1072 2212 ulla
1086 2185 1165 2212 venia
1184 2184 1211 2212 in
1229 2184 1290 2212 illos
1310 2183 1577 2216 animadversurum,
1591 2189 1684 2219 utpote

66 2237 122 2262 σαν,
138 2230 257 2265 συνῆκαν
273 2229 318 2256 τὸν
337 2230 425 2265 λόγον,
441 2231 489 2258 καὶ
505 2231 542 2263 ὡς
563 2231 623 2263 ἔθος
640 2229 685 2267 ἦν,
712 2233 762 2259 οὐκ
776 2233 847 2268 ἠνεί-

903 2232 958 2266 qui,
978 2235 1075 2258 contra
1105 2238 1198 2258 mores
1216 2234 1298 2265 atque
1328 2230 1453 2257 instituta
1478 2229 1683 2263 Romanorum,

65 2281 137 2308 χοντο
166 2276 347 2310 προσκυνεῖν·
370 2275 401 2302 τὸ
431 2276 459 2302 δὲ
483 2276 594 2311 πλῆθος,
618 2274 661 2303 οἷα
691 2276 771 2311 φιλεῖ,
800 2278 846 2304 ὑπ’

63 2319 171 2352 ἀγνοίας
193 2319 210 2354 ἢ
226 2320 338 2356 γνώμης
353 2321 529 2356 ἀπεριέργου,
544 2322 618 2358 νόμῳ
632 2322 725 2354 ἁπλῶς
740 2323 846 2359 παλαιῷ

64 2364 173 2397 ἡγοῦντο
184 2365 335 2398 πείθεσθαι,
348 2367 395 2393 καὶ
407 2367 588 2403 ἁπλούστερον
600 2369 659 2400 ταῖς
667 2369 753 2395 είκόσι
763 2378 846 2404 προσ.

62 2408 153 2442 ῄεσαν.
183 2410 294 2437 Βασιλεί
309 2411 337 2437 δὲ
360 2411 440 2439 πλέον
462 2412 539 2439 οὐδὲν
550 2412 656 2448 ἠνύετο,
681 2414 729 2440 καὶ
742 2415 845 2450 ταύτης

62 2453 108 2488 τῆς
123 2455 220 2490 τέχνης
237 2455 292 2491 (20)
307 2457 346 2488 είς
361 2458 458 2493 πεῖραν
472 2458 664 2494 προελθούσης.
680 2460 717 2486 Οὺ
734 2460 786 2494 μὴν
800 2461 844 2486 ὲν-

900 2278 1013 2305 novitati
1027 2276 1180 2309 studerent,
1190 2281 1217 2304 el.
1231 2277 1257 2303 in
1270 2276 1463 2311 rempublicam
1476 2276 1557 2310 inque
1567 2276 1685 2311 impera-

900 2329 984 2350 torem
1014 2323 1102 2357 ipsum
1130 2326 1286 2357 peccarent.
1312 2321 1350 2349 Ac
1375 2321 1455 2356 pauci
1484 2322 1605 2356 quidem,
1636 2323 1684 2356 qui

898 2371 979 2396 etiam
997 2376 1092 2404 poenas
1109 2368 1254 2399 dederunt,
1272 2367 1416 2395 consilium
1439 2367 1499 2402 ejus
1515 2367 1682 2399 intellexere,

899 2423 957 2447 nec,
980 2419 1009 2442 ut
1024 2415 1108 2442 moris
1129 2419 1197 2446 erat,
1219 2414 1335 2441 adorare
1352 2413 1552 2440 sustinuerunt.
1580 2412 1683 2447 Vulgus

899 2468 974 2493 vero,
1001 2465 1030 2487 ut
1051 2460 1129 2493 solet,
1158 2460 1201 2487 vel
1226 2458 1409 2494 ignoratione,
1437 2457 1479 2485 vel
1505 2457 1683 2492 simplicitate

656 2527 789 2556 VALESII
816 2528 1090 2557 ANNOTATIONES.

96 2567 151 2603 (l7)
175 2568 268 2611 'A1.1_d
278 2571 385 2611 πικρῶς
397 2572 550 2611 εζπεῖν
565 2572 635 2611 Lego
644 2577 741 2611 πικρὸν
756 2577 841 2604 εἰπεῖν

64 2605 360 2647 piaequema‘dmodum
374 2607 473 2647 legisse
482 2605 593 2647 videtur
604 2605 756 2647 illuserilus.
771 2611 842 2647 Lego

62 2639 366 2680 titiamndmoiat'aaoo‘et,
391 2639 420 2680 tit
440 2643 536 2680 legitur
556 2644 627 2679 apud
644 2639 841 2680 Nicephorum.

63 2670 196 2717 lincpdice
211 2677 300 2717 tamen
314 2670 842 2717 Fulketianoiseriptrim:inveuiisrnipov

62 2708 156 2752 εἰτεεῖεγὶ,
172 2708 238 2752 μηδὲ
254 2710 314 2752 τῆς,
328 2711 477 2752 θςο;ΛΩυ.‹ξ1
491 2708 546 2752 non
564 2714 659 2747 probo.

86 2742 151 2785 ιβ)
175 2743 222 2785 ’ῼς
241 2742 358 2785 mibi-rd
368 2742 422 2781 5017'
440 2742 588 2785 Ῥωμαίων
607 2751 840 2785 νεωτερίζοντας.

65 2773 132 2816 Libri
144 2773 263 2816 quidem
276 2773 469 2816 'nihilrmuiant
484 2773 614 2811 liocrloco;
628 2773 842 2813 ἱιϊεὶιῖἕὶιῖἶθῖιῖἐιὶ

65 2811 183 2853 scribere
196 2814 272 2848 παρὰ
287 2816 321 2841 τὰ
336 2815 394 2850 ἔθη.
413 2817 441 2844 Id
456 2821 507 2850 est,
518 2824 610 2845 contra
621 2827 710 2847 mores
724 2811 843 2848 clins-ti:

63 2847 117 2870 tuta
132 2847 264 2879 majorum
271 2870 278 2875 .

96 2880 218 2916 (19)Ε1ς
243 2885 396 2912 πολιτείαν
422 2888 468 2914 καὶ
498 2888 667 2920 ,ϐαι-(λείαν.
694 2890 721 2917 In
751 2890 844 2919 codice

894 2577 1188 2612 Fuketianoseriptnm
1213 2580 1255 2604 est
1280 2575 1326 2602 καὶ
1352 2574 1474 2612 βασιλέα,
1491 2573 1681 2612 ηιιοιίῆηιοεῖε

896 2614 992 2647 probo.
1006 2608 1176 2647 Nicephorius
1197 2616 1286 2638 tamen
1308 2611 1334 2637 in
1353 2608 1414 2645 cap.
1428 2610 1472 2642 ‘23,
1491 2610 1535 2635 lib.
1564 2608 1603 2641 l0,
1622 2608 1681 2634 vul-

895 2652 984 2682 gatam
997 2649 1159 2682 scripturam
1175 2651 1266 2682 tuetur

931 2683 985 2716 (ἳο)
1002 2678 1060 2709 Καί
1072 2683 1164 2709 ταῦτα
1183 2681 1237 2715 τῆς
1252 2681 1371 2716 τέχνης.
1398 2679 1431 2716 in
1453 2678 1603 2716 Fuketiano
1631 2685 1678 2704 eo-

895 2713 955 2745 diee
968 2718 1069 2745 rectius
1086 2713 1218 2750 scriptum
1240 2713 1355 2744 cst'vmt
1384 2714 1484 2749 ταύτης
1498 2714 1547 2747 τῆς
1570 2713 1677 2752 τέχνης.

896 2753 981 2779 Porro
994 2752 1174 2787 Nicephorus.
1190 2755 1216 2778 et
1235 2755 1288 2777 tam
1305 2751 1496 2787 scriptirquam
1527 2751 1678 2787 exclusim-

894 2788 980 2820 dices,
993 2786 1027 2814 ab
1048 2783 1090 2814 Itis
1121 2787 1210 2813 verbis
1232 2793 1328 2812 novam
1353 2783 1494 2820 periodum
1521 2783 1676 2820 ordiuntur,

893 2830 963 2855 quos
975 2817 1062 2849 secuti
1089 2826 1152 2848 sunt
1170 2821 1333 2854 interpretes
1354 2817 1446 2855 Musca
1467 2823 1494 2845 et
1520 2817 1676 2851 Christoph.

893 2854 949 2890 Ego
962 2865 1027 2884 vero
1042 2857 1120 2883 aliter
1138 2857 1209 2882 hunc
1231 2856 1317 2882 locum
1335 2854 1459 2890 distinxi,
1476 2858 1503 2881 et
1520 2861 1581 2879 cum
1607 2858 1677 2886 pra‘<

893 2888 1006 2920 cedente
1023 2892 1144 2919 membro
1159 2889 1328 2926 jungendum
1344 2888 1447 2924 putavi.
