1896 3074
109 146 181 176 ωδ

585 143 745 173 HISTORIA
759 144 1036 173 acutasmsrm.
1057 161 1091 166 -
1107 128 1170 172 Litt.
1193 145 1224 171 ν.

1660 146 1707 172 ΕἹ
1715 146 1735 173 θι

109 207 173 234 οων.
187 204 356 240 Χριστιανοῖς
375 203 403 230 δὲ
418 203 554 230 κάνταῦθα
568 204 667 238 ὁμοίως
679 204 788 239 ἐχρῆτο,
802 204 848 230 καὶ
866 204 895 230 τὸ

949 204 1000 231 Sed
1025 204 1108 231 animi
1130 208 1198 232 testu
1217 206 1328 238 repente
1345 205 1465 233 mutato,
1482 201 1573 228 verbis
1597 202 1734 230 duntaxat

113 250 269 286 Ἑλληνικὸν
295 250 438 285 κρατύνειν
468 249 642 280 ἐσπούδαζεν.
672 247 723 276 Οἷα
744 250 809 284 γοῦν
837 248 896 276 τότε

108 296 210 331 συνέϐη
235 296 298 330 περὶ
321 296 370 330 τὴν
391 295 478 330 θήκην
500 295 608 321 Βαϐύλα
625 295 672 321 τοῦ
688 296 834 331 μάρτυρος,
851 296 898 322 καὶ

105 341 147 376 τῷ
162 343 192 368 ὲν
217 342 308 376 Δάφνῃ
330 340 385 376 ναῷ
402 340 449 366 τοῦ
468 340 642 372 Ἀπόλλωνος,
660 341 733 373 ἄξιον
756 342 899 376 ἀφηγήσα-

108 385 182 411 σθαι.
203 386 339 420 ¹Ἀρχομαι
350 384 378 411 δὲ
392 384 526 411 ἐντεῦθενο
546 385 636 419 Δάφνη
657 384 687 411 τὸ
701 385 833 419 ἐπίσημον
849 385 898 420 τῆς

114 431 279 464 Ἀντιοχείας
294 430 463 464 προάστειον,
481 430 553 465 κομᾷ
569 430 617 465 μὲν
631 431 705 457 άλσει
722 431 898 465 κυπαρίσσων

105 475 229 502 πολλῶν·
244 475 409 502 ποικίλλεται
425 476 453 502 δὲ
472 477 518 502 καὶ
539 477 592 507 τοῖς
609 476 697 508 ἄλλοις
717 478 810 510 φυτοῖς
833 477 898 503 ἀνα-

109 521 158 556 μὶξ
175 522 232 553 ταῖς
246 521 434 556 κυπαρίσσοις.
453 521 521 547 ’Υπὺ
536 522 563 548 δὲ
586 523 642 553 τοῖς
657 522 803 557 δένδρεσιν,
819 523 899 557 ἀμοι-

107 567 189 594 ϐαδὸν
201 567 254 594 τῶν
266 567 344 602 ὡρῶν
363 567 451 602 εὐώδη
470 567 516 594 καὶ
533 568 690 594 παντοδαπά
707 569 764 604 εἴδη
779 569 866 595 ἀνθῶν
882 570 898 604 ἡ

107 613 145 647 γῆ
161 612 248 647 φέρει.
269 611 368 647 Ὀροφὴ
392 611 421 637 δέ
443 619 486 642 τις
509 611 619 647 μᾶλλον,
637 612 653 647 ἦ
676 613 741 639 σκιά
762 612 900 647 πανταχοῦ

106 657 155 683 τὸν
178 657 264 692 χῶρον
294 657 455 692 περίκειται,
476 658 509 692 τῇ
531 657 679 693 πυκνότητι
710 657 764 684 τῶν
796 658 899 684 κλάδων

109 703 158 728 καὶ
183 702 236 728 τῶν
255 701 360 736 φύλλων
389 701 426 736 μὴ
457 701 634 736 συγχωροῦσα
666 702 715 736 τὴν
738 702 834 728 ἀκτῖνα
860 701 899 736 τῷ

109 747 205 782 ἐδάφει
237 747 395 782 ἐμϐάλλειν·
427 746 492 781 ἡδύς
521 755 550 772 τε
577 746 624 772 καὶ
659 746 719 773 λίαν
750 747 901 782 ἐπέρα-στάς

108 794 202 825 ἐστιν,
229 792 344 828 ἀφθονίᾳ
366 800 396 818 τε
421 791 467 818 καὶ
490 791 582 818 κάλλει
606 791 720 823 ὑδάτων,
747 792 794 818 καῖ
820 791 900 826 ὡρῶν

108 838 263 875 εὐκρασία,
295 840 341 864 καὶ
378 836 521 873 προσηνῶν
552 837 660 872 ἀνέμων
694 838 798 869 πνοαῖς.
840 839 898 864 Ἐν-

106 884 198 911 ταῦθα
212 884 239 910 δὲ
259 884 353 914 παῖδες
375 882 508 918 Ἐλλήνων
527 882 696 918 μυθεύουσι,
721 883 830 918 Δάφνην
851 883 899 917 τὴν
914 877 936 905 Β

107 930 234 961 Λάδωνος
255 929 387 963 ποταμοῦ,
410 928 441 961 ἐξ
461 928 605 963 Ἀρκαδίας
631 928 782 963 φεύγουσαν
803 928 901 956 Ἀπόλ-

106 975 182 1002 λωνα
197 975 242 1002 τὸν
257 974 383 1010 ἐραστὴν,
401 975 441 1005 είς
456 973 601 1010 ὁμώνυμον
614 975 697 1009 φυτὸν
714 975 799 1010 αὐτὴν
817 983 900 1010 μετα-

107 1019 216 1047 ϐαλεῖν·
233 1020 277 1047 ’τὸν
287 1020 325 1050 δὲ,
342 1019 408 1055 μηδὲ
424 1019 509 1051 οὕτως
522 1019 711 1054 ἀπαλλαγέντα
725 1021 771 1047 τοῦ
786 1019 899 1052 πάθους,

108 1065 316 1100 στεφανωθῆναι
335 1065 387 1096 τοῖς
404 1064 511 1096 κλάδοις
535 1065 585 1100 τῆς
606 1066 757 1101 ἐρωμένης,
773 1067 820 1093 καὶ
838 1067 899 1093 δέν-

106 1108 173 1147 δρον
199 1109 281 1138 οὖσαν
303 1112 530 1147 περιπτύξασθαι,
556 1111 603 1137 καὶ
631 1113 664 1146 τῇ
693 1111 841 1147 προσεδρίᾳ
867 1113 900 1139 τὰ

110 1156 230 1190 μάλιστα
254 1157 367 1192 τιμῆσαι
383 1157 413 1183 τὸ
429 1157 537 1192 χωρίον,
561 1155 640 1191 εἴπερ
658 1165 684 1182 τι
703 1156 765 1183 ἄλλο
787 1165 898 1193 κεχαρι-

110 1201 210 1236 σμένον
234 1202 316 1237 αὐτῷ.
344 1203 462 1238 Τοιούτῳ
486 1202 514 1228 δὲ
541 1201 597 1228 ὄντι
625 1200 664 1236 τῷ
687 1201 840 1237 προαστείῳ
866 1203 898 1238 τῇ

107 1247 214 1284 Δάφνῃ,
228 1248 377 1275 ὲπιδαίνειν
393 1248 448 1280 τοῖς
462 1247 618 1278 ἐπιεικέσιν,
631 1247 742 1282 αῐσχρδν
752 1248 898 1282 ἐνομίζετο.

109 1292 149 1319 Ἦ
163 1302 193 1320 τε
209 1294 263 1329 γάρ
278 1294 351 1326 θέσις
371 1294 418 1320 καὶ
434 1295 451 1329 ἡ
472 1293 553 1328 φύσις
575 1293 621 1320 τοῦ
645 1294 744 1329 χωρίου
762 1293 829 1329 πρὸς
853 1295 901 1329 ρᾳ-

110 1338 218 1374 στὼνην
233 1338 382 1375 ἐπιτηδεία,
403 1340 449 1367 καὶ
470 1340 486 1374 ὴ
513 1339 640 1370 ὑπόθεσις
662 1339 708 1365 ’τοῦ
730 1338 814 1374 μύθου
829 1340 900 1375 ἐρω-

107 1383 175 1419 τοκή
197 1392 239 1416 τις
261 1382 338 1415 οὖσα,
366 1385 466 1419 μικρᾶς
486 1384 622 1420 λαϐομένη
643 1384 778 1420 ἀφορμῆς,
792 1385 901 1411 διπλοῦν

109 1429 237 1456 ἀπετέλει
263 1429 294 1456 τὺ
317 1430 401 1462 πάθος
427 1431 483 1462 τοῖς
509 1429 717 1466 διεφθαρμένοις
743 1430 823 1462 νέοις.
854 1431 901 1462 Εἰς

109 1476 276 1511 παραίτησιν
290 1476 344 1512 γὰρ
364 1477 555 1512 προϊσχόμενοι
574 1476 609 1503 τὰ
629 1476 808 1511 μυθευόμενα,
821 1476 901 1511 χαλε-

109 1521 171 1553 πῶς
186 1521 347 1554 ἐξεκαίοντο,
365 1522 412 1548 καὶ
428 1522 524 1556 ἀνέδην
547 1522 587 1554 είς
608 1521 772 1553 ἀκολάστους
786 1521 899 1557 πράξεις
912 1539 933 1567 C

108 1567 241 1603 ἐχώρουν,
267 1569 298 1599 οὐ
323 1570 469 1604 σωφρονεῖν
494 1568 647 1603 δυνάμενοι,
672 1567 734 1594 οὔτε
758 1567 898 1603 σώφρονας

108 1612 182 1638 κατὰ
204 1613 300 1639 ταύτὸν
322 1613 387 1648 ὀρᾷν
409 1613 574 1648 ἀνεχόμενοι.
594 1610 630 1649 Ὦ
654 1612 709 1648 γὰρ
723 1613 750 1648 ιή
776 1612 901 1648 διατριϐὴ

109 1657 189 1688 me;
200 1657 341 1694 ἐρωμένης
356 1659 384 1685 ἐν
399 1659 490 1694 Δάφνῃ
510 1657 669 1693 ἐτύγχανεν,
687 1659 788 1693 ἠλίθιός
803 1667 832 1684 τε
853 1658 899 1684 καὶ

109 1703 209 1738 ᾶχαρις
229 1703 330 1730 ἐδόκει·
348 1704 394 1730 καὶ
412 1703 504 1739 ὥσπερ
530 1711 556 1730 τι
579 1703 644 1738 ἄγος
664 1703 680 1738 ἢ
705 1703 895 1738 ἀποτρόπαιος,

109 1749 254 1782 φευκταῖος
280 1746 324 1784 ἦν.
348 1749 402 1775 Καὶ
424 1749 511 1780 ἄλλως
535 1749 563 1774 δὲ
589 1748 736 1783 σεϐάσμιος
761 1749 808 1775 καὶ
834 1749 898 1783 περὶ

108 1794 208 1821 πολλοῦ
224 1796 279 1826 τοῖς
301 1794 483 1829 Ἐλληνισταῖς
504 1794 518 1819 ὁ
533 1794 620 1828 χῶρος
639 1791 714 1825 οὗτος
735 1793 897 1827 ἐτύγχανεν

108 1836 145 1875 ἦν
171 1841 226 1876 γὰρ
254 1840 348 1867 ἐνθάδε
383 1840 517 1874 Δαφναίου
547 1835 714 1870 Ἀπόλλωνος
741 1839 900 1873 περικαλλὲς

108 1884 237 1920 ἄγαλμα,
267 1884 314 1911 καὶ
335 1883 402 1916 νεὼς
430 1883 606 1919 μεγαλοφυῶς
631 1892 662 1910 τε
686 1884 733 1910 καὶ
754 1884 901 1919 φιλοτίμως

109 1929 336 1966 ἐξειργασμένος·
359 1929 388 1956 ὃν
408 1929 486 1963 λόγος
506 1929 680 1964 οἰκοδομῆσαι
702 1929 832 1956 Σέλευκον
854 1929 902 1956 τὸν

116 1975 253 2010 Ἀντιόχου
272 1974 390 2010 πατέρα,
411 1971 434 2008 ᾧ
453 1973 596 2009 ἐπώνυμόν
619 1974 692 2000 ἐστιν
709 1975 726 2009 ἡ
743 1974 899 2009 ’Δντιοχέων

107 2020 199 2051 πόλις.
221 2019 392 2046 Ἐπιστεύετο
410 2019 438 2045 δὲ
460 2019 535 2055 παρὰ
556 2020 611 2051 τοῖς
633 2019 696 2046 τάδε
710 2020 900 2055 πρεσϐεύουσι,

109 2066 169 2101 ῥεῖν
191 2065 285 2091 αὐτόθι
306 2065 351 2092 καὶ
372 2065 444 2100 ὕδωρ
461 2065 588 2100 μαντικὸν
604 2065 657 2091 ἀπὸ
680 2066 836 2098 Κασταλίας
850 2067 901 2102 τῆς

108 2110 214 2146 πηγῆς,
229 2111 328 2146 ὁμοίως
340 2111 389 2146 τῆς
403 2111 432 2137 ὲν
446 2110 556 2145 Δελφοῖς
568 2110 707 2145 ἐνεργείας
719 2119 748 2137 τε
761 2111 808 2138 καὶ
821 2120 901 2147 προσ-

108 2157 224 2193 ηγορίας
237 2157 380 2192 λαχούσης.
400 2157 549 2192 Ἀμέλειτοι
571 2157 618 2183 καὶ
634 2156 764 2192 Ἀδριανῷ
777 2157 817 2184 ἔτι
831 2158 900 2184 ἰδιω-

948 250 1140 277 contumeliam
1158 256 1235 277 suam
1252 249 1331 276 ultus
1342 253 1393 280 est,
1423 248 1629 282 elegantissimo
1644 253 1670 275 et
1684 249 1734 275 ad—

948 296 1057 322 modum
1074 295 1162 322 l‘aceto
1179 295 1311 322 adversus
1327 293 1514 321 Antioelienus
1533 293 1604 320 libro
1617 301 1730 327 compo-

948 341 1017 373 sito,
1048 348 1128 375 quem
1151 339 1340 373 Μισοπώγωνα
1364 340 1514 373 inscripsit.
1540 338 1625 365 Porro
1653 338 1732 365 Chri-

948 387 1054 414 stianos
1077 387 1160 413 etiam
1179 386 1207 412 in
1229 386 1280 412 hac
1301 386 1367 413 urbe
1390 385 1472 413 solito
1491 392 1567 412 more
1585 385 1730 416 tractavit,

948 437 976 459 et
992 432 1148 467 reiigionem
1168 432 1308 466 gentilium
1333 431 1389 458 illic
1410 431 1534 458 stabilire
1557 430 1673 458 studuit.
1699 430 1736 456 Et

949 485 1014 505 vero
1037 485 1098 512 quin
1124 481 1189 504 tunc
1219 477 1350 511 temporis
1378 477 1451 503 circa
1480 476 1598 502 loculum
1625 475 1732 510 Babylm

949 524 1077 559 martyris
1088 543 1096 555 ,
1112 529 1138 550 et
1154 523 1181 549 in
1196 524 1298 557 templo
1315 522 1448 556 Apollinis
1464 521 1592 556 Daphnaei
1609 522 1731 556 contige-

948 574 1031 601 runt,
1050 577 1140 604 operae
1156 571 1274 603 pretium
1290 568 1372 595 fuerit
1387 571 1615 595 commemorare.
1630 566 1732 594 Narra-

950 616 1051 642 tiouem
1069 614 1150 650 209
1164 619 1254 641 autem
1273 614 1336 640 hine
1356 613 1494 640 exordiar.
1516 612 1626 647 Daplme
1642 613 1734 640 nobile

949 660 1102 688 Antiochia:
1117 659 1319 690 suburbanum,
1332 659 1478 685 multarum
1496 659 1605 692 quidem
1620 666 1733 693 cupres-

949 715 1044 734 sorum
1058 713 1170 733 nemore
1188 705 1297 732 nitescit
1326 703 1372 731 sed
1386 708 1412 731 et
1428 704 1490 731 aliis
1504 704 1573 730 inter
1585 711 1736 738 cupressos

949 752 1066 780 consitis
1083 751 1231 778 arboribus
1248 750 1380 777 variatur.
1400 749 1457 776 Sub
1473 749 1616 776 arboribus
1632 753 1732 781 autem,

950 804 1000 832 pro
1016 801 1168 831 temporum
1179 794 1384 826 vicissitudine,
1395 793 1631 828 fragrantissian
1644 793 1734 819 omnis

951 842 1059 876 generis
1083 841 1164 868 ﬂores
1184 841 1266 867 tellus
1285 838 1381 874 gignit.
1403 837 1488 865 Porro
1509 837 1625 864 lacunar
1645 837 1735 871 potius

950 886 1099 921 quoddam,
1121 893 1202 920 quam
1230 885 1337 915 umbra,
1358 883 1447 910 locutn
1475 882 1598 916 undique
1619 881 1734 916 obtegit,

952 939 1006 966 prae
1026 930 1165 958 frondium
1181 937 1212 957 ac
1235 936 1374 957 ramorum
1399 929 1544 962 densitate,
1559 927 1626 955 solis
1644 927 1741 954 radios

950 978 1062 1004 humum
1091 985 1178 1011 usque
1205 976 1361 1012 pertingere
1393 982 1448 1002 non
1475 974 1581 1002 sinens.
1605 974 1741 1002 Ammius

951 1027 1082 1058 praeterea
1098 1030 1130 1049 ac
1141 1022 1281 1057 jucundus
1295 1025 1337 1049 est
1348 1022 1423 1048 locus
1433 1021 1468 1048 ob
1482 1028 1614 1055 aquarum
1628 1020 1741 1054 copianr

951 1075 983 1095 ac
996 1067 1240 1102 pulchritudinem,
1251 1070 1279 1094 et
1290 1066 1328 1094 ob
1339 1065 1498 1100 temperiem
1512 1064 1574 1091 caeli
1587 1068 1613 1090 et
1625 1068 1742 1098 propter
1781 1075 1784 1080 ι

951 1122 1032 1141 auras
1063 1114 1183 1141 molliter
1215 1113 1363 1147 spirantes.
1389 1111 1428 1138 ibi
1457 1110 1617 1137 fabulantur
1647 1110 1738 1137 Graeci

950 1159 1092 1193 Daphnen,
1108 1157 1227 1185 Ladonis
1243 1157 1317 1184 ﬂuvii
1333 1157 1428 1189 ﬁliam,
1442 1163 1474 1183 ex
1492 1155 1609 1182 Arcadia
1628 1155 1736 1190 fugien-

951 1209 1004 1232 tem
1033 1204 1186 1239 Apollinem
1217 1207 1384 1234 amatorem;
1405 1203 1432 1229 in
1461 1202 1587 1229 arborem
1617 1199 1749 1228 nominis“

952 1248 1166 1279 sttieonversam
1185 1257 1267 1283 esse;
1282 1248 1435 1283 Apollinem
1452 1255 1519 1275 vero
1540 1254 1574 1274 ne
1594 1250 1652 1273 tum
1676 1247 1737 1281 qui-

951 1297 1011 1324 dem
1043 1296 1250 1331 perturbatione
1282 1294 1367 1321 animi
1398 1294 1565 1325 liberatum,
1593 1299 1625 1320 ex
1654 1292 1741 1319 ramis

951 1347 1048 1370 amatae
1068 1349 1200 1370 coronam
1221 1341 1273 1369 sibi
1290 1340 1421 1372 texuisse,
1437 1346 1553 1373 eamque
1572 1338 1637 1366 licet
1658 1338 1738 1365 arbov

950 1396 1007 1416 rem
1033 1388 1155 1416 brachiis
1174 1387 1345 1422 complexum
1371 1385 1469 1413 fuisse.
1493 1384 1525 1411 Et
1549 1385 1623 1411 hunc
1646 1383 1738 1410 locum

950 1442 1006 1469 pne
1022 1433 1127 1461 caeteris
1152 1441 1222 1467 quos
1247 1433 1366 1463 amabat,
1384 1431 1531 1464 praesentia
1555 1437 1604 1457 sua
1626 1437 1658 1456 ac
1678 1429 1739 1455 diti-

951 1485 1033 1507 turno
1053 1479 1195 1506 domicilio
1210 1478 1376 1506 honorasse.
1391 1477 1459 1503 Cum
1482 1476 1564 1511 igitur
1580 1474 1740 1510 hujusmod'r

951 1530 1023 1553 esset
1041 1525 1230 1553 suburbanum
1250 1523 1372 1559 Daphne,
1390 1522 1485 1557 pedem
1498 1530 1530 1549 eo
1547 1521 1648 1548 inferre
1671 1520 1738 1547 viris

951 1571 1029 1598 bouis
1043 1574 1123 1604 turpe
1139 1569 1300 1596 habebatur.
1318 1568 1384 1595 Nam
1400 1572 1426 1595 et
1443 1568 1512 1595 situs
1526 1574 1557 1593 ac
1574 1571 1669 1593 natura
1686 1565 1738 1592 loci

949 1617 982 1644 ad
995 1617 1162 1651 voluptatem
1181 1615 1398 1645 accommodata,
1407 1618 1434 1641 et
1446 1614 1532 1648 ipsius
1545 1612 1643 1639 fabulae
1655 1619 1739 1646 argu-

949 1666 1068 1689 mentum
1089 1661 1269 1693 amatorium,
1287 1660 1339 1687 levi
1358 1663 1467 1694 arrepta
1483 1659 1631 1686 occasione
1642 1678 1648 1689 ,
1663 1664 1739 1684 mor-

948 1709 1014 1735 bum
1033 1707 1117 1742 duplo
1141 1706 1296 1742 graviorem
1321 1705 1492 1733 accendebat
1516 1705 1654 1738 corruptis
1672 1703 1739 1729 ado-

949 1752 1128 1780 lescentibus.
1147 1751 1180 1777 lli
1193 1751 1278 1783 enim,
1298 1749 1417 1777 fabulam
1437 1750 1511 1776 illam
1536 1749 1569 1775 ad
1583 1747 1739 1775 excusatio-

950 1805 1013 1824 nem
1042 1796 1138 1828 ﬂagitii
1164 1796 1206 1823 sui
1232 1792 1557 1830 praetendentes,'multo
1583 1794 1670 1828 magis
1695 1793 1740 1820 i'n—

949 1841 1174 1872 ﬂammabantur,
1198 1840 1330 1874 omnique
1353 1839 1463 1866 licentia
1487 1838 1520 1865 ad
1545 1842 1638 1872 turpes
1662 1842 1739 1863 actus

950 1890 1174 1922 prorumpentes,
1193 1892 1245 1912 nec
1269 1885 1322 1919 ipsi
1346 1884 1471 1911 modeste
1495 1891 1576 1918 agere
1601 1887 1738 1917 poterant,

951 1940 1001 1960 nec
1015 1931 1156 1959 modestos
1173 1931 1247 1958 viros
1264 1930 1321 1957 illic
1337 1937 1453 1956 cernere
1471 1928 1656 1956 sustinebant.
1673 1926 1738 1952 Nam

950 1977 997 2012 qui
1015 1977 1120 2011 absque
1143 1976 1233 2002 amica
1255 1975 1445 2002 diversaretur
1460 1973 1532 2008 apud
1554 1972 1697 2007 Daphnen,
1715 1972 1739 1998 is

950 2022 1077 2058 stupidus
1097 2027 1124 2049 et
1142 2021 1304 2053 inurbanus,
1327 2024 1354 2047 et
1379 2025 1509 2053 tanquam
1536 2017 1627 2045 scelus
1650 2017 1740 2051 quod—

950 2069 1012 2096 dam
1030 2075 1062 2095 ac
1075 2067 1215 2102 piaculum
1242 2065 1388 2100 fugiendus
1410 2064 1567 2091 videbatur.
1585 2062 1618 2089 Et
1637 2062 1742 2096 alioqui

950 2115 1028 2143 locus
1051 2115 1096 2142 hic
1116 2113 1232 2149 paganis
1257 2112 1425 2139 venerabilis
1456 2117 1611 2146 magnoque
1636 2109 1663 2136 in
1690 2109 1740 2135 ho-

950 2169 1019 2189 nore
1035 2164 1105 2188 erat.
1118 2147 1189 2186 iErrat
1207 2158 1279 2186 enim
1299 2157 1354 2184 illic.
1371 2156 1505 2192 Apollinis
1532 2156 1659 2191 Daphnmi
1682 2147 1754 2190 pub.

107 2202 227 2234 τεύοντι,
240 2203 273 2229 τὰ
292 2203 357 2238 περὶ
372 2203 423 2237 τῆς
439 2202 576 2238 βασιλείας
589 2202 716 2237 αὐχοῦσιν
731 2203 824 2230 ἐνθάδε
836 2212 898 2238 προ-

950 2207 1117 2235 cberrimum
1131 2204 1309 2232 simulacrum
1320 2207 1348 2230 et
1362 2203 1493 2237 templum
1506 2201 1648 2236 magniﬁce
1660 2206 1741 2235 atque

111 2248 273 2284 μηνυθῆναι.
290 2249 358 2275 Φασὶ
379 2249 433 2284 γὰρ
462 2250 542 2276 αὑτὸν
562 2248 660 2282 φύλλον
683 2249 790 2283 Δάφνης
816 2250 900 2284 ἐμϐά-

109 2292 200 2327 ψαντα
215 2294 248 2328 τῇ
266 2294 351 2328 πηγῇ,
369 2293 521 2328 ἀρύσασθαι
537 2292 586 2327 τὴν
607 2292 662 2319 τῶν
681 2292 818 2328 ἐσομένων
832 2293 901 2327 γνῶ-

110 2348 164 2371 σιν,
191 2339 336 2374 ἐγγράφως
364 2340 410 2366 ἐπὶ
435 2339 480 2366 τοῦ
505 2339 604 2374 φύλλου
627 2340 804 2376 δηλωθεῖσαν’
827 2349 900 2377 παρ-

110 2385 223 2412 ελθόντα
237 2385 265 2411 δὲ
282 2386 321 2417 εἰς
335 2385 386 2421 τὴν
400 2386 546 2420 ἡγεμονίαν
562 2386 720 2421 καταχῶσαι
734 2387 782 2422 τὴν
797 2387 899 2422 πηγὴν,

110 2432 182 2458 ὥστε
198 2432 234 2467 μὴ
251 2432 349 2464 ἐξεῖναι
365 2432 412 2458 καὶ
427 2432 516 2463 ἄλλοις
533 2432 733 2468 προμανθάνειν
747 2433 777 2459 τὸ
794 2432 899 2468 μέλλον.

118 2477 197 2504 Ἀλλά
214 2476 298 2503 ταῦτα
319 2477 378 2512 μὲν⁷
403 2475 444 2509 οἷς
459 2478 559 2504 τούτων
574 2478 659 2513 μέλει,
677 2478 796 2513 ἀκριϐῶς
817 2479 900 2513 μυθο-

82 2523 88 2563 ξ
110 2522 279 2556 λογούντων·
311 2524 373 2549 ἐπεὶ
400 2523 428 2550 δὲ
459 2523 558 2555 Γάλλος
584 2524 598 2549 ὁ
619 2523 761 2550 Ἰουλιανοῦ
789 2523 901 2559 ἀδελφὸς

112 2570 221 2604 Καῖσαρ
239 2570 376 2603 καταστὰς
397 2569 471 2603 παρὰ
489 2569 688 2602 Κωνσταντίου,
705 2570 733 2595 ὲν
753 2570 902 2606 Ἀντιοχείᾳ

111 2615 199 2649 διῆγε,
219 2615 380 2650 Χριστιανὸς
396 2614 432 2642 ὢν
449 2615 495 2641 καὶ
513 2616 541 2646 ἐς
559 2615 591 2641 τά
606 2616 721 2650 μάλιστα
745 2617 901 2651 πρεσϐεύων

111 2661 175 2691 τοὺς
191 2660 261 2695 ὑπὲρ
284 2660 332 2687 τοῦ
355 2660 488 2695 δόγματος
511 2661 765 2695 μεμαρτυρηκότας,
783 2661 901 2695 ἔγνωκεν

117 2706 279 2741 Ἑλληνικῆς
304 2706 511 2741 δεισιδαιμονίας
526 2707 572 2732 καὶ
605 2705 710 2741 ὕϐρεως
746 2707 901 2734 ἀκολάστων

112 2750 274 2786 ἀνθρώπων,
290 2750 382 2777 τοῦτον
407 2751 557 2785 ἐκκαθᾶραι
571 2750 616 2776 τὸν
630 2749 728 2785 χῶρον.
745 2750 901 2776 ’Υπολαϐὼν

112 2796 141 2822 δὲ
164 2795 263 2830 ῥᾳδίως
287 2795 480 2830 περιέσεσθαι,
505 2796 528 2821 εί
553 2795 695 2830 εὐκτήριον
715 2795 808 2821 ἐνθάδε
831 2796 902 2821 ἀντι-

114 2839 309 2874 καταστήσειεν
327 2837 410 2870 οἷκον,
427 2838 575 2873 μετέθηκεν
593 2840 630 2870 εἰς
645 2840 751 2874 Δάφνην
771 2839 817 2874 τὴν
837 2839 902 2873 λάρ-

83 2564 89 2699 l

79 2702 87 2809 l

951 2252 1100 2280 ambitiose
1131 2254 1338 2278 constructum.
1370 2249 1458 2282 Cujus
1487 2247 1582 2282 temin
1616 2247 1741 2274 conditor

951 2297 1036 2325 fuisse
1050 2295 1153 2323 dicitur
1165 2294 1310 2326 Seleucus,
1320 2297 1399 2328 pater
1413 2293 1542 2320 Antiochi
1555 2292 1639 2324 illius,
1656 2299 1670 2318 a
1686 2299 1740 2326 quo

951 2342 1095 2370 Antiochia
1123 2348 1224 2369 nomen
1251 2340 1369 2375 accepit.
1397 2339 1569 2366 Credebatur
1596 2338 1679 2365 etiam
1705 2337 1742 2363 ab

951 2390 1006 2417 illis
1024 2389 1070 2424 qui
1095 2389 1147 2416 ista
1165 2387 1260 2415 colunt
1276 2394 1309 2414 ac
1331 2385 1494 2421 praedicant,
1511 2391 1609 2418 aquam
1627 2384 1683 2410 illic
1699 2383 1741 2409 di-

950 2434 1114 2461 vinatricem
1131 2433 1215 2460 ﬂuere
1231 2440 1265 2460 ex
1290 2431 1365 2460 fonte
1386 2431 1520 2463 Castalio,
1540 2430 1586 2465 qui
1602 2429 1673 2456 idem
1690 2437 1740 2455 no-

952 2488 1014 2507 men
1040 2479 1221 2513 eamdemque
1247 2478 1398 2506 eﬂicaciam
1425 2476 1557 2509 haberet,
1584 2483 1664 2510 quam
1695 2474 1741 2502 ille

952 2525 1110 2560 Delphicus.
1137 2523 1260 2558 Denique
1290 2527 1317 2551 et
1351 2522 1474 2549 Adriano
1513 2521 1603 2548 adhuc
1633 2520 1740 2554 privato

951 2571 1094 2606 imperium
1123 2577 1156 2598 eo
1187 2570 1248 2597 loco
1281 2568 1495 2604 praenuntiatum
1530 2575 1592 2595 esse
1620 2566 1735 2600 jactaut.

951 2616 1018 2642 Nam
1034 2623 1097 2642 eum
1117 2614 1212 2642 folium
1227 2615 1297 2642 lauri
1314 2612 1499 2641 immersisset
1514 2613 1542 2639 in
1557 2611 1641 2642 fonte,
1655 2610 1738 2637 futuri

951 2662 1076 2688 notitiam
1094 2660 1222 2687 hausisse
1241 2660 1346 2687 dicitur
1365 2666 1425 2693 quae
1438 2658 1466 2685 in
1482 2657 1580 2684 fronde
1601 2657 1738 2690 descripta

951 2705 1114 2734 esset.Cum
1131 2709 1221 2732 autem
1234 2710 1327 2740 postea
1344 2705 1377 2732 ad
1393 2703 1538 2738 imperium
1557 2701 1738 2737 pervenisset,

952 2751 1057 2778 fontem
1080 2749 1256 2777 obstruxisse
1273 2749 1371 2780 fertur,
1395 2757 1429 2777 ne
1452 2749 1513 2776 aliis
1538 2747 1618 2775 etiam
1644 2747 1736 2774 liceret

953 2804 997 2824 res
1013 2796 1118 2823 futuras
1140 2802 1325 2830 praenoscere.
1342 2794 1444 2821 Verum
1462 2795 1513 2821 has
1533 2793 1639 2821 fabulas
1664 2792 1739 2827 ejus—

953 2840 1025 2868 modi
1053 2848 1145 2868 rerum
1167 2839 1299 2868 studiosis
1323 2839 1479 2867 accuratius
1501 2838 1677 2873 exponendas
1694 2845 1737 2864 re-
