1896 3074
80 149 145 178 ωδε

552 137 715 166 HISTORIA
737 134 1026 164 liCCLESlASTICA.
1047 152 1081 157 —
1102 137 1167 164 LIB.
1185 139 1217 165 γ.

1629 145 1696 171 liii?)

78 205 182 237 δοθῆναι
208 201 269 232 τοὺς
299 199 402 231 λίθους’
426 197 560 224 roseam
581 197 602 222 ὃ·
627 194 775 222 ἀπολέσθαι
786 194 809 220 οἳ
827 193 854 219 το

909 196 935 220 et
961 193 1064 220 Christi
1092 194 1286 228 prmdietiones
1317 196 1376 224 falsi
1405 198 1580 227 convincere.
1609 199 1696 228 Judaei

66 262 68 266 ~
79 252 152 286 ἔργον
167 246 360 281 ἐπετρόπευον,
374 243 420 271 καὶ
436 243 483 270 ἐπὶ
496 243 544 278 θέᾳ
557 243 650 268 τούτου
663 240 854 286 παρεγένοντο.

77 284 109 320 Δί’
122 301 151 319 τε
172 291 230 326 γὰρ,
252 289 365 325 πλησίον
376 288 424 315 τοῦ
439 286 512 323 ἱεροῦ
527 286 609 313 οἰκίαι
625 294 655 312 τε
671 285 718 312 καὶ
729 284 857 319 δημόσιαι

76 339 149 366 στοαὶ
164 338 192 364 ὲν
211 333 254 367 αἷς
278 335 415 369 κατέλυον,
432 333 528 369 ἀθρόον
545 330 744 367 κατερρύησαψ
770 329 816 356 καὶ
831 329 857 355 οι

76 385 179 414 πλείους
198 381 461 417 ἐγκαταληφθέντες,
478 379 502 406 οἱ
517 379 565 414 μὲν
584 377 681 404 αὐτίκα
695 376 835 404 ἀπώλοντο
847 383 854 390 ·

75 430 142 462 οἶδὲ,
155 428 300 464 ἡμιθνῆτες
322 426 483 461 εὑρέθησαν,
500 425 547 452 καὶ
570 421 790 459 πεπηρωμένοιῆ
808 421 856 452 τὰς

75 476 163 510 χεῖρας
188 473 204 508 ἢ
233 473 267 499 τὰ
280 472 362 507 σκέλη
374 480 380 485 ”
405 471 479 498 ἄλλοι
506 471 543 502 δὲ,
561 470 626 505 περὶ
645 469 712 496 ἄλλα
728 468 797 503 μέρη
809 466 855 493 τοῦ

75 521 195 555 σώματος
220 518 415 554 ἐδυστύχησαν.
440 518 484 548 Ὠς
505 517 532 543 δὲ
555 516 635 544 σείων
649 515 742 550 ἔληξεν
756 514 855 547 ὸΘεὺς,

74 565 146 597 αὖθις
160 564 307 600 ἐπειρῶντο
320 564 366 590 τοῦ
378 564 460 599 ἔργου
476 564 501 590 οἱ
516 563 744 598 περιλειφθέντες,
761 559 805 588 οἷά
825 571 856 596 γε

74 612 255 648 ἀπαραιτήτου
269 610 446 645 τυγχάνοντος
461 609 542 636 διὰτὸ
558 609 604 636 τοῦ
622 609 752 644 βασιλέως
773 610 857 644 πρόσ-

74 666 173 693 ταγμα,
196 658 244 684 καὶ
260 657 352 688 αὺτοῖς
372 656 442 683 κατὰ
465 655 528 682 νοῦν
540 655 624 687 ὄντος.
643 656 717 682 Φιλεῖ
731 656 784 691 γάρ
800 664 856 686 πως

73 705 89 739 ή
109 703 263 738 ἀνθρωπίνη
279 703 374 737 φύσις,
403 703 431 729 ὲν
450 703 506 734 τοῖς
529 702 589 728 καθ’
615 701 712 737 ἡδονὴν
739 702 806 737 πρὸς
826 701 857 727 τὸ

72 748 224 783 ἀσύμφορον
243 748 347 783 ῥέπειν,
361 749 407 774 καὶ
419 747 497 773 τοῦτο
513 747 592 782 μόνον
608 747 739 773 συνοίσειν
752 746 856 773 οἴεσθαι

72 795 85 820 ὃ
100 793 246 828 κατορθοῦν
258 792 381 827 βούλεται
393 801 400 808 ·
422 793 543 828 ἀτεχνῶς
554 801 583 819 τε
601 793 654 819 ὑπὸ
670 793 719 827 τῆς
732 792 856 819 ἐντεῦθεν

72 839 174 874 ἀπάτης
185 838 389 873 κεκρατημένη,
413 837 473 864 οὕτε
493 837 647 873 προμηθείᾳ
665 837 718 864 τινὶ
746 838 775 864 τὸ
793 847 856 873 συμ-

71 884 148 919 φέρον
164 884 228 910 ἰδεῖν
238 883 359 916 δύναται,
374 883 436 910 οὔτε
454 884 538 919 πείρα
550 883 679 910 κινδύνων
693 886 856 918 σωφρονιζο-

73 930 135 965 μένη
146 930 214 965 πρὸς
231 930 262 956 τὸ
276 930 333 956 δεον
359 929 491 965 ὰνανήφει
505 937 511 943 “
539 930 630 956 ὁποῖον
654 930 700 955 καὶ
714 931 769 960 τοῖς
789 930 855 955 Ἰου-

68 976 149 1007 δαίοις
158 976 220 1002 τότε
232 975 435 1010 συμϐεβηκέναι
448 974 576 1010 ἡγοῦμαι.
595 972 697 1002 Ἱκανὸῦ
712 975 766 1010 γὰρ
781 975 856 1007 ὄντος

69 1022 113 1049 τοῦ
124 1022 257 1058 προτέρου
284 1021 454 1056 κιολύματος,
472 1022 519 1048 καὶ
540 1021 663 1056 φανερῶς
675 1021 856 1053 ἐπιδείξαντος

69 1068 104 1100 ὡς
129 1068 287 1103 χαλεπαίνει
313 1068 343 1094 τὸ
373 1068 449 1094 Θεῑον
478 1067 524 1094 ἐπὶ
546 1067 583 1102 τῷ
613 1066 757 1101 γινομένῳ,
776 1066 856 1092 πάλιν

70 1113 183 1149 ἀνήνυτα
197 1113 374 1145 ἐσπούδαζον.
401 1113 486 1146 Λόγος
501 1110 547 1139 οὖν
568 1113 625 1147 ἅμα
635 1120 665 1138 τε
681 1113 711 1139 τὸ
729 1112 855 1146 δεύτερον

70 1159 216 1194 ἐνεχείρουν
231 1159 271 1194 τῷ
288 1159 369 1195 ἔργῳ,
392 1159 439 1184 καὶ
456 1159 511 1193 πῦρ
524 1158 652 1193 ἐξαίφνης
665 1158 697 1185 ὲκ
708 1158 763 1185 τῶν
779 1159 855 1193 θεμε-

70 1205 130 1231 λίων
149 1204 196 1231 τοῦ
225 1204 298 1239 ἱεροῦ
312 1204 434 1240 ἁνέθορε,
459 1204 506 1229 καὶ
523 1203 637 1235 πολλοὺς
654 1204 777 1239 ἀνήλωσε
788 1212 794 1218 ·
809 1204 854 1230 καὶ

69 1250 142 1276 τοῦτο
158 1251 226 1286 πρὸς
243 1250 349 1276 πάντων
358 1249 440 1280 ἀδεῶς
457 1249 564 1283 λέγεταί
577 1257 606 1275 τε
622 1249 669 1275 καὶ
677 1249 832 1275 πιστεύεται
845 1270 853 1281 ,

70 1296 113 1322 καὶ
130 1296 193 1330 παρ’
216 1295 322 1326 οὐδενὸς
347 1295 564 1330 ἀμφιϐάλλεται·
594 1295 662 1329 πλὴν
696 1295 773 1321 ὅτιοί
804 1294 853 1330 μέν

70 1349 157 1373 φασιν,
173 1342 214 1368 ὃτι
234 1341 409 1376 βιαζομένους
424 1340 522 1371 αὐτοὺς
535 1341 575 1371 είς
589 1340 619 1366 τὸ
634 1340 705 1375 ἱερὸν
719 1339 852 1374 προϊέναι,

69 1386 130 1420 φλὸξ
142 1388 330 1422 ἀπαντήσασα,
342 1387 372 1412 τὸ
384 1385 526 1421 εἰρημένον
538 1386 683 1421 εἰργάσατο
693 1393 701 1402 ·
712 1386 736 1412 οἱ
746 1385 782 1417 δὲ,
796 1385 853 1420 ἅμα

67 1431 178 1466 ἤρξαντο
192 1431 238 1458 τὸν
253 1432 315 1466 χοῦν
331 1433 466 1466 ἐκφορεῖν.
483 1431 551 1457 Ἀλλ’
566 1430 621 1457 εἴτε
634 1431 712 1457 τοῦτό
728 1439 779 1463 τις,
798 1432 852 1457 εἴτε

67 1477 95 1503 τὸ
109 1479 241 1513 πρότερον
261 1477 375 1509 δέξαιτο,
401 1478 528 1512 ἑκάτερον
543 1479 582 1508 εἷς
597 1477 687 1512 θαῦμα
707 1477 851 1512 παραπλή-

907 246 974 265 vero
1004 239 1111 271 et,hoe
1142 239 1232 274 ipsutn
1259 241 1432 275 cogitabant,
1456 247 1484 270 et
1513 249 1696 279 opportunum

907 287 1017 318 tempus
1033 284 1216 314 instaurando
1236 287 1340 323 templo
1351 293 1448 317 nactos
1460 298 1488 318 se
1502 298 1563 318 esse
1578 292 1696 319 arbitra-

910 329 1023 356 bantur.
1047 330 1116 357 Cum
1136 339 1201 359 vero
1219 333 1319 368 prioris
1337 338 1484 362 structurte
1503 337 1635 371 reliquias
1651 338 1698 365 de-

908 374 995 402 moliti
1008 379 1112 407 essent,
1126 377 1270 411 solumque
1281 378 1440 406 eﬂ‘odissent
1450 387 1481 407 ac
1490 389 1555 415 repu
1562 390 1696 417 rgassent,

907 425 1018 455 postero
1047 421 1110 453 die,
1137 431 1192 457 quo
1224 424 1342 458 primum
1374 426 1550 455 fundamenta
1580 430 1697 463 posituri

899 471 1002 499 \erant,
1020 472 1100 495 teme
1114 475 1206 496 metus
1228 470 1324 504 ingens
1344 473 1494 507 contigisse
1512 473 1615 500 dicitur
1628 494 1634 505 ,
1649 483 1697 501 en—

906 521 963 548 que
987 519 1062 541 motu
1089 515 1194 549 lapides
1221 524 1253 543 ex
1280 516 1467 546 fundamentis
1489 520 1646 552 exsiliisse,
1664 529 1697 548 ex‘

906 560 1011 587 Judteis
1023 566 1114 588 autetn
1139 563 1254 596 periisse
1272 569 1327 591 tum
1344 572 1391 592 eos
1405 566 1451 600 qui
1468 573 1536 600 opus
1552 567 1696 599 curabant,

907 608 965 632 tum
979 606 1026 640 qui
1043 607 1187 640 spectandi
1203 615 1287 634 causa
1301 609 1499 636 conﬂuxerant.
1514 609 1580 637 Nam
1591 612 1696 638 ctredcs

907 652 1010 686 templo
1025 653 1156 686 proxima:
1173 658 1199 679 et
1216 653 1332 687 publica:
1348 655 1471 688 porticus
1487 655 1512 681 in
1539 656 1639 690 quibus
1656 658 1697 682 di-

907 695 1112 728 versabantur,
1138 701 1251 732 repente
1271 703 1447 725 corruerunt.
1476 699 1509 725 Et
1539 701 1695 735 complures

907 741 944 767 ibi
974 742 1150 776 deprehensi,
1178 743 1277 777 partim
1301 743 1376 770 illico
1394 744 1576 771 interierunt:
1596 747 1694 779 partim

907 787 1056 820 semivivi,
1080 789 1210 816 manibus
1234 792 1262 816 et
1285 790 1415 817 cruribus
1440 790 1573 816 mutilatis
1594 791 1696 825 reperti

908 837 973 859 sunt
1002 839 1050 861 aut
1075 834 1138 862 aliis
1152 835 1279 870 corporis
1297 836 1423 871 partibus
1446 837 1590 864 debilitati.
1616 837 1696 864 Post-

907 885 989 913 quam
1012 880 1092 915 215
1115 884 1189 907 terra
1214 888 1324 908 morere
1338 882 1431 913 desiit.
1448 882 1466 909 ii
1482 883 1527 917 qui
1545 883 1696 910 incolumes

907 928 1084 958 supererant,
1100 931 1170 959 opus
1190 925 1281 952 denuo
1297 926 1407 960 aggredi
1419 931 1564 961 coeperunt
1576 927 1697 962 ,quippe

905 975 968 995 eum
989 972 1015 996 et
1038 970 1212 1004 imperatoris
1237 975 1374 1006 praecepto
1403 971 1437 998 ad
1468 972 1495 999 id
1522 979 1696 1007 cogerentur.

906 1014 942 1041 ita
969 1018 998 1041 ut
1023 1015 1179 1042 detrectare
1207 1024 1263 1043 non
1292 1021 1416 1050 possent.
1441 1022 1468 1044 et
1496 1017 1563 1052 ipsis
1580 1019 1605 1045 id
1622 1024 1696 1046 essc-t

905 1063 1106 1097 gratissimum.
1125 1058 1260 1090 Homines
1280 1064 1353 1091 enim
1372 1065 1398 1091 in
1425 1066 1506 1093 rebus
1535 1075 1594 1101 qua:
1627 1068 1695 1102 ipsis

907 1103 1038 1141 roluptaii
1067 1112 1143 1140 sunt,
1162 1108 1324 1143 plerumque
1340 1109 1372 1135 ad
1390 1110 1416 1137 id
1433 1111 1504 1145 quod
1528 1112 1640 1139 noxium
1654 1119 1696 1139 est

905 1157 1033 1187 vergunt,
1060 1153 1143 1188 idque
1160 1162 1244 1181 unum
1259 1155 1326 1181 utile
1351 1155 1409 1182 fore
1434 1157 1594 1184 existimant
1621 1159 1694 1193 quod

905 1199 1035 1234 perlicere
1065 1200 1191 1234 cupiunt.
1211 1200 1243 1226 Et
1264 1200 1423 1235 hujusmodi
1441 1210 1533 1230 errore
1553 1208 1693 1238 praevertt,

905 1253 956 1273 nec
973 1245 1040 1280 quid
1061 1246 1126 1272 utile
1151 1246 1187 1272 sit
1205 1247 1361 1280 prospicere
1383 1252 1508 1281 possunt,
1522 1256 1571 1275 nec
1586 1251 1695 1283 experi-

904 1291 1006 1318 mentis
1029 1292 1162 1317 malorum
1188 1291 1318 1318 admoniti
1344 1293 1522 1327 resipiscunt.
1539 1294 1616 1327 Quod
1634 1298 1694 1331 qui-

904 1336 965 1363 dem
995 1335 1098 1363 Judmis
1117 1344 1226 1371 quoque
1246 1345 1276 1364 ea
1296 1342 1460 1372 tempestate
1482 1341 1616 1368 accidisse
1637 1343 1695 1369 exi-

904 1382 998 1410 stimo.
1027 1381 1097 1409 Nam
1127 1391 1189 1409 cum
1218 1384 1294 1418 prior
1319 1385 1430 1419 repulsa
1449 1386 1516 1413 satis
1551 1388 1694 1423 perspicue

903 1429 1088 1459 ostendisset.
1116 1429 1199 1456 Deum
1229 1431 1375 1458 conatibus
1404 1432 1525 1466 ipsorum
1555 1433 1692 1460 infensum

903 1482 977 1507 esse,
996 1482 1093 1502 rursus
1111 1480 1200 1502 tamen
1218 1475 1289 1502 idem
1307 1477 1408 1504 frustra
1427 1478 1632 1513 aggrediuntur.
1642 1480 1692 1506 Si—

66 1530 129 1549 σιον.
144 1522 205 1549 Ἐπὶ
215 1523 303 1557 τούτῳ
316 1522 343 1548 δὲ
358 1522 403 1548 καὶ
415 1522 478 1549 ἄλλο
487 1521 646 1556 ξυνηνέχθη,
657 1522 703 1548 τοῦ
718 1522 850 1557 προτέρου

903 1520 959 1546 mul
985 1524 1075 1547 autem
1101 1528 1133 1548 ac
1154 1521 1245 1548 denuo
1266 1529 1378 1549 manum
1404 1525 1479 1558 operi
1496 1525 1691 1557 admovissent.

67 1567 230 1603 σαφέστερόν
250 1576 279 1593 τε
302 1568 348 1594 καὶ
372 1568 593 1603 παραδοξότερον.
613 1568 777 1603 Αὐτομὰτως
797 1567 851 1603 γὰρ

65 1613 170 1640 πάντων
194 1614 210 1648 ὴ
242 1613 324 1648 ἐσθὴς
351 1613 390 1648 τῷ
412 1613 516 1647 σημείῳ
542 1612 587 1638 τοῦ
604 1613 719 1648 σταυροῦ
737 1621 852 1646 κατεση-

66 1659 149 1694 μάνθη
163 1667 169 1674 ·
188 1660 237 1685 καὶ
259 1659 357 1694 τρόπον
380 1658 440 1686 τινὰ
459 1658 574 1693 ἄστροισι
598 1658 794 1692 πεποικιλμένοι
817 1657 851 1684 τὶ

904 1566 976 1600 ignis
992 1567 1083 1593 suhilo
1096 1575 1127 1594 ex
1145 1567 1329 1595 fundamentis
1344 1570 1435 1604 templi
1451 1578 1598 1606 erumpens
1623 1572 1694 1598 mul-

904 1617 946 1640 tos
973 1613 1181 1647 consumpsisse
1200 1613 1311 1641 dicitur.
1341 1617 1429 1650 Atque
1448 1616 1474 1643 id
1504 1617 1539 1642 ab
1565 1617 1692 1644 omnibus

903 1666 959 1685 uno
981 1666 1119 1685 consensu
1146 1661 1172 1685 ct
1193 1658 1311 1686 refertur
1323 1664 1350 1686 et
1368 1661 1500 1693 creditur,
1520 1670 1568 1688 nec
1587 1663 1621 1688 ab
1638 1663 1692 1689 ullo

64 1705 204 1740 ἐσθήματα
217 1703 300 1740 εἶχον,
317 1705 354 1736 ὡς
370 1705 424 1731 ἀπὸ
441 1703 615 1739 ἱστουργικῆς
634 1704 770 1739 περινοίας
785 1713 850 1730 κατ-

903 1703 928 1730 in
948 1703 1062 1730 dubium
1081 1707 1238 1735 revocatur,
1261 1705 1313 1731 nisi
1335 1707 1407 1740 quod
1424 1707 1470 1733 alii
1497 1708 1607 1742 quidem
1629 1716 1692 1735 nar-

63 1752 220 1786 εστιγμὲνα.
245 1752 292 1778 Ἐκ
304 1751 398 1778 τούτου
428 1751 467 1782 δὲ,
485 1752 540 1781 τοῖς
565 1750 613 1784 μὲν
641 1750 739 1776 αὐτίκα
753 1749 848 1785 ἐκρίθη

63 1795 126 1823 Θεὸν
152 1795 224 1824 εἶναι
247 1797 292 1823 τὸν
306 1796 433 1832 Χριστὸν,
452 1796 498 1822 καὶ
516 1795 552 1830 μὴ
564 1795 710 1830 ἁρεσθῆναι
735 1797 766 1830 τῇ
787 1796 846 1821 ἀνα-

62 1843 152 1869 νεώσει
177 1842 227 1870 τοῦ
253 1842 329 1869 ναοῦ.
345 1843 376 1868 Οἱ
391 1842 428 1872 δὲ,
443 1843 492 1868 οὐκ
505 1843 545 1873 εἰς
570 1842 676 1876 μακρὰν
689 1841 851 1875 προσέθεντο

61 1888 91 1922 τῇ
111 1888 264 1922 Ἐκκλησία
285 1888 331 1914 καὶ
353 1887 521 1921 ὲμυήθησαν.
545 1887 590 1913 καὶ
613 1886 705 1921 ὕμνοις
729 1888 775 1912 καὶ
794 1887 850 1913 ἱκε-

61 1933 129 1964 σίαις
156 1933 231 1967 ὑπὲρ
255 1933 308 1959 τῶν
333 1932 541 1967 τετολμημένων
552 1933 653 1964 αὐτοῖς,
675 1932 719 1959 τὸν
734 1933 850 1967 Χριστὸν

61 1977 208 2005 ἱλάσκοντο.
225 1977 318 2004 Ταῦτα
328 1978 380 2011 ὅτῳ
388 1977 470 2004 πιστὰ
480 1977 508 2003 οὐ
521 1977 724 2011 καταφαίνεται,
739 1978 849 2004 πιστού-

59 2023 166 2050 σθωσαν
181 2025 208 2050 οἱ
225 2023 302 2058 παρὰ
322 2023 376 2049 τῶν
395 2023 569 2057 θεασαμένων
590 2023 738 2057 ἀκηκοότες
757 2023 796 2049 ἔτι
810 2023 850 2058 τῷ

60 2067 107 2103 βίῳ
134 2069 292 2104 περιόντες.
322 2068 533 2095 Πιστούσθωσαν
560 2069 588 2095 δὲ
609 2068 655 2094 καὶ
673 2068 791 2096 Ἰουδαῖοι
803 2069 850 2095 καὶ

60 2113 202 2150 Ἕλληνες,
219 2115 346 2149 ἡμιτελὲς
360 2115 390 2141 τὸ
415 2115 494 2150 ἔργον
523 2114 716 2146 καταλιπόντες
729 2122 736 2128 ·
751 2115 851 2149 μᾶλλον

55 2159 92 2192 δὲ,
109 2160 170 2186 οὐδὲ
184 2160 320 2196 ἄρξασθαι
331 2161 375 2186 τοῦ
394 2161 474 2196 ἔργου
489 2159 655 2195 δυνηθέντες.

902 1753 974 1779 rant,
995 1756 1058 1775 cum
1083 1749 1169 1775 Judaei
1191 1749 1218 1776 in
1242 1751 1372 1784 templum
1388 1750 1524 1779 Oiolenter
1541 1754 1692 1789 irrumpere

901 1794 1013 1825 vellent,
1042 1792 1178 1819 ﬂammam
1210 1794 1276 1828 ipsis
1295 1801 1487 1823 oecurrentem
1507 1798 1531 1824 id
1559 1801 1632 1833 quod
1649 1799 1692 1825 di-

901 1839 991 1867 ximus
1016 1839 1200 1874 przestitisse:
1229 1840 1273 1866 alii
1300 1849 1366 1868 vero
1380 1861 1387 1873 ,
1413 1845 1480 1869 tunc
1498 1851 1558 1870 com
1576 1844 1690 1871 humum

901 1892 1011 1921 egerere
1029 1889 1113 1921 atque
1129 1889 1272 1921 exportare
1289 1887 1451 1922 cwpissent.
1472 1887 1536 1915 Post
1556 1889 1612 1916 haec
1628 1897 1690 1916 vero

901 1932 975 1960 aliud
1006 1933 1171 1960 miraculum
1201 1933 1310 1965 accidit,
1334 1933 1425 1967 priore
1443 1934 1489 1960 illo
1500 1934 1593 1966 majus
1608 1940 1690 1969 atque

901 1979 1067 2006 evidentius.
1094 1979 1215 2015 Repente
1243 1979 1316 2005 enim
1343 1980 1466 2005 onmium
1492 1984 1580 2006 restes
1598 1982 1688 2009 crucis

901 2025 980 2060 signo
993 2026 1130 2059 insignite
1153 2029 1237 2058 sunt,
1258 2029 1284 2052 et
1301 2025 1456 2052 indumenta
1474 2026 1559 2060 stellis
1574 2027 1689 2060 quibus-

901 2072 963 2099 dam
978 2072 1107 2098 distincta
1123 2072 1223 2100 habere
1243 2076 1395 2106 eti-perunt,
1414 2073 1492 2106 quasi
1509 2073 1622 2100 textoris
1636 2081 1688 2100 aeu

903 2117 1051 2144 artiﬁciose
1065 2118 1183 2151 depicta.
1202 2118 1239 2144 Ea
1251 2126 1280 2145 re
1297 2118 1398 2145 factum
1413 2122 1465 2151 est,
1479 2122 1508 2145 ut
1521 2118 1564 2145 alii
1577 2119 1686 2153 quidem

866 2169 886 2195 ι)
903 2161 1047 2189 confestim
1062 2161 1216 2195 iudicarent
1231 2163 1371 2190 Christum
1392 2163 1476 2190 Deum
1493 2171 1564 2194 esse,
1579 2164 1687 2198 templi-

56 2223 108 2250 que
132 2217 366 2245 instaurationem
393 2218 417 2245 ei
446 2217 600 2252 displicere.
625 2217 676 2243 Alii
695 2224 760 2244 vero
776 2218 848 2246 haud
870 2220 957 2247 multo
974 2224 1036 2254 post
1053 2219 1181 2246 Ecclesiae
1199 2227 1259 2247 sese
1276 2221 1471 2254 adjunxerunt,
1503 2226 1529 2249 et
1559 2226 1687 2257 susrepto

57 2261 208 2297 baptismo,
233 2265 342 2300 hymnis
357 2273 388 2292 ac
410 2265 657 2300 supplicationibus
692 2272 741 2298 pro
773 2265 806 2292 iis
821 2275 882 2301 quas
903 2271 1007 2294 tentare
1027 2273 1271 2300 prmsumpserunt,
1287 2268 1424 2294 Christum
1440 2268 1591 2302 placarunt.
1609 2267 1687 2300 Quod

56 2309 77 2334 si
104 2310 229 2344 cuipiam
256 2311 312 2337 haec
342 2311 510 2338 incredibilia
527 2311 702 2342 videbuntur,
725 2311 803 2338 {idem
821 2312 846 2339 ei
867 2312 971 2339 faciant
992 2311 1009 2338 ii
1032 2311 1077 2345 qui
1094 2319 1125 2337 ea
1141 2311 1283 2351 auditione
1317 2315 1480 2345 acceperunt
1516 2313 1549 2338 ab
1570 2313 1686 2340 homini-

57 2355 106 2382 bus
129 2358 178 2392 qui
196 2366 244 2384 res
259 2358 309 2392 ipsi
330 2359 466 2390 viderant,
482 2363 508 2384 et
526 2358 572 2392 qui
591 2358 741 2384 etiamnum
777 2359 938 2393 superstites
968 2362 1042 2386 sunt.
1071 2357 1123 2385 Sed
1147 2362 1174 2385 ct
1201 2357 1287 2385 Judaei
1322 2357 1372 2392 ipsi
1407 2366 1438 2384 ac
1473 2359 1586 2393 gentiles
1607 2361 1685 2387 litium

56 2397 169 2436 faciant,
191 2402 240 2436 qui
260 2410 328 2436 opus
345 2402 532 2437 imperfectum
548 2402 734 2436 dimiserunt,
753 2407 811 2436 aut,
830 2408 859 2431 ut
878 2403 968 2431 verius
982 2403 1085 2437 dicam,
1101 2411 1134 2431 ne
1150 2404 1280 2431 inchoare
1312 2403 1419 2438 quidem
1442 2407 1598 2437 potuerunt.
