1896 3074
104 139 173 166 1289

593 139 756 167 HISTORIA
778 138 1058 168 ECCLESIASTICA.
1072 155 1105 160 ——
1126 140 1188 168 LIB.
1210 140 1252 168 νι.

1658 141 1726 169 1190

101 193 214 229 πολέμῳ
241 190 323 225 εἷλεν,
341 193 548 228 ἀπερισκέπτως
565 203 594 221 τε
613 195 652 226 είς
662 194 693 221 τὺ
710 194 825 230 πρόσθεν
841 195 884 229 (59

950 196 1127 231 neglexisset.
1159 195 1307 231 Postquam
1345 196 1401 224 hanc
1434 201 1508 224 recte
1537 197 1590 224 sibi
1622 198 1726 225 consti-

99 239 156 275 ᾔει.
175 237 256 274 μηδὲν
276 239 330 266 τῶν
356 239 470 265 κατόπιν
486 239 616 274 προνοῶν,
642 241 689 267 καὶ
699 241 739 267 ὅτι
753 249 785 275 γε
800 241 891 276 δεήσει

99 284 152 320 τὴν
165 284 251 319 αὐτὴν
265 284 349 310 πάλιν
364 284 533 312 ἐπανελθεῖν.
550 285 619 312 Ἀλλ’
633 286 702 322 ὅπερ
715 286 785 322 ᾔρει,
799 286 893 319 δεινῶς

99 329 213 364 ἐπόρθει
224 337 230 344 ·
243 329 344 364 ταμεῖά
352 338 381 356 τε
399 330 445 356 καὶ
461 329 485 356 τ’
504 329 582 362 ἄλλα,
596 331 629 357 τὰ
646 331 695 366 μὲν
710 332 890 364 κατέσκαπτε,

66 383 72 415 γ’
99 375 136 401 τά
150 374 172 401 δ’
188 375 325 411 ἐπίμπρα.
341 375 528 411 Πορευόμενος
542 376 570 402 δὲ
585 376 660 412 παρὰ
671 377 716 403 τὸν
735 377 890 413 Εὐφράτην,

64 439 66 442 τ
98 418 132 446 οὐ
153 419 295 455 πόρρωθεν
317 419 431 454 ἀφίκετο
450 420 653 455 Κτησιφῶντος.
678 421 758 452 Πόλις
773 421 801 448 δὲ
822 421 891 457 αὕτη

100 465 220 500 μεγάλη,
229 465 276 491 καὶ
289 464 324 491 τὰ
338 464 450 500 Περσῶν
468 465 591 501 βασίλεια
602 465 649 493 νῦν
661 467 721 493 ἀντὶ
735 467 892 499 Βαϐυλῶνος

98 510 201 546 ἔχουσα
213 518 220 526 ·
237 511 280 546 ρεἴ
293 510 322 537 δὲ
337 511 421 546 αὐτῆς
437 511 488 538 οὐκ
501 511 555 538 ἀπὸ
575 511 672 539 πολλοῦ
684 513 698 539 ὁ
710 512 823 549 Τίγρης.
849 513 891 545 Ὠς

97 555 129 582 δέ
158 557 217 588 ταῖς
245 557 340 584 ναυσὶν
363 557 413 584 οὐκ
434 556 531 593 ἐχώρει
555 557 599 585 διὰ
612 558 661 595 τὴν
674 558 760 595 μέσην
782 560 833 595 γῆν
853 559 892 596 τῷ

98 601 277 636 Κτησιφῶντι
289 602 459 637 προσελθεῖν,
482 602 539 630 ἀλλ’
559 604 603 630 ἐπ’
621 604 743 641 ἀνάγκης
754 605 890 640 ἐφαίνετο,

98 646 118 681 ἢ
134 646 183 682 τὴν
200 646 276 674 πόλιν
293 647 431 683 παριέναι,
455 648 472 684 ἢ
494 648 548 676 τῶν
577 649 676 677 πλοίων
700 652 890 687 καταφρονεῖν,

99 692 253 727 ἀνακρίνας
279 692 356 724 τινὰς
383 693 437 719 τῶν
460 693 659 729 αἰχμαλώτων,
686 692 749 731 εὗρε
771 695 892 731 διώρυγα

98 737 267 773 ναυσίπορον
292 738 495 773 ἀναχωσθεῖσαν
516 739 555 775 τῷ
571 740 660 776 χρρνῳ
672 748 679 754 ·
698 741 745 767 καὶ
757 741 891 776 διατεμὼν

98 783 133 810 τὺ
144 783 270 820 διεῖργον,
282 784 388 811 εἵλκυσε
404 785 450 812 τὸν
462 785 609 821 Εὐφράτην
636 786 682 813 ἐπὶ
699 787 745 814 τὸν
757 787 889 823 Τίγρητα.

99 830 196 866 Ταύτῃ
208 840 238 857 τε
256 831 295 866 τῷ
312 831 418 867 στρατῷ
438 831 650 867 παραπλεούσας
661 831 730 867 ἔχων
750 832 798 864 τὰς
812 833 889 864 ναῦς,

100 877 151 904 ἐπὶ
164 878 214 913 τὴν
229 878 305 905 πόλιν
323 877 430 913 ἐχώρει.
446 878 499 904 Σὺν
522 877 606 914 πολλῇ
625 878 654 905 δὲ
672 880 832 914 παρασκευῇ
850 879 894 905 ίπ-

104 924 192 956 πέων,
209 924 255 950 καὶ
277 923 405 956 ὁπλιτῶν,
421 923 466 950 καὶ
478 923 640 958 ἐλεφάντων,
651 923 704 950 τῶν
718 924 828 960 Περσῶν
842 933 893 959 φα-

78 966 79 969 “
97 971 201 997 νέντων
221 969 268 996 ἐπὶ
296 970 351 1001 τιῖς
367 969 458 1004 ὄχθοις
477 970 534 1001 τοῖς
554 969 601 996 τοῦ
623 970 767 1005 Τίγρητος,
789 970 850 997 ἰδὼν
865 971 894 997 ἐν

98 1016 220 1052 πολεμίᾳ
230 1017 265 1052 γῇ
279 1016 361 1051 μέσον
376 1016 422 1042 δύο
439 1015 574 1051 μεγίστων
591 1015 722 1052 ποταμῶν
737 1016 895 1052 πολιορκου-

76 1052 79 1070 ³
98 1061 188 1097 μένην
216 1061 290 1097 αὐτῷ
326 1060 375 1096 τὴν
405 1063 544 1097 στρατιὰν,
561 1061 609 1088 καὶ
622 1061 693 1097 λιμῷ
711 1061 894 1098 διαφθαρῆναι

96 1105 320 1138 κινδυνεύουσαν,
338 1104 401 1141 ἧντε
416 1105 522 1141 μένοιεν
541 1106 645 1139 αὐτόθι,
662 1106 725 1142 ἧντε
741 1105 788 1141 τὴν
809 1106 893 1142 αὐτὴν

96 1151 160 1178 ὁδὸν
175 1152 380 1187 ὑποστρέφοιεν,
401 1151 455 1178 τῶν
471 1152 575 1179 πόλεων
592 1153 640 1179 καὶ
662 1153 716 1179 τῶν
738 1153 838 1188 κωμῶν
858 1152 893 1179 δι’

96 1193 139 1224 ὧν
153 1194 234 1232 ἦλθον
247 1196 457 1233 καθῃρημένων,
481 1198 529 1224 καὶ
547 1197 583 1224 τὰ
603 1198 743 1233 ἐπιτήδεια
758 1198 795 1233 μὴ
815 1198 892 1233 ἐχου-

98 1241 169 1271 σῶν,
184 1241 294 1276 κέλησιν
308 1239 377 1268 ἆθλα
393 1241 521 1276 προσθεὶς
545 1241 612 1276 (40),
628 1241 674 1267 ἐπὶ
685 1241 750 1268 θέαν
766 1241 893 1277 ίπποδρο-

99 1287 170 1322 μίας
195 1288 257 1320 τοὺς
281 1287 449 1323 στρατιώτας
466 1287 602 1314 ἐκάθισεν.
623 1288 667 1314 Ἐν
685 1287 773 1323 τούτῳ
789 1287 818 1314 δὲ
830 1288 892 1319 τοὺς

99 1333 276 1368 προεστῶτας
288 1334 341 1360 τῶν
353 1332 451 1360 πλοίων
466 1333 608 1359 ἐκέλευσεν
620 1333 764 1359 ἀποϐαλεῖν
775 1332 809 1359 τὰ
826 1342 892 1369 φορ-

97 1377 148 1405 τία
163 1379 209 1405 καὶ
218 1378 246 1405 τὸ
260 1378 412 1414 σιτηρέσιον
428 1377 478 1413 τῆς
492 1378 633 1414 στρατιᾶς,
646 1378 720 1409 ὅπως
733 1379 762 1404 ἐν
776 1378 891 1413 κινδύνῳ

100 1425 173 1459 σφᾶς
190 1425 287 1461 ἰδόντες
316 1425 341 1451 οἰ
368 1423 544 1459 στρατιῶται,
559 1424 596 1455 ῶς
619 1423 768 1459 ἐπυθόμην,
789 1423 891 1459 ἀπορίᾳ.

98 1470 157 1497 τῶν
171 1470 328 1505 ἐπιτηδείων
342 1470 381 1502 εἰς
396 1470 496 1506 θράσος
514 1470 683 1506 τράπωνται,
696 1469 742 1497 καὶ
755 1469 891 1506 προθυμό-

99 1524 183 1552 τερον
197 1517 252 1547 τοῖς
263 1516 402 1552 πολεμίοις
413 1516 594 1552 μαχέσωνται.
609 1516 782 1550 Συγκαλέσας
792 1516 821 1542 δὲ
827 1516 890 1547 τοὺς

101 1562 274 1598 στρατηγοὺς
290 1563 303 1589 ὁ
316 1562 440 1597 βασιλεὺς
462 1563 510 1589 καὶ
526 1563 588 1594 τοὺς
606 1562 757 1597 ταξιάρχας
772 1561 841 1597 μετὰ
861 1561 891 1588 τδ

98 1607 221 1640 δεῖπνον,
255 1608 394 1635 ἐνεϐίϐασε
422 1610 485 1640 τοὺς
506 1607 674 1645 στρατιώτας
691 1609 731 1639 είς
750 1607 798 1639 τὰς
813 1607 888 1639 ναῦς.

99 1654 135 1681 Ol.
149 1654 187 1684 δέ,
199 1654 227 1680 ἐν
239 1654 316 1680 νυκτὶ
331 1653 378 1680 τὸν
403 1654 525 1689 Τίγρητα
550 1653 723 1684 πλεύσαντες,
746 1652 796 1688 ἤδη
823 1652 890 1688 πρὸς

99 1701 164 1732 ταῖς
176 1700 261 1736 πέραν
276 1700 369 1736 ὃχθαις
380 1698 461 1736 ἦσαν,
475 1699 522 1726 καὶ
541 1699 688 1733 ἐξέϐαινον.
704 1698 765 1725 Τῶν
777 1698 806 1724 δέ
818 1699 888 1734 Περ-

101 1746 170 1777 σῶν,
188 1747 211 1772 οί
228 1746 277 1781 μὲν
285 1746 440 1781 αἰσθόμενοι
454 1745 599 1781 ⁴Ινιμύνοντο,
615 1745 661 1771 καὶ
675 1744 800 1779 ἀλλήλοις
816 1752 888 1779 παρτ

100 1791 268 1818 εκελεύοντο.
289 1792 351 1823 Τοῖς
373 1792 401 1818 δὲ
426 1791 466 1817 ἔτι
483 1790 668 1822 καθεύδουσιν,
694 1790 847 1823 ἐπέστησαν
864 1789 889 1815 οί

107 1835 248 1871 Ῥωμαῖοι.
264 1836 320 1862 Καὶ
333 1835 437 1871 ἡμέρας
452 1834 656 1870 ἐπιγενομένης,
669 1834 708 1866 εἰς
722 1833 811 1869 μάχην
822 1833 888 1860 καθ-

100 1881 230 1908 ίσταντο·
261 1881 374 1912 πολλούς
400 1889 429 1907 τε
452 1879 636 1911 ἀποϐαλόντες
660 1879 708 1906 καὶ
723 1879 887 1910 κτείναντες,

98 1926 231 1961 διέϐησαν
256 1927 296 1958 είς
326 1925 372 1952 τὸν
399 1925 520 1960 ποταμόν
532 1933 539 1941 ·
565 1926 612 1952 καὶ
624 1925 685 1951 τότε
703 1924 752 1960 μὲν
771 1924 824 1960 πρὸ
840 1925 889 1960 τῆς

98 1971 298 2006 Κτησιφῶντος
313 1970 581 2006 ἐστρατοπεδεύοντο.
596 1970 681 2004 Δόξαν
693 1969 721 1997 δὲ
734 1969 773 2004 τῷ
785 1969 890 2005 βασιλεῖ

100 2018 203 2052 μηκέτι
222 2017 376 2052 περαιτέρω
397 2017 508 2052 χωρεῖν,
528 2015 587 2044 ἀλλ’
600 2017 641 2048 είς
663 2016 714 2052 τὴν
733 2015 887 2052 ἀρχομένην

946 242 1033 269 tuisse
1056 242 1132 270 visus
1157 247 1242 276 esset,
1268 243 1384 278 sumptis
1413 241 1599 270 Romanorum
1627 244 1727 278 copiis.

946 295 994 322 per
1013 287 1157 323 Assyriam
1182 287 1233 315 iter
1257 288 1329 315 fecit.
1345 288 1378 316 Et
1396 288 1512 316 urbibus
1523 288 1687 323 quibusdam
1700 292 1728 316 et

946 327 1067 360 castellis
1089 332 1187 367 partim
1208 333 1374 367 proditione,
1394 334 1493 368 partim
1517 333 1544 361 vi
1565 333 1663 368 captis,
1681 333 1727 360 in-

946 378 1070 405 consulte
1091 378 1207 405 ulterius
1227 385 1388 413 progressus
1409 382 1462 412 est,
1479 382 1537 406 'non
1557 378 1728 413 prospiciens

946 423 979 451 iis
996 423 1076 458 217
1094 431 1154 458 quee
1173 431 1188 450 a
1209 427 1287 458 tergo
1304 427 1397 455 erant,
1422 431 1473 451 nec
1494 425 1618 459 cogitans
1634 423 1727 451 eadem

945 469 989 496 via
1014 476 1112 496 rursus
1131 472 1193 496 csse
1216 470 1393 497 redeundum.
1415 469 1516 497 Verum
1542 473 1641 498 cuncta
1668 477 1729 504 qua:

944 519 1063 550 ceperat,
1075 514 1197 542 funditus
1211 516 1346 548 vastabat,
1361 519 1388 543 et
1402 515 1500 542 horrea
1514 515 1622 550 aliaque
1637 516 1729 542 omnia

945 560 1044 595 partim
1056 560 1243 592 subvertebat,
1259 561 1358 595 partim
1373 561 1545 588 incendebat.
1556 561 1625 588 Cum
1639 565 1730 588 autem

946 607 997 634 iter
1016 606 1119 634 faceret
1133 613 1213 634 secus
1228 605 1401 640 Euphratem,
1417 606 1621 642 Ctesiphontem
1637 614 1731 641 perve-

945 653 994 679 nil.
1012 651 1060 680 Est
1076 655 1165 680 autem
1182 651 1332 686 Ctesiphon
1349 651 1415 678 urbs
1426 651 1543 678 maxima
1555 671 1562 683 ,
1578 656 1605 679 et
1619 651 1731 687 Bahylo«

945 698 989 725 nis
1002 698 1062 725 loco
1075 697 1248 725 Persicorum
1266 704 1340 724 nunc
1354 704 1447 732 regum
1466 697 1650 729 domicilium,
1678 705 1729 725 nec

945 741 1038 776 procul
1061 742 1095 768 ab
1117 748 1149 768 ea
1175 741 1277 768 labitur
1297 739 1398 767 ﬂuvius
1419 739 1520 775 Tigris.
1545 740 1612 767 Cum
1637 745 1729 768 autem

944 785 1060 813 navibus
1079 784 1113 812 ad
1135 792 1194 811 eam
1218 784 1316 811 urbem
1341 784 1477 818 appellere
1505 791 1558 810 non
1583 789 1674 819 posset
1694 784 1730 811 ob

945 830 1119 866 interiectum
1139 834 1218 858 terrae
1238 830 1377 865 spatium,
1407 829 1454 857 sed
1478 836 1592 857 necesse
1616 829 1730 857 haberet

909 877 929 904 Β
944 881 992 904 aut
1016 875 1224 911 Ctesiphontem
1250 875 1412 910 praaterire,
1435 878 1482 901 aut
1506 874 1622 902 classem
1644 875 1728 902 relin-

945 929 1031 956 quere
1052 929 1058 948 :
1085 924 1264 955 percontatus
1280 919 1413 955 quosdam
1432 927 1466 948 ex
1483 920 1610 956 captivis,
1627 919 1729 947 fossam

946 966 1127 1001 navigabilem
1151 966 1253 1001 reperit
1289 965 1491 1000 longinquitate
1518 966 1650 1000 temporis
1680 965 1729 992 ob-

945 1015 1087 1039 structam.
1116 1009 1176 1044 Qua
1203 1015 1368 1047 perpurgata
1385 1032 1392 1043 ,
1424 1015 1584 1046 remotoque
1615 1012 1730 1046 impedi-

946 1061 1051 1088 mento,
1081 1056 1248 1091 Euphratem
1276 1056 1303 1083 in
1328 1057 1436 1083 alveum
1460 1055 1582 1092 Tigridis
1604 1056 1727 1084 deduxit.

946 1101 1001 1129 Hoc
1014 1101 1096 1128 modo
1111 1101 1228 1129 classem
1245 1102 1278 1129 ad
1299 1102 1371 1129 latus
1387 1102 1523 1129 exercitus
1538 1103 1579 1130 sui
1595 1102 1727 1137 navigan—

945 1150 997 1175 tem
1014 1146 1133 1179 habens,
1148 1147 1182 1174 ad
1199 1147 1291 1174 urbem
1304 1147 1435 1182 perrexit.
1451 1146 1503 1174 Sed
1515 1155 1576 1174 eum
1591 1147 1682 1175 Persa:
1695 1149 1727 1174 ad

944 1189 1019 1224 ripas
1044 1190 1163 1226 Tigridis
1186 1190 1238 1217 visi
1260 1195 1355 1219 essent
1374 1199 1436 1218 eum
1460 1191 1579 1220 maximo
1596 1198 1726 1228 apparatu

943 1235 1066 1270 equitum
1081 1243 1113 1264 ac
1128 1236 1248 1271 peditum
1263 1240 1346 1272 atque
1361 1237 1570 1272 elephantorum
1583 1258 1590 1270 ,
1611 1245 1727 1265 cernens

944 1281 1093 1317 imperator
1116 1282 1268 1309 exercitum
1294 1290 1376 1310 suum
1402 1283 1474 1310 inter
1500 1281 1570 1310 duos
1593 1284 1726 1311 maximos

942 1326 1041 1359 ﬂuvios
1059 1328 1219 1356 conclusum
1245 1329 1352 1360 teneri,
1376 1329 1582 1364 timendumque
1607 1337 1668 1357 esse
1691 1338 1725 1357 nc

943 1375 1015 1402 I'ame
1040 1374 1183 1407 interiret,
1209 1375 1267 1402 sive
1287 1375 1343 1402 illic
1358 1376 1516 1408 mansisset,
1533 1376 1589 1403 sive
1601 1376 1724 1404 eamdem

942 1421 1012 1448 viam
1039 1419 1236 1454 remetiretur,
1269 1420 1381 1448 urbibus
1413 1425 1440 1448 et
1475 1421 1544 1448 vicis
1573 1429 1622 1456 per
1655 1428 1725 1456 quos

941 1469 1055 1495 venerat
1076 1466 1198 1499 eversis,
1228 1473 1279 1496 nec
1305 1467 1361 1494 ulla
1384 1467 1549 1495 habentibus
1572 1467 1725 1495 alimenta:

941 1513 1053 1548 praemia
1075 1513 1260 1541 desultoribus
1285 1513 1453 1548 proposuit,
1483 1517 1510 1540 et
1541 1513 1575 1540 ad
1600 1517 1728 1548 equestre

941 1563 1081 1586 certamen
1101 1558 1281 1594 spectandum
1301 1558 1401 1586 milites
1421 1559 1590 1587 convocavit.
1615 1559 1726 1587 Interim

942 1612 1007 1632 vero
1029 1605 1129 1632 classis
1154 1604 1308 1632 rectoribus
1325 1604 1482 1637 mandavit,
1506 1609 1535 1632 ut
1556 1605 1680 1633 sarcinas
1701 1610 1727 1632 et

941 1654 1126 1678 commeatum
1150 1652 1290 1678 exercitus
1318 1650 1485 1685 abjicerent,
1510 1658 1542 1678 eo
1562 1644 1681 1679 consilio
1699 1657 1728 1679 ut

941 1697 1055 1730 milites,
1071 1697 1152 1724 sicuti
1168 1696 1274 1732 accepi,
1290 1696 1317 1724 in
1333 1697 1453 1724 maximo
1467 1696 1591 1732 periculo
1605 1705 1635 1725 se
1650 1698 1726 1733 posi-

942 1748 985 1770 tos
1000 1746 1162 1774 cernentes,
1187 1743 1222 1770 ob
1240 1743 1383 1777 penuriam
1409 1743 1602 1771 alimentorum
1615 1763 1623 1776 ,
1641 1745 1728 1772 auda-

940 1788 1031 1815 ciores
1053 1788 1150 1815 tierent
1162 1791 1189 1814 et
1204 1787 1323 1815 alacrius
1337 1794 1399 1814 cum
1414 1787 1541 1815 hostibus
1552 1789 1725 1816 dimicarent.

942 1833 1053 1861 Vocatis
1073 1833 1158 1868 igitur
1181 1832 1299 1861 ducibus
1322 1840 1354 1861 ac
1377 1833 1498 1861 tribunis
1519 1838 1582 1869 post
1602 1842 1726 1868 cmnam,

942 1879 1041 1906 milites
1055 1877 1173 1914 navigiis
1192 1878 1331 1913 imposuit.
1355 1878 1406 1912 Qui
1428 1883 1511 1906 noctu
1527 1878 1630 1915 Tigrim
1650 1881 1727 1916 traji-

941 1925 1060 1957 cientes,
1079 1930 1140 1951 cum
1159 1922 1193 1950 ad
1213 1923 1369 1951 ulteriorem
1386 1924 1506 1953 ﬂuminis
1527 1926 1612 1960 ripam
1631 1935 1726 1961 perve-

943 1971 1067 2004 nissent,
1084 1969 1201 1998 navibus
1228 1970 1420 2005 egrediuntur.
1441 1971 1479 1998 Ex
1500 1971 1591 2000 Persis
1611 1980 1676 2000 vero
1706 1974 1725 2000 ii

940 2018 1049 2054 quidem
1064 2016 1111 2052 qui
1126 2016 1305 2052 irruptionem
1321 2021 1481 2052 senserant,
1497 2018 1626 2047 resistere
1640 2027 1725 2055 seque

701 2083 838 2112 VALESII
856 2082 1138 2112 ANNOTATIONES.

139 2141 196 2176 (59)
213 2141 445 2176 Ἀπερισκέειτῳς
457 2141 497 2174 εις
507 2141 541 2168 τὸ
556 2142 698 2176 πρόσθεν.
712 2140 790 2168 llunc
801 2140 891 2167 locum

99 2175 226 2212 supplevi
238 2184 275 2204 ex
290 2177 385 2204 codice
404 2175 565 2212 Fuketiano,
578 2175 607 2203 in
620 2183 675 2211 quo
689 2177 726 2203 ita
738 2176 867 2204 scribitur
882 2183 890 2202 :

99 2212 304 2246 ἀπερίσκεπτον
318 2212 404 2246 τε,είς
417 2212 447 2238 τὸ
465 2211 583 2246 πρόσθεν
595 2212 648 2246 εζη.

150 2243 333 2281 40)Κέλησιν
344 2243 422 2274 ἆθλα
441 2243 592 2280 προσθείς.
605 2243 690 2273 οἱ·κεί
706 2245 821 2281 κέλητας
836 2253 885 2274 vo-

100 2288 169 2309 cant
193 2287 246 2308 tam
273 2289 372 2315 equos,
389 2289 470 2316 quam
493 2282 600 2315 equites
626 2281 672 2315 qui
698 2281 885 2316 singularibus

100 2317 184 2351 equis
199 2316 379 2351 vehebantur,
397 2320 427 2343 ut
440 2316 519 2343 docet
532 2316 683 2351 Hesychius
700 2321 727 2343 et
744 2316 843 2344 Suidas
857 2317 884 2343 in

97 2350 171 2379 voce
195 2350 286 2386 κέλης.
304 2350 360 2378 Hoc
386 2355 477 2378 autem
503 2352 562 2378 loco
577 2350 625 2385 pro
639 2351 782 2386 equitibus
799 2351 884 2386 accipi

99 2387 213 2414 debent.
238 2386 331 2420 Neque
353 2389 425 2421 enim
453 2386 532 2420 equis
547 2386 656 2421 praemia
682 2391 883 2421 proponuntur,

102 2422 151 2461 sed
176 2420 505 2462 equitibus-Huiusmodi
522 2420 603 2462 porro
615 2422 726 2462 equites
745 2421 885 2462 statiuis

104 2455 258 2490 singulares
272 2455 435 2483 dicebautur
448 2456 489 2482 vel
507 2455 702 2490 singulatores.
720 2456 840 2483 Isidorus
857 2457 884 2483 in

103 2489 231 2518 libixvtu
242 2489 393 2525 Originum,
403 2498 463 2525 rap.
474 2491 519 2524 55,
529 2489 563 2517 de
574 2491 617 2518 his
631 2491 667 2517 ita
678 2491 772 2518 scribit
784 2500 791 2518 :
803 2490 885 2526 Equi-

101 2531 140 2552 tes
155 2526 301 2560 singulares
318 2526 376 2552 ideo
397 2533 501 2561 currere
513 2525 614 2557 dicunt,
631 2526 693 2560 quia
715 2526 886 2561 singulariter

101 2563 279 2595 unusquisque
290 2569 396 2587 cursum
407 2561 466 2588 vim
482 2560 560 2595 hujus
574 2561 673 2593 peragit
688 2566 764 2595 atque
777 2562 884 2593 transit,

101 2596 158 2622 alia
178 2601 290 2629 tempore
304 2604 410 2631 sequens
427 2596 527 2622 alium:
547 2595 650 2623 Glossze
665 2601 780 2625 veteres,
796 2597 885 2630 singu-

100 2631 172 2657 lator
197 2631 333 2666 ίππαστὴς
355 2631 455 2666 κέλης,
471 2631 590 2665 Κέλητες
604 2634 694 2666 tamen
717 2638 780 2666 non,
796 2632 884 2658 solum

101 2666 255 2700 singulares
271 2665 390 2700 equites,
411 2665 457 2692 Sed
481 2666 564 2692 etiam
589 2665 743 2692 desultores
756 2665 886 2692 diceban-

101 2699 157 2726 turi
170 2708 183 2726 a
204 2699 317 2733 Graecis,
338 2702 384 2735 qui
402 2701 479 2727 binos
495 2700 662 2735 scilicetiaut
682 2704 776 2727 ternos
798 2708 884 2734 equos

101 2736 303 2763 trauszliebant.
320 2734 402 2763 certe
427 2735 578 2769 κελητίζειν
603 2734 738 2761 Homerus
760 2736 829 2761 dixit
855 2736 883 2761 in

104 2770 222 2805 Odyssea
239 2770 273 2802 0,
288 2771 321 2797 de
334 2771 482 2798 desultore.
499 2770 551 2797 Sed
565 2775 591 2796 et
605 2771 666 2804 equi
681 2769 823 2805 desultorii
839 2771 885 2795 κέ-

104 2804 183 2840 λητες
210 2810 341 2832 vocantur
363 2806 396 2832 al)
418 2805 634 2840 Harpen-titione
659 2805 684 2831 in
709 2813 773 2831 voce
798 2804 883 2839 ἆμιπ-

103 2848 159 2867 ποι.
184 2840 242 2867 Duo
269 2846 358 2868 autem
387 2839 589 2875 erant'gcuera
619 2841 799 2868 desultorum.
831 2839 883 2865 Alii

182 2887 318 2917 Pnnou.
337 2887 394 2917 Gn.
412 2887 536 2918 LXVII.

943 2141 1015 2168 enim
1031 2142 1100 2168 duos
1117 2140 1258 2177 trahentes
1273 2147 1370 2177 equus,
1383 2149 1415 2169 ex
1431 2149 1486 2169 uno
1502 2142 1530 2170 in
1547 2143 1662 2171 alterum
1677 2144 1723 2173 de-

943 2176 1082 2204 siliebant.
1108 2176 1162 2203 Alii
1178 2183 1240 2203 cum
1263 2176 1304 2204 ad
1319 2176 1397 2204 ﬁnem
1414 2185 1513 2205 cursus
1531 2183 1673 2211 venerant,
1690 2189 1721 2208 ex

905 2206 928 2233 Ι)
942 2219 1013 2249 equo
1028 2211 1189 2249 desilientes
1207 2212 1367 2249 currebant,
1381 2216 1409 2238 ut
1426 2220 1465 2249 exi
1472 2213 1574 2249 optimo
1587 2206 1722 2249 scriptore
1735 2224 1737 2227 ·

936 2246 1020 2285 docet
1031 2246 1154 2285 lsidorus
1169 2246 1260 2285 in__lib_.
1274 2246 1497 2285 ινιιιιιοηριῦϐξ
1508 2246 1660 2285 Utrumque
1679 2259 1724 2285 ge-

937 2289 990 2308 nus
1005 2282 1176 2309 desultorum
1191 2281 1335 2316 distinguit
1351 2281 1478 2310 Manilius
1495 2285 1522 2310 in
1538 2283 1585 2311 lib.
1602 2281 1631 2311 v':

1230 2352 1266 2358 —
1279 2337 1349 2364 ludet
1365 2346 1410 2372 per
1422 2343 1494 2374 terga
1506 2339 1638 2366 volantum

1008 2373 1061 2399 Aut
1072 2373 1128 2399 solo
1142 2377 1258 2400 vectatus
1270 2381 1347 2406 equo,
1359 2382 1427 2400 nunc
1439 2373 1514 2400 arma
1530 2375 1651 2407 movebit;

1008 2407 1087 2434 Nunc
1098 2409 1157 2435 licet
1168 2409 1195 2444 in
1211 2408 1287 2443 longo
1300 2416 1346 2443 per
1355 2416 1447 2444 cursus
1462 2411 1573 2443 pramn'a
1586 2411 1668 2444 circa,

1007 2443 1142 2479 Quidquid
1156 2443 1188 2470 de
1201 2443 1249 2470 tali
1260 2444 1347 2470 studio
1362 2443 1503 2478 formatur,
1514 2444 1629 2472 habebit.

937 2489 974 2516 De
989 2490 1031 2516 his
1045 2488 1231 2516 desultoribus
1246 2488 1292 2522 qui
1306 2496 1338 2515 ex
1353 2496 1424 2522 equo
1439 2489 1479 2515 vel
1493 2497 1575 2517 curru
1591 2490 1718 2518 desilien-

937 2530 978 2551 tcs
990 2524 1138 2560 currebant
1155 2524 1181 2550 in
1200 2525 1284 2560 circo,
1301 2523 1423 2560 loquitur
1438 2523 1585 2560 Dionysius
1600 2525 1719 2552 Halicar-

937 2567 1054 2587 nasseus
1076 2559 1102 2585 in
1120 2559 1190 2585 libro
1204 2559 1321 2593 septimo
1339 2559 1390 2586 sub
1407 2558 1496 2591 tinctu,
1510 2558 1564 2587 'ubi
1581 2568 1628 2588 eos
1651 2561 1717 2588 ἀπο-

936 2595 1021 2626 ϐάτας
1039 2602 1054 2620 a
1075 2593 1173 2628 priscis
1188 2593 1405 2628 Atheniensibus
1416 2593 1511 2628 dictos
1529 2602 1590 2622 esse
1603 2595 1714 2623 scribit:

936 2631 1008 2662 quod
1026 2627 1134 2663 quidem
1157 2632 1274 2656 testatur
1291 2628 1372 2654 etiam
1400 2627 1579 2663 Ilarpot-ratio
1602 2630 1630 2656 in
1650 2638 1716 2657 voce

935 2663 1086 2699 ἀποϐάτης.
1106 2665 1239 2690 Caterqu
1254 2663 1310 2699 haec
1324 2664 1459 2699 equestria
1472 2664 1636 2699 certamina,
1657 2673 1716 2699 qum

937 2705 1001 2725 tunc
1017 2697 1143 2725 Julianus
1160 2698 1186 2724 in
1210 2698 1309 2724 castris
1327 2697 1422 2729 edidit,
1446 2698 1479 2724 ad
1499 2697 1717 2732 Pyrrichmu‘rc-

936 2733 1002 2760 ferri
1016 2733 1189 2768 possunttde
1206 2740 1258 2768 qua
1274 2733 1358 2768 multa
1375 2733 1438 2759 olim
1457 2734 1546 2760 notavi
1564 2734 1596 2760 ad
1616 2733 1715 2760 librum

936 2776 982 2795 xtv
996 2767 1127 2795 Aiumiani
1144 2767 1305 2793 Marcellini.
1319 2767 1459 2794 Postremo
1475 2774 1500 2795 ct
1519 2767 1583 2794 illud
1607 2776 1717 2795 munt-II-

936 2804 999 2830 dum
1017 2809 1068 2835 est,
1094 2802 1266 2839 scribendum
1283 2809 1343 2839 esse
1364 2803 1415 2829 hoc
1431 2803 1491 2830 loco
1504 2801 1573 2830 ἆθλα
1595 2803 1714 2839 προθείς,

937 2843 966 2865 ut
978 2839 1109 2872 scriptum
1126 2837 1206 2864 habet
1221 2836 1400 2871 Nicephorius.

1501 2882 1532 2914 41
