1896 3074
191 133 252 161 1291

921 133 1091 162 SOZthENl

1751 133 1763 158 Ι
1768 132 1822 160 29?.

188 194 285 217 nmtuo
309 191 449 218 cohortari
465 194 618 226 cmperunt.
635 190 710 217 Alios
730 197 793 217 vero
809 190 898 218 adhuc
912 191 936 218 dt

1073 191 1192 224 ινελϐεἴν,
1219 190 1268 222 τὰς
1300 189 1366 222 ναῦς
1391 190 1592 226 ἐμπρήσαντες,
1620 190 1658 221 ὡς
1693 189 1739 215 διὰ
1773 190 1821 223 τὴν

187 236 303 262 mientes
319 235 434 263 Romani
450 242 621 271 oppressere.
639 234 704 262 Orta
721 235 830 263 demum
845 235 889 264 die
902 244 976 272 prte-

187 281 252 307 lium
268 281 425 309 conseritur
440 290 445 307 :
462 286 489 309 et
506 280 623 308 Romani
642 281 736 309 multis
750 281 871 309 hostium
887 282 975 310 truci.

186 328 276 360 datis,
295 336 345 355 nec
363 327 459 363 paucis
477 335 590 355 suorum
611 327 739 358 amissis.
759 327 870 356 ﬂuvium
886 329 976 357 denuo

185 374 362 407 trajecerant.
378 373 416 400 Ac
431 378 490 400 tum
504 373 614 409 quidem
631 378 693 400 ante
718 373 906 409 Clesiphontis
921 383 977 403 mu-

186 426 232 445 ros
249 419 434 445 castrametati
462 423 536 446 sunt.
559 418 683 454 Cumque
699 419 849 454 imperator
871 428 976 456 nequa-

183 470 266 498 quam
283 463 400 491 ulteritts
417 464 560 499 prOgredi,
575 464 622 491 sed
638 463 748 492 domum
767 465 857 494 redire
870 468 975 495 consti-

185 509 296 541 tuisset,
313 507 442 542 Romani,
460 510 581 537 incensis
599 509 734 543 navibus,
758 519 791 538 eo
808 512 881 547 quod
895 512 976 540 multi

184 555 212 582 in
238 555 425 582 custodiendis
450 555 504 582 illis
527 557 677 591 occupati,
708 557 813 592 proeliis
839 558 975 586 interesse

184 608 238 628 non
256 604 370 635 possent
383 621 390 632 ,
408 600 434 628 in
450 602 567 636 patriam
587 602 670 638 218
691 603 792 631 reverti
809 608 952 638 coeperunt
965 624 973 636 ,

185 645 286 680 Tigrim
304 645 336 672 ad
351 646 448 673 laevam
463 646 606 674 habentes.
618 648 656 675 Ac
669 648 748 675 initio
764 648 873 682 quidem
889 649 975 684 capti-

184 691 224 717 vis
240 698 288 718 eos
302 691 485 722 ducentibus.
511 693 650 727 regionem
669 693 789 721 fertilem
805 695 877 721 nacti
891 699 953 722 sttnt
966 714 973 727 .

183 743 244 770 qua:
271 736 363 762 omnia
396 735 430 762 ad
464 736 566 764 victum
587 739 744 767 necessaria
773 739 881 768 abunde
906 739 974 775 ipsis

184 781 384 816 suppeditabat.
398 781 495 810 Postea
509 790 573 811 vero
592 791 675 812 senex
691 784 802 819 quidam
820 786 866 820 qui
883 793 913 814 se
924 794 974 821 pro

183 828 305 854 omnium
319 827 463 856 Persarum
480 829 569 856 salute
580 829 738 863 devoverat,
753 837 814 857 cum
831 839 892 859 sese
901 832 973 859 ultro

183 873 344 908 capiendum
361 874 495 902 obtulisse
510 875 651 902 videretur
663 895 670 908 ,
690 861 819 911 tanquam
837 877 940 905 invitus
957 886 971 905 a
989 861 1010 889 Β

185 917 317 946 Romanis
341 923 455 954 captus,
480 919 514 947 ad
540 920 692 955 principem
720 921 892 957 perdueitur.
919 923 971 957 Qui

183 963 368 1000 interrogatus
385 965 419 993 de
442 965 485 992 via
496 986 504 999 ,
524 973 586 993 cum
603 974 665 994 vera
681 967 772 995 dicere
789 968 866 997 visus
882 974 971 1003 esset,

184 1010 263 1038 tidem
287 1011 363 1044 fecit,
388 1011 411 1039 si
435 1011 550 1039 Romani
565 1013 654 1048 ipsuut
677 1014 753 1049 sequi
775 1015 890 1047 vellent,
915 1015 974 1044 fore

184 1063 214 1084 ut
232 1057 305 1085 brevi
318 1057 469 1085 exercitum
487 1058 513 1085 in
533 1058 721 1086 Romanorum
735 1060 835 1088 linib'us
853 1061 971 1090 sisteret.

183 1103 277 1131 Tridui
294 1104 428 1132 duntaxat
443 1109 490 1132 aut
506 1105 646 1140 quatridui
664 1105 717 1133 iter
735 1107 880 1135 molestum
896 1108 972 1135 futti-

183 1157 243 1177 rum
259 1158 266 1176 :
285 1154 313 1177 et
326 1150 428 1177 cibaria
450 1151 477 1178 in
501 1154 539 1178 tot
554 1151 613 1179 dies
634 1150 747 1179 ferenda
758 1161 820 1181 esse
831 1173 839 1187 ,
854 1161 887 1182 eo
900 1155 972 1190 quod

183 1197 258 1232 regio
281 1196 391 1224 deserta
409 1201 493 1224 esset.
513 1197 607 1232 Itaque
624 1198 773 1233 imperator
791 1200 880 1227 callidi
899 1201 973 1229 senis

184 1241 357 1269 sermonibus
380 1241 526 1274 inductus,
549 1250 581 1270 ea
603 1242 646 1270 via
661 1243 828 1280 pergendum
844 1251 906 1272 esse
927 1245 974 1272 de-

183 1288 279 1316 crevit.
304 1286 356 1315 Ubi
378 1295 443 1316 vero
469 1288 586 1316 ulterius
611 1289 765 1324 progressi,
793 1289 884 1317 adhuc
911 1294 975 1325 post

183 1339 239 1362 tres
254 1333 313 1362 dies
328 1334 355 1361 in
373 1333 433 1361 loca
448 1333 551 1361 inculta
567 1339 649 1369 atque
669 1342 766 1370 aspera
782 1334 973 1370 devenerunt,

183 1387 267 1408 senex
276 1380 387 1415 quidem
401 1381 525 1415 captivus
540 1379 606 1407 dum
623 1385 817 1416 torqueretur,
830 1381 974 1409 confessus

183 1431 244 1460 est,
269 1434 299 1454 se
318 1434 368 1462 pro
388 1427 476 1454 salute
501 1426 603 1454 civium
627 1434 740 1454 suorum
759 1427 828 1454 mori
845 1431 973 1463 paratum

184 1473 389 1509 transfugisse,
413 1479 440 1501 et
461 1473 578 1508 quodvis
592 1474 756 1509 supplicium
781 1482 858 1510 aequo
881 1474 975 1502 animo

185 1527 388 1556 perpessurum.
431 1520 499 1547 Cum
537 1524 629 1548 autent
663 1520 800 1548 exercitus
834 1519 1009 1561 Romanusc

185 1567 283 1602 partim
311 1565 480 1602 longitudine
503 1566 626 1598 itineris,
656 1566 755 1602 partim
782 1567 973 1595 alimentorum

187 1611 300 1647 penuria
324 1615 479 1643 vexaretur,
501 1610 557 1646 jam
586 1611 716 1647 fatigatos
739 1611 829 1640 Persa:
852 1614 973 1648 aggressi

186 1661 261 1689 sunt,
288 1655 398 1691 acrique
422 1659 549 1683 conserto
567 1657 677 1692 proelio,
706 1662 803 1685 ventus
828 1658 974 1686 vehemens

186 1705 297 1736 repente
323 1705 453 1734 exortus,
479 1702 578 1729 caelum
605 1702 744 1738 solemque
771 1703 859 1738 ipsunt
881 1704 973 1732 densis

186 1747 305 1774 nubibus
320 1747 432 1779 o’btcxit,
447 1753 471 1774 et
485 1747 596 1782 pulvere
609 1756 698 1776 aerem
713 1749 833 1777 miscuit.
851 1749 974 1786 Cumque

160 1807 164 1832 ς
185 1794 304 1821 teuebrre
318 1794 439 1829 undique
453 1797 479 1821 el
499 1794 588 1830 caligo
604 1794 774 1822 circumfusa
790 1800 873 1828 esset.
889 1804 973 1832 eques

160 1867 161 1876 γ
185 1839 296 1874 quidam
315 1840 423 1866 concito
447 1847 530 1867 cursu
548 1844 752 1879 praetervectus,
780 1842 972 1877 imperatorem

158 1895 159 1900 η
185 1886 261 1912 hasta
286 1885 425 1920 percussit
446 1892 477 1913 ac
492 1885 572 1912 letale
589 1887 688 1914 vulnus
708 1887 732 1914 ei
755 1887 863 1915 inﬂixit.
887 1888 972 1922 Quem

152 1941 154 1946 π
183 1939 246 1958 cum
267 1939 300 1958 ex
323 1939 394 1966 equo
418 1931 572 1965 deiecisset,
601 1933 710 1967 ignotus
737 1935 864 1970 quisnam
889 1941 971 1970 esset,

142 1992 144 2006 ς
183 1977 331 2005 abscessit.
347 1977 379 2004 Et
395 1978 440 2004 alii
459 1979 568 2013 quidem
592 1977 716 2012 Persam,
741 1981 786 2007 alii
806 1980 971 2010 Saraeemun

141 2014 142 2018 Ἴ
184 2023 269 2050 fuisse
284 2023 388 2050 dicunt.
413 2023 483 2051 Sunt
496 2024 543 2059 qui
577 2025 652 2052 illum
683 2026 797 2054 militem
820 2028 972 2055 Romanum

134 2060 138 2104 έ
186 2069 271 2096 fuisse
295 2069 445 2102 aiﬁrmeut,
461 2071 508 2104 qui
533 2070 725 2105 imperatorem
743 2072 845 2101 ideirco
862 2081 973 2109 percus-

134 2120 135 2125 ‘
184 2115 267 2146 serit,
282 2116 356 2149 quod
383 2115 497 2143 moleste
522 2115 707 2148 ferret,illius
731 2118 912 2153 imprudentia
941 2128 973 2148 ac

183 2160 336 2187 temeritate
358 2161 507 2188 exercitum
537 2161 690 2189 llomanum
724 2164 751 2190 in
783 2168 822 2191 tot
852 2166 972 2200 pericula

1027 239 1150 274 φυλακὴν
1168 238 1269 264 τούτων
1286 237 1389 264 πολλῶν
1402 238 1551 273 ἀπομάχων
1561 237 1657 267 ὅντων,
1673 235 1726 271 τὴν
1739 236 1822 262 ἐπάν-

1026 284 1085 311 οδον
1095 283 1244 316 ἐποιοῦντο,
1255 284 1283 310 ἐν
1292 284 1423 319 ἀριστερᾷ
1432 283 1554 319 Τίγρητα
1565 283 1688 317 ποταμὸν
1700 282 1820 317 ἔχοντες.

1032 330 1207 365 Ἥγουμένων
1236 329 1265 356 δὲ
1290 329 1345 356 τῶν
1374 329 1564 365 αἰχμαλώτων,
1593 328 1627 355 τὰ
1653 328 1705 364 μὲν
1725 327 1823 362 πρῶτα

1026 377 1172 412 ἀπήλαυον
1183 375 1274 412 χώρας
1288 376 1402 411 εὐφόρου
1416 375 1462 401 καὶ
1474 375 1561 402 πάντα
1576 374 1721 410 ἐπιτήδεια
1741 373 1822 408 ἐχού-

1027 431 1085 457 σης.
1101 422 1179 449 Μετὰ
1191 421 1219 449 δὲ
1233 420 1331 454 ταῦτα,
1346 421 1501 457 πρεσϐύτης
1513 429 1555 452 τις
1578 420 1707 455 ἑλόμενος
1721 418 1823 446 ἀποθα-

1026 469 1081 495 νεῖν
1093 468 1164 504 ὑπὲρ
1187 469 1236 504 τῆς
1256 469 1364 495 πάντων
1382 467 1494 503 Περσῶν
1508 466 1673 503 ἐλευθερίας,
1692 465 1824 500 ἐπίτηδες

1025 514 1126 541 ἁλῶναι
1157 515 1262 549 φανεὶς,
1291 513 1328 546 ὡς
1348 514 1421 541 ἄκων
1442 512 1604 548 συλληφθεὶς
1630 512 1728 546 ἄγεται
1746 509 1823 545 παρὰ

1025 560 1070 586 τὸν
1092 560 1253 595 ἡγούμενον.
1273 559 1449 595 ’Δνακριοείς
1473 567 1502 585 τε
1525 557 1658 594 περὶτῆς
1683 556 1759 588 ὁδοῦ,
1776 557 1822 582 καὶ

1025 605 1103 639 δόξας
1122 606 1208 640 ἁληθῆ
1228 605 1329 639 λέγειν,
1345 604 1452 631 ἔπεισεν
1474 603 1592 639 Watth
1616 604 1751 635 ἕπωνται,
1773 603 1821 636 τὴν

1025 652 1155 688 ταχίστην
1175 653 1230 684 τοῖς
1252 651 1393 687 Ῥωμαίων
1407 652 1480 686 ὅροις
1494 651 1652 686 ἐπιστήσειν
1674 651 1725 685 τὴν
1740 657 1822 684 στραο

1025 699 1086 726 τιάν
1100 707 1105 712 ·
1125 698 1204 733 μόνον
1220 697 1248 724 δὲ
1275 697 1358 734 τριῶν
1375 697 1391 733 ἢ
1405 698 1544 734 τεσσάρων
1569 697 1681 732 ἡμερῶν
1698 696 1821 731 χαλεπὴν

1026 743 1135 770 ἔσεσθαι
1150 743 1198 779 τὴν
1213 743 1327 780 πορείαν
1338 752 1344 758 ·
1360 743 1407 769 καὶ
1420 743 1521 779 χρῆναι
1535 743 1638 770 τούτων
1650 744 1724 769 σιτία
1742 742 1823 778 φέρε-

1027 789 1097 821 σθαι,
1116 790 1165 825 τῆς
1181 790 1232 826 γῆς
1240 790 1288 826 ὲρὴ
1295 798 1345 825 μου
1358 789 1451 825 οὗσης.
1466 790 1613 825 ’Υπαχθείς
1624 798 1654 815 τε
1665 789 1680 815 ὁ
1692 788 1822 824 βασιλεὺς

1026 835 1072 861 τοῦ
1098 835 1180 869 σοφοῦ
1205 835 1359 871 πρεσϐύτου
1381 836 1437 867 τοῖς
1451 834 1550 869 λόγοις,
1571 835 1720 869 ἐδοκίμασε
1734 833 1822 869 ταύτῃ

1026 882 1180 917 πορευτέον.
1197 881 1272 907 Ἐπεὶ
1287 881 1315 908 δὲ
1330 881 1495 917 προσωτέρω
1507 880 1671 916 χωροῦντες,
1691 881 1741 907 καὶ
1752 881 1822 914 μετά

1025 928 1098 962 τρεῖς
1113 927 1219 963 ἡμέρας
1235 926 1360 954 ὲνέὸαλον
1389 926 1482 958 τόποις
1493 926 1560 962 (ΔΙ),
1587 928 1602 953 ὁ
1626 927 1677 962 μὲν
1700 926 1794 962 γέρων
1808 926 1823 951 ό

1024 974 1196 1010 αἰχμάλωτος
1225 972 1448 1008 βασανιζόμενος,
1482 972 1661 1008 ὡμολόγησεν
1680 973 1755 1007 ὑπὲρ
1767 971 1822 998 τῶν

1024 1019 1132 1046 οίκείων
1145 1018 1330 1056 αὐτομολῆσαι
1341 1019 1409 1054 πρὸς
1424 1018 1548 1050 θάνατον,
1566 1019 1612 1044 καὶ
1620 1018 1734 1052 ἕτοιμος
1751 1015 1822 1044 εἶναι

1024 1066 1113 1092 πάντα
1125 1065 1272 1101 προθύμως
1284 1066 1440 1101 ὑπομένειν.
1461 1064 1609 1099 ’Ᾱλυοὺσης
1622 1063 1650 1090 δὲ
1671 1063 1722 1098 τῆς
1738 1071 1822 1098 στρα-

1023 1113 1093 1144 τιᾶς,
1107 1111 1145 1147 τῷ
1162 1120 1192 1138 τε
1207 1111 1290 1147 μήκει
1302 1112 1352 1147 τῆς
1379 1111 1450 1144 όδοῦ,
1469 1111 1516 1138 καὶ
1529 1112 1562 1146 τῇ
1577 1110 1667 1146 ἐνδείᾳ
1680 1109 1736 1136 τῶν
1765 1110 1823 1136 ἑπι-

1024 1157 1148 1192 τηδείων,
1163 1156 1214 1192 ἤδη
1233 1156 1500 1192 τεταλαιπωρηκόσι,
1523 1154 1646 1190 Περσικὴ
1663 1153 1822 1189 παράταξις

1025 1203 1147 1230 ἐπέθετο.
1171 1203 1318 1238 Καρτερᾶς
1342 1202 1370 1228 δὲ
1393 1202 1483 1237 μάχης
1502 1200 1660 1235 συστάσης,
1687 1199 1824 1234 ἐξαπίνης

1025 1249 1109 1284 βίαιος
1124 1247 1299 1283 ἀνακινηοεὶς
1310 1248 1420 1283 ἄνεμος,
1436 1247 1481 1274 τὸν
1494 1246 1608 1282 οὐρανὸν
1619 1246 1666 1272 καὶ
1678 1245 1725 1272 τὸν
1745 1245 1824 1280 ἥλιον

1024 1297 1078 1329 τοῖς
1105 1295 1214 1330 νέφεσιν
1242 1294 1370 1330 ἐκάλυψε,
1393 1294 1433 1330 τῷ
1457 1294 1485 1321 δὲ
1511 1294 1572 1329 ἀέρι
1601 1293 1658 1328 (ﬂ)
1681 1293 1733 1328 τὴν
1747 1293 1826 1320 κόνιν

1024 1341 1145 1376 ἀνέμιξε.
1160 1341 1274 1372 Σκότους
1288 1341 1317 1368 δὲ
1329 1341 1376 1368 καὶ
1392 1339 1491 1375 πολλῆς
1507 1339 1606 1375 ἀχλύος
1619 1339 1648 1366 οὔ
1654 1347 1715 1374 σης,
1729 1347 1825 1374 παρα-
1841 1342 1843 1369 i

1024 1387 1136 1423 δραμών
1151 1395 1193 1418 τις
1207 1387 1306 1418 ἱππεὺς
1331 1385 1409 1421 φέρει
1430 1385 1477 1411 ὲπὶ
1501 1385 1546 1411 τὸν
1565 1384 1678 1419 βασιλέα
1694 1384 1727 1410 τὸ
1743 1384 1825 1419 δόρυ,

1025 1433 1072 1460 καὶ
1087 1433 1162 1459 παίει
1175 1433 1284 1468 καιρίαν
1296 1440 1302 1447 ·
1330 1433 1376 1458 καὶ
1396 1432 1442 1458 τοῦ
1464 1431 1547 1457 ἵππου
1560 1430 1733 1461 καταϐαλὼν,
1747 1430 1827 1461 Em;

1024 1477 1058 1514 ἧν
1074 1479 1178 1514 ἀπῆλθε
1195 1478 1294 1505 λαθών.
1319 1478 1434 1512 Λέγουσι
1450 1478 1489 1511 δὲ,
1505 1478 1528 1504 οί
1548 1477 1596 1512 μὲν
1610 1477 1730 1512 Πέρσην,
1749 1477 1776 1502 οἱ
1796 1475 1825 1501 δὲ

1026 1524 1183 1559 Σαρακηνὺν
1195 1521 1264 1551 εἶναι
1286 1523 1389 1551 τοῦτον,
1406 1523 1466 1549 Elei.
1492 1522 1519 1548 δὲ
1537 1522 1562 1548 οἲ
1583 1522 1720 1556 Ῥωμαῖον
1738 1529 1827 1556 στρα-

1024 1569 1124 1605 τιώτην
1137 1567 1207 1596 εῖναι
1222 1568 1316 1595 τοῦτον
1345 1568 1540 1604 ίσχυρίζονται,
1557 1568 1606 1595 καὶ
1626 1567 1828 1602 ἐπενηνοχέναι

1024 1616 1098 1652 αὐτῷ
1119 1616 1168 1652 τὴν
1192 1615 1309 1651 πληγὴν,
1338 1615 1567 1650 ἀγανακτήσαντα
1588 1613 1683 1640 καθότι
1707 1613 1839 1656 ἀϐουλίας

1024 1662 1072 1688 καὶ
1100 1661 1249 1696 ορασύτητι
1281 1660 1420 1692 τοσούτοις
1437 1660 1583 1695 περιέϐαλε
1612 1659 1750 1691 κινδύνοις
1775 1661 1827 1694 τὴν

1025 1708 1165 1744 στρατιάν.
1177 1707 1304 1740 Λιϐάνιος
1321 1707 1376 1742 (όὸ)
1392 1707 1420 1734 δὲ
1432 1708 1446 1733 ὁ
1458 1707 1542 1742 Σύρος
1559 1707 1700 1742 σοφιστὴς,
1719 1707 1755 1733 τὰ
1774 1707 1827 1741 μά-

1024 1754 1102 1780 λιστα
1117 1753 1234 1790 συνήθης
1249 1754 1296 1780 καὶ
1325 1753 1400 1788 φίλος
1427 1753 1501 1788 αὐτῷ
1528 1752 1658 1788 γεγονὼς,
1673 1752 1739 1779 τάδε
1759 1753 1826 1788 περὶ

1023 1800 1070 1828 τοῦ
1099 1800 1253 1831 κτείναντος
1280 1799 1361 1827 αὐτὸν
1385 1799 1496 1835 γράφει.
1529 1799 1577 1830 Τίς
1593 1796 1639 1826 οὖν
1659 1799 1674 1824 ὁ
1700 1799 1824 1830 κτείνας,

1024 1845 1103 1873 ποῦεί
1114 1854 1156 1877 τις
1169 1845 1294 1874 ἀκοῦσαι.
1315 1844 1441 1880 Τοῦνομα
1457 1845 1506 1880 μὲν
1522 1845 1572 1871 οὐκ
1585 1843 1644 1871 οἶδα
1654 1853 1660 1858 ·
1681 1843 1730 1871 τοῦ
1744 1844 1775 1870 δὲ
1787 1845 1825 1879 μὴ

1024 1892 1154 1928 πολέμιον
1169 1891 1237 1919 εἶναι
1271 1892 1316 1919 τὸν
1340 1892 1495 1925 κτείναντα,
1514 1893 1628 1926 σημεῖον
1646 1891 1777 1926 ἐναργὲς,
1794 1891 1826 1917 τὸ

1026 1937 1127 1973 μηδένα
1150 1937 1278 1973 πολέμιον
1293 1937 1339 1964 ἐπὶ
1356 1938 1389 1973 τῇ
1407 1937 1498 1972 πληγῇ
1519 1936 1693 1972 τετιμῆσθαι.
1723 1937 1825 1963 Καίτοι

1023 1982 1068 2009 διὰ
1086 1983 1217 2018 κηρύκων
1244 1984 1258 2010 ό
1283 1982 1390 2019 Πέρσης
1415 1983 1507 2010 ἐκάλει
1526 1983 1595 2018 πρὸς
1610 1982 1694 2018 γέρας
1710 1982 1757 2009 τὸν
1769 1984 1822 2009 ἁπ-

1023 2029 1160 2062 εκτονότα,
1187 2030 1235 2056 καὶ
1263 2029 1390 2065 μεγάλων
1407 2030 1514 2065 ὑπῆρχε
1535 2029 1573 2064 τῷ
1590 2030 1702 2063 φανέντι
1716 2030 1822 2064 τυχεῖν·

1024 2074 1082 2102 ἀλλ*
1104 2075 1179 2110 ὅμως
1221 2076 1276 2102 οὐδ’
1307 2076 1388 2112 ἔρωτι
1412 2076 1502 2111 γερῶν
1528 2075 1743 2110 ὴλαζονεύσατο.
1769 2075 1823 2102 Καὶ

1024 2120 1107 2156 πολλή
1118 2128 1150 2155 γε
1161 2122 1217 2153 τοῖς
1234 2121 1402 2157 πολεμίοιςὴ
1416 2122 1508 2157 χάρις,
1525 2122 1564 2148 ὅτι
1578 2118 1616 2148 ὦν
1632 2121 1684 2148 οὐκ
1692 2121 1821 2157 ἔδρασαν,

1023 2166 1054 2193 οὺ
1070 2166 1235 2203 προσέθεντο
1247 2167 1296 2203 τὴν
1305 2168 1394 2201 δόξαν,
1412 2168 1471 2194 ἀλλ’
1489 2168 1659 2202 ἔδοσανὴμίν
1674 2169 1743 2203 παρ’
1757 2169 1822 2202 ἡμῖν

183 2206 336 2240 conjectum
363 2213 435 2234 esse.
462 2206 548 2235 Porro
565 2207 697 2238 Libanius
725 2209 810 2246 Syrus
838 2213 930 2248 sophis

1073 2213 1118 2245 τοῖς
1142 2213 1188 2240 τὸν
1209 2213 1317 2248 σφαγέα
1344 2213 1445 2248 ζητεῖν.
1462 2210 1515 2245 Οἷς
1535 2213 1591 2248 γὰρ
1603 2213 1655 2240 οὐκ
1670 2213 1821 2239 ἐλυσιτέλει

183 2251 229 2284 qui
252 2258 306 2285 prae
329 2252 436 2279 caeteris
462 2251 798 2290 familiaris,imperatoris
817 2262 844 2285 et
867 2259 972 2286 amicus

184 2297 244 2327 t‘uit,
256 2298 288 2323 de
301 2297 382 2324 caulis
396 2302 508 2326 auctore
521 2298 558 2326 ita
572 2301 678 2327 scribit.
693 2302 731 2329 Ae
746 2302 864 2331 fortasse
872 2305 972 2338 aliquis

184 2350 266 2369 nosse
291 2343 377 2377 cupit,
399 2344 524 2378 quisnam
555 2345 631 2372 illum
660 2348 808 2382 occiderit;
833 2358 885 2384 ego
908 2358 972 2378 vero

184 2394 282 2414 nomen
298 2388 406 2422 quidem
422 2390 526 2417 nescio.
542 2391 584 2418 Ab
600 2391 676 2420 hoste
691 2399 781 2421 tamen
795 2395 970 2423 interfectum

184 2441 238 2460 non
255 2433 338 2461 fuisse
348 2435 530 2462 certissimum
546 2437 612 2464 illud
629 2444 818 2473 argumentum
832 2446 884 2474 est,
897 2442 970 2477 quod

185 2486 264 2505 neruo
279 2486 310 2505 ex
333 2479 456 2508 hostibus
475 2482 510 2508 ob
525 2482 624 2510 vulnus
639 2483 703 2511 illud
729 2485 830 2514 honore
856 2487 970 2516 allectus

1023 2259 1090 2293 ζῶν,
1110 2258 1183 2289 οὗτοι
1198 2261 1226 2288 δὲ
1237 2259 1307 2297 ἦσαν
1317 2263 1342 2289 ol
1364 2262 1464 2294 ζῶντες
1490 2263 1520 2289 οὐ
1538 2261 1609 2288 κατὰ
1630 2261 1696 2293 τοὺς
1711 2262 1820 2297 νόμους.

1021 2307 1105 2334 πάλαι
1132 2316 1162 2334 τε
1187 2308 1375 2340 ἐπεϐούλευον,
1393 2309 1440 2334 καὶ
1463 2308 1524 2334 τότε
1541 2307 1706 2342 δυνηθέντες
1728 2308 1823 2343 sipri-

1023 2362 1104 2380 σαντο
1117 2361 1123 2367 ’
1139 2354 1187 2388 τῆς
1201 2363 1229 2380 τε
1241 2354 1325 2389 ἄλλης
1334 2355 1441 2386 ἀδικίας
1451 2353 1674 2389 ἀναγκαζούσης,
1682 2354 1734 2380 οὐκ
1745 2353 1821 2388 ἐχού-

1026 2408 1075 2434 σης
1090 2399 1137 2426 ἐπὶ
1144 2399 1195 2434 τῆς
1208 2399 1311 2427 ἐκείνου
1327 2399 1464 2434 βασιλείας
1476 2399 1601 2432 ἐξουσίαν
1615 2408 1622 2414 ·
1639 2400 1689 2426 καὶ
1703 2399 1821 2434 μάλιστὰ

1025 2453 1056 2479 γε
1071 2444 1118 2472 τοῦ
1129 2445 1261 2481 τιμᾶσθαι
1281 2446 1344 2477 τοὺς
1369 2446 1458 2479 θεοὺς,
1475 2443 1504 2473 οὗ
1526 2446 1682 2473 τούναντίον
1697 2446 1818 2482 ἐζήτουν.

785 2573 920 2602 VALESH
941 2576 1224 2606 ANNOTATIONES.

219 2635 275 2669 (41)
296 2637 457 2665 Ἐνέὄαλον
473 2639 585 2672 τόποις.
611 2640 773 2669 Addendum
796 2648 838 2670 est
857 2645 972 2672 vocabu-

183 2670 238 2697 lum
253 2671 357 2706 ἀγρίοις
373 2681 406 2699 ex
421 2670 586 2706 Nicephoro.

223 2681 238 2697 ιι
253 2681 357 2706 αγριοις
373 2681 406 2699 ex
421 2681 486 2700 mce
508 2681 586 2702 noro.

293 2706 383 2747 7⁷(ρᾼᾄὲ
396 2707 468 2747 ὰέρί.
486 2681 712 2747 δίοιὶιιιβειίίιθτο
727 2712 769 2745 Τῷ
780 2721 811 2740 τε
824 2714 900 2747 ἀέρι,
914 2719 969 2744 etc.

217 2741 272 2776 (45)
290 2741 663 2785 Λιϐάνιοςζ-Ιτοᾳιιε-ίιίιιιιηὶἱ
681 2741 761 2785 quem
786 2749 830 2785 hic
845 2741 971 2785 designat

183 2776 362 2813 Sozomenus,
387 2783 478 2805 exstat
497 2780 578 2807 hodie
602 2781 629 2807 in
650 2776 775 2810 oratione
803 2776 970 2813 funebrirde

183 2812 310 2851 laudibus
327 2813 455 2851 _cj_usde_m
469 2813 595 2851 _.luliani,
612 2823 673 2851 pag.
690 2818 753 2850 525,
770 2819 836 2845 tomi
853 2812 966 2847 secundi

182 2847 300 2880 Operum
327 2847 443 2876 Libauii.
468 2849 561 2877 Exstat
584 2847 668 2885 penes
695 2847 850 2882 tue'altera
879 2857 966 2883 oratio

1024 2646 1148 2686 ejusdem
1165 2647 1270 2686 Libanii
1284 2648 1317 2686 ad
1329 2648 1741 2686 Theodosiumjmperatorem,
1759 2658 1817 2686 qum

1024 2681 1187 2720 inscribitur
1207 2684 1272 2718 περὶ
1360 2685 1495 2720 τιμωρίας
1522 2681 1680 2720 ’Ῐουλιανοῦ.
1710 2681 1739 2712 In
1764 2681 1815 2720 qua

1024 2692 1187 2709 utscrmttur
1207 2692 1272 2718 περι
1324 2692 1338 2711 ς
1360 2692 1495 2720 τιμωρίας
1524 2692 1680 2713 ἰουΑιανου.
1710 2692 1738 2712 In
1764 2694 1815 2720 qua

1024 2692 1509 2756 Libanius‘hortatumheodosium,
1528 2724 1557 2746 ut
1571 2719 1677 2747 Iuliani
1701 2721 1815 2756 impera-

1024 2753 1093 2780 toris
1105 2753 1207 2790 eaedem
1216 2754 1384 2790 ulciscatur:
1400 2759 1427 2781 et
1439 2759 1556 2782 cunctas
1571 2753 1814 2790 calamitatesqua-

1022 2791 1083 2821 post
1104 2788 1177 2815 illius
1195 2789 1299 2815 obittun
1321 2788 1453 2817 Romanis
1470 2790 1644 2822 acciderunt,
1666 2799 1721 2818 non
1734 2788 1812 2818 aliam

1021 2823 1057 2848 oh
1079 2831 1190 2850 causam
1217 2824 1352 2861 accidisse
1374 2825 1452 2861 dicit.
1471 2833 1554 2859 quam
1571 2831 1716 2861 propterea
1742 2825 1811 2861 quod

1021 2865 1080 2884 eam
1097 2861 1196 2885 cu-dem
1216 2859 1330 2886 inultam
1347 2859 1531 2895 reliquissent.
