1896 3074
100 197 169 225 I293
579 197 741 226 HISTORIA
763 195 1044 227 ECCLESIASTICA.
1066 215 1100 220 —
1120 200 1184 228 LIB.
1204 199 1248 228 Vl.
1666 204 1732 232 fit”

98 259 151 282 est.
179 253 310 286 Quamvis
328 261 374 282 rex
400 253 546 282 Persarum
576 260 714 282 auctorem
740 255 821 283 cwdis
844 263 893 290 per
912 263 1066 291 praeconem
1079 257 1112 284 ad
1131 258 1272 293 praemium
1287 259 1434 292 vocaverit,
1449 263 1475 287 et
1505 259 1623 287 maxima
1657 268 1729 295 qua}

97 308 152 336 que
174 300 290 335 adipisci
313 300 420 328 licuerit
439 301 463 328 ei
479 301 525 336 qui
558 301 586 328 iu
611 301 730 328 medium
766 301 924 336 prodiisset.
945 302 1045 330 Verum
1070 310 1169 336 nemo,
1193 312 1227 331 ne
1251 305 1424 339 praimiorum
1448 305 1558 340 quidem
1584 306 1734 342 cupiditate

97 349 210 379 ductus,
229 355 262 374 eo
283 346 403 375 facinore
431 347 500 376 falso
524 348 658 384 gloriatus
681 352 733 376 est.
760 349 799 376 Ac
824 349 946 384 profecto
962 349 1086 377 habenda
1096 354 1140 377 est
1151 350 1279 379 hostibus
1296 352 1401 387 gratia,
1433 353 1480 387 qui
1515 352 1622 382 facimus
1659 357 1732 389 quod

97 392 151 428 ipsi
167 399 222 419 non
233 391 417 424 admiserant,
447 400 619 428 nequaquam
649 393 701 421 sibi
726 397 889 429 arrogat-unt
905 402 914 420 :
935 394 982 422 sed
1004 394 1084 421 nobis
1104 400 1315 430 concesserunt,
1340 401 1369 424 ut
1391 398 1473 427 caedis
1499 403 1639 427 auctorem
1661 400 1733 428 inter

97 443 209 466 nostros
224 445 419 473 quaereremus.
435 438 487 471 Qui
504 440 577 466 enim
590 447 623 466 ex
637 439 697 474 ejus
713 440 768 466 vita
787 439 890 466 nullam
910 440 1097 475 percipiebaut
1110 441 1254 470 utilitatem
1267 463 1273 475 ,
1308 443 1334 470 hi
1351 444 1457 471 scilicet
1488 445 1534 480 qui
1557 453 1730 481 nequaquam

93 486 175 520 juxta
191 486 280 521 legum
298 485 456 521 prtescripta
483 486 621 519 vivebant,
653 491 680 514 et
704 487 769 514 olim
805 487 920 515 insidias
940 487 964 515 ei
987 491 1154 520 struxerant,
1175 494 1202 516 et
1220 493 1285 517 tunc
1299 492 1531 525 opportunitatem
1557 493 1640 525 nacti,
1666 500 1728 519 eum

97 536 273 567 peremerunt
290 542 296 560 ε
313 537 371 559 tum
388 533 494 568 reliqua
513 533 588 561 omni
610 532 742 568 injustitia
760 535 836 568 ipsos
851 534 886 562 ad
904 534 930 562 id
949 534 1055 562 facinus
1068 535 1235 569 impellente,
1249 543 1310 570 qua:
1330 536 1377 564 illo
1392 537 1474 573 219
1507 543 1638 574 regnante
1669 539 1735 566 nul—

95 579 151 604 lam
179 577 317 605 licentiam
351 578 509 605 obtinebat:
530 582 586 604 tum
610 578 746 614 praecipue
773 578 887 605 deorum
907 579 982 606 cultu
999 579 1042 606 cui
1059 579 1111 614 ipsi
1125 579 1352 608 adversabantur.

394 636 520 664 ΚΕΦΛΛ.
544 636 581 663 Β’.

95 693 162 719 ’Ότι
174 692 251 719 κατὰ
266 692 428 728 θεομηνίαν
439 693 571 727 ἀνῃρέθη
581 703 587 708 -
602 693 650 719 καὶ
665 693 731 727 περὶ
749 693 807 720 τῶν
821 693 886 728 ὀρώ-

129 736 228 763 σεωνν.
258 727 295 760 ἂς
311 727 428 763 ,ἄνδρες
454 728 535 760 τινὲς
564 728 630 762 περὶ
660 728 713 763 τῆς
742 727 886 762 τελευτῆς

127 762 225 789 αὑτοῦ
248 762 425 798 ἐθεάσαντο,
452 763 500 789 καί
525 764 592 796 περὶ
618 763 672 797 τῆς
696 764 885 798 ἀποκρίσεως

129 798 184 824 τοῦ
201 797 268 824 υἱοῦ
284 797 337 833 τοῦ
353 797 494 833 τέκτονος
507 805 514 812 ⁸
533 798 582 824 καὶ
603 796 651 825 ὅτι
668 798 700 825 τὸ
716 796 788 833 ιιῖμὰ
813 799 886 826 Ἰυυ-

129 833 240 877 {lar-0;"
258 832 609 877 t¢~Xﬂtaﬂbldréfl€yﬂf
621 841 627 847 '
653 833 710 877 καὶ
723 832 787 877 ,ὅσ-ᾳ
809 834 885 877 κακὰ

126 868 260 902 δημοσίᾳ
280 867 317 902 τῇ
341 867 490 901 Ῥωμαίων·
510 868 667 903 ἐπεγένετο
692 868 729 895 δι’
744 870 848 896 αὐτόν.

128 925 184 952 Καὶ
204 926 218 951 ὁ
238 925 286 960 μὲν
303 924 430 956 Λιϐάνιος
447 921 498 951 ὧδὲ
515 934 553 959 πη
570 925 697 960 γράφων,
718 926 884 961 Χριστιανὸν

92 972 206 999 ἔσεσθαι
229 971 357 1007 ὑποδηλοῖ
384 971 529 998 Ἰουλιανοῦ
555 971 600 998 τὸν
617 972 737 1006 σφαγέα·
767 972 833 1004 ἴσως
855 972 884 998 δὲ

91 1019 141 1046 καὶ
156 1018 265 1053 ἀληθές.
285 1019 322 1045 Οὐ
340 1018 395 1054 γὰρ
418 1018 543 1050 ἀπεικὸς,
561 1017 622 1045 τινὰ
638 1018 693 1044 τῶν
718 1018 779 1045 τότε
800 1027 883 1054 στρα-

90 1065 247 1099 τευομένων
264 1065 304 1095 είς
317 1063 380 1091 νοῦν
394 1063 496 1096 λαϐεῖν,
516 1064 554 1095 ὡς
573 1063 703 1099 ’Έλληνες
722 1064 768 1090 καὶ
784 1064 884 1095 πάντες

92 1111 251 1146 ἄνθρωποι,
271 1110 352 1145 μέχρι
377 1109 426 1137 νῦν
448 1110 512 1142 τοὺς
541 1110 625 1137 πάλαι
654 1109 883 1145 τυραννοκτόνους

92 1156 262 1189 ἐπαινοῦσιν,
277 1156 315 1188 ὡς
331 1157 402 1191 ὑπὲρ
422 1157 472 1192 τῆς
487 1155 596 1183 πάντων
609 1155 766 1191 ἐλευθερίας
785 1155 882 1190 ἑλομέρ

92 1211 153 1234 νους
167 1202 323 1234 ἀποθανεῖν,
339 1202 386 1229 καὶ
395 1202 531 1234 πολίταις,
546 1202 562 1237 ἧ
576 1202 748 1237 συγγενέσιν,
764 1201 781 1237 ἢ
795 1201 881 1236 φίλοις

91 1248 241 1284 προθύμως
255 1249 456 1284 ἐπαμύνοντας.
483 1249 568 1284 Σχολῇ
588 1257 620 1283 γε
637 1248 670 1275 ἀν
688 1257 731 1280 τις
745 1248 793 1275 καὶ
807 1247 882 1283 αὐτῷ

93 1293 272 1330 μέμψαιτοί,
301 1293 346 1321 διὰ
366 1294 434 1320 Θεὸν
455 1295 503 1321 καὶ
528 1293 675 1330 θρησκείαν
696 1294 729 1329 ἣν
750 1293 882 1329 ἐπῄνεσεν

91 1340 207 1376 ἀνδρείῳ
229 1339 377 1375 γενομένῳ.
408 1339 479 1374 Ἐγὼ
498 1339 544 1372 δὲ,
569 1339 644 1371 ὅστις
665 1340 714 1374 μὲν
733 1340 766 1374 τῇ
787 1340 878 1374 σφαγῇ

89 1386 177 1422 ταύτῃ
204 1385 402 1420 διηκονήσατο,
433 1383 503 1420 πλὴν
533 1383 588 1411 τῶν
617 1383 771 1419 εἰρημένων
802 1383 880 1410 οὐδὲν

89 1431 209 1467 ἀκριϐῶ.
232 1431 278 1463 Ὠς
292 1431 320 1457 δὲ
340 1430 551 1466 συμφωνοῦντες
576 1431 601 1457 οἱ
623 1429 752 1464 λέγοντες
773 1429 879 1465 ἰσχυρί-

85 1479 192 1511 ζονται,
204 1477 322 1512 ἀψευδὴς
333 1476 412 1510 λόγος
424 1477 464 1508 είς
473 1476 547 1511 ἡμᾶς
558 1473 636 1510 ἦλθε,
649 1475 721 1502 κατά
732 1475 879 1510 θεομηνίαν

85 1525 123 1552 αὐ
129 1524 173 1551 τὸν
184 1523 377 1558 ἀναιρεθῆναι.
393 1523 447 1549 Καὶ
455 1522 550 1549 τούτου
563 1521 709 1554 ἀπόδειξις,
726 1521 786 1548 θεία
805 1521 877 1556 ὖψις,

85 1569 124 1603 ἢν
157 1569 219 1596 τινὰ
245 1569 300 1596 τῶν
330 1569 490 1605 ἐπιτηδείων
520 1559 599 1602 ἀύτῷ
627 1568 692 1595 ἰδεῖν
725 1567 877 1603 ἐπυθόμην.

86 1615 207 1649 Λέγεται
229 1615 303 1650 γὰρ,
327 1614 420 1650 ἐπειδὴ
438 1614 507 1650 πρὸς
522 1613 603 1640 αὑτὸν
626 1614 655 1640 ἐν
679 1613 798 1649 Πέρσαις
815 1613 880 1641 ὄντα

84 1661 237 1696 ἠπείγετο,
262 1660 290 1688 ἐν
309 1669 362 1687 τινι
379 1660 472 1696 χωρίῳ
497 1659 649 1686 καταλῦσαί
664 1659 715 1694 τῆς
728 1659 877 1695 λεωφόρου,

84 1707 135 1733 καὶ
146 1706 251 1742 ἀπορίᾳ
262 1707 411 1742 οἰκήματος
430 1706 459 1732 ὲν
480 1707 514 1741 τῇ
529 1705 622 1733 ἐνθάδε
634 1705 767 1740 ἐκκλησίᾳ
779 1704 874 1731 καθευ-

82 1752 170 1787 δῆσαι
182 1759 190 1767 ⁸
206 1753 254 1779 καὶ
272 1752 346 1788 ὕπαρ
361 1753 456 1788 ἢόναρ
472 1753 547 1784 ἰδεῖν,
561 1753 599 1784 ὡς
612 1753 652 1784 είς
665 1751 765 1778 ταύτὸν
785 1751 878 1777 συνελ-

83 1798 182 1830 θόντες
203 1799 296 1825 πολλοὶ
315 1798 370 1825 τῶν
385 1799 542 1826 ἀποστόλων
568 1800 616 1825 καὶ
638 1798 693 1825 τῶν
719 1797 876 1832 προφητῶν,

83 1843 266 1879 ἀπωδύροντο
282 1843 331 1879 τὴν
345 1844 384 1875 είς
397 1843 447 1875 τὰς
467 1842 630 1877 Ἐκκλησίας
650 1841 698 1868 τοῦ
713 1840 879 1876 κρατοῦντος

83 1889 186 1925 ὕϐριν,
210 1890 256 1916 καὶ
273 1889 287 1915 ὃ
305 1897 333 1915 τι
350 1889 404 1924 χρὴ
421 1889 508 1915 ποιεῖν
527 1887 709 1914 ἐϐουλεύοντο.
732 1886 793 1913 Ἐπὶ
810 1886 877 1913 πολὺ

81 1936 115 1963 δὲ
128 1935 193 1971 περὶ
207 1934 304 1961 τούτου
319 1934 546 1969 διαλογιζομένων
562 1934 608 1960 καὶ
628 1933 723 1967 ὥσπερ
735 1933 878 1968 διαπορου-

84 1983 197 2018 μένων.
224 1982 390 2012 ἀναστάντες
416 1981 448 2007 ὲκ
476 1979 567 2015 μέσων
590 1979 655 2013 δύο,
682 1979 796 2014 θαρρεῖν
821 1979 915 2018 cclcc

81 2028 177 2059 ἄλλοις
199 2027 447 2063 παρεκελεύσαντοο
469 2026 517 2052 καὶ
532 2025 569 2057 ὡς
584 2025 630 2051 ἐπὶ
652 2025 810 2060 καθαιρέσει
826 2024 876 2059 τῆς

88 2074 237 2102 Ἶουλιανοῦ
260 2074 348 2109 ἀρχῆς
371 2074 526 2109 ὁρμῶντες,
553 2072 653 2108 σπουδῇ
674 2072 719 2099 τὸν
747 2072 877 2105 σύλλογον

83 2121 233 2148 κατέλιπον
243 2141 249 2148 .
259 2120 288 2147 '0
302 2121 329 2147 δὲ
342 2120 485 2155 ἄνθρωπος
499 2119 529 2151 ὃς
540 2119 594 2146 τῶν
605 2119 763 2154 παραδόξων
773 2118 876 2145 τούτων

81 2167 209 2202 ἐγεγόνει
220 2166 329 2201 θεατὴς,
341 2166 390 2201 τῆς
400 2166 449 2202 μὲν
459 2166 614 2202 ὁδοιπορίας
622 2165 758 2201 ὠλιγώρει
766 2164 857 2192 λοιπόν
866 2173 873 2179 ·

82 2212 213 2250 ὀρρωδῶν
227 2213 255 2239 δὲ
274 2213 314 2248 πῆ
327 2213 381 2248 ἄρα
404 2212 551 2248 ἐκϐήσεται
570 2211 601 2238 τὺ
623 2212 701 2243 τέλος
719 2211 769 2246 τῆς
786 2210 876 2237 rotati-

81 2268 134 2295 της
148 2259 248 2294 ὅψεως,
266 2259 347 2286 πάλιν
367 2259 462 2286 ἐνθάδε
483 2258 633 2289 καθεύδων,
648 2258 693 2284 τὸν
713 2257 875 2284 αὐτὸνίδείν

83 2306 232 2340 σύλλογον,
254 2305 384 2341 ἐξαπίνης
403 2315 432 2332 τε
455 2306 492 2337 ὡς
511 2306 566 2332 ἀπὸ
586 2304 645 2332 ὁδοῦ
668 2303 875 2339 εἰσεληλυθότας

80 2352 108 2378 οἳ
134 2352 167 2386 τῇ
197 2351 347 2387 προτεραίᾳ
376 2351 455 2378 νυκτὶ
479 2351 699 2386 ἐπεστράτευσαν
727 2348 874 2384 Ἰουλιανῴ,

82 2395 132 2421 καὶ
148 2394 307 2428 ᾁναγγεῖλαι
323 2396 379 2426 τοῖς
394 2395 494 2426 ἄλλοις,
509 2394 661 2431 ἀνῃρῆσθαι
678 2394 782 2421 τοῦτον.
804 2394 874 2420 Κατ’

81 2439 194 2474 ἐκείνην
209 2439 238 2466 δὲ
252 2440 301 2474 τὴν
313 2440 419 2476 ἡμέραν
433 2440 480 2466 καὶ
493 2440 608 2474 Δίδυμος
620 2442 634 2467 ὁ
644 2439 874 2476 ὲκκλησιαστικὺς

82 2485 231 2519 φιλόσοφος
247 2486 275 2511 εν
295 2485 486 2521 Ἀλεξανδρείᾳ
513 2486 670 2520 διατρίϐων,
695 2484 740 2513 οἷά
768 2495 799 2520 γε
825 2486 874 2513 τοῦ

83 2530 219 2566 βασιλέως
232 2532 271 2562 εἰς
281 2531 329 2566 τὴν
341 2531 488 2567 θρησκείαν
503 2531 705 2566 διασφαλὲντος,
725 2532 873 2568 περίλυπος

81 2577 133 2610 ὢν,
148 2577 192 2604 διά
206 2585 235 2603 τε
246 2577 326 2604 αὐτὸν
338 2577 375 2609 ὼς
390 2578 607 2613 πεπλανημένον,
620 2579 666 2604 καὶ
677 2579 720 2604 διὰ
731 2579 780 2614 τὴν
793 2588 874 2606 κατα-

83 2623 217 2659 φρόνησιν
249 2623 303 2649 τῶν
334 2623 522 2658 Ἑκκλησιῶν,
546 2623 674 2659 ὲνήστευέ
694 2633 724 2649 τε
756 2625 802 2651 καὶ
828 2625 873 2652 τὸν

1263 637 1341 666 CAP.
1365 639 1397 666 ll.

943 692 1019 726 Quod
1033 692 1161 721 Julianus
1177 694 1265 721 divina
1277 693 1376 721 ultione
1392 700 1539 728 peremptus
1557 701 1611 728 est;
1625 702 1648 724 et
1658 697 1728 728 quod

975 736 1047 755 mors
1062 729 1120 760 eius
1136 729 1294 763 quibusdam
1311 730 1437 756 divinitus
1454 730 1568 757 revelata
1585 736 1633 758 est.
1659 729 1728 759 Item

974 763 1006 790 de
1025 771 1149 798 responso
1167 764 1225 797 illo,
1241 765 1327 798 ﬁlium
1342 764 1412 798 fabri
1429 773 1521 791 arcam
1532 766 1555 792 ei
1570 766 1702 800 fabricare
1717 775 1727 794 :

971 803 996 824 et
1014 800 1315 835 quomodoisanguinem
1330 808 1408 826 suum
1429 800 1536 827 Christo
1551 802 1662 835 projecit
1675 809 1684 829 :
1701 806 1728 830 et

971 839 1033 868 quot
1053 834 1127 861 mala
1145 834 1275 862 Romam";
1286 836 1416 862 euenerint
1433 835 1507 862 illius
1523 834 1613 863 causa.

970 921 1004 949 Et
1021 921 1153 951 Libanius
1172 923 1284 958 quidem
1300 924 1338 951 ita
1361 925 1487 954 scribens
1510 925 1614 954 Iuliani
1641 928 1728 954 inter-

936 967 1065 996 fectorem
1077 968 1267 996 Christianum
1283 970 1371 998 fuisse
1386 971 1496 1005 innuit;
1512 980 1610 1007 resque
1627 973 1727 1001 fortas-

934 1014 974 1041 sis
1000 1014 1041 1041 ita
1058 1022 1088 1042 se
1114 1014 1207 1042 habet.
1233 1014 1326 1051 Neque
1347 1017 1422 1044 enim
1450 1025 1464 1044 a
1489 1026 1555 1045 vero
1581 1018 1725 1052 abhorret,

934 1060 1091 1094 quempiam
1113 1068 1208 1088 eorum
1224 1062 1271 1096 qui
1303 1065 1370 1090 tunc
1395 1064 1529 1098 temporis
1551 1064 1579 1091 in
1601 1065 1726 1092 exercitu

933 1104 1059 1133 Romano
1075 1107 1242 1139 militabant,
1262 1108 1290 1135 in
1312 1108 1405 1135 animo
1419 1113 1572 1144 reputasse,
1591 1114 1726 1145 tyranno-

933 1159 994 1178 rum
1016 1152 1207 1181 interfectores
1228 1158 1284 1180 tum
1302 1161 1315 1180 a
1333 1155 1475 1182 veteribus
1492 1155 1608 1188 Graecis.
1631 1160 1689 1184 tum
1709 1164 1725 1184 a

933 1196 1048 1231 reliquis
1066 1198 1229 1225 mortalibus
1241 1198 1274 1224 ad
1286 1202 1410 1226 nostram
1425 1207 1514 1235 usque
1531 1204 1638 1228 aetatem
1654 1209 1725 1231 sutu-

933 1244 986 1270 mis
1004 1243 1137 1271 laudibus
1154 1243 1255 1277 ellerri,
1276 1249 1306 1272 ut
1325 1246 1370 1281 qui
1384 1254 1434 1282 pro
1446 1248 1585 1275 communi
1599 1249 1723 1276 omnium

933 1289 1072 1321 libertate,
1091 1294 1208 1318 mortem
1224 1295 1357 1326 oppetere
1377 1300 1433 1320 non
1452 1292 1615 1328 dubitarint,
1636 1299 1663 1323 et
1683 1296 1724 1323 ci-

933 1335 1013 1362 vibus
1022 1335 1081 1362 suis
1096 1339 1123 1362 et
1138 1336 1302 1372 propinquis
1317 1341 1399 1373 atque
1416 1338 1514 1366 amicis
1533 1339 1617 1367 alacri
1631 1340 1724 1368 animo

933 1380 1058 1414 opitulati
1074 1380 1139 1408 sint.
1159 1379 1245 1409 Nemo
1265 1386 1342 1410 certe
1363 1390 1428 1410 eum
1444 1382 1524 1410 facile
1537 1384 1724 1419 reprehende-

933 1425 982 1458 rit,
1000 1426 1048 1461 qui
1063 1431 1178 1462 propter
1193 1427 1290 1460 Deum,
1309 1433 1336 1456 et
1355 1433 1468 1464 propter
1479 1437 1539 1456 eam
1554 1438 1636 1465 quam
1653 1431 1724 1459 cole-

933 1471 980 1498 bat
997 1472 1168 1508 religionem,
1185 1477 1331 1501 strenuum
1352 1474 1460 1503 facinus
1473 1475 1569 1503 edidit.
1585 1475 1642 1511 Ego
1658 1484 1723 1505 vero

932 1517 968 1545 de
993 1517 1040 1545 illo
1066 1519 1114 1553 qui
1144 1519 1216 1546 hanc
1228 1519 1329 1547 caedem
1358 1521 1536 1555 perpetravit,
1563 1526 1665 1556 praeter
1690 1530 1723 1550 ea

933 1570 994 1598 quae
1008 1562 1064 1597 jam
1083 1563 1152 1595 dixi,
1170 1564 1239 1592 nihil
1252 1566 1372 1600 amplius
1386 1567 1453 1594 scio.
1469 1565 1570 1594 Verum
1585 1571 1615 1594 ut
1627 1575 1723 1596 omnes

933 1616 988 1636 uno
1003 1616 1141 1638 consensu
1157 1609 1304 1643 afﬁrmant,
1322 1619 1385 1638 vera
1400 1611 1434 1639 ad
1451 1619 1501 1639 nos
1518 1613 1642 1647 pervenit
1657 1621 1723 1640 nar-

933 1655 1016 1687 ratio,
1029 1663 1093 1683 eum
1109 1655 1202 1683 divina
1214 1657 1320 1685 ultione
1335 1662 1506 1693 peremptum
1519 1659 1605 1688 fuisse
1619 1669 1626 1694 ;
1642 1661 1723 1696 cujus

933 1700 972 1728 rei
984 1705 1177 1735 argumentum
1195 1705 1237 1729 est
1249 1703 1370 1731 caelestis
1387 1703 1466 1738 visio,
1480 1712 1563 1740 quam
1577 1713 1591 1732 a
1602 1706 1722 1741 quodam

932 1753 967 1772 ex
982 1746 1043 1780 ejus
1060 1746 1245 1775 familiaribus
1259 1748 1348 1782 visam
1363 1756 1427 1777 esse
1444 1751 1550 1786 accepi.
1573 1751 1639 1779 Nam
1658 1760 1721 1780 cum

933 1791 957 1819 is
976 1791 1011 1819 ad
1030 1792 1106 1819 illum
1127 1796 1193 1820 tunc
1214 1793 1241 1820 in
1258 1793 1371 1822 Perside
1388 1799 1514 1830 agentem
1530 1798 1720 1832 contenderet,

932 1836 960 1864 in
974 1836 1036 1863 loco
1052 1837 1172 1871 quodam
1186 1837 1236 1865 via:
1253 1839 1372 1873 publica
1392 1839 1548 1869 diversatus
1573 1850 1635 1871 esse
1653 1843 1722 1871 dici-

932 1886 988 1915 tur,
1003 1886 1032 1910 et
1044 1883 1159 1917 penuria
1183 1884 1248 1911 tecti
1270 1884 1298 1912 in
1313 1885 1430 1913 ecclesia
1450 1886 1507 1914 illic
1522 1888 1613 1923 posita
1636 1889 1722 1917 decu-

932 1928 1037 1960 buisse,
1060 1935 1092 1955 ac
1113 1929 1170 1956 sive
1188 1929 1260 1957 inter
1280 1930 1461 1966 vigilandum.
1481 1932 1539 1961 sive
1561 1933 1590 1962 in
1614 1936 1720 1964 somnis

931 1974 1031 2007 vidisse
1044 1975 1138 2009 plures
1152 1976 1294 2011 apostolos
1310 1983 1341 2004 ac
1351 1978 1509 2012 prophetas,
1526 1981 1574 2014 qui
1590 1980 1618 2007 in
1633 1989 1719 2009 unum

930 2020 1137 2054 convenientes;
1155 2021 1189 2048 de
1207 2021 1342 2056 principis
1363 2023 1391 2050 in
1405 2023 1536 2052 ecclesias
1550 2028 1719 2055 contumelia

930 2069 1124 2100 quererentur,
1145 2071 1172 2094 et
1188 2067 1321 2102 quidnam
1337 2068 1472 2103 agendum
1486 2075 1560 2099 esset
1581 2072 1718 2101 delibera-

929 2116 1000 2140 rent.
1018 2112 1142 2148 Cumque
1158 2113 1209 2141 hac
1229 2114 1263 2141 de
1279 2121 1310 2141 re
1331 2114 1437 2144 diutius
1451 2118 1666 2151 consultassent,
1685 2127 1718 2149 ac

929 2157 1014 2185 veluti
1032 2158 1167 2193 ancipites
1182 2158 1329 2192 luererent,
1350 2160 1406 2187 duo
1426 2168 1441 2188 e
1458 2161 1548 2190 medio
1562 2169 1717 2200 surgentes,

929 2205 1050 2239 reliquos
1065 2205 1138 2232 bono
1153 2206 1246 2233 animo
1261 2214 1323 2234 esse
1346 2207 1492 2241 jusserunt
1508 2218 1515 2237 :
1541 2214 1568 2238 et
1586 2214 1718 2247 tanquam

929 2251 963 2278 ad
981 2251 1128 2279 delendum
1144 2251 1246 2280 Iuliani
1273 2253 1418 2288 imperium
1435 2254 1608 2289 festinantes,
1624 2258 1717 2286 statim

929 2305 943 2325 e
958 2298 1078 2325 concilio
1096 2298 1216 2333 digressi
1235 2303 1311 2327 sunt.
1326 2300 1360 2326 At
1380 2300 1425 2328 ille
1441 2302 1487 2336 qui
1503 2310 1547 2330 res
1560 2306 1615 2329 tam
1630 2303 1718 2331 admi—

928 2344 1030 2371 rabiles
1046 2344 1163 2376 viderat,
1175 2349 1295 2380 emptum
1309 2345 1419 2381 quidem
1440 2347 1493 2374 iter
1509 2348 1639 2384 deinceps
1652 2357 1716 2384 pro-

928 2391 1005 2426 sequi
1020 2391 1140 2427 neglexit
1156 2400 1163 2418 :
1179 2390 1331 2419 formidans
1345 2396 1435 2420 autem
1449 2401 1596 2428 quemnam
1612 2396 1717 2423 exitum

927 2437 1058 2475 habitura
1084 2443 1158 2466 esset
1184 2438 1242 2466 hate
1258 2439 1338 2471 visio,
1368 2447 1429 2467 cum
1452 2440 1547 2468 eodem
1569 2449 1666 2470 rursus
1689 2444 1717 2470 in

928 2485 989 2512 loco
1004 2493 1130 2512 somnum
1142 2485 1272 2520 cepisset,
1287 2485 1412 2513 eumdem
1426 2494 1506 2521 quem
1523 2488 1600 2522 prius
1615 2493 1715 2516 emtum

926 2531 1028 2558 vidisse
1043 2531 1160 2564 dicitur,
1180 2539 1212 2558 ac
1229 2536 1341 2566 repente
1353 2532 1422 2559 duos
1435 2533 1497 2560 illos
1512 2534 1558 2568 qui
1574 2535 1716 2569 superiore

927 2581 1007 2605 nocte
1023 2578 1156 2605 adversus
1179 2577 1318 2606 Iulianum
1338 2577 1454 2612 profecti
1477 2583 1567 2613 erant,
1591 2581 1665 2607 velut
1681 2581 1716 2608 ab

927 2623 1104 2658 expeditione
1118 2624 1277 2655 redeuntes.
1290 2624 1317 2650 in
1327 2625 1475 2652 concilium
1488 2626 1628 2660 ingressos
1641 2633 1713 2660 esse,

82 2668 150 2696 Θεδν
166 2670 231 2704 περὶ
251 2670 345 2696 τούτου
373 2670 502 2697 ἱκέτευεν.
525 2670 594 2696 ’Υπὺ
613 2669 641 2695 δὲ
659 2670 709 2704 τῆς
727 2670 873 2706 μερίμνης,

966 2677 1042 2705 Isque
1056 2677 1152 2697 necem
1176 2670 1290 2704 reliquis
1312 2671 1463 2718 nuntiasse.
1485 2670 1586 2698 Eodem
1604 2671 1648 2699 die
1669 2671 1713 2698 Di-

675 2758 854 2787 VARIORUM
877 2757 1154 2786 ANNOTATIONES.

121 2817 129 2842 I
149 2816 253 2850 Σχολῇ
265 2825 297 2851 γε
317 2817 354 2844 ἄν
369 2826 415 2851 τις
434 2818 483 2845 καὶ
503 2817 582 2850 αὐτῷ
599 2817 760 2852 μέμψαιτο.
777 2817 868 2844 Atsa-

82 2860 138 2880 cm
154 2854 261 2888 litterae
274 2852 450 2888 taleqfacinus
475 2861 530 2880 non
546 2854 626 2880 modo
652 2852 868 2888 reprehendunt,

83 2889 136 2915 sud’
147 2887 310 2924 gravissime
325 2887 497 2915 detestantur
513 2896 634 2924 orcoque
644 2886 791 2924 devovent.
814 2886 869 2913 Nec

84 2923 165 2950 facile
181 2923 322 2950 crederem
351 2923 392 2950 vel
409 2930 512 2952 veteres
529 2923 638 2951 Graecos
665 2924 746 2951 talem
771 2931 870 2958 τυραν-

922 2816 1048 2852 νοκτόνον
1061 2823 1181 2850 unquam
1200 2815 1345 2851 probasse,
1365 2818 1411 2850 qui
1427 2816 1526 2843 ducem
1541 2825 1632 2847 suum.
1653 2821 1715 2852 post

922 2851 1002 2877 fidenti
1021 2851 1132 2878 militari
1149 2857 1325 2878 saerameuto
1338 2852 1362 2878 ei
1381 2851 1556 2884 obsit-ictam,
1574 2853 1609 2879 ob
1621 2860 1716 2886 quem-

923 2887 964 2913 vis
990 2887 1131 2920 religionis
1149 2887 1190 2914 vel
1210 2886 1346 2914 libertatis
1361 2891 1535 2922 pratextum,
1561 2887 1715 2915 interficere

924 2928 1008 2949 ausus
1024 2926 1108 2949 esset.
