1896 3074
223 166 296 196 1Ξ95

950 165 1125 196 εοΖοΜεΝι

1783 168 1843 196 Ιῖθῦ

223 227 324 262 dymus
337 232 447 261 quoque
469 224 673 253 ecclesiasticus
694 224 875 260 philosophus
891 224 994 252 Alexan

1060 224 1120 251 οὐδὲ
1144 224 1194 260 τῆς
1220 224 1317 257 νυκτὸς
1333 224 1529 261 ἐπιγενομένης
1552 224 1715 260 μεταλαϐὼν
1735 225 1841 260 τροφῆς,

223 271 292 300 driae
306 271 419 306 degens,
436 278 511 304 cum,
522 275 617 306 utpote
635 271 801 306 imperatore
820 270 954 299 adversus
969 278 1012 298 re-

224 318 354 353 ligionem
373 320 516 351 peccante,
542 315 710 350 gravissimo
727 315 826 343 dolore
847 315 1010 348 adiceretur,

223 367 281 390 tum
296 365 407 397 propter
422 361 512 395 ipsum
527 368 598 388 vano
612 368 708 389 errore
727 361 884 396 deceptum,
906 365 963 387 tum
976 360 1012 388 ob

223 406 417 434 contumeliam
434 404 634 439 Ecclesiarum,
655 406 770 441 jejuniis
789 409 817 433 et
839 405 1011 433 orationibus

224 451 349 478 vacabat.
365 449 491 485 Cumque
506 457 562 485 prae
586 450 669 478 nimia
686 451 883 483 sollicitudine,
910 458 944 477 ne
965 457 1011 477 su-

218 496 398 531 perveniente
412 496 523 531 quidem
537 497 619 532 220
635 501 715 524 nocte
731 497 823 524 cibum
836 497 1008 532 sumpsisset,

221 544 249 571 in
263 542 501 571 cathedra'sedens
511 550 607 570 somno
619 550 766 578 oppressus
778 546 818 570 est
830 551 838 575 ;
852 549 884 570 ac
893 543 967 569 velut
983 542 1010 569 in

220 590 320 617 mentis
328 597 443 617 excessu
463 589 578 624 positus,
595 596 682 624 equos
700 588 834 616 candidos
849 595 896 623 per
919 595 1008 615 aerem

221 635 408 663 discurrentes
418 635 509 662 videre
519 635 571 662 sibi
583 635 660 661 visus
667 639 720 666 est,
727 634 856 669 virosque
867 634 933 669 ipsis
944 633 1010 660 insi-

220 681 329 714 dentes,
342 681 378 708 ita
390 680 542 707 clamantes
557 679 651 706 audire
662 689 668 706 :
679 678 810 706 Nuntiate
822 678 946 714 Didymo,
961 678 1009 705 ho-

219 727 264 754 die
271 725 410 754 Julianum
424 726 475 752 hac
490 725 549 760 ipsa
563 725 630 751 hora
639 729 810 760 peremptum
827 731 889 751 esse
905 735 911 752 :
927 723 1009 758 idque

219 772 268 800 ille
279 771 431 799 Athanasio
449 770 580 805 episcopo
593 770 737 805 significet,
752 773 780 797 et
793 777 908 805 surgens
916 777 1008 797 come-

218 817 276 845 dat.
288 816 321 843 Et
331 815 501 851 hmcquidem
514 818 571 841 tum
579 822 593 841 a
602 814 729 842 familiari
737 814 850 847 Juliani.
864 818 922 842 tum
932 821 946 841 a
961 814 1006 841 Di-

217 864 299 899 dytno
313 862 475 899 philosopho
484 861 542 889 visa
552 860 636 888 fuisse
652 861 756 896 accepi.
766 860 798 888 Et
806 865 900 889 neuter
908 868 1005 888 eorum

1062 270 1109 296 ἐπὶ
1121 269 1216 306 θρόνου
1241 270 1432 306 καθεζόμενος,
1457 272 1497 302 εις
1517 270 1599 298 ὕπνον
1616 270 1733 306 ἠνέχθη.
1748 271 1801 297 Καὶ
1812 271 1843 302 ὡς

1062 316 1091 343 ὲν
1104 317 1232 343 ἐκστάσει
1254 316 1383 351 γεγονὼς,
1396 316 1484 350 ἔδοξεν
1499 317 1565 352 όρᾷν
1579 317 1681 348 ἵππους
1698 316 1810 348 λευκοὺς
1819 317 1843 342 ὲν

1061 362 1100 397 τῷ
1114 361 1176 398 ἀέρι
1189 362 1379 396 διατρέχοντας
1390 369 1397 377 ·
1413 362 1474 392 τοὺς
1484 361 1512 387 δὲ
1523 361 1567 388 ἐπ’
1579 362 1670 388 αὐτῶν
1685 361 1843 396 ὀχουμένους

1061 408 1207 443 κηρύττειν
1218 416 1225 422 ·
1235 407 1392 441 Ἀγγείλατε
1410 407 1536 442 Διδύμῳ,
1557 407 1678 442 σήμερον
1694 408 1760 442 περὶ
1773 408 1844 442 τήνδε

1059 454 1110 490 τὴν
1127 454 1202 490 ὥραν
1223 453 1365 480 ἰουλιανδν
1380 453 1551 489 ἀνῃρῆσθαι·
1571 454 1619 480 καὶ
1641 453 1795 488 Ἀθανασῐῳ
1810 453 1844 488 τῷ

1060 499 1200 534 Emendaan
1208 498 1286 526 τοῦτο
1295 499 1450 535 μηνυσάτω·
1461 499 1509 526 καὶ
1520 500 1640 532 αναστὰς
1658 500 1773 526 ἑστιέτω
1782 500 1842 534 (Η).

1060 544 1115 570 Καὶ
1132 543 1150 571 ἃ
1173 544 1222 579 μὲν
1238 543 1363 570 τεθέαται
1381 544 1396 570 ὃ
1416 553 1447 570 τε
1468 544 1612 571 ἰουλιανοῦ
1627 545 1729 576 οἰκεῖος
1742 564 1750 576 ,
1775 546 1842 571 καὶὸ

1061 590 1206 624 φιλόσοφος
1217 609 1225 622 ,
1240 587 1292 617 ὦδε
1313 590 1439 624 γενέσθαι
1460 591 1610 627 ἐπυθόμην.
1638 591 1696 617 Καὶ
1709 590 1842 626 οὐδέτερος

1060 636 1089 662 ὲν
1103 633 1143 667 οἷς
1150 635 1274 669 τεθέατο,
1285 636 1335 671 τῆς
1345 636 1475 671 ἀληθείας
1486 637 1646 673 διήμαρτεν,
1666 637 1706 668 ὡς
1726 638 1842 672 ἐμηνύθη

1059 679 1187 715 ὕστερον.
1203 678 1238 716 ᾯ
1253 681 1281 708 δὲ
1299 681 1384 709 ταῦτα
1406 682 1456 709 οὐκ
1477 683 1558 718 ἀρκεῖ
1575 683 1617 714 είς
1639 683 1779 715 ἀπόδειξιν
1798 683 1842 709 τοῦ

1059 725 1151 753 θεόθεν
1181 726 1261 753 αὐτὸν
1288 727 1485 764 ἀναιρεθῆναι,
1514 727 1552 760 ὡς
1575 729 1635 760 ταῖς
1669 728 1842 763 Ἐκκλησίαις

1058 771 1140 798 αὑτοῦ
1164 771 1361 808 λυμαινόμενον
1372 793 1380 807 ,
1409 773 1457 800 καὶ
1470 773 1521 809 τὴν
1536 774 1708 809 προφητείαν
1727 774 1768 806 είς
1785 774 1842 800 νοῦν

1057 817 1192 852 λαμϐάνει
1223 818 1257 854 ἢν
1284 819 1510 854 ὲκκλησιαστικὸς
1537 820 1607 855 ἀνὴρ
1642 820 1841 856 προηγόρευσε.

1057 863 1209 895 Μέλλοντος
1229 863 1282 900 γὰρ
1300 864 1384 892 αὐτοῦ
1410 865 1457 892 ἐπὶ
1479 865 1586 900 Πέρσας
1601 866 1780 900 στρατεύειν,
1800 867 1843 892 καὶ

217 897 246 937 in
260 897 360 945 iisquae
368 908 484 939 viderat,
494 914 509 934 a
518 914 584 934 vero
593 906 742 939 aberravit,
758 906 839 934 sicuti
852 910 947 942 postea
960 913 994 941 pa

1059 909 1130 944 μετὰ
1143 908 1188 936 τὸν
1207 897 1327 946 πόλέμον
1353 911 1445 942 κακῶς
1468 897 1595 947 ποιησειν
1610 897 1662 943 τάς
1683 911 1842 946 Ἐκκλησίας

217 955 351 983 tefactum
368 959 420 982 est.
437 953 513 987 Quod
529 952 552 980 si
569 952 687 987 cuipiam
698 952 756 979 haec
772 959 868 988 parum
885 951 1007 980 sufﬁcere

216 1000 347 1028 videntur
361 1000 394 1027 ad
408 999 620 1032 ostendendum,
635 997 776 1025 Iulianum
797 997 902 1025 ultione
913 997 1006 1025 divina

217 1046 395 1074 interfectum
411 1052 485 1077 esse,
502 1049 613 1080 propter
623 1052 655 1073 ea
664 1044 735 1080 quod
747 1043 884 1071 Ecclesias
901 1042 947 1070 Dei
959 1043 1007 1070 de-

217 1093 352 1122 vastaret,
371 1090 394 1117 is
419 1089 447 1117 in
464 1090 586 1117 animum
610 1093 720 1116 revocet
739 1088 944 1124 praedictionem
963 1095 1006 1115 ee-

217 1137 370 1165 clesiastici
390 1136 533 1172 cujusdam
548 1136 612 1163 viri.
638 1135 706 1163 Nam
729 1142 792 1162 cum
809 1134 935 1161 Julianus
957 1135 1005 1162 ad-

216 1190 317 1211 versus
343 1182 441 1210 Persas
455 1180 656 1216 expeditionem
679 1185 798 1216 pararet,
824 1187 912 1216 eoque
933 1180 1005 1208 bello

213 1227 348 1255 confecto
375 1227 548 1255 Christianos
571 1227 641 1254 male
663 1226 840 1254 multaturum
862 1233 892 1254 se
915 1226 1003 1252 mina-

212 1279 302 1307 retur,
317 1281 349 1301 ac
363 1273 566 1308 perludibrium
584 1273 698 1306 diceret,
715 1272 798 1300 lilium
815 1272 883 1300 fabri
900 1272 1002 1299 nullam

209 1319 285 1354 ipsis
301 1327 380 1355 opem
404 1318 502 1346 aﬂerre
524 1319 690 1352 valiturum;
712 1318 881 1353 respondens
897 1318 943 1346 ille
966 1319 1003 1345 ita

215 1365 345 1401 praedixit
361 1364 434 1393 :lste
449 1364 518 1392 fabri
542 1364 614 1392 ﬁlius
629 1372 720 1392 arcam
742 1364 766 1392 ei
792 1364 909 1399 ligneam
926 1366 1004 1398 parat

214 1411 249 1437 ad
264 1410 411 1438 tnumlum.
426 1409 479 1437 Sed
499 1414 527 1437 et
551 1409 611 1444 ipse
622 1414 735 1444 accepto
753 1409 862 1436 demutn
877 1410 1000 1442 vulnere,

213 1456 390 1491 aliquatenus
409 1455 544 1483 intellexit
565 1461 581 1481 a
596 1462 652 1490 quo
673 1455 755 1482 laesus
774 1454 875 1486 fuerat.
893 1462 943 1482 nec
954 1461 1001 1482 ca-

210 1501 346 1529 lamitatis
358 1509 418 1529 sua:
433 1508 544 1528 causam
560 1501 670 1535 penitus
691 1500 838 1535 ignoravit.
853 1499 920 1527 Nam
938 1507 999 1528 cum

212 1547 375 1574 vulneratus
390 1550 473 1577 esset,
492 1545 620 1572 haustum
643 1553 659 1573 e
677 1546 789 1573 vulnere
810 1553 860 1573 suo
873 1552 997 1572 cruorem
1011 1563 1032 1592 ο

214 1593 242 1619 in
256 1592 356 1620 ccelum
369 1591 517 1627 projecisse
532 1591 645 1623 dicitur,
663 1592 736 1618 velut
751 1591 777 1618 in
794 1590 933 1618 Christum
945 1591 997 1618 sibi

208 1642 389 1673 apparentem
408 1637 504 1665 oculos
524 1637 686 1672 conficiens,
706 1644 824 1672 eumque
844 1644 900 1664 suae
922 1637 997 1664 necis

210 1688 356 1711 auctorem
372 1683 514 1711 incusans.
531 1683 586 1710 Alii
605 1683 701 1710 dicunt
722 1690 784 1710 eum
812 1683 863 1710 soli
883 1682 995 1715 iratum,

212 1737 246 1758 eo
272 1729 346 1765 quod
373 1729 474 1757 Persas
497 1729 608 1764 quidem
635 1728 796 1763 adjuvisset,
820 1728 907 1763 ipsum
933 1735 997 1756 vero

210 1783 384 1812 nequaquam
396 1780 545 1807 servasset,
557 1775 666 1803 tametsi
679 1775 758 1810 juxta
772 1778 994 1802 astronomorum

212 1822 379 1855 doctrinam,
397 1822 499 1849 natalis
516 1821 604 1856 ipsius
627 1825 719 1848 rector
733 1826 822 1854 esset,
841 1828 924 1849 manu
947 1828 997 1848 sua

211 1871 352 1896 ostensum
375 1868 536 1903 sanguinem
561 1867 588 1894 in
609 1867 727 1895 sublime
748 1867 902 1902 jaculatum
923 1874 995 1895 esse.

213 1912 308 1940 Utrum
339 1920 404 1940 vero
422 1920 485 1940 cum
501 1912 613 1947 jamjam
641 1912 793 1940 moriturus
817 1916 900 1945 esset,
923 1913 997 1940 sicut

210 1959 320 1986 evenire
342 1959 423 1990 solet,
450 1958 541 1985 anima
555 1957 612 1992 jam
627 1964 642 1984 ι
660 1964 777 1992 corpore
793 1957 948 1990 recedente,
969 1962 996 1986 et

207 2003 347 2031 diviniora
371 2002 497 2038 quedam
527 2002 706 2037 contemplari
736 2002 854 2035 valente,
881 2010 912 2031 re
937 2003 995 2038 ipsa

210 2049 352 2079 Christum
365 2049 474 2081 viderit,
492 2048 619 2083 equidem
639 2047 774 2076 afﬁrmare
791 2056 845 2075 non
861 2055 973 2084 possum
987 2058 994 2076 :

211 2094 363 2130 praesertim
380 2101 443 2121 cum
463 2093 536 2121 istud
549 2101 565 2120 a
583 2093 681 2129 paucis
696 2093 811 2121 relatum
831 2094 883 2128 sit;
904 2098 935 2122 ut
946 2094 996 2121 fal-

210 2146 270 2166 sum
296 2141 396 2170 tamen,
413 2138 529 2172 rejicere
548 2146 604 2166 non
622 2138 721 2166 ausim.
738 2137 834 2174 Neque
856 2139 929 2167 enim
952 2139 997 2166 ab-

209 2185 302 2212 horret
327 2191 342 2210 a
365 2190 440 2216 vero,
458 2183 524 2219 quin
548 2184 601 2211 alia
618 2183 662 2220 his
683 2184 766 2212 etiam
790 2184 995 2213 admirabiliora

1057 953 1268 986 ἔπαπειλοῦντος
1278 974 1285 985 .
1308 955 1356 981 καὶ
1375 954 1591 987 ὲπιτωθάζοντος
1607 956 1646 986 ὡς
1663 955 1742 982 οὐδὲν
1756 957 1843 987 αὐτοῖς

1056 996 1207 1031 ἐπαμύνειν
1223 997 1367 1033 δυνήσεται
1383 999 1398 1025 ό
1410 998 1456 1025 τοῦ
1473 998 1598 1030 τέκτονος
1613 999 1682 1031 υἱός·
1696 999 1747 1026 ὡδὶ
1760 999 1841 1033 λέγων

1056 1043 1226 1078 ἀπεφήνατο’
1261 1041 1345 1076 Οδτος
1367 1043 1396 1070 δὲ
1415 1045 1430 1070 ὁ
1455 1043 1502 1071 τοῦ
1527 1044 1653 1076 τέκτονος
1673 1044 1734 1076 υἱδς
1759 1045 1841 1080 θήκην

1055 1088 1130 1124 αὐτῷ
1147 1088 1256 1124 ξυλίνην
1281 1089 1349 1125 πρὸς
1371 1089 1485 1117 θάνατον
1497 1090 1699 1122 κατασκευάζει
1710 1099 1719 1106 ’
1737 1091 1777 1117 οὐ*
1793 1092 1841 1126 μὴν

1055 1134 1122 1161 ἀλλὰ
1132 1134 1179 1161 καὶ
1191 1135 1272 1167 αὐτὸς
1284 1135 1354 1170 μετὰ
1364 1135 1412 1170 τὴν
1424 1136 1531 1172 πληγὴν
1542 1136 1722 1171 ἀμωσγέπως
1730 1137 1842 1171 συνῆκεν

1054 1179 1114 1206 ὅθεν
1125 1180 1238 1215 semen.
1252 1181 1341 1207 καὶτὸ
1351 1181 1436 1208 αῐτιον
1448 1181 1497 1217 τῆς
1507 1183 1651 1217 συμφορᾶς
1660 1183 1692 1209 οὐ
1705 1182 1842 1214 nava-:25;

1054 1225 1182 1261 ἠγνόησε.
1209 1226 1327 1260 Λέγεται
1353 1226 1408 1261 γὰρ
1435 1227 1480 1254 ὅτε
1499 1227 1624 1263 ἐτρώθη,
1640 1226 1712 1264 αἷμα
1737 1230 1771 1256 ἐκ
1795 1230 1842 1263 τῆς

1053 1269 1168 1306 ὠτειλῆς
1184 1271 1368 1306 ἀρυσάμενος,
1393 1272 1434 1303 εἰς
1447 1271 1494 1298 ⁸ιὸν
1516 1272 1613 1308 αἰθέρα
1627 1273 1782 1306 ἀκοντίσαι,
1799 1271 1841 1299 οἷά

1052 1323 1085 1349 γι
1102 1315 1170 1351 πρὸς
1192 1317 1354 1350 φαινόμενον
1369 1316 1415 1343 τὸν
1431 1317 1547 1352 Χριστὸν
1572 1318 1694 1353 ἀφορῶν,
1722 1313 1770 1344 καὶ
1793 1318 1841 1353 τῆς

1055 1361 1122 1393 ιδίας
1137 1361 1245 1396 σφαγῆς
1259 1362 1339 1388 αὐτὸν
1355 1362 1562 1398 ἐπαιτιώμενος.
1583 1364 1615 1390 οι
1631 1363 1661 1390 δέ
1678 1372 1763 1398 φασιν
1773 1385 1780 1396 ,
1805 1365 1841 1396 ὡς

1052 1406 1121 1442 πρὸς
1131 1406 1177 1433 τὸν
1191 1406 1267 1442 ῆλιον
1280 1407 1442 1441 ἀγανακτῶν
1454 1408 1478 1440 ll,
1491 1409 1533 1435 ὅτι
1551 1409 1672 1444 Πέρσαις
1686 1410 1841 1445 ἐπήμυνεν,

1051 1451 1068 1487 ἢ
1082 1452 1164 1478 αὑτὸν
1180 1452 1210 1478 οὐ
1225 1452 1364 1485 διέσωσεν,
1384 1452 1482 1488 ἔφορος
1497 1453 1534 1481 ὢν
1545 1454 1595 1489 τῆς
1609 1454 1693 1481 αὑτοῦ
1708 1455 1841 1489 γενέσεως

1051 1499 1123 1526 κατά
1139 1507 1201 1526 τινα
1217 1498 1344 1535 τοιαύτην
1358 1492 1560 1537 ἀστρονομικὴν
1577 1501 1710 1537 ἱστορίαν,
1721 1504 1754 1538 τῇ
1769 1503 1842 1538 χειρὶ

1053 1543 1083 1570 τὸ
1101 1541 1171 1579 αἷμα
1191 1543 1344 1578 ἐπιδείξας,
1364 1545 1404 1576 εις
1421 1544 1466 1571 τὸν
1490 1545 1559 1581 ἀέρα
1583 1547 1736 1581 ἡχόντισεν.
1759 1547 1792 1573 Εἰ
1813 1547 1843 1574 δὲ

1050 1589 1157 1624 ἀληθῶς
1172 1589 1275 1625 μέλλων
1285 1589 1424 1625 τελευτᾷν,
1436 1587 1535 1626 οἷάπερ
1550 1591 1640 1618 εἰώθει
1666 1591 1842 1626 συμϐαίνει-ι,

1049 1634 1098 1670 τῆς
1122 1634 1210 1670 ψυχῆς
1233 1635 1282 1670 ἤδη
1314 1635 1502 1671 χωριζομένης
1533 1636 1581 1663 τοῦ
1615 1635 1743 1672 σώματος
1757 1658 1766 1671 ,
1795 1639 1844 1665 καὶ

1049 1681 1175 1717 θειότερα
1194 1681 1211 1716 ἢ
1227 1681 1298 1708 κατὰ
1321 1681 1464 1717 ἄνθρωπον
1481 1682 1593 1718 Θεωρεῖν
1607 1683 1774 1719 δυναμένης,
1797 1684 1844 1710 τὸν

1049 1726 1167 1761 Χριστὸν
1191 1726 1332 1759 ἐθεάσατο,
1355 1728 1405 1755 οὑκ
1424 1728 1479 1764 ἔχω
1499 1728 1603 1764 λέγειν·
1616 1729 1648 1756 οὺ
1662 1731 1718 1766 γὰρ
1733 1730 1843 1757 πολλῶν

1048 1772 1091 1798 ὅδε
1110 1773 1124 1799 ό
1148 1772 1236 1807 λόγος·
1254 1772 1317 1800 οὔτε
1338 1773 1367 1800 δὲ
1389 1773 1427 1805 ὼς
1453 1773 1550 1808 ψεῦδος
1574 1774 1702 1801 ἐκϐαλεῖν
1728 1775 1843 1811 θαρῤὦ·

1047 1819 1110 1846 ἐπεὶ
1120 1819 1170 1846 οὐκ
1181 1819 1295 1851 ἀπεικὸς
1307 1820 1356 1846 καὶ
1368 1819 1452 1847 τῶνδε
1463 1820 1673 1857 θαυμαστότερα
1687 1822 1841 1857 σδμδῆναι,

1047 1866 1088 1897 εἰς
1100 1865 1232 1898 ἐπίδειξιν
1246 1865 1293 1892 τοῦ
1306 1866 1344 1901 μὴ
1356 1865 1515 1901 ἀνθρωπεία
1528 1867 1632 1902 σπουδῇ
1647 1868 1784 1903 συστῆναι
1794 1870 1843 1905 τὴν

1047 1911 1138 1939 ὲπώνυ
1141 1921 1191 1948 μον
1197 1912 1316 1948 Χριστοῦ
1329 1912 1342 1939 0
1347 1921 1380 1948 ρη
1384 1920 1431 1939 σκε
1435 1912 1486 1940 ίαν.
1493 1910 1526 1938 ’Δ
1530 1911 1606 1946 μέλει
1614 1921 1655 1939 τοι
1665 1914 1743 1949 παρὰ
1751 1915 1843 1941 πάντα

1047 1957 1092 1984 τὸν
1104 1957 1200 1993 χρόνον
1218 1957 1334 1993 ταυτησὶ
1345 1957 1395 1992 τῆς
1415 1957 1555 1992 βασιλείας
1570 1957 1737 1992 ἀγανακτῶν
1750 1960 1766 1986 ὁ
1777 1959 1843 1991 Θεὸς

1047 2003 1193 2038 ἐφαίνετο·
1219 2003 1268 2030 καὶ
1292 2002 1477 2034 παντοδαπαῖς
1500 2005 1656 2038 συμφοραῖς
1676 2005 1708 2031 ὲν
1730 2005 1842 2036 πολλοῖς

1046 2050 1150 2078 ἔθνεσιν
1163 2049 1292 2086 ἐπέτριψε
1301 2049 1350 2084 τὴν
1365 2049 1507 2084 Ῥωμαίων
1514 2049 1570 2085 (45)
1589 2050 1723 2085 ὑπήκοον.
1740 2051 1800 2086 Τῆς
1813 2059 1842 2077 τε

1046 2095 1101 2130 γὰρ
1116 2095 1168 2130 γῆς
1181 2094 1301 2130 συνεχῶς
1318 2095 1371 2121 ὑπὸ
1385 2094 1583 2129 χαλεπωτάτων
1604 2095 1728 2130 σεισμῶν
1745 2104 1842 2123 τινασ-

1048 2141 1175 2177 σομένης,
1203 2141 1252 2168 καὶ
1286 2140 1341 2167 τῶν
1373 2140 1531 2175 οἰκημάτων
1554 2140 1768 2176 ἐρειπομένων,
1793 2142 1843 2168 οὐκ

1047 2187 1168 2221 ἀσφαλὲς
1188 2184 1222 2222 ἦν
1249 2185 1330 2218 οἴκοι,
1358 2184 1421 2212 οὗτε
1447 2184 1570 2220 αιθρίους
1585 2185 1752 2220 διατρίϐειν.
1770 2186 1843 2221 Συμο

207 2230 386 2267 contigerint,
400 2229 502 2266 quibus
516 2230 718 2265 ostenderetur,
733 2230 918 2259 Christianam
928 2231 992 2259 reli-

1059 2232 1137 2260 ;ἀλλω
1150 2231 1179 2258 δὲ
1192 2231 1221 2265 ἐξ
1234 2227 1272 2258 ὧν
1286 2230 1463 2266 ὲπυθόμην,ἢ
1474 2229 1663 2265 βασιλεύοντος
1680 2231 1842 2266 αὑτοῦμϐ),

807 2309 943 2338 VALESll
956 2309 1235 2340 ANNOTATIONES.

255 2357 298 2392 M)
317 2357 370 2385 Kal
394 2357 528 2390 ἀναστὰς
545 2356 683 2392 ἠσθιέτω.
707 2357 822 2388 Rectius
847 2359 874 2386 in
902 2358 997 2387 codice

206 2391 358 2428 Fultetiano
374 2393 506 2427 scriptum
530 2397 572 2428 est
586 2391 710 2428 ἐσθιέτω.
723 2393 812 2428 Atque
829 2395 865 2420 ita
881 2401 995 2428 prorsus

207 2429 271 2470 legit
287 2427 468 2463 Nicephorus,
481 2431 510 2454 ut
520 2427 614 2454 videre
627 2431 669 2454 est
683 2427 709 2455 in
722 2427 812 2464 capite
825 2429 859 2456 55
871 2427 933 2456 libri
947 2428 995 2456 de-

204 2471 296 2533 ml{Ill-5)
314 2497 470 2531 Ἐπέτρεχε
482 2497 539 2531 τὴν
555 2496 713 2533 Ῥωμαίων.
727 2497 862 2526 Henricus
875 2497 994 2526 Savilius

204 2533 232 2560 in
247 2533 370 2568 margine
386 2534 427 2560 sui
442 2533 544 2560 codicis
559 2532 672 2568 notavit,
688 2532 759 2568 forte
775 2534 918 2568 legendum
943 2534 993 2559 ὲπ-

203 2566 318 2604 έτρυχεζ
326 2567 378 2595 Sed
394 2568 495 2594 rectius
504 2568 530 2594 in
541 2566 634 2595 codice
646 2566 796 2596 Fuketiano
804 2566 940 2604 scriptum
950 2572 992 2596 est

356 2637 576 2670 βασιλεύοντος
591 2625 695 2665 αὐτοῦ.
719 2636 751 2664 Hi
768 2643 847 2666 terras
862 2641 953 2673 motus
964 2641 991 2665 et

201 2672 245 2700 ιη
252 2673 335 2700 maris
343 2673 727 2708 exnndationesmequaquam
737 2679 863 2708 regnante
870 2672 989 2705 Juliano,

200 2716 288 2745 neque
303 2708 470 2736 dumCaasar
497 2711 602 2735 tantum
626 2711 709 2742 esset,
725 2709 916 2744 contigerunt;
942 2710 991 2736 sed

1048 2358 1160 2387 biennio
1174 2361 1234 2393 post
1249 2354 1309 2392 ejiis
1341 2357 1456 2390 obitum,
1482 2355 1645 2385 Valentiano
1672 2362 1700 2386 et
1725 2357 1841 2385 Valente

1046 2392 1182 2429 Augustis
1207 2393 1325 2429 primum
1337 2392 1519 2429 consulibus,
1537 2398 1566 2419 ut
1582 2397 1702 2429 testatur
1718 2394 1842 2420 Ammia-

1046 2427 1104 2456 nus
1130 2427 1304 2463 Marcellinus
1337 2427 1364 2455 in
1383 2428 1464 2463 _libro
1494 2435 1569 2463 pm,
1597 2427 1791 2463 hieronymus
1814 2429 1840 2454 in

1046 2463 1187 2495 Chronico,
1216 2462 1317 2499 ldatius
1333 2462 1360 2489 in
1378 2461 1573 2499 nglis,_ldem
1596 2461 1787 2499 Hieronymus
1811 2464 1841 2499 in

1628 2498 1710 2530 state,
1739 2498 1838 2532 inquit,

1047 2499 1106 2526 Vita
1128 2498 1275 2533 Hilarionis
1306 2505 1381 2533 cap,
1401 2497 1454 2525 55:
1472 2497 1507 2533 lfla
1537 2502 1589 2524 tem

1606 2533 1692 2560 uliani
1722 2538 1837 2560 mortem

1045 2538 1125 2561 terra:
1149 2532 1224 2560 motu
1245 2532 1328 2560 totius
1343 2532 1418 2559 orbis
1440 2532 1486 2566 qui
1503 2536 1562 2567 post

1046 2568 1155 2600 accidit,
1165 2568 1252 2595 mari'a
1268 2575 1377 2602 egressa
1390 2570 1452 2594 sunt
1467 2566 1599 2595 terminos
1612 2576 1690 2595 suos.
1709 2567 1744 2594 Et
1759 2566 1838 2602 quasi

1045 2611 1155 2630 rursum
1174 2603 1245 2630 Deus
1257 2602 1390 2629 diluvium
1407 2602 1569 2635 minaretur,
1590 2603 1634 2629 vel
1649 2603 1677 2630 in
1692 2603 1837 2637 antiquum

1044 2639 1128 2666 chaos
1149 2637 1273 2665 redirent
1291 2638 1395 2674 omnia,
1419 2644 1502 2665 naves
1521 2637 1554 2664 ad
1579 2645 1721 2674 praerupta
1743 2638 1838 2665 delata:

1044 2674 1177 2702 montium
1192 2673 1390 2708 pependerunt.

904 2795 1100 2825 VARIORUM.

236 2844 248 2863 ι
268 2844 314 2878 Ὠς
332 2844 407 2879 πρὸς
421 2844 475 2871 τὸν
493 2843 583 2877 ἥλιον
603 2843 789 2878 ἀγανακτῶν.
813 2843 937 2879 Zonaras
961 2847 989 2871 et

199 2877 307 2906 aut-tor
325 2877 450 2907 Clironici
472 2878 657 2913 Alexandrini
679 2880 813 2911 referunt,
844 2877 986 2906 lulianum

1043 2843 1094 2871 soli
1109 2843 1303 2871 succensuisse
1316 2843 1386 2871 hanc
1400 2842 1437 2869 ob
1451 2849 1574 2870 causam.
1596 2842 1668 2869 Cum
1689 2846 1764 2869 esset
1782 2839 1836 2867 An-

1043 2878 1162 2912 tiochia,
1192 2882 1274 2907 noctu
1289 2879 1317 2906 in
1345 2879 1449 2907 somuis
1472 2878 1600 2912 juvenem
1615 2877 1727 2905 viderat
1753 2875 1836 2903 rutila
