1896 3074
105 143 176 172 1Ξ97

569 141 728 171 HISTORIA
750 141 1032 171 ECCLESIASTICA.
1052 159 1086 164 —
1104 143 1169 170 LIB.
1183 143 1228 172 Vl.

1658 145 1727 172 i298

101 201 118 236 ἢ
134 198 203 226 κατὰ
215 197 245 225 τὺ
259 197 383 233 δεύτερον
396 198 488 233 σχῆμα
502 199 551 235 τῆς
565 199 705 235 βασιλείας
718 199 795 232 ὅντος
807 219 815 232 ,
839 200 887 227 καὶ

967 208 1046 229 onem
1075 209 1131 229 non
1157 201 1274 228 humana
1294 199 1320 228 vi
1343 203 1391 228 aut
1417 199 1551 227 industria
1576 199 1726 228 stabilitam

101 245 130 272 τὺ
141 244 246 280 συμϐὰν
262 246 318 275 τοῖς
329 243 397 279 πρὸς
412 244 549 279 Αἴγυπτον
570 245 773 281 Ἀλεξανδρεῦσι
790 246 886 281 γέγονε

101 289 186 321 πάθος
195 297 203 304 ο
220 289 301 325 ἡνίκα
314 289 347 325 δὴ
357 290 374 325 ὴ
388 289 510 317 θάλασσα
524 291 742 325 ὐπονοστήσασα,
760 290 840 324 αὖθις
856 293 887 326 ἐξ

101 334 250 370 ἐπιδρομῆς
264 335 328 366 τοὺς
354 335 434 367 ἰδίους
450 336 529 371 ὄρους
543 337 713 373 παρήμειψε,
738 339 785 365 καὶ
805 339 886 374 μέχρι

101 379 199 406 πολλθῦ
233 379 283 415 τὴν
309 380 394 416 ξηράν
418 381 584 409 κατέκλυσεν
597 391 604 397 ·
630 383 668 415 ὡς
687 384 735 410 καὶ
764 383 811 410 ἐπὶ
832 383 886 410 τῶν

101 425 246 460 κεράμων,
275 426 505 462 ἀποχωρήσαντος
530 427 578 454 τοῦ
611 427 726 462 ὓδατος,
757 429 888 457 θαλάττια

101 470 245 505 εὑρεθῆναι
267 470 370 507 σκάφη.
406 471 556 506 Ἀμέλειτοι
579 473 629 507 τὴν
655 473 761 509 ἡμέραν
777 473 838 500 καθ’
854 473 887 509 ἢν

100 516 162 542 τάδε
184 515 295 551 συνέϐη,
319 516 354 551 ἢν
372 516 481 551 γενέσια
492 517 538 544 τοῦ
551 517 664 553 σεισμοῦ
675 518 733 554 (Π)
751 527 888 555 προσαγο-

103 560 236 596 ρεύουσιν,
253 561 336 588 είσέτι
353 562 400 588 καὶ
424 562 472 590 νῦν
492 563 677 599 Ἀλεξανδρεῖς
700 564 811 599 ἐτησίαν
825 565 887 600 ἑορ-

101 608 149 642 τὴν
173 606 281 641 άγουσι.
309 607 429 643 Λύχνους
448 617 477 635 τε
492 608 634 641 πλείστους
651 609 704 636 ἀνά
720 610 812 637 πᾶσαν
837 609 887 646 τὴν

102 652 178 679 πόλιν
201 653 344 686 καίοντες,
370 654 417 680 καὶ
442 654 637 690 χαριστηρίους
664 655 743 687 λιτὰς
762 655 802 691 τῷ
828 655 888 691 Θεῷ

103 698 311 733 προσφέροντες,
330 699 462 735 λαμπρῶς
484 700 557 734 μάλα
580 701 628 728 καὶ
650 701 771 733 εὐλαὸῶς
785 701 889 738 ταύτην

102 743 281 772 ἐπιτελοῦσιν.
298 745 335 771 οὐ
349 745 414 780 μὴν,
430 745 498 772 ἀλλὰ
512 746 559 773 καὶ
576 746 678 782 αὐχμοὶ
692 747 886 781 ἐπιτείναντες,

102 789 205 821 πάντας
229 790 292 822 τοὺς
309 791 434 826 καρποὺς
448 792 495 818 καὶ
511 791 557 819 τὸν
572 792 642 828 ἀέρα
659 793 706 819 ἐπὶ
719 794 824 830 ταύτης
838 795 887 830 τῆς

103 834 241 869 βασιλείας
268 836 447 872 ἐλυμήναντο.
479 837 620 864 Ἐντεῦθεν
641 839 737 865 σπάνει
755 839 811 866 τῶν
827 840 888 866 ἑπι-

938 254 1009 274 esse.
1026 247 1106 275 Certe
1125 246 1248 282 quandiu
1264 246 1416 282 imperator
1432 245 1483 272 iste
1500 245 1635 280 regnavit,
1649 244 1722 273 Deus

939 295 1069 326 perpetuo
1082 291 1221 327 indignari
1234 291 1308 318 visus
1316 294 1356 318 est
1366 310 1373 323 ,
1385 293 1412 317 et
1428 289 1455 317 in
1470 288 1565 315 multis
1579 287 1729 322 provinciis

937 336 1076 366 Romanos
1094 337 1210 366 diversis
1218 337 1421 373 calamitatibus
1435 335 1542 364 amixit.
1564 334 1634 362 Cum
1655 335 1729 362 enim

937 387 1010 411 terra
1024 384 1196 419 gravissimis
1205 384 1326 411 motibus
1337 382 1446 411 assidue
1455 385 1632 418 quateretur,
1645 380 1731 408 aedes-

937 437 992 464 que
999 435 1174 463 corruerent,
1184 437 1357 465 nequaquam
1364 434 1452 456 tutum
1460 432 1530 460 erat,
1538 435 1589 455 nec
1597 427 1650 455 Sllb
1659 431 1733 454 ιεειθ

937 481 1060 508 manere,
1076 482 1128 503 nec
1140 475 1192 503 sub
1203 475 1260 502 dio.
1280 475 1370 510 Atque
1390 479 1420 501 ut
1432 481 1465 502 ex
1476 473 1510 500 iis
1518 481 1579 508 quas
1591 472 1732 500 auditione

937 521 1031 556 accepi
1049 521 1237 556 conjecturam
1261 520 1346 554 iacio,
1370 520 1414 548 vel
1438 527 1471 548 eo
1499 520 1663 555 imperante,
1690 517 1733 545 vel

937 566 1098 600 certe'zal
1112 565 1230 595 Caesaris
1240 565 1399 601 dignitatem
1413 565 1504 592 adhuc
1516 565 1669 597 obtinente,
1680 556 1734 590 cla-

937 612 986 640 des
998 611 1242 639 illaAlexandrinis
1253 611 1281 639 in
1294 611 1413 646 Egypto
1435 610 1551 645 contigit
1565 618 1572 636 :
1589 614 1654 636 tunc
1670 615 1734 635 cum

937 664 1013 686 mare
1021 657 1094 693 quod
1106 660 1269 690 recesserat,
1286 657 1386 684 iterum
1400 656 1492 683 subito
1515 655 1618 690 impetu
1638 661 1732 682 rever-

938 707 1008 737 tens,
1021 708 1098 732 extra
1107 704 1233 740 proprios
1239 703 1371 731 terminos
1380 702 1506 734 excessit,
1515 705 1542 729 et
1548 701 1735 729 continentem

939 749 1019 785 longe
1036 750 1146 785 lateque
1155 749 1311 782 inundavit,
1331 747 1400 776 adeo
1411 752 1510 782 utpost
1524 753 1663 774 recessum
1675 753 1734 772 ma-

938 795 988 829 ris,
996 803 1079 831 super
1090 795 1170 826 tectis
1184 795 1328 823 domorum
1338 797 1447 829 reporta
1459 793 1516 821 sint
1536 792 1655 826 navigia.
1674 791 1736 821 Ale.

940 841 1066 869 xandrini
1075 847 1152 870 certe
1172 849 1235 869 eum
1244 841 1316 869 diem
1326 847 1382 876 quo
1390 839 1449 867 haec
1457 839 1641 874 contigerunt,
1654 845 1736 873 quem

102 881 232 916 τηδείων,
259 882 306 909 ἐπὶ
329 882 378 914 τὰς
402 882 456 910 τῶν
480 883 584 918 ἀλόγων
601 883 678 916 ζώων
701 885 803 920 τροφὰς
824 885 889 917 τοὺς

965 887 1022 914 iam
1039 888 1159 915 natalem
1182 891 1357 915 terraamotus
1385 885 1533 921 appellant,
1558 883 1592 911 ad
1615 887 1736 911 nostram

103 925 264 962 ἀνθρώπους
280 927 395 963 ἤλαυνεν
407 929 421 955 ὁ
431 928 521 964 λιμός.
548 929 756 957 Ἐπακολουθῶν
772 930 801 957 δὲ
814 931 862 957 καὶ
874 932 889 957 ὁ

965 940 1031 968 sque
1046 933 1208 960 memoriam
1228 933 1378 968 quotannis
1401 931 1500 960 festum
1517 933 1612 966 agunt,
1633 933 1661 956 et
1676 929 1737 964 plu-

104 971 204 1008 λοιμὸς,
219 973 287 1005 ἰδίας
298 974 384 1017 ἐπῆγε
395 974 499 1007 νόσους,
515 975 561 1001 καὶ
571 975 606 1002 τὰ
618 975 733 1012 σώματα
741 976 888 1014 διέφθειρε.

969 979 1020 1006 mis
1028 979 1147 1007 lucernis
1154 987 1202 1014 per
1213 979 1371 1007 universam
1382 978 1479 1006 urbem
1494 977 1630 1008 accensis.
1642 982 1736 1011 preces

104 1019 144 1045 Τὰ
162 1019 211 1054 μὲν
227 1020 260 1055 δὴ
277 1020 348 1047 κατὰ
370 1018 511 1048 Ἰουλιανὸν
525 1017 575 1048 ὦδε
590 1021 664 1057 ἔσχε.

965 1032 1012 1052 um
1035 1026 1188 1060 gratiarum
1212 1026 1321 1053 actione
1339 1024 1485 1053 offerentes
1502 1023 1569 1055 Deo,
1594 1020 1737 1058 splendide

105 1066 183 1092 simul
196 1073 229 1093 ac
242 1065 373 1100 religiose
398 1073 461 1093 eum
479 1066 552 1094 diem
579 1067 728 1096 celebrant.
746 1067 818 1101 Quin
829 1073 858 1096 et
877 1068 990 1098 siccitas
1013 1071 1098 1099 nimia
1117 1079 1151 1099 eo
1171 1075 1314 1107 regnante,
1334 1078 1430 1099 omnes
1455 1073 1535 1098 terra:
1556 1068 1663 1096 fructus
1696 1067 1738 1102 ip-

105 1119 216 1147 eamque
233 1111 307 1140 aeris
322 1112 480 1147 temperiem
492 1113 626 1148 corrupit.
641 1112 719 1141 Unde
741 1113 843 1142 factum
856 1119 898 1143 est
916 1119 946 1143 ut
961 1116 1087 1146 homines
1102 1125 1156 1152 prae
1170 1118 1364 1145 alimentorum
1381 1117 1484 1152 inopia,
1500 1115 1567 1151 ipsis
1592 1115 1735 1142 brutorum

105 1157 284 1184 animantium
301 1157 370 1185 cibis
395 1158 471 1185 vesci
486 1162 660 1193 cogerentur.
678 1159 831 1187 Subsccuta
848 1160 931 1188 etiam
947 1163 1035 1197 pestis
1064 1163 1176 1191 morbos
1192 1170 1258 1191 suos
1278 1162 1393 1196 invexit,
1412 1165 1440 1190 et
1459 1167 1577 1197 corpora
1589 1158 1735 1188 exstinxit.

106 1200 138 1229 Et
167 1202 225 1230 haec
248 1203 359 1238 quidem
377 1201 482 1242 .lutiani
505 1205 676 1240 temporibus
692 1209 854 1235 evenerunt.

379 1290 381 1292 ι
406 1259 535 1287 ΚΕΦΔΛ.
556 1260 593 1288 Γ’.

106 1304 174 1339 Περι
194 1305 251 1338 τῆς
273 1305 435 1343 ,βασιλείας
448 1306 683 1343 ’Ἰοᾷιανρῦηκαῑ
705 1307 763 1343 ὅσα
782 1307 895 1343 ἔννομα

191 1340 351 1374 παρελθὼν
364 1342 408 1373 εἰς
424 1340 482 1374 τὴν
495 1341 595 1376 ἀρχὴν
616 1341 806 1376 διεπράξατο.

143 1386 218 1412 Μετὰ
238 1385 267 1412 δὲ
288 1386 394 1419 τοῦτον,
419 1388 495 1422 κοινῇ
510 1387 630 1423 συνθήκῃ
644 1387 691 1413 τοῦ
712 1388 894 1423 στρατοπέδου

110 1431 319 1466 παραλαμϐάνει
336 1431 386 1467 τὴν
411 1432 551 1467 βασιλείαν
585 1433 722 1464 Ἰοΰιανός.
750 1433 848 1460 Ἦνίκα
862 1434 895 1469 δὴ

111 1477 138 1503 ὲν
162 1478 195 1512 τῇ
219 1476 340 1518 πολεμίᾳ.
358 1477 548 1514 αὐτοκράτορα
562 1477 787 1513 χειροτονούντων
813 1478 897 1505 αὑτὸν

109 1521 162 1549 τῶν
176 1522 406 1558 στρατευμάτων,
425 1523 509 1555 αὐτὸς
534 1523 698 1558 Χριστιανὸν
720 1524 802 1550 αὐτὸν
827 1521 899 1551 εἶναι

113 1568 206 1601 λέγων,
236 1570 384 1604 παρῃτεῖτο
399 1569 448 1604 τὴν
467 1569 631 1605 ἡγεμονίαν,
654 1570 702 1596 καὶ
724 1570 759 1597 τὰ
775 1570 900 1606 σύμϐολα

112 1614 159 1647 τῆς
174 1614 312 1648 βασιλείας
326 1615 355 1641 οὐ
370 1615 507 1650 προσίετο,
523 1615 611 1642 εἰσότε
625 1615 658 1651 δὴ
680 1616 728 1642 καὶ
744 1616 760 1651 ὴ
786 1616 901 1651 στρατιὰ

1282 1261 1349 1289 CAP
1371 1260 1415 1288 III.

944 1305 983 1334 De
997 1306 1107 1340 imperio
1125 1305 1245 1338 Ioviani,
1261 1305 1344 1340 deque
1360 1305 1394 1332 iis
1414 1312 1473 1339 qua:
1488 1309 1557 1331 recte
1583 1304 1736 1338 constituit,

1076 1345 1214 1377 postquam
1226 1341 1260 1368 ad
1272 1340 1418 1375 Imperium
1434 1343 1536 1367 evectus
1548 1345 1596 1366 est.

980 1386 1048 1414 Post
1068 1387 1161 1421 hunc,
1177 1387 1318 1415 communi
1335 1386 1420 1414 totius
1435 1385 1576 1413 exercitus
1604 1384 1740 1420 suifragio-

945 1432 1080 1461 Jovianus
1094 1434 1242 1469 imperium
1258 1433 1366 1468 accepit.
1376 1433 1384 1448 ¹
1395 1451 1403 1459 .
1418 1432 1506 1465 Quem
1536 1439 1599 1460 cum
1635 1431 1738 1459 milites

947 1480 975 1507 in
989 1478 1096 1507 hostico
1111 1479 1304 1514 imperatorem
1324 1477 1518 1506 renuntiarent
1534 1497 1542 1510 ,
1576 1477 1635 1511 ipse
1659 1475 1738 1504 Chri-

948 1527 1070 1554 stianum
1087 1533 1117 1553 se
1130 1532 1192 1553 eSse
1205 1524 1320 1557 dicens,
1334 1523 1482 1558 imperium
1498 1522 1653 1554 recusavit,
1686 1529 1739 1549 nec

949 1572 1058 1607 imperii
1071 1571 1190 1606 insignia
1204 1570 1282 1606 prius
1299 1569 1419 1602 admisit,
1435 1576 1518 1604 quam
1530 1569 1644 1602 milites,
1659 1576 1737 1604 com-

951 1622 1028 1654 porta
1042 1616 1251 1645 detrectationis
1265 1622 1350 1643 causa
1361 1634 1368 1647 ,
1385 1622 1416 1642 se
1437 1621 1547 1650 quoque
1562 1613 1738 1642 Christianos

114 1659 233 1694 μαθοῦσα
247 1660 296 1695 τῆς
318 1661 511 1697 παραιτήσεως
525 1661 574 1697 τὴν
597 1661 697 1695 αίτίαν,
714 1661 896 1697 Χριστιανοὺς

965 1671 1010 1692 sse
1027 1662 1256 1698 proclamassent.
1275 1660 1400 1696 Cumque
1416 1668 1450 1687 cx
1468 1659 1568 1686 Juliani
1586 1659 1741 1686 temeritate

113 1704 181 1732 εἶναι
196 1707 265 1741 σφᾶς
283 1707 445 1743 ἐκέκραγον.
463 1708 508 1734 Ἐν
534 1707 651 1742 κινδύνῳ
675 1707 704 1734 δὲ
728 1708 776 1734 καὶ
790 1709 897 1743 ταραχῇ

113 1751 166 1778 τῶν
182 1752 354 1788 πραγμάτων
365 1753 450 1779 ὄντων
459 1753 490 1779 ἐκ
503 1754 552 1787 τῆς
567 1752 711 1780 Ἰουλιανοῦ
723 1752 901 1788 στρατηγίας,

114 1798 271 1834 καμνούσης
285 1806 315 1824 τε
329 1798 379 1833 τῆς
393 1799 523 1833 στρατιᾶς
539 1798 629 1833 ἐνδείᾳ
649 1797 704 1824 τῶν
728 1797 900 1833 ἐπιτηδείων,

114 1843 260 1877 ἀναγκαῖον
275 1840 344 1870 εἶδεν
360 1844 400 1874 είς
415 1843 567 1878 συμϐάσεις
580 1843 679 1875 ὲλθεῖν,
690 1843 829 1878 παραδούς
841 1851 903 1870 τινα

115 1888 232 1924 Πέρσαις
246 1889 300 1915 τῶν
309 1889 448 1925 προτέρων
466 1889 610 1925 Ῥωμαίοις
627 1889 765 1917 ὑποτελῶν
775 1890 844 1926 (48).
861 1890 901 1926 Τῇ

114 1934 140 1961 δὲ
162 1935 247 1971 πείρᾳ
275 1935 385 1970 μαθὼν,
412 1936 466 1972 ὑπρ
490 1936 637 1972 θεομηνίας
666 1935 712 1963 τοῢ
740 1936 794 1972 πρὸ
819 1936 902 1964 αὐτοῦ

116 1979 325 2014 βασιλεύσαντος
343 1982 436 2013 κακῶς
451 1981 548 2008 παθεῖν
569 1982 700 2018 ὑπήκοον,
725 1982 810 2018 μηδὲν
832 1983 903 2018 μελ-

115 2025 210 2060 λήσας,
225 2027 329 2062 ἔγραψε
345 2028 401 2060 τοῖς
423 2028 585 2064 ἡγουμένοις
610 2028 664 2056 τῶν
690 2029 774 2055 ἐθνῶν
797 2030 826 2056 ὲν
842 2031 903 2062 ταῖς

123 2072 296 2108 Ἐκκλησίαις
319 2073 504 2109 ἀθροίζεσθαι,
528 2074 576 2101 καὶ
603 2074 636 2101 τὸ
661 2074 739 2102 Θεῖον
766 2075 904 2111 ἐπιμελῶς

151 2140 158 2155 ¹
173 2139 251 2168 Socr.
267 2141 315 2169 lib.
331 2148 372 2173 Ill,
388 2149 413 2169 c.
428 2140 474 2168 22.

949 1718 996 1739 res
1023 1709 1052 1738 in
1069 1709 1232 1745 gravissimo
1247 1707 1408 1735 discriminc
1437 1710 1465 1734 et.
1494 1705 1522 1732 in
1535 1704 1654 1732 maxima
1668 1703 1740 1731 ditii-

951 1756 1054 1784 cultate
1069 1755 1227 1783 constitutae
1242 1757 1347 1785 essent,
1363 1757 1391 1780 et
1403 1755 1610 1780 commeatuum
1624 1750 1742 1786 penuria

951 1802 1089 1830 exercitus
1106 1801 1260 1832 laboraret,
1278 1799 1412 1827 Iovianus
1437 1805 1538 1834 pacem
1548 1804 1612 1825 cum
1639 1796 1736 1824 Persis

952 1846 1112 1876 necessario
1133 1845 1289 1874 faciendam
1315 1852 1378 1873 esse
1393 1843 1599 1874 animadvertit,
1628 1841 1741 1870 traditis

952 1894 1121 1930 quibusdam
1131 1892 1308 1929 regionibus,
1318 1899 1379 1927 quae
1394 1890 1474 1927 prius
1489 1893 1569 1918 erant
1585 1888 1742 1916 tributariae

953 1939 1154 1967 Romanorum.
1173 1937 1242 1965 Cum
1259 1941 1351 1964 autem
1374 1935 1566 1971 experimento
1580 1933 1740 1966 didicisset,

953 1984 997 2012 ira
1010 1984 1058 2012 Dei
1074 1984 1110 2012 ob
1120 1984 1277 2012 decessoris
1294 1982 1337 2011 sui
1356 1982 1526 2017 impietatem
1543 1981 1667 2008 invectas
1681 1987 1747 2007 esse

953 2031 1124 2058 calamitates
1149 2029 1266 2065 imperio
1298 2028 1450 2060 Romano,
1483 2027 1552 2055 nihil
1581 2029 1739 2058 cunctatus,
1778 2041 1784 2049 ι

955 2076 1068 2112 scripsit.
1098 2075 1252 2104 rectoribus
1271 2074 1487 2110 provinciarum,
1503 2077 1532 2101 ut
1560 2073 1588 2100 in
1607 2071 1743 2100 ecclesias

700 2184 832 2214 VALESII
849 2183 1126 2214 ANNOTATIONES.

152 2252 208 2287 (47)
220 2254 278 2292 -ᾚν
287 2254 407 2292 γενέσια
417 2254 469 2292 τοᾷ
481 2253 721 2292 σεισμοῦκᾷίίτιιτί
736 2260 791 2292 non
807 2253 896 2292 imme-

965 2253 1057 2292 Basilio
1067 2252 1126 2280 solo
1137 2251 1261 2292 consule,
1272 2257 1416 2292 postquam
1426 2250 1538 2292 scripsit
1548 2249 1743 2292 Constantino-

118 2292 170 2328 [1.ιο
184 2288 269 2328 subit,
288 2288 338 2317 our
348 2289 525 2328 Alexandrini
540 2290 609 2317 diem
624 2289 699 2328 illum
717 2288 902 2328 qu_o_ingcntis

118 2321 191 2350 illius
200 2327 380 2354 ten-aemulus
393 2325 549 2352 memoriam
559 2324 705 2354 quotannis
717 2321 902 2354 celebrabant,

118 2357 227 2389 γενέσια
241 2360 415 2394 appellarint.
435 2359 495 2387 Dies
510 2357 619 2394 quidem
634 2359 719 2386 festos
729 2359 756 2386 in
769 2358 902 2394 honorem

119 2393 267 2429 martyrum
277 2393 449 2429 aliorumque
463 2393 621 2422 sanctorum
637 2394 780 2421 hominum
791 2393 903 2429 institu-

120 2429 172 2466 tos,
184 2428 272 2456 Graeci
280 2428 411 2466 γενέσια,
422 2428 512 2466 Latini
529 2430 632 2466 natales
648 2437 746 2466 vocare
758 2428 855 2459 solent.
873 2431 903 2456 ut

121 2461 210 2499 videre
222 2468 265 2491 est
280 2461 307 2491 in
324 2463 533 2499 Martyrologiis.
551 2464 653 2491 Verum
676 2464 710 2499 de
727 2468 805 2499 terra:
827 2466 902 2499 motu

122 2496 146 2534 i_d
164 2497 226 2534 dici
245 2507 299 2526 non
329 2496 419 2534 potest
445 2496 497 2526 nisi
529 2500 650 2526 abusive.
683 2498 779 2534 Melius
800 2498 828 2525 in
849 2497 901 2524 hu-

119 2533 237 2569 jusmodi
253 2533 337 2561 rebus
351 2534 665 2569 ἀνάμνησιςίίιίοθτθιυτ,
685 2533 718 2569 ιιι
730 2537 773 2569 est
799 2540 903 2569 memo-

122 2568 225 2608 {jafcu
232 2568 468 2608 commemoratio.
494 2568 525 2608 lli
540 2569 613 2597 enim
637 2568 696 2596 dies
708 2568 780 2608 l'esti,
794 2568 904 2608 proprie

123 2603 238 2638 instituti
254 2608 318 2631 sunt
329 2603 362 2631 ad
375 2604 558 2632 renovandam
585 2604 732 2638 quotannis
743 2603 904 2629 memoriam

123 2633 245 2676 Egneiicii
272 2639 344 2676 illius
360 2659 368 2672 ,
388 2638 473 2676 “quod
499 2646 514 2676 a
543 2633 601 2676 [loo-
623 2638 719 2676 s_emel_
736 2638 903 2676 accepimus.

125 2668 169 2698 Sic
193 2668 368 2702 Marcellinus
383 2668 482 2702 comes
498 2674 525 2701 in
543 2673 688 2706 Chronico,
713 2668 862 2700 indictione
877 2672 905 2705 5,

956 2289 1038 2323 polim
1054 2296 1101 2323 per
1121 2288 1299 2323 continuosgtt
1316 2287 1375 2314 dies
1389 2286 1559 2323 gravissimo
1573 2289 1653 2323 terra:
1668 2288 1745 2323 motu

956 2319 1118 2350 concussam
1136 2323 1232 2355 fuisse,
1247 2321 1323 2349 addit
1339 2331 1345 2349 :
1367 2319 1444 2349 Hinc
1459 2320 1660 2354 formidolosum
1674 2319 1745 2355 diem

956 2358 1082 2393 Byzantii
1093 2358 1224 2385 celebrant
1237 2358 1254 2385 8
1268 2357 1403 2384 Kalendas
1415 2356 1547 2393 Qctobris.
1563 2355 1701 2393 αιτιοι-πω
1720 2354 1745 2382 si

956 2390 1019 2433 griis
1033 2395 1106 2421 scire
1117 2391 1457 2433 desiderathquonamldje
1472 2390 1655 2433 Atesandr'inil
1665 2393 1744 2416 nata-

956 2425 1009 2456 lém
1035 2435 1113 2456 terrae
1140 2433 1233 2456 motus
1260 2425 1335 2455 illius
1369 2426 1578 2458 celebraverint,
1611 2425 1746 2452 habemus

956 2465 1034 2491 illum
1053 2471 1085 2491 ex
1104 2464 1246 2490 Ammiano
1261 2462 1419 2490 Marcellino
1445 2462 1472 2488 in
1505 2461 1574 2488 libro
1604 2467 1667 2487 xxvt
1681 2479 1688 2491 ,
1711 2466 1745 2486 ex

956 2499 1163 2561 fastislldati't,
1177 2498 1249 2526 diem
1266 2498 1372 2526 scilicet
1394 2496 1590 2524 duodecimum
1606 2494 1748 2522 Kalendas

982 2541 1050 2561 usus
1065 2542 1082 2561 ι.

982 2534 1082 2561 ueusti.

1137 2567 1287 2605 προτέρων
1301 2566 1462 2605 ’Ῥωμαίοις
1471 2563 1744 2605 ⁸ῠινιῖοτιιζεῖψ..δίει*ί-

958 2598 1077 2632 ὺεὶιιίύω
1095 2608 1137 2632 est
1152 2598 1247 2638 procul
1263 2602 1346 2630 dubio
1359 2598 1413 2628 τῶν
1425 2598 1571 2638 πρότερον..
1585 2598 1663 2638 Quod
1677 2605 1749 2638 _cun_t

958 2640 1124 2676 interpretes
1142 2634 1197 2666 non
1215 2634 1482 2670 animadvertissent,
1498 2634 1659 2672 gravissime
1676 2634 1745 2668 lapsi

864 2737 1059 2767 VARIORUM.

127 2788 213 2822 εοῐηδ,
227 2786 273 2821 qui
301 2786 391 2822 ipsum
421 2786 450 2814 in
468 2786 585 2822 Phrygia
607 2786 771 2814 moriturum
790 2786 815 2814 ei
831 2786 909 2814 visus

127 2821 183 2857 erat
199 2821 358 2854 praedicere.
386 2822 454 2850 Cum
480 2821 565 2857 igitur
591 2821 710 2849 letaliter
734 2822 909 2857 vulneratus.

131 2851 218 2882 locum
244 2857 318 2885 illum
349 2858 376 2885 in
398 2865 454 2894 quo
482 2851 574 2886 castra
603 2857 740 2889 habebat,
764 2851 909 2893 Phrygiam

962 2785 1094 2826 appellari
1121 2783 1275 2826 didicisset,
1299 2783 1472 2813 exclamasse
1495 2780 1620 2810 dicitur;
1647 2779 1670 2808 0
1691 2778 1751 2812 sal,

962 2819 1102 2849 Iulianum
1117 2819 1267 2855 ﬁerdidisti.
