1896 3074
75 129 90 156 Ι
97 129 165 158 3²ὶ5

546 130 707 159 HISTORIA
728 129 1010 158 ECCLESIASTICA.
1030 146 1063 152 ——
1079 130 1141 159 LIB.
1163 116 1206 160 νί

1650 131 1723 160 I306

73 185 175 213 τοῦτο
191 187 251 214 τῶν
271 187 342 222 ἀμφὶ
355 187 401 214 τὸν
421 186 550 220 Εύζώῖον,
568 188 681 220 Λούκιός
695 197 738 220 τις
765 187 889 221 Ἀλεξαν-

945 188 1028 216 eidem
1047 192 1129 216 sectas
1148 191 1278 223 praeesset
1301 188 1330 216 in
1347 189 1414 218 urbe
1437 188 1613 218 Alexandria.
1639 188 1723 216 Cum»

75 231 179 267 δρεὺς
201 233 234 258 τὸ
255 232 352 266 γένος,
375 232 559 268 πρεσϐύτερος
583 234 637 260 τῶν
661 234 737 269 παρὰ
751 232 889 268 Γεωργίου

75 278 361 314 -ιειροτονηθέντων,
375 279 499 314 πρόσεισι
514 279 553 314 τῷ
563 279 666 314 βασιλεῖ
683 279 749 313 (58).
762 279 817 306 Καὶ
826 279 890 314 βλα-

80 323 254 358 σφημήσας
268 323 426 351 ’Λθανάσιον
435 323 471 354 ῶς
482 324 511 350 ὲν
525 323 564 359 τῷ
576 323 664 359 χρόνῳ
675 325 724 358 τῆς
737 324 890 358 ἐπισκοπῆς

80 367 131 394 ἀεὶ
154 368 275 403 γραφὰς
301 368 497 403 ὑπομείναντα,
513 369 561 395 καὶ
585 369 714 401 πολλάκις
740 369 889 404 ὑπερορίαν

78 413 182 439 οἰκεῖν
210 413 442 440 καταδικασθέντα
468 414 544 449 παρὰ
566 414 618 441 τῶν
636 414 689 450 πρὸ
708 414 790 441 αὑτοῦ
812 414 890 449 βασι-

79 458 175 489 λέων,
194 459 331 494 διχονοίας
344 467 374 485 τε
389 459 453 494 περὶ
468 459 498 486 τὸ
513 460 589 486 Θεῖον
607 460 654 486 καὶ
668 460 792 494 ταραχῆς
804 459 890 486 αἴτιον

79 503 270 537 γενόμενον,
289 503 375 529 ἐδεῖτο
398 503 491 538 ἕτερον
509 504 566 530 ἀντ’
587 503 669 531 αὑτοῦ
691 503 740 539 τὴν
766 503 891 536 Ἀλεξαν-

78 547 182 582 δρέων
217 546 380 582 Ἐκκλησίαν
397 548 565 574 ἐπισκοπεῖν.
586 547 614 575 Ὀ
628 548 656 574 δὲ
675 548 802 586 βασιλεὺς
816 548 890 584 (ᾔδει

80 593 145 628 γὰρ
165 593 225 624 τὰς
245 593 396 629 Ἀθανασίῳ
415 593 476 620 τότε
493 593 635 629 συμϐάσεις
660 593 828 628 ἐπιϐουλὰς),
840 595 890 622 οὐκ

80 639 170 666 ἔθετο
187 641 252 670 ταῖς
271 639 332 666 κατ’
347 639 429 666 αὑτοῦ
444 639 595 670 διαὸολαῖς.
612 639 695 666 Ἀλλὰ
707 641 824 668 Λούκιον
840 641 890 676 μὲν

82 686 138 713 σὺν
166 686 294 722 ἀπειλῇ,
319 687 435 722 ἡσυχίαν
453 687 531 721 ἄγειν
556 686 713 713 ὲπιτάττει²
739 687 890 722 Προσάτιον

81 733 114 759 δὲ
147 733 205 759 καὶ
222 734 285 764 τοὺς
305 733 373 768 ἀμφ’
388 732 469 759 αὑτὸν
487 732 642 767 εὐνούχους.
662 733 701 765 ὡς
716 733 821 764 αἰτίους
834 733 890 760 τῶν

83 778 231 806 τοιούτων
239 777 372 814 Θορύόων,
381 778 596 814 σωφρονισθῆναι
607 778 753 814 προσέταξε
763 778 829 814 (59)·
845 779 890 806 τὸν

81 824 114 851 δὲ
131 823 315 857 Ἀθανάσιον,
342 823 374 850 ὲκ
393 822 442 858 τῆς
465 822 525 849 τότε
552 823 696 855 συνουσίας
711 824 745 849 τὰ
772 823 889 859 μάλιστα

83 869 170 904 φίλον
193 869 274 904 αὑτῷ
292 869 448 904 γενόμενον,
463 868 622 895 ἀπέστειλεν
643 870 684 900 είς
704 869 853 903 Αἴγυπτον,
871 866 889 906 ᾖ
905 860 927 889 Β

83 915 196 951 ἄριστα
211 914 290 950 αὒτῷ
303 914 404 950 δοκοίη,
420 914 470 946 τὰς
499 914 654 950 ἐκκλησίας,
668 914 716 941 καὶ
732 915 795 946 τοὺς
808 915 890 946 λαοὺς

82 961 169 996 ἄγειν
189 960 345 993 κελεύσαςι
360 981 367 988 .
388 960 504 995 Λέγεται
517 960 571 995 γὰρ
590 961 630 992 εἰς
655 959 724 994 ἄγαν
749 960 830 987 αὑτὸν
856 957 890 996 ἦς

84 1005 165 1042 εἶχεν
176 1007 286 1042 ἀρετῆς
297 1006 450 1039 ἐπαινέσαι,
462 1005 520 1041 βίου
531 1014 562 1032 τε
571 1006 653 1034 ἕνεκα
663 1007 710 1033 καὶ
721 1007 888 1042 φρονήσεως,

83 1053 137 1079 καὶ
157 1052 267 1086 λόγων.
282 1048 346 1078 Ὧδε
361 1051 410 1087 μὲν
423 1051 478 1078 τῶν
499 1051 528 1078 ἐν
543 1051 646 1088 Νικαίᾳ
670 1052 888 1087 συνεληλυθότων

83 1099 102 1134 ἡ
120 1097 237 1129 πίστις.
255 1097 300 1124 τὸν
319 1097 348 1124 ὲν
373 1096 448 1132 μέσῳ
465 1096 560 1131 χρόνον
582 1097 779 1133 πολεμηθεῖσα,
803 1098 841 1129 ὡς
859 1099 889 1125 ὲν

83 1145 145 1175 τοῖς
165 1142 294 1178 πρόσθεν
311 1142 429 1178 εἴρηται,
446 1139 523 1173 αὖθις
538 1142 584 1168 ἐπὶ
597 1143 648 1177 τῆς
667 1143 808 1179 παρούσης
821 1144 889 1178 ἡγε-

87 1190 193 1226 μονίας
220 1189 384 1224 ὑπερέσχεν,
403 1189 460 1216 Οὐκ
480 1189 521 1221 εἰς
544 1189 652 1224 μακρὰν
672 1188 701 1215 δὲ
723 1189 773 1224 τῆς
794 1189 890 1225 ὁμοίας

84 1236 192 1271 ἔμελλε
212 1235 364 1270 πειρᾶσθαι
379 1236 512 1270 ταραχῆς.
537 1235 581 1266 Ὠς
600 1235 672 1261 ἔοικε
686 1235 751 1270 γὰρ,
775 1236 824 1262 οὐκ
842 1236 890 1263 ἐπὶ

89 1282 187 1317 μόνοις
203 1282 266 1313 τοῖς
281 1281 327 1308 ἐπὶ
339 1280 531 1307 Κωνσταντίου
543 1281 576 1316 τῇ
597 1280 744 1316 Ἐκκλησία
756 1281 888 1316 συμὸᾶσι,

88 1328 184 1364 πέρας
197 1326 276 1363 εἶχεν
289 1329 305 1364 ἡ
317 1327 363 1354 τοῦ
381 1326 523 1354 ’Λντωνίου
534 1327 581 1354 τοῦ
595 1327 713 1362 μοναχοῦ
721 1327 888 1364 ⁸πρόρρησις·

89 1374 150 1401 ἀλλ’
167 1374 296 1400 ἐλείπετο
309 1373 349 1400 ἔτι
364 1373 410 1400 καὶ
428 1373 462 1400 τὰ
480 1375 548 1407 μετά
567 1372 652 1399 ταῦτα
678 1373 724 1399 ἐπὶ
740 1373 890 1405 Οὐάλεντος

90 1420 246 1455 γενόμενα.
260 1420 376 1454 Λέγεται
386 1419 440 1454 γὰρ
451 1419 515 1456 πρὶν
524 1419 660 1454 κρατῆσαι
673 1419 726 1445 τῶν
737 1418 889 1454 ἐκκλησιῶν

90 1467 157 1497 τοὺς
181 1466 240 1492 ἀπὺ
257 1465 307 1500 τῆς
329 1465 433 1499 Ἀρείου
448 1464 590 1500 αἱρέσεως,
614 1463 660 1490 ἐπὶ
674 1463 725 1498 τῆς
744 1464 889 1490 Κωνσταν-

91 1511 152 1538 τίου
181 1509 324 1545 βασιλείας
333 1509 399 1545 δναρ
426 1509 489 1536 [δεῖν
504 1509 644 1537 Ἀντώνιον
656 1508 730 1543 (60),
754 1509 885 1544 ἡμιόνους

91 1556 123 1584 τὸ
148 1556 348 1592 Θυσιαστήριον
373 1555 565 1588 λακτίζοντας,
590 1554 638 1582 καὶ
658 1554 707 1590 τὴν
725 1554 800 1589 ἱερὰν
821 1555 887 1591 τρά-

93 1601 187 1634 πεζαν
204 1601 408 1637 ἀνατρέποντας
419 1609 426 1616 θ
439 1600 486 1627 καὶ
502 1600 602 1627 αὐτίκα
616 1601 767 1635 προειπεῖν,
783 1600 821 1632 ὼς
835 1600 889 1626 ὑπὸ

93 1647 184 1674 νόθων
214 1646 266 1674 καὶ
293 1646 446 1681 ἑπιμίκτων
468 1645 610 1680 δογμάτων
631 1645 820 1680 καταλήψεται
839 1645 889 1681 τὴν

97 1692 274 1728 Ἐκκλησίαν
295 1691 418 1727 ταραχὴ,
442 1691 489 1718 καὶ
509 1690 671 1726 ἑτεροδόξων
693 1691 888 1723 ἐπανάστασις.

99 1738 185 1765 ’Λλλὰ
209 1737 300 1764 ταῦτα
324 1738 374 1773 μὲν
393 1736 517 1772 ἀψευδῶς
539 1735 684 1763 τεθεᾶσθαι
705 1744 735 1762 τε
758 1737 805 1762 καὶ
821 1736 892 1771 ειρῆ-

96 1783 171 1814 σθαι.
189 1783 318 1817 ἀπέδειξε
336 1783 372 1810 τὰ
394 1782 448 1818 πρὸ
469 1781 516 1810 τοῦ
533 1781 581 1809 καὶ
605 1780 676 1817 μετὰ
696 1781 785 1808 ταῦτα
813 1789 892 1816 γεγε-

94 1830 218 1866 νημένα.

940 242 994 268 que
1016 234 1043 261 id
1066 235 1101 262 ab
1117 234 1220 261 Euzoio
1235 240 1393 270 suggestum
1414 236 1521 268 fuisset,
1540 235 1641 262 Lucius
1658 235 1722 270 qui:

940 279 1002 308 dam
1014 287 1114 315 genere
1127 279 1344 314 Alexandrinus,
1359 289 1430 309 unus
1443 290 1476 309 ex
1491 280 1662 316 presbyteris
1675 280 1722 315 qui

940 332 956 352 a
969 324 1087 360 Georgio
1103 324 1211 353 fuerant
1228 326 1359 360 ordinati,
1374 327 1568 362 imperatorem
1593 326 1671 353 adiit.
1691 325 1724 353 Et

939 373 1121 401 Athanasium
1137 373 1291 402 maledictis
1313 374 1467 407 incessens,
1483 378 1576 409 utpote
1591 373 1638 408 qui
1664 376 1724 400 toto

940 420 1113 454 episcopatus
1135 420 1176 447 sui
1204 424 1336 455 tempore.
1354 421 1438 457 variis
1452 420 1485 448 de
1500 420 1594 448 causis
1607 426 1723 446 accusa-

941 469 986 492 tus
1008 464 1117 498 fuisset,
1137 468 1165 492 et
1187 473 1202 492 a
1222 466 1412 501 superioribus
1429 465 1599 501 principibus
1624 465 1723 498 sapius

940 510 1088 539 damnatus
1102 515 1177 538 esset
1199 511 1317 545 exsilio;
1344 512 1528 540 dissensionis
1551 511 1672 546 denique
1695 510 1723 536 in

941 556 1073 591 religione
1086 563 1119 582 ae
1134 556 1269 584 tumultus
1283 561 1381 584 auctor
1399 557 1561 589 exstitisset,
1575 555 1724 591 postulavit

940 603 970 626 ut
986 600 1057 627 alter
1081 599 1276 628 Alexandrinae
1299 599 1429 628 Ecclesia:
1447 602 1593 636 episcopus
1620 601 1646 628 in
1663 599 1724 634 ejus

940 643 1020 679 225
1037 644 1125 671 locum
1135 644 1446 680 subrogareturNerum
1456 645 1615 680 imperator,
1625 645 1725 680 quippe

940 691 986 724 qui
1007 691 1092 725 probe
1109 694 1202 718 nosset
1222 690 1341 718 insidias
1356 698 1417 725 quae
1432 694 1498 718 tunc
1515 691 1624 718 fuerant
1639 690 1724 716 Atha-

940 736 1017 763 nasio
1033 740 1208 770 comparatae,
1221 735 1336 771 prolatis
1352 736 1379 762 iu
1397 743 1460 763 eum
1481 736 1625 763 calumniis
1637 734 1727 761 haud-

940 789 1077 817 quaquam
1101 789 1233 809 assensus
1252 785 1305 809 est.
1327 780 1379 809 Sed
1401 780 1486 808 Lucio
1501 781 1611 815 quidem
1638 781 1726 807 inter-

940 828 1072 859 minatus,
1089 827 1219 862 praecepit
1244 831 1274 854 ut
1288 827 1455 862 quiesceret.
1480 826 1638 853 Probatium
1662 832 1727 853 vero

940 877 968 900 et
980 873 1103 908 reliquos
1117 873 1260 901 eunuchos
1274 873 1367 907 palatii
1383 872 1438 904 sui,
1452 871 1611 906 hujusmodi
1625 871 1726 898 tumul-

940 922 1018 945 tuum
1034 923 1174 950 auctores,
1184 918 1316 953 castigari
1327 918 1421 952 jussit.
1434 917 1614 944 Athanasium
1624 921 1726 950 autem,

939 973 1019 1000 quem
1033 972 1201 999 congressus
1216 965 1270 992 iste
1285 964 1478 991 charissimum
1491 963 1543 999 ipsi
1559 963 1726 993 reddiderat.

939 1011 967 1038 in
990 1009 1139 1046 Egyptum
1162 1009 1290 1042 remisit,
1317 1009 1449 1037 ecclesias
1467 1014 1494 1036 et
1511 1008 1637 1044 populos,
1657 1007 1729 1034 sicut

940 1055 992 1090 ipsi
1015 1056 1150 1090 optimum
1174 1055 1247 1082 factu
1264 1054 1413 1086 videretur.
1439 1061 1532 1089 regere
1556 1053 1725 1089 permittens.

938 1101 1047 1129 Etenim
1065 1108 1128 1128 eum
1148 1101 1238 1127 virum
1263 1107 1429 1136 magnopere
1454 1100 1582 1127 laudasse
1612 1099 1727 1129 dicitur,

939 1152 996 1175 turn
1020 1147 1055 1174 ob
1080 1146 1210 1174 virtutem
1225 1154 1287 1181 qua
1304 1147 1332 1173 in
1356 1146 1402 1174 illo
1420 1145 1519 1177 inerat,
1536 1149 1594 1172 tum
1609 1144 1644 1172 ob
1665 1144 1729 1170 vitae

939 1193 1125 1228 integritatem
1141 1196 1168 1220 et
1183 1191 1357 1228 prudentiam
1370 1195 1453 1226 atque
1463 1190 1631 1217 doctrinam.
1649 1188 1728 1215 Hunc

939 1239 966 1266 in
990 1238 1101 1266 modum
1120 1237 1187 1265 ﬁdes
1200 1238 1395 1273 episcoporum
1411 1237 1456 1272 qui
1472 1235 1571 1264 Nicaeae
1584 1235 1650 1263 olim
1668 1235 1727 1262 fue-

938 1290 1002 1312 rant
1017 1283 1187 1319 congregati,
1203 1291 1266 1311 cum
1285 1284 1427 1318 aliquanto
1441 1288 1576 1317 tempore,
1588 1282 1627 1309 uti
1643 1290 1727 1317 supra

938 1331 1069 1364 diximus,
1093 1335 1249 1366 oppugnata
1274 1330 1382 1364 fuisset,
1407 1330 1458 1358 sub
1484 1330 1536 1357 hoc
1561 1330 1728 1364 imperatore

938 1377 1037 1404 iterum
1050 1376 1178 1410 superior
1198 1375 1260 1402 l‘uit.
1275 1375 1376 1403 Verum
1393 1375 1474 1410 paulo
1495 1379 1557 1410 post
1576 1382 1632 1401 non
1646 1374 1729 1402 dissi-

938 1422 1032 1449 milem
1052 1425 1200 1456 expertum
1215 1425 1274 1448 erat
1288 1420 1533 1456 perturbationem.
1551 1419 1660 1447 Etenim
1673 1420 1729 1446 An-

939 1467 1006 1494 tonii
1026 1466 1153 1494 monachi
1178 1466 1330 1502 praedictio,
1356 1473 1412 1493 non
1436 1466 1464 1493 in
1488 1466 1523 1493 iis
1550 1466 1639 1492 solum
1666 1472 1728 1500 quae

900 1523 924 1554 α
937 1512 1092 1541 Constantii
1111 1512 1269 1548 principatu
1293 1511 1426 1540 Ecclesiis
1440 1511 1629 1546 contigerant,
1646 1510 1727 1537 ﬁnem

937 1559 1060 1594 accepit,
1087 1557 1135 1585 sed
1161 1561 1325 1592 supererant
1354 1556 1445 1584 adhuc
1460 1554 1500 1584 ‘ea
1525 1563 1587 1591 qum
1607 1554 1729 1583 Valentis

936 1604 1107 1639 temporibus
1135 1607 1213 1638 gesta
1236 1606 1311 1630 sunt.
1342 1602 1447 1631 Ferunt
1473 1603 1568 1633 enim,
1595 1605 1730 1636 regnante

939 1650 1116 1682 Constantio,
1131 1649 1292 1684 priusquam
1305 1648 1399 1675 Ariani
1415 1648 1548 1676 ecclesias
1558 1648 1729 1678 obtinerent,

938 1692 1089 1720 Antonium
1108 1693 1137 1720 in
1154 1693 1260 1720 somnis
1283 1692 1388 1720 vidisse
1408 1692 1509 1720 multos
1537 1692 1617 1719 altari
1642 1692 1730 1720 insul-

943 1742 1044 1770 tantes,
1064 1743 1092 1765 et
1109 1745 1216 1765 sacrant
1236 1745 1359 1765 mensam
1379 1742 1557 1766 cvertentes:
1582 1738 1731 1772 statimque

944 1783 1106 1818 praedixisse
1130 1783 1253 1811 futurum
1277 1788 1307 1810 ut
1337 1790 1370 1810 ex
1395 1784 1559 1810 adulterinis
1586 1784 1731 1818 mistisque

945 1828 1116 1865 dogmatibus
1143 1829 1313 1864 perturbatio
1338 1828 1490 1857 Ecclesiam
1515 1835 1674 1865 occuparet,
1703 1833 1731 1857 et

690 1917 827 1947 VALESII
846 1917 1122 1947 ANNOTATIONES.

97 1964 267 1997 Athanasio,
289 1963 360 2000 alius
375 1963 547 1993 Alexandriae
566 1969 706 2000 crearetur
734 1965 890 2000 episcopus.

97 2001 233 2036 omnibus
262 1999 351 2036 modis
367 1999 514 2036 studentes
533 2005 563 2026 ut
579 1999 682 2036 Lucius
709 1999 849 2036 presbyter
864 2000 892 2027 in

97 2035 158 2069 ejus
172 2035 266 2061 locum
276 2035 480 2070 subrogaretur.
495 2035 618 2070 cumque
627 2043 641 2061 a
654 2034 769 2063 Joviano
785 2034 892 2069 semper

100 2070 207 2104 repulsi
223 2074 326 2101 essent,
344 2069 500 2097 interventu
517 2069 609 2097 Euzoii
626 2070 818 2098 Antiochensis
834 2070 893 2104 epi-

99 2105 190 2139 scopi,
214 2108 347 2140 rogarunt
377 2104 537 2132 Probatium
561 2104 734 2140 Eunuchum,
765 2109 792 2132 ut
825 2105 892 2140 ipsis

100 2141 173 2174 apud
191 2139 384 2174 imperatorem
401 2139 605 2174 sull‘ragaretur.
633 2139 710 2172 Quod
726 2147 787 2167 cum
804 2141 892 2174 impe-

944 1971 971 1992 et
987 1966 1168 1993 Bcrnicianus
1187 1965 1280 1993 Ariani
1295 1963 1410 1992 Joviano
1434 1964 1553 1999 principi
1567 1964 1729 1992 obtulerunt

945 2001 1099 2028 Antiochia-
1116 2006 1211 2028 contra
1225 2000 1416 2032 Athanasium,
1433 2004 1542 2026 exstant
1558 1999 1584 2025 in
1596 2003 1669 2026 torno
1686 2007 1730 2027 se-

944 2036 1035 2063 cundo
1062 2036 1180 2070 Operum
1205 2035 1359 2068 Athanasii,
1386 2034 1433 2062 sed
1460 2034 1579 2069 pessime
1604 2035 1730 2070 conversi

944 2071 972 2097 in
1000 2069 1128 2098 Latinum
1156 2078 1322 2099 sermonem.
1350 2069 1416 2096 Nam
1447 2069 1584 2104 interpres
1604 2069 1730 2104 ἐντυχίαν

945 2111 1078 2140 perpetuo
1096 2106 1293 2141 interpretatur
1313 2105 1482 2141 colloquium
1497 2125 1504 2137 ,
1530 2111 1594 2141 cum
1607 2104 1729 2141 libellum

945 2139 1056 2173 precum
1079 2139 1187 2169 vertere
1218 2141 1367 2168 debuisset.
1392 2139 1420 2167 Id
1447 2141 1521 2166 enim
1545 2139 1661 2173 signicat
1675 2147 1730 2166 vox

102 2180 180 2210 rator
196 2174 364 2207 rescivisset,
391 2174 536 2210 eunuchos
553 2175 735 2202 cubicularios
762 2182 889 2210 compre-
907 2174 1047 2207 DGrzeca,
1080 2180 1109 2203 ut
1149 2176 1294 2204 observavi
1327 2175 1356 2202 in
1388 2174 1613 2202 annotationibus
1645 2174 1732 2202 Euse-

102 2209 186 2245 hendi
204 2215 231 2236 et
258 2210 402 2245 tormentis
422 2209 613 2244 subjicijussit
627 2217 689 2236 cum
712 2210 763 2245 hoc
775 2209 863 2245 elogio
880 2217 888 2237 :

102 2243 236 2279 Quisquis
247 2244 353 2279 libellos
361 2244 458 2279 ollerre
473 2243 587 2271 voluerit
601 2248 696 2271 contra
705 2243 888 2276 Christianos,

104 2278 153 2306 has
184 2278 283 2313 poenas
312 2278 390 2306 ferat.
427 2278 515 2306 Vcrba
540 2280 683 2306 Athanasii
704 2280 761 2307 hree
791 2284 855 2307 sunt
881 2288 887 2306 :

104 2314 160 2349 Καὶ
179 2313 214 2339 δι’
235 2313 353 2349 Εύζωϊου
372 2314 491 2349 ἠξίωσαν
501 2315 564 2345 τοὺς
580 2315 644 2349 περὶ
654 2315 813 2349 Προὸάτιον,
826 2315 890 2347 τοὺς

104 2348 244 2385 ξιαδόχους
263 2348 392 2375 Εὐσεϐίου
409 2350 455 2385 καί
477 2348 638 2384 Βαρδίωνος,
654 2348 718 2381 τοὺς
736 2349 889 2385 εὐνούχους,

104 2383 142 2420 ᾡς
173 2383 216 2420 ἵνα
246 2384 401 2420 συστάσεως
423 2383 541 2420 τύχωσιν
571 2385 595 2410 οἱ
614 2384 722 2420 ἄπιστοι
744 2383 888 2419 ’Λρειανοί.

105 2417 190 2450 Quem
207 2419 297 2445 locum
314 2419 448 2450 interpres
459 2417 514 2446 non
529 2419 672 2446 intellexit.
686 2419 724 2447 Ex
739 2417 783 2448 his
798 2424 889 2447 autem

106 2453 198 2489 verbis
213 2454 368 2489 colligimus
388 2453 546 2489 Probatium
561 2454 644 2481 fuisse
660 2456 834 2489 praepositum
846 2462 890 2482 sa-

107 2487 146 2548 gi
159 2487 298 2549 cullrlilculi’;
314 2488 394 2523 cujus
408 2489 503 2516 crebra
526 2488 555 2515 ﬁt
567 2487 669 2517 mentio
691 2487 725 2517 ab
744 2490 890 2517 Ammiano

134 2529 197 2549 arce
220 2530 274 2549 mo.

134 2529 274 2549 arcellmo.

143 2557 199 2592 (58)
215 2558 357 2592 Πρόσεισι
379 2557 420 2591 τῷ
435 2558 569 2590 βασιλεῖ.
583 2557 680 2586 Libelli
695 2566 764 2594 quos
790 2559 891 2588 Lucius

943 2210 1044 2238 bianis.

980 2246 1035 2280 (59)
1056 2245 1301 2280 Σωφῳνισθῆναι
1326 2244 1503 2278 προσέταξε.
1536 2243 1612 2280 Ilunc
1638 2244 1730 2270 locum

942 2279 999 2307 non
1020 2281 1218 2308 intellexerunt
1239 2281 1415 2314 interpretes.
1438 2279 1580 2306 Masculus
1600 2280 1673 2306 enim
1692 2279 1729 2305 ita

943 2315 1042 2342 vertit:
1063 2315 1193 2350 Pra’cepit
1209 2316 1354 2350 imperator
1364 2319 1393 2342 ut
1411 2314 1445 2340 ad
1463 2314 1595 2341 meliorem
1618 2319 1731 2350 mentem

944 2350 1071 2378 redirent.
1102 2348 1191 2385 Atque
1215 2348 1252 2377 ita
1279 2350 1336 2377 fere
1361 2350 1643 2385 Christophorsonus.
1673 2348 1729 2385 Sed

944 2390 1050 2413 vertere
1075 2386 1229 2413 debuerant
1243 2385 1375 2412 uerberari
1397 2385 1531 2418 prmepit.
1554 2384 1583 2410 ιιι
1601 2384 1674 2410 enim
1690 2384 1729 2411 si-

943 2420 1055 2455 gniﬁcat
1071 2422 1184 2448 verbum
1201 2420 1428 2456 σωφρονισθῆναι,
1447 2424 1475 2446 ut
1493 2426 1576 2454 supra
1599 2427 1632 2447 ex
1646 2419 1732 2446 Atha-

943 2456 1022 2482 nasio
1039 2456 1220 2483 ostendimus.
1290 2462 1294 2467 '

980 2490 1035 2526 (60)
1057 2491 1149 2525 ὀναρ
1172 2490 1247 2517 ιδεῑν
1269 2487 1677 2526 Ἀντῴνιονηῌιιὶιιθένίδίοῐιίε
1698 2495 1732 2526 ac

943 2523 1136 2587 praedivc'tiouis‘
1145 2527 1217 2554 beati
1238 2524 1352 2552 Antonii
1369 2524 1494 2552 meminit
1514 2524 1685 2551 Athanasius
1703 2523 1732 2550 in

943 2568 1003 2587 eius
1042 2566 1091 2587 ita.

942 2568 1003 2596 eius
1022 2566 1091 2590 Vita.

836 2648 1020 2677 VARIORUM
1026 2669 1033 2676 .

147 2695 155 2714 ι
178 2695 234 2727 Τὰς
250 2695 416 2730 ἐκκλησίας
431 2695 481 2722 καὶ
498 2695 569 2728 τοὺς
583 2693 677 2730 λαοὺς
688 2693 772 2730 ἄγειν
786 2695 889 2722 κελεύ-

109 2734 178 2770 (ζας.
194 2730 257 2770 Λρει
275 2731 323 2765 μὲν
337 2733 392 2770 rei;
411 2731 570 2770 ἐπισκόποις
588 2729 638 2770 την
654 2729 772 2770 ἐξορίαν,
790 2731 846 2762 τοῖς
861 2737 892 2770 τε

113 2763 198 2802 ᾷλλοις
213 2763 298 2792 ἃπασι
311 2787 317 2798 ,
343 2767 387 2792 καὶ
402 2766 457 2802 πρὸ
472 2766 579 2802 πάντων
593 2763 632 2802 [τῷ
648 2763 704 2802 πρὸ
716 2764 828 2802 πᾲντων
842 2765 892 2802 τὴν

113 2798 225 2836 ἀρετὴν,
260 2801 305 2827 καὶ
323 2798 462 2836 προδήλως
484 2800 554 2836 ὑπὲρ
575 2798 626 2834 τῆς
647 2799 787 2836 εὐσεϐείας
810 2798 894 2836 ’πολε-

118 2833 235 2870 μηθέντι,
256 2833 499 2872 ἱιιίιιιίι’οτθέοι“ίιιε
515 2833 714 2869 Nazianzenus,
729 2834 782 2863 i.e.
802 2834 893 2862 Iovia-

945 2704 994 2722 nus
1011 2695 1130 2722 exsulum
1150 2697 1330 2730 episcoporum
1348 2694 1513 2723 reuocatione
1535 2693 1674 2730 imperium
1690 2697 1732 2730 est

946 2732 1111 2765 auspicatus.
1124 2727 1189 2757 Ante
1206 2727 1293 2758 eomes
1308 2736 1396 2758 autem
1410 2729 1585 2757 Athanasium
1600 2727 1729 2765 restituti,

945 2763 1125 2800 quiamnibua
1138 2766 1232 2792 virtute
1244 2766 1405 2799 prwslabat,
1429 2769 1452 2792 et
1471 2773 1518 2799 pro
1540 2764 1636 2798 pietate
1649 2782 1656 2796 ,
1677 2763 1733 2790 sine

947 2801 1004 2828 ulla
1023 2800 1198 2834 dubitatione,
1216 2806 1378 2836 oppugnatus
1394 2801 1488 2827 fuerat.
