1896 3074
722 128 738 145 ο

207 151 275 180 1307

937 151 1109 181 SOZOMENI

1779 156 1789 181 ¹Ι
1796 154 1842 182 503

206 210 326 237 haeretici
349 211 522 247 rebellionem
538 205 701 239 excitarent.
719 208 771 236 Sed
797 208 854 236 haec
877 209 988 244 quidem
1009 209 1155 237 verissime
1169 210 1203 237 ab
1218 210 1265 237 illo
1280 211 1338 238 visa
1355 215 1383 238 et
1403 210 1534 245 praedicta
1550 209 1650 242 fuisse,
1683 217 1720 238 ex
1754 210 1789 238 iis
1805 219 1842 238 rc-

207 257 258 284 bus
270 266 330 292 qua:
341 262 404 285 ante
418 259 469 286 hoc
481 262 599 292 tempus,
609 260 635 284 et
646 264 706 291 qua:
723 259 817 291 postea
827 255 903 283 factae
915 260 991 288 sunt,
1015 256 1082 284 satis
1099 255 1268 284 declaratum
1283 259 1334 284 est.

530 303 605 330 CAP.
622 302 666 330 VI.

206 348 281 375 Mors
301 349 466 382 imperatoris
479 348 604 376 Ioviani:
625 353 650 376 et
670 348 701 376 de
721 349 776 376 vita
796 348 990 381 Valentiniani,

240 385 346 418 ejusque
366 385 428 418 forti
450 386 538 411 animo
558 385 586 410 in
605 385 703 418 pietate
727 384 874 411 servanda:
895 389 919 412 et
940 394 991 419 quo

241 420 315 445 modo
340 421 374 446 ad
394 420 534 452 imperium
554 425 655 446 evectus
676 419 721 450 sit,
739 424 764 446 et
785 419 918 447 Valentem
933 420 991 454 fra-

241 459 305 480 trem
315 455 349 480 ad
359 455 460 487 imperii
472 455 634 481 consortium
650 455 786 482 asciverit:
797 459 822 482 et
846 455 878 482 de
891 458 990 482 utrius-

239 497 288 523 que
304 498 405 516 morum
420 490 649 516 dissimilitudine.

239 534 326 561 Porro
339 533 483 569 Jovianus,
499 540 562 563 octo
585 535 698 563 circiter
717 535 859 563 mensibus
877 535 992 570 imperio

204 579 453 614 perfunctus,dum
470 579 737 615 Constantinopolim
757 580 990 616 proﬁcisceretur,

206 625 379 657 Dadastanis.
393 627 439 661 qui
463 628 540 655 vicus
563 631 605 654 est
624 626 759 662 Bithyniae
775 627 802 654 in
820 627 863 654 via
878 628 991 655 militari

205 671 286 703 situs,
302 673 443 706 repentina
460 676 548 700 morte
563 671 667 700 interiit
683 672 710 699 |:
727 672 784 700 sive
803 673 876 707 quod
893 674 992 700 intem-

205 718 357 752 perantius,
375 721 403 744 ut
427 718 537 753 quidam
562 719 650 750 aiunt,
674 723 849 752 cuznaverat,
869 727 915 747 seu
936 728 992 755 pra:

206 763 288 790 odore
304 763 422 790 cubiculi
440 764 467 790 in
483 771 538 798 quo
551 764 742 796 (lecumbebat,
760 772 856 792 recens
870 766 944 793 calce
960 766 993 793 il-

204 808 257 836 liti.
273 808 366 836 Multis
383 809 455 836 enim
477 810 655 841 carbonibus,
677 814 772 845 utpote
787 810 901 837 hiberno
916 815 993 838 tem-

204 862 281 889 pore,
301 855 405 888 teporis
429 855 516 890 gratia
540 855 575 882 ibi
593 856 729 886 accensis,
745 863 829 890 vapor
844 857 991 889 excitatus,

203 903 231 926 et
245 900 362 935 parietes
377 908 460 935 supra
476 900 587 927 modum
602 901 749 928 madefacti
765 901 884 928 fuerant.
907 901 992 930 Exer-

204 945 275 972 citus
289 953 364 979 vero,
382 953 444 972 eum
459 945 577 973 Nicaeam
595 945 728 981 Bithynia:
744 948 874 980 venisset,
892 947 992 975 Valen-

1006 305 1029 333 A

1343 302 1468 330 ΚΕΦΑΔ.
1491 303 1538 336 (τ’.

1045 347 1178 381 Θάνατος
1197 348 1350 380 Ἰοόιανοῦ,
1363 348 1412 375 καὶ
1427 348 1494 382 περὶ
1509 349 1562 376 τοῦ
1575 349 1648 381 ,ϐίου
1665 348 1719 376 καὶ
1731 348 1791 382 τῆρ
1803 350 1844 382 εἰς

1081 383 1336 417 Θεὸνπαρῤησιας
1348 384 1599 411 Οὐαλεντινιανοῦ
1614 393 1621 399 ’
1634 385 1685 411 καὶ
1706 384 1791 416 ὅπως
1804 386 1844 416 εἰς

1077 418 1243 450 ,βασιλείαν
1255 418 1437 452 προεϐλήθη,
1446 419 1495 445 καὶ
1507 419 1561 445 τὸν
1568 419 1705 453 ἀδελφὸν
1715 419 1845 446 Uticam--

1080 461 1117 480 τα
1140 455 1376 488 συμϐασιλεύειν
1397 453 1477 486 αὐτῷ
1497 454 1612 481 εἵλετο·
1626 454 1676 481 καὶ
1702 455 1774 488 περὶ
1792 454 1844 487 τῆς

1079 488 1223 523 διαφορᾶς
1235 489 1418 523 ἀμφοτέρων.

1087 534 1115 560 Ὀ
1127 533 1155 560 δὲ
1177 533 1305 565 Ίοϐιανὸς
1319 534 1392 570 ἀμφὶ
1413 533 1485 561 ὀκτὼ
1507 535 1594 570 μῆνας
1610 536 1641 562 ἐν
1663 537 1699 571 τῇ
1719 535 1846 570 βασιλεία

1044 579 1252 615 διαγενόμενος,
1269 580 1360 606 ἀπιὼν
1383 580 1429 607 ἐπὶ
1458 581 1508 615 τὴν
1534 579 1844 612 Κωνσταντινούπολιν,

1045 625 1174 660 ἐξαπίνης
1200 626 1230 652 ὲν
1257 625 1438 657 Δαδαστάνοις
1454 627 1547 661 χωρίῳ
1559 626 1609 660 τῆς
1629 626 1762 656 Βιθυνίας
1785 625 1845 652 παῦ’

1044 671 1103 697 ὁδὸν
1121 669 1297 705 ἐτελεύτησεν
1307 678 1315 685 ⁸
1335 670 1351 706 ἢ
1364 670 1564 706 ἀφειδέστερον,
1577 670 1616 702 ὦς
1630 678 1706 701 τινες
1720 669 1844 703 λέγουσι,

1044 716 1192 751 δειπνήσας
1206 724 1213 732 ·
1231 715 1248 751 ἥ
1263 715 1316 742 ὑπὸ
1341 716 1391 751 τῆς
1417 716 1502 751 ὀδμῆς
1524 716 1569 742 τοῦ
1598 717 1754 751 οἰκήματος
1780 717 1810 743 ὲν

1045 761 1199 794 ἐκάθευδεν,
1213 761 1338 796 άσὸἐστῳ
1360 762 1524 796 προσφάτως
1538 761 1745 796 ἐγχρισθέντος.
1771 761 1847 787 Ἐπι-

1045 808 1171 842 γενέσθαι
1195 807 1250 843 γὰρ
1277 807 1388 843 ἰκμάδα,
1412 807 1460 834 καὶ
1480 808 1635 842 νοτισϐῆναι
1654 808 1722 837 τοὺς
1737 807 1846 842 τοίχους

1044 855 1171 890 ἀμέτρως
1184 874 1191 886 ,
1208 853 1314 880 πολλῶν
1330 854 1474 889 ἀνθράκων
1495 854 1590 880 αὐτόθι
1615 853 1779 888 καιομένων
1789 874 1797 886 ,
1811 853 1846 884 ὡς

1045 900 1075 926 ὲν
1088 900 1147 936 ὥρᾳ
1163 899 1297 936 χειμῶνος
1322 899 1367 926 διὰ
1389 899 1440 935 τὴν
1463 899 1557 926 ἀλέαν.
1578 898 1657 925 Ἐπεὶ
1672 899 1702 925 δὲ
1726 899 1771 930 εἰς
1797 899 1844 925 Νί-

1045 955 1126 973 καιαν
1140 947 1189 981 τῆς
1203 945 1329 977 Βιθυνίας
1342 946 1455 980 ἀφίκετο
1468 947 1484 980 ἡ
1499 946 1624 980 στρατιὰ,
1643 945 1845 980 ἀναγορεύουτι

205 992 339 1019 tinianum
365 993 556 1027 imperatorem
581 994 752 1020 renuntiavit
767 1014 773 1025 ,
799 994 888 1021 virum
911 995 991 1031 226

1069 992 1160 1018 ισιλὲα
1175 992 1408 1023 Οὑαλεντινιανον,
1427 991 1511 1026 ἄνδρα
1530 991 1632 1025 ἀγαθὸν
1646 992 1694 1017 καὶ
1711 992 1765 1025 τῆς
1774 992 1838 1025 1‘17:-

204 1038 337 1072 optimum
360 1042 388 1065 et
414 1038 530 1073 imperio
554 1038 756 1074 dignissimum.
783 1038 808 1066 ls
831 1040 903 1067 enim
928 1045 993 1068 tunc

204 1083 311 1116 aderat,
330 1083 365 1110 ab
385 1084 484 1111 exsilio
502 1091 640 1112 reversus.
671 1083 739 1110 Nam
763 1083 900 1116 Julianus,
929 1093 992 1112 cum

204 1134 338 1154 summam
363 1127 471 1162 imperii
490 1127 639 1161 obtineret,
663 1128 739 1156 illum
765 1133 831 1156 tunc
852 1129 993 1157 tribunum

205 1172 322 1207 legionis
343 1171 522 1200 Iovianorum
539 1173 637 1200 militia
666 1178 790 1207 exuerat,
815 1179 842 1202 et
861 1179 993 1210 perpetuo

204 1218 302 1245 exsilio
325 1218 519 1251 damnaverat:
544 1219 636 1253 specie
654 1219 778 1254 quidem,
803 1220 877 1254 quod
894 1220 993 1248 milites

205 1272 270 1291 suos
290 1265 416 1298 prmlinm
433 1272 495 1291 cum
514 1265 593 1293 hoste
609 1265 728 1292 inituros
749 1273 803 1292 non
829 1270 902 1294 recte
917 1267 992 1295 ordi-

204 1313 333 1336 naverat:
350 1317 444 1336 revera
462 1310 607 1341 autem,ob
623 1310 779 1345 hujusmodi
791 1312 992 1339 causam.Cum

204 1353 330 1382 Julianus
347 1355 437 1382 adhuc
461 1355 489 1382 in
507 1355 602 1383 Galliis
627 1360 793 1390 moraretur,
818 1357 993 1384 sacrificandi

205 1407 289 1428 causa
305 1401 436 1436 templum
452 1401 588 1436 quoddam
604 1401 747 1437 ingressus
762 1406 814 1430 est.
833 1402 993 1430 Comitaha-

206 1449 250 1473 lur
270 1447 346 1473 illum
361 1447 433 1474 inter
452 1452 566 1480 caeteros
578 1446 800 1476 Valentinianus.
819 1448 901 1476 Vetus
919 1449 991 1476 enim

205 1500 266 1520 mos
281 1498 340 1520 erat
358 1493 428 1527 apud
443 1494 593 1526 Romanos,
607 1499 637 1521 ut
653 1494 756 1521 tribuni
773 1493 953 1522 Jovianorum
967 1499 994 1522 et

205 1538 434 1567 ilerculianorum
459 1539 504 1574 (hi
528 1543 591 1566 sunt
616 1540 722 1567 numeri
740 1541 767 1568 in
789 1542 912 1568 exercitu
940 1541 994 1569 Ro-

206 1593 287 1613 mano
309 1586 484 1618 nobilissimi,
511 1594 628 1621 quorum
650 1587 720 1614 alter
740 1595 754 1614 a
777 1587 853 1620 Jove,
870 1588 941 1615 alter
959 1587 993 1615 ab

206 1630 323 1658 Hercule
344 1638 444 1658 nomen
469 1632 594 1666 accepit)
631 1633 824 1667 imperatorem
848 1641 954 1668 semper
978 1642 991 1660 a

206 1682 283 1712 tergo
300 1677 419 1711 prresidii
445 1684 529 1704 causa
546 1678 670 1712 proxime
693 1681 886 1713 sequerentur.
909 1678 993 1706 Cum-

206 1730 260 1758 que
285 1723 366 1750 limen
390 1723 481 1758 templi
505 1727 734 1759 trausgressurus
756 1729 839 1756 esset.
863 1725 993 1754 sacerdos

205 1768 339 1796 verbenas
362 1775 432 1803 aqua
458 1769 558 1796 tinctas
583 1777 664 1796 manu
691 1774 824 1804 gestans,
848 1771 992 1806 gentilium

206 1823 282 1842 more
298 1812 486 1850 ingredientes
497 1816 666 1850 conspersit.
683 1815 715 1842 Et
730 1824 792 1844 cum
811 1821 886 1852 gutta
901 1817 927 1844 in
944 1825 992 1845 ve-

206 1865 275 1889 stem
290 1861 474 1889 Valentiuiani
498 1861 659 1896 decidisset,
677 1863 732 1896 ille,
747 1867 842 1898 utpote
854 1863 992 1891 Christia-
1002 1893 1010 1896 _

205 1914 269 1938 nus,
292 1914 349 1933 rem
375 1907 489 1934 moleste
515 1907 597 1941 tulit,
620 1911 646 1934 et
668 1907 805 1935 sacerdoti
828 1908 875 1942 qui
902 1909 991 1944 ipsum

205 1957 358 1986 asperserat
373 1952 542 1979 conviciatus
557 1956 609 1980 est.
630 1952 715 1980 Aiunt
731 1954 812 1980 etiam
834 1954 922 1986 illum,
940 1954 992 1981 im-

204 2001 329 2031 peratore
354 1997 411 2032 ipso
434 2001 585 2032 spectante,
612 2006 671 2025 eam
695 1999 781 2027 vestis
801 2005 904 2034 partem
933 2008 993 2035 quae

204 2049 316 2076 aspersa
344 2042 452 2076 fuerat,
482 2043 650 2077 abscidisse,
670 2052 704 2072 ac
733 2045 814 2072 simul
843 2053 904 2072 cum
933 2047 991 2081 ipsa

205 2086 348 2119 aspergine
367 2087 524 2121 projecisse.
546 2087 584 2114 Ex
610 2088 655 2115 illo
674 2093 796 2123 tempore
812 2088 937 2117 Julianus
949 2091 991 2117 in-

204 2129 298 2157 fensus
317 2130 515 2164 Valentiniano,
532 2133 606 2160 haud
630 2134 716 2160 multo
737 2138 799 2169 post
814 2142 876 2162 eum
894 2143 992 2170 perpe-

203 2178 252 2200 tuo
277 2175 374 2201 exsilio
391 2175 550 2203 damnatum
564 2198 572 2210 ,
593 2177 742 2206 Melitinam
766 2179 902 2207 Armenia:
922 2181 991 2208 rele-

1006 1653 1027 1681 C

1045 1038 1139 1073 μονιας
1154 1037 1237 1070 ἄξιον.
1259 1037 1358 1072 Ἔτυχε
1381 1037 1409 1063 δὲ
1433 1037 1494 1062 τότε
1512 1036 1608 1072 παρὼν
1621 1036 1676 1062 ἀπὸ
1692 1036 1745 1070 τῆς
1762 1036 1845 1070 ὑπερ-

1043 1083 1120 1119 ορίας
1134 1083 1232 1118 φυγῆς.
1245 1083 1361 1116 Λέγεται
1374 1082 1437 1118 γὰρ.
1451 1082 1489 1114 ὼς
1499 1082 1580 1117 ἡνίκα
1595 1082 1744 1113 Ἰουλιανὸς
1760 1082 1842 1116 ἐκρά-

1042 1138 1084 1156 τει
1104 1128 1257 1164 Ῥωμαίων,
1267 1128 1513 1164 συνταγματάρχην
1524 1127 1604 1154 αὐτὸν
1614 1127 1681 1154 ὄντα
1693 1127 1742 1153 τοῦ
1761 1135 1843 1153 κατα-

1043 1175 1122 1209 λόγου
1151 1175 1206 1201 τῶν
1234 1174 1409 1209 καλουμένων
1443 1173 1599 1202 Ίοϐιανῶν.
1617 1174 1668 1208 τῆς
1697 1173 1844 1208 στρατείας

1042 1221 1195 1254 ἀπεώσατο,
1210 1221 1256 1247 καὶ
1273 1220 1349 1256 ἀϊδίῳ
1364 1221 1436 1255 φυγῇ
1453 1220 1602 1255 ὲζημίωσν
1620 1220 1764 1256 πρόφασιν
1781 1220 1842 1254 μὲν,

1043 1267 1080 1299 ὡς
1092 1267 1122 1293 οὐ
1136 1267 1248 1298 δεόντως
1264 1266 1342 1299 ἔταξε
1356 1268 1418 1298 τοὺς
1435 1267 1480 1292 ὑπ’
1495 1266 1575 1292 αὑτὸν
1590 1265 1764 1301 στρατιώτας
1776 1265 1844 1300 πρὸς

1043 1313 1106 1344 τοὺς
1123 1312 1284 1347 πολεμίους·
1301 1313 1331 1339 τὸ
1344 1312 1365 1338 δ’
1382 1311 1490 1347 ἀληθὲς,
1509 1311 1645 1338 ἐντεῦθεν·
1661 1311 1724 1337 Ἔτι
1739 1311 1843 1344 διάγων

1050 1359 1195 1390 Ἰουλιανὸς
1214 1359 1244 1386 ὲν
1267 1359 1324 1389 τοῖς
1349 1358 1417 1392 πρὸς
1439 1358 1515 1384 δύσιν
1541 1357 1697 1389 Γαλάταις,
1712 1354 1784 1393 ἧκεν
1806 1357 1844 1388 εἷς

1043 1413 1102 1431 τινα
1116 1405 1179 1431 ναὸν
1199 1405 1305 1432 θύσων·
1315 1405 1398 1439 συνῆν
1407 1403 1436 1430 δὲ
1450 1403 1525 1439 αὐτῷ
1544 1404 1593 1430 καὶ
1605 1402 1841 1434 Οὑαλεντινιανός·

1043 1450 1104 1482 ἐοος
1128 1450 1183 1486 γὰρ
1209 1450 1323 1477 παλαιὸν
1354 1449 1514 1486 Ῥωμαίοις,
1534 1450 1580 1476 τὸν
1607 1449 1763 1484 ἡγούμενον
1790 1449 1845 1475 τῶν

1043 1495 1178 1522 ἰεσιανῶν
1191 1496 1238 1523 καὶ
1257 1495 1458 1531 Ἑρκουλιανῶν
1476 1495 1617 1530 (τάγματα
1641 1495 1670 1521 δὲ
1684 1494 1773 1521 ταῦτα
1788 1494 1845 1520 τῶν

1043 1543 1072 1568 ὲν
1098 1541 1170 1577 λόγῳ
1184 1541 1367 1578 στρατιωτῶν,
1383 1541 1414 1568 τὸ
1440 1541 1489 1577 μὲν
1500 1542 1546 1576 ἀφ’
1567 1541 1752 1577 Ἡρακλέους,
1767 1541 1800 1566 τὸ
1816 1541 1845 1566 δὲ

1043 1585 1097 1612 ἀπὸ
1109 1586 1168 1617 Διὸς
1179 1585 1349 1621 λαχόντατὴν
1360 1586 1568 1622 προσηγορίαν),
1579 1586 1651 1613 κατὰ
1660 1586 1746 1612 νώτου
1758 1586 1845 1620 ἐγγὺς

1044 1630 1088 1657 ἀεὶ
1109 1630 1234 1665 φύλακας
1257 1631 1373 1658 ἔπεσθαι
1395 1631 1434 1667 τῷ
1455 1632 1569 1667 βασιλεῖ.
1582 1632 1661 1658 Ἐπεὶ
1680 1632 1708 1658 δὲ
1731 1632 1845 1667 ἔμελλεν

1044 1675 1242 1710 ὑπεραμείὸειν
1255 1676 1304 1703 τοῦ
1320 1676 1384 1703 ναοῦ
1399 1676 1446 1703 τὸν
1461 1677 1549 1710 οὐδὸν,
1562 1677 1677 1709 θαλλούς
1690 1686 1770 1709 τινας
1788 1677 1848 1703 δια-

1042 1720 1156 1756 ϐρόχους
1178 1722 1300 1756 κατέχων
1314 1723 1328 1749 ὁ
1343 1723 1441 1758 ἱερεὺς,
1454 1723 1529 1759 νόμῳ
1553 1722 1704 1758 Ἑλληνικῷ
1727 1724 1844 1759 περιέρ-

1043 1767 1118 1802 ῥαινε
1142 1767 1197 1803 (61)
1213 1768 1275 1798 τοὺς
1293 1767 1434 1800 εἰσιόντας.
1457 1767 1646 1803 Ἐκπεσούσης
1670 1768 1698 1795 δὲ
1713 1769 1845 1803 σταγόνος

1041 1812 1147 1850 ὲπὶέτὴν
1157 1812 1238 1839 αὑτοῦ
1254 1813 1365 1849 ἐσθῆτα,
1379 1813 1506 1849 χαλεπῶς
1521 1815 1638 1849 ἡνεγκεν
1652 1815 1846 1841 Οὐαλεντινια-

1043 1858 1089 1890 νὸς
1104 1867 1110 1874 ·
1127 1856 1162 1894 ἦν
1177 1859 1232 1894 γὰρ
1258 1860 1436 1895 Χριστιανός·
1452 1861 1499 1886 καὶ
1516 1860 1554 1895 τῷ
1567 1861 1686 1896 ραίνοντι
1707 1860 1847 1896 ἐλοιδορή-

1046 1912 1121 1930 σατο.
1135 1905 1204 1931 Φασὶ
1228 1905 1255 1932 δὲ
1281 1906 1329 1932 καὶ
1357 1906 1403 1932 τοῦ
1431 1906 1565 1941 βασιλέως
1587 1906 1705 1942 ὁρῶντος
1722 1927 1729 1938 ,
1744 1907 1845 1934 αὐτίκα

1045 1952 1204 1986 περιτεμεῖν
1217 1951 1264 1978 καὶ
1282 1951 1432 1987 ἀπορῤἰψαι
1454 1953 1502 1979 σὺν
1517 1953 1585 1987 αὐτῇ
1604 1953 1638 1987 τῇ
1653 1952 1753 1987 ψεκάδι
1763 1973 1770 1985 ,
1784 1953 1846 1979 ὅσον

1046 1996 1151 2032 ὲὸράχη
1170 1997 1220 2032 τῆς
1248 1996 1370 2031 ἐσθῆτος.
1394 1997 1430 2023 Τὸ
1455 1997 1483 2024 δὲ
1511 1997 1540 2030 ἐξ
1570 1997 1674 2023 ἐκείνου
1702 1997 1810 2032 μηνιῶν
1831 1998 1845 2023 ὁ

1047 2041 1203 2075 Ἰουλιανὸς,
1219 2042 1251 2068 οὐ
1269 2042 1357 2078 πολλῷ
1379 2042 1492 2078 ὕστερον
1509 2043 1687 2070 κατεδίκασεν
1699 2043 1784 2070 αὐτὸν
1797 2043 1845 2078 τὴν

1043 2090 1191 2125 Μελιτινὴν
1213 2091 1262 2126 τῆς
1285 2091 1430 2127 Ἀρμενίας
1442 2097 1463 2111 ιιι
1481 2091 1612 2126 διηνεκῶς
1637 2092 1740 2124 οἰκεῖν,
1755 2092 1845 2118 αἰτίαν

1046 2137 1232 2173 σκηψάμενος,
1256 2138 1307 2173 τὴν
1334 2138 1398 2173 περὶ
1414 2139 1477 2170 τοὺς
1503 2138 1549 2164 ὑπ’
1567 2138 1648 2165 αὐτὸν
1674 2139 1845 2174 στρατιώτας

1046 2183 1198 2219 ῥᾳστώνην.
1213 2184 1249 2211 Οὐ
1265 2185 1319 2220 γὰρ
1332 2184 1459 2211 ἐϐούλετο
1472 2184 1557 2218 δόξαι,
1569 2184 1614 2211 διὰ
1630 2185 1680 2220 τὴν
1696 2185 1845 2220 θρησκείαν

201 2219 297 2254 gavit:
324 2220 446 2248 criminis
467 2222 525 2248 loco
544 2223 688 2258 objicieus,
709 2225 782 2260 quod
809 2226 909 2254 milites
926 2234 991 2254 suos

1069 2229 1139 2261 ικῶς
1149 2230 1232 2256 αὐτὸν
1247 2219 1346 2262 ποιεῖν,
1356 2231 1399 2257 ἵνα
1426 2230 1463 2266 μὴ
1490 2231 1629 2267 μάρτυρος
1643 2219 1663 2267 ῆγ
1676 2219 1844 2268 ὁμολογητοῦ

243 2307 249 2322 '
268 2307 337 2334 Socr
352 2328 360 2342 ,
379 2308 425 2335 lib.
442 2317 478 2341 ιν,
505 2317 565 2346 cap.
584 2311 609 2340 1.

789 2391 924 2420 VALESII
940 2393 1216 2423 ANNOTATIONES.

238 2434 295 2472 (61)
315 2435 401 2468 Νόμῳ
423 2435 590 2472 Έλληνικῷ
614 2437 808 2472 περιέῤῥαινε.
836 2440 866 2466 In
897 2441 994 2469 codice

199 2468 352 2512 fuitetipr
379 2468 514 2512 scriptum
544 2468 737 2512 inveui'vé'u'cp
756 2468 990 2512 ἐκκλησιαστικῷξ

199 2505 281 2545 Quod
300 2505 404 2545 idcirco
419 2505 464 2533 hic
480 2507 572 2545 retuli,
593 2515 647 2545 non
661 2505 733 2542 quod
749 2505 915 2545 scripturam
930 2505 990 2538 eain

201 2540 313 2581 probem
326 2562 332 2572 ,
348 2541 395 2568 sed
413 2546 443 2581 ut
458 2542 601 2581 studiosus
617 2540 889 2581 lecterperspiciat,
907 2555 990 2581 quam

200 2576 386 2614 periculosum
404 2577 446 2614 sit_
457 2577 624 2614 cottjectum
640 2586 696 2605 sua:
710 2576 864 2614 indui-gere.
882 2576 990 2609 Etenim

201 2611 376 2646 antiquarios
401 2612 448 2647 qui
476 2613 600 2640 codicem
630 2613 710 2641 illum
738 2611 900 2651 descripsit,
927 2625 989 2645 cum

1047 2443 1220 2483 aspersionis
1238 2450 1315 2483 aqua:
1326 2445 1493 2483 mentionem
1502 2446 1560 2474 ﬁeri
1575 2446 1682 2475 videret
1698 2448 1751 2476 hoc
1771 2449 1839 2476 loco.

1047 2478 1074 2504 id
1099 2486 1176 2506 more
1199 2480 1391 2517 ecclesiastico
1407 2481 1509 2508 factum
1526 2490 1588 2509 esse
1605 2483 1739 2510 credidit.
1757 2484 1838 2517 Quasi

1045 2520 1101 2553 rion
1129 2518 1155 2553 et
1186 2515 1286 2553 pagani
1305 2515 1480 2553 _huj_usmodi
1512 2518 1725 2553 aspersionibus
1763 2515 1839 2553 aqua:

1045 2548 1169 2588 lustralis
1185 2548 1344 2588 “siliuerint
1360 2548 1407 2578 diu
1424 2557 1487 2579 ante
1504 2548 1671 2588 Christiana:
1699 2548 1837 2588 religionis

1045 2584 1201 2654 Ξκοηξίηιη.
1230 2584 1299 2612 Nota
1324 2592 1389 2613 sunt
1413 2591 1535 2614 veterqu
1554 2587 1714 2616 Grsecorum
1743 2584 1834 2624 τξεριρ-

1064 2627 1193 2654 αντηρια.

1064 2627 1133 2654 αντη
1140 2628 1193 2654 ρια.

894 2705 1090 2736 VARIORUM.

238 2763 258 2775 '
281 2759 340 2794 Τὴν
352 2760 517 2798 Diuma-ilv-
527 2760 762 2798 rﬁe‘Apust—lqg.
779 2760 995 2798 Philostorgius,

203 2795 250 2834 iiii.
263 2803 311 2826 vu,
327 2803 351 2834 e_.
369 2795 396 2828 7,
419 2797 460 2822 ait
486 2795 715 2834 Valentinianum
728 2796 836 2825 Thebas
852 2795 996 2834 [Egyptias

206 2830 469 2868 {pisserelegatuuu
484 2831 518 2858 At
533 2830 672 2868 Socrates,
688 2831 736 2868 lib.
756 2840 792 2864 IV,
804 2841 828 2859 ρ.
845 2836 871 2866 t,
888 2830 994 2868 inquit:

206 2864 264 2891 Etsi
289 2864 500 2894 Valentinianus
519 2874 580 2894 cum
603 2866 688 2894 fratre
713 2866 826 2896 Valente
854 2864 995 2905 cingulum

1046 2765 1168 2805 militare
1184 2766 1323 2802 deponere
1339 2769 1492 2801 maluisset,
1509 2772 1590 2805 quam
1607 2771 1687 2798 (idem
1703 2773 1831 2799 Christia-

1041 2809 1110 2841 ~nain
1132 2802 1257 2836 cjurarc;
1280 2808 1407 2842 neutrum
1425 2802 1524 2832 tatncn'
1542 2814 1556 2833 a
1574 2805 1686 2833 .luliano
1703 2808 1831 2842 dignitate

1048 2837 1182 2898 pl'liV'l-‘iium
1197 2858 1210 2900 ,Ι
1230 2846 1263 2866 cu
1289 2839 1361 2874 quod
1387 2844 1535 2876 utrumque
1559 2842 1651 2870 utilem
1679 2837 1831 2877 reip‘ubiitm

1048 2879 1075 2898 Ili
1090 2881 1103 2899 υ
1128 2880 1201 2900 more
1216 2894 1222 2900 .

1048 2879 1222 2907 intelligeret.
