1896 3074
109 142 184 171 1313

550 135 714 164 HISTORIA
735 129 1013 163 ECCLESiASTlCA.
1033 144 1068 149 —
1091 127 1156 156 ιιιι.
1177 127 1223 156 Vl.

1665 127 1734 155 15“.

106 201 238 231 ἐποίουν,
255 197 391 226 ἐπανιόντι
413 196 542 224 Οὐάλεντι
564 196 604 232 τῷ
624 195 729 232 βασιλεῖ
745 195 776 222 ἐκ
791 193 901 230 Θρᾴκης

962 189 992 217 :is
1010 188 1148 217 fecerunt.
1169 187 1223 215 Sed
1249 194 1312 214 eum
1339 186 1385 215 isti
1414 186 1525 214 minime
1548 187 1736 222 obtemperas-

105 248 141 273 ἐν
168 243 317 280 Ἡρακλείᾳ
344 242 546 278 περιτυχόντες.
567 241 765 277 Ἀποδημοῦντι
787 241 842 276 γὰρ
865 239 904 275 τῷ

105 290 219 325 ἀδελφῷ
238 290 278 321 εἰς
301 288 351 322 τὴν
367 287 554 323 πρεσϐυτέραν
579 286 690 322 Ῥώμην
705 306 712 319 ,
727 286 807 322 μέχρι
832 284 903 316 τινὸς

108 337 254 373 συνῆλθεν.
268 335 385 370 Εὺδοξίιμ
397 334 426 362 δὲ
441 335 476 362 τὰ
488 334 556 370 πρὸς
574 333 686 369 βασιλέα
700 333 747 360 καὶ
762 333 824 364 τοὺς
835 331 904 366 ἀμφ’

107 383 193 410 αὑτὸν
209 383 260 418 ἠδη
279 381 351 408 κατὰ
373 380 486 416 γνώμην
502 380 634 415 διῳκεῖτο.
649 378 847 415 Προσελθοῦσιν
858 374 904 404 οὖν

106 430 170 461 τοῖς
190 429 223 455 ἐκ
244 426 398 462 Λαμψάκου
425 425 604 461 πρεσϐευταῖς
631 424 850 460 παρεκελεύσατο
867 422 904 458 μὴ

106 473 291 510 διαφέρεσθαι
313 473 382 509 πρὸς
401 472 538 504 Easdem.
551 471 628 498 Ἐπεὶ
649 471 677 497 δὲ
699 471 824 497 ἀντεῖπον
836 490 843 502 ,
858 470 905 496 καὶ

108 521 163 557 τὴν
178 521 206 547 ἐν
219 518 503 547 Κωνσταντινουπόλει
513 517 662 552 γενομένην
678 516 795 551 ἀπάτην,
811 516 857 541 καὶ
871 514 906 542 τὰ

111 565 315 602 βεϐουλευμένα
331 564 404 591 κατὰ
413 563 467 590 τῶν
479 565 508 590 ἐν
521 562 664 597 Σελευκείᾳ
674 561 840 596 δεδογμένων
854 560 906 587 Εὐ-

109 612 194 647 δοξίῳ
217 610 391 647 ἐμέμφοντο,
408 609 531 645 κινηθεὶς
561 608 629 643 πρὸς
655 607 757 643 ὀργὴν,
771 606 835 638 τοὺς
856 606 905 641 μὲν

111 657 261 694 ὑπερορίαν
273 657 356 683 οἰκεῖν
371 654 518 690 προσέταξε
531 675 538 687 ,
553 654 601 685 τὰς
615 653 644 680 δὲ
659 652 805 688 ἐκκλησίας
817 659 906 686 παρα-

109 702 233 730 δίδοσθαι
253 702 309 733 τοῖς
330 700 403 736 ἀμφὶ
426 700 472 727 τὸν
498 700 632 732 Εὑδόξιον.
651 699 695 725 Ἐν
709 698 798 733 τούτῳ
809 698 837 724 δὲ
856 698 905 733 τὴν

112 749 216 785 Συρίαν
230 747 388 775 κατέλαϐεν.
410 746 552 782 ’Υφωρᾶτο
563 745 627 781 γὰρ,
642 746 679 780 μή
694 754 752 776 πως
766 746 790 771 οἱ
803 744 905 779 Πέρσαι

110 794 165 826 τὰς
180 794 227 820 ἐπὶ
244 793 374 820 Ἰοϐιανοῦ
395 792 545 827 γενομένας
558 792 776 827 τριακονταετεῖς
790 790 905 822 σπονδὰς

111 841 228 868 λύσωσι.
245 840 304 868 Τῶν
321 840 350 867 δέ
371 840 454 876 μηδὲν
470 838 695 874 νεωτεριζόντων,
711 839 739 864 ἐν
756 836 906 872 Ἀντιοχείᾳ

954 240 1026 267 sent,
1040 235 1163 270 episcopi
1181 234 1290 261 decreta
1313 241 1363 261 sua
1387 234 1516 262 omnibus
1533 234 1632 268 ubique
1648 234 1736 261 eccle-

954 282 1005 310 siis
1020 289 1068 316 per
1077 281 1192 308 llitteras
1209 279 1409 315 signiﬁcarunt.
1424 279 1490 307 Cum
1506 285 1596 307 autem
1611 279 1735 314 suspica-

954 330 1051 354 rentur
1063 325 1228 357 Eudoxium,
1253 329 1282 352 ut
1299 329 1357 352 erat
1376 325 1535 357 verisimile,
1553 325 1644 352 aulam
1661 325 1737 359 prin-

954 372 1023 408 cipis
1049 371 1083 398 ad
1110 375 1202 411 partes
1229 378 1296 398 suas
1319 370 1521 403 traducturum,
1548 374 1574 398 et
1597 370 1671 404 ipsos
1691 377 1738 397 ca-

954 419 1154 446 lumniaturum
1172 425 1249 451 esse;
1268 417 1417 452 praevenire
1435 417 1510 444 illum
1529 420 1693 447 statuerunt,
1709 419 1737 443 et

954 471 984 490 ea
997 470 1057 498 qum
1077 461 1221 496 Lampsaci
1237 465 1313 496 gesta
1332 465 1411 488 erant
1430 460 1562 487 indicare.
1576 459 1654 492 Quod
1674 459 1736 494 qui-

954 509 1015 536 dem
1044 508 1127 536 etiam
1154 507 1351 542 praestiterunt,
1375 506 1516 533 Valentem
1543 506 1736 540 imperatorem

955 551 1094 579 Heraclea;
1119 551 1262 583 adeuntes,
1288 557 1304 576 e
1325 549 1442 576 Thracia
1464 552 1521 575 tum
1543 553 1734 581 revertentem.

955 596 1079 623 Fratrem
1098 595 1170 622 enim
1186 593 1300 622 Romam
1319 592 1537 627 proﬁciscentem
1565 592 1737 626 aliquatenus

955 641 1102 668 comitatus
1121 639 1222 667 fuerat.
1241 637 1340 665 Verum
1359 637 1498 664 Eudoxius
1523 636 1696 671 imperatoris
1711 639 1738 661 et

955 685 1110 713 aulicorum
1136 683 1244 710 animos
1268 682 1324 717 jam
1348 682 1377 708 in
1402 681 1562 708 sententiain
1583 687 1658 707 suam
1678 686 1739 714 per—

956 734 1086 759 traxerat.
1120 729 1215 764 Itaque
1246 728 1396 763 imperator
1422 726 1525 761 legatos
1556 725 1737 760 Lampsaceni

957 776 1067 804 concilii
1092 776 1181 811 ipsum
1200 774 1333 802 adeuntes
1359 773 1484 799 hortatus
1502 775 1554 802 est,
1571 778 1605 797 ne
1627 771 1661 797 ab
1684 769 1738 796 Eu-

956 822 1038 850 doxio
1067 821 1246 849 dissiderent.
1273 819 1380 852 Quibus
1407 816 1680 848 contradicentibus,
1711 820 1740 842 et

956 868 1080 896 fraudem
1094 865 1332 900 Constantinopoli
1352 864 1464 894 iactam,
1489 862 1668 897 initaque.ab
1685 861 1740 888 Eu-

111 886 259 923 διέτριϐεν.
281 886 377 913 Ἦνίκα
398 885 430 923 δὴ
457 884 588 911 Μελετίου
614 883 663 919 μὲν
685 883 733 910 τοῦ
754 882 904 910 ἐπισκόπου

417 908 564 944 ί-υ..---π
576 939 583 944 .
601 908 670 944 $.15
678 908 732 944 [.11.
747 908 774 944 si.
786 908 832 944 ,κζ
849 927 905 944 ωλι.
956 915 1039 942 doxio
1056 914 1173 942 Consilia
1192 913 1324 940 adversus
1342 910 1498 938 Seleucenae
1519 908 1615 944 synodi
1629 908 1740 935 decreta

113 933 265 969 ὑπερορίαν
282 931 369 968 φυγὴν
383 931 542 959 κατεδίκασε
551 934 565 948 ³³
576 939 583 946 ·
601 929 732 956 Παυλίνου
747 928 775 955 δέ
786 928 832 955 τὸν
849 927 905 963 βίον

112 963 261 1011 αἰδεσθεὶς,
279 963 416 1014 ἐφείσατο.
429 977 497 1009 Τοὺς
513 976 542 1003 δέ
554 975 667 1010 Εὐζωῖῳ
684 975 722 1010 μὴ
744 973 904 1002 κοινωνοῦν-

962 970 1164 1007 )bjicientibus,
1179 969 1328 1003 imperator
1349 966 1389 994 ira
1404 972 1567 998 succensus,
1585 964 1648 991 illos
1679 963 1742 997 qui-

114 1033 167 1057 τας
182 1044 190 1057 ,
204 1008 260 1051 τῶν
282 1008 435 1058 ἐκκλησιῶν
462 1008 615 1056 ἀπήλαυνεν
629 1039 637 1053 ,
653 1008 700 1054 ἐἰς
715 1008 854 1056 ’χρήματά
875 1027 906 1046 τε

962 1017 1017 1044 iem
1035 1017 1111 1044 abire
1133 1016 1161 1042 in
1184 1013 1311 1042 exsilium
1332 1011 1426 1047 jussit,
1444 1011 1577 1038 ecclesias
1604 1016 1668 1036 vero
1687 1008 1741 1034 Eu-

115 1054 243 1107 ὲζημὶου,
260 1070 308 1097 καὶ
317 1054 437 1106 ᾑκίξετο,
451 1068 499 1095 καὶ
513 1054 601 1099 άλλως
612 1054 751 1102 ἐπέτριϐεξ
772 1054 787 1056 ἡ

962 1062 1090 1090 doxianis
1116 1059 1199 1087 tradi.
1221 1058 1288 1086 Post
1313 1058 1371 1085 haec
1398 1057 1549 1092 imperator
1577 1055 1604 1082 in
1633 1054 1741 1090 Syriam

117 1117 251 1153 perrexit.
276 1116 428 1144 Verebatur
443 1115 516 1142 enim
549 1121 583 1142 ne
605 1113 697 1141 Persa!
717 1113 828 1148 triginta
844 1117 978 1139 annorum
1006 1107 1140 1139 inducias,
1163 1113 1233 1141 quas
1262 1112 1325 1132 cum
1357 1103 1474 1130 Joviano
1508 1101 1580 1136 pacti
1617 1100 1740 1132 fuerant,

116 1145 288 1197 rumperent.
315 1160 369 1189 Sed
394 1167 457 1188 cum
473 1158 568 1186 Persae
587 1158 656 1186 nihil
691 1145 866 1185 novi-moliti
904 1157 1007 1186 essent,
1049 1150 1206 1179 Antiochiae
1231 1147 1367 1176 consedit.
1394 1147 1455 1179 Quo
1478 1145 1589 1180 quidem
1616 1149 1740 1179 tempore

118 1209 257 1238 ueletiam
288 1207 448 1242 episcopum
477 1204 580 1233 exsilio
611 1203 762 1232 damnavit.
791 1202 908 1230 Paulino
927 1204 1018 1227 autem
1055 1196 1202 1233 pepercit,
1223 1195 1287 1222 vita:
1312 1194 1387 1221 illius
1408 1191 1618 1219 sanctimoniam
1641 1189 1742 1217 reveri-

119 1259 176 1284 tus.
193 1254 247 1282 Eos
259 1257 349 1280 autem
362 1253 410 1287 qui
434 1258 496 1280 cum
515 1250 620 1278 Euzoio
639 1256 694 1276 non
727 1248 977 1277 communicarent,
998 1243 1123 1271 ecclesiis
1147 1241 1267 1277 expulit,
1292 1244 1319 1268 et
1349 1239 1448 1274 partim
1486 1236 1610 1272 pecuniis
1643 1235 1742 1262 multa-

119 1303 180 1337 vit,
205 1301 305 1337 partim
336 1299 480 1327 tormentis
508 1297 609 1330 ati‘ecit,
639 1299 686 1324 aut
713 1295 776 1324 aliis
805 1294 894 1323 modis
920 1291 1038 1321 vexavit.

418 1354 544 1382 ΚΕΦΑΛ.
560 1355 603 1381 H'.

120 1403 191 1438 Περὶ
202 1402 256 1437 τῆς
270 1400 457 1438 ᾀποᾳταονζας
472 1399 639 1438 ῌροκοηριξ
665 1399 715 1438 καὶ
734 1397 906 1438 παραδόξῳ

157 1431 315 1471 ξελρὺῗτῆς·
328 1436 372 1464 ἔτι
387 1431 486 1471 deﬁat
494 1431 564 1471 περὶ
582 1434 741 1471 ξΕλευσέου
755 1431 807 1471 τοῦ
823 1431 907 1471 ιςυζτι-

159 1482 225 1504 κου,
245 1467 296 1499 udi
318 1470 467 1505 Εὐνομιου
488 1467 539 1496 τοῦ
559 1468 705 1504 αἱρετικοῦ
717 1476 725 1484 ⁸
749 1467 799 1495 καὶ
827 1467 907 1500 ὅπως

159 1510 212 1536 τὸν
229 1506 387 1534 Ἐλεύσιον
403 1504 566 1537 διεδέξατο.

159 1553 256 1587 Γέγονε
270 1551 292 1578 δ’
305 1551 338 1578 ἂν
353 1550 423 1582 τότε,
445 1549 483 1581 ὠς
498 1548 644 1583 συμϐαλεῖν
663 1547 731 1579 ἐστι,
745 1547 793 1574 καὶ
805 1546 908 1573 τούτων

119 1578 270 1634 δεινότερα,
284 1597 308 1624 εἰ
322 1597 358 1633 μὴ
373 1597 387 1623 ό
401 1578 637 1630 κατὰ-Προκόπιον
651 1593 766 1620 ἐπέλαϐε
781 1592 908 1627 πόλεμος.
923 1578 944 1608 c

121 1643 301 1679 Tupavv'ljoag
318 1641 372 1676 γὰρ
391 1641 420 1667 ἐν
433 1638 730 1670 Κωνσταντινουπόλει,
745 1638 791 1664 καὶ
809 1637 908 1672 πολλὴν

122 1691 155 1716 ἐν
172 1688 268 1724 βραχεῖ
281 1687 369 1722 χρόνῳ
389 1684 518 1721 στρατιὰν
535 1684 675 1720 ἀθροισας,
695 1682 825 1718 ἠπείγετο
838 1681 909 1709 κατὰ

123 1734 283 1766 Οὐάλεντος.
305 1733 336 1759 '0
351 1732 390 1765 δὲ,
411 1732 443 1758 ἐκ
457 1731 507 1766 τῆς
525 1729 624 1765 Συρίας
638 1729 746 1762 ἐλάσας,
762 1727 909 1763 συμϐάλλει

122 1780 202 1816 αὐτῷ
213 1780 278 1815 περὶ
296 1778 446 1806 Νακόλειαν
459 1776 509 1812 τῆς
522 1775 642 1811 Φρυγίας
657 1775 734 1802 πόλιν
747 1782 755 1790 ⁸
781 1773 910 1809 προδοσίᾳ

123 1836 156 1854 τε
178 1825 326 1861 Ἀγέλωνος
350 1824 397 1851 καὶ
414 1821 557 1858 Γωμαρίου
573 1820 627 1848 τῶν
640 1819 722 1848 αὐτοῦ
751 1819 911 1855 στρατηγῶν

124 1873 291 1908 ζωγρήσας,
314 1869 395 1897 αὐτόν
421 1877 451 1895 τε
482 1868 530 1895 καὶ
550 1867 613 1899 τοὺς
637 1866 768 1902 προδότας
788 1865 911 1897 ἐλεεινῶς

126 1918 228 1946 ἀνεῖλε.
243 1916 312 1947 Τοὺς
327 1916 375 1951 μὲν
389 1914 445 1950 γὰρ
458 1913 576 1948 λέγεται,
592 1913 693 1948 καίπερ
707 1913 808 1939 εὐνοεῖν
819 1911 911 1944 αὐτοῖς

125 1965 238 2000 ὀμόσας,
251 1962 342 1999 πρίοσι
352 1961 411 1997 διχῆ
422 1960 527 1987 διελεῖν·
539 1959 690 1995 Προκοπίου
703 1959 731 1985 δέ
741 1957 787 1985 δύο
795 1958 912 1993 δένδροις

127 2010 180 2037 οὑκ
198 2008 253 2036 ἀπὸ
274 2007 372 2034 πολλοῦ
393 2006 517 2033 διεστῶσι
534 2004 754 2040 κατακαμφθεῖσι
778 2003 847 2039 πρὸς
862 2002 921 2039 τὴν

128 2054 264 2088 ἑκατέραν
276 2052 334 2088 (65)
355 2052 477 2087 ἐκατέρῳ
497 2050 575 2086 φυτῷ
594 2049 718 2086 προσῆψε
741 2049 846 2082 σκέλος,
865 2048 913 2075 καὶ

129 2099 235 2134 ἀφῆκεν
247 2097 444 2134 ἀνεγείρεσθαι·
465 2096 500 2124 τὰ
515 2096 554 2129 δέ,
565 2095 634 2131 πρὸς
645 2095 694 2131 τὴν
708 2094 809 2130 συνήθη
820 2094 914 2121 στάσιν

129 2143 326 2180 ὰνορθωθέντα,
341 2142 471 2170 διέσπασε
483 2141 529 2170 τὸν
543 2141 695 2177 ἄνθρωπον.
710 2139 788 2167 Ἐπεὶ
798 2140 828 2167 δὲ.
838 2139 914 2171 τέλος

130 2190 209 2226 ἔσχεν
223 2191 237 2217 ό
252 2189 387 2225 πόλεμος,
411 2185 478 2225 ἧκεν
496 2188 536 2220 εις
551 2187 668 2214 Νίκαιαν
682 2194 690 2202 ·
717 2186 746 2213 ἐν
766 2185 868 2221 ἡσυχίᾳ
883 2194 914 2212 τε

130 2235 260 2272 γεγονὼς,
274 2233 351 2267 αὖθις
365 2234 497 2271 ἐτάραττε
509 2233 572 2266 τοὺς
586 2233 634 2268 οὐχ
647 2232 748 2268 ὁμοίως
760 2231 835 2268 αὐτῷ
849 2231 914 2267 περὶ

1217 1343 1299 1379 229
1317 1342 1394 1370 CAP.
1411 1340 1482 1368 vm.

957 1391 997 1420 De
1010 1391 1134 1426 Procopii
1145 1391 1287 1426 defectione
1301 1394 1325 1416 et
1340 1386 1486 1426 miserabili
1497 1385 1614 1426 interitu:
1629 1383 1695 1426 Item
1710 1383 1743 1426 de

995 1419 1101 1454 Eleusio
1116 1419 1351 1467 Cyzigeiio._deque
1374 1422 1502 1462 Eunomia
1517 1419 1703 1451 literature/ia,
1717 1422 1743 1446 et

993 1465 1121 1497 quomodo
1136 1460 1159 1487 ὅσ
1178 1460 1284 1487 Eleusiu
1300 1460 1462 1485 successerit.

994 1550 1034 1577 Ac
1047 1549 1181 1584 profecto,
1194 1553 1224 1575 ut
1235 1547 1374 1581 conjicere
1385 1545 1464 1580 licet.
1477 1544 1521 1572 bis
1538 1542 1664 1579 graviora
1679 1547 1744 1570 tunc

961 1595 1092 1630 temporis
1107 1594 1226 1622 fuissent
1240 1594 1407 1628 perpetrata,
1424 1590 1478 1618 nisi
1496 1590 1598 1617 bellum
1616 1587 1744 1623 Procopii

962 1641 1176 1676 supervenisset.
1202 1638 1270 1666 Nam
1304 1645 1366 1665 cum
1402 1637 1452 1664 iste
1481 1634 1652 1671 tyrannidem
1674 1634 1746 1661 arri-

963 1686 1069 1721 puisset
1088 1683 1338 1718 Constantinopoli,
1358 1689 1389 1709 ac
1411 1681 1489 1709 brevi
1513 1680 1645 1715 temporis
1657 1680 1745 1714 spatio

962 1732 1098 1759 maximas
1111 1731 1206 1765 copias
1221 1729 1273 1756 sibi
1290 1731 1489 1763 comparasset,
1503 1726 1636 1754 adversus
1648 1725 1745 1753 Valen-

963 1780 1017 1804 tem
1041 1775 1194 1803 contendit.
1222 1773 1323 1801 Valens
1344 1773 1427 1808 igitur
1451 1780 1466 1800 e
1490 1771 1569 1807 Syria
1593 1772 1745 1807 digressus,

962 1823 1040 1858 juxta
1065 1821 1205 1849 Nacoliam
1233 1820 1340 1847 urbem‘
1357 1818 1498 1853 Phrygiae,
1524 1825 1588 1846 cum
1611 1817 1747 1852 Procopio

963 1873 1074 1894 manum
1089 1865 1239 1893 conseruit.
1255 1864 1341 1897 Quem
1355 1862 1479 1898 Agilonis
1500 1866 1527 1889 ot
1543 1862 1678 1889 Gomoarii
1695 1863 1747 1890 du-

965 1919 1027 1939 cum
1054 1911 1142 1947 ipsius
1165 1909 1338 1946 proditione.
1363 1909 1453 1937 vivum
1478 1915 1541 1935 cum
1561 1908 1695 1942 cepisset,
1719 1911 1748 1935 et

964 1957 1054 1992 ipsum
1073 1960 1102 1985 et
1117 1956 1272 1992 proditores
1287 1955 1347 1990 ejus
1363 1953 1514 1981 miserabili
1534 1953 1631 1980 mortis
1647 1960 1747 1988 genere

965 2002 1113 2031 interfecit.
1129 2002 1185 2029 Hos
1199 2001 1285 2034 enim,
1303 2000 1367 2027 licet
1384 2007 1414 2028 se
1427 1999 1482 2026 illis
1498 1993 1567 2026 bene
1582 1999 1652 2026 velle
1670 1998 1746 2033 jure-

963 2048 1082 2085 jurando
1103 2047 1281 2079 aﬂirmasset,
1307 2045 1414 2085 medios
1428 2052 1505 2073 serra
1521 2044 1690 2071 dissecuisse
1705 2044 1747 2071 di-

965 2084 1048 2122 citur.
1062 2093 1192 2129 Procopii
1207 2100 1272 2121 vero
1284 2099 1376 2124 crura,
1390 2084 1498 2119 duabus
1517 2090 1663 2121 arboribus
1674 2089 1745 2116 haud

965 2141 1062 2176 procul
1076 2148 1092 2168 a
1107 2139 1265 2168 seinvicem
1280 2137 1445 2166 distantibus
1459 2136 1494 2164 ad
1512 2140 1612 2163 terram
1627 2135 1746 2168 inﬂexis,

966 2187 1082 2214 alterum
1098 2185 1177 2213 alteri
1195 2184 1289 2212 arbori
1304 2183 1427 2220 alligavit
1446 2191 1453 2209 :
1468 2190 1501 2210 ac
1515 2190 1611 2209 rursus
1632 2181 1751 2211 arbores

967 2232 996 2259 in
1012 2230 1130 2258 sublime
1146 2229 1212 2265 erigi
1232 2229 1365 2265 permisit.
1380 2227 1446 2261 Quae
1460 2234 1523 2256 cum
1544 2226 1576 2253 ad
1595 2225 1747 2252 naturalem

130 2261 162 2310 $8
169 2261 248 2309 bra-iov-
451 2261 831 2316 'Tﬂepwbc3Cf8é-éxal-éMtve
844 2261 913 2305 κατὰ

966 2277 1114 2305 stationem
1131 2279 1346 2307 reverterentur,
1369 2274 1508 2301 hominem
1531 2272 1746 2306 discerpserunt.

129 2329 185 2356 τῶν
201 2329 231 2355 ἐν
253 2327 397 2362 Λαμψάκῳ
410 2325 599 2359 συνελθόντων,
621 2323 715 2351 καθότι
736 2323 783 2351 καὶ
803 2323 866 2355 τοὺς
880 2322 915 2350 τὰ

137 2373 244 2409 ’Λρείου
255 2371 417 2408 φρονοῦντας
431 2369 603 2401 ἐπισκόπους,
617 2369 664 2396 καὶ
675 2367 725 2404 τὴν
738 2369 767 2395 ἐν
777 2368 915 2404 Ἀριμήνῳ

131 2419 200 2455 περὶ
217 2418 265 2454 τῆς
285 2418 403 2450 πίστεως
426 2415 582 2444 ἐκτεθεῖσαν
600 2414 708 2451 γραφὴν
727 2414 913 2450 ἀπεκήρυξαν.

967 2322 1099 2351 Confecto
1113 2322 1166 2350 hoc
1178 2321 1250 2349 bello
1266 2321 1365 2348 Valens
1377 2319 1497 2347 Niczeam
1511 2317 1597 2346 venit.
1623 2317 1748 2352 Cumque

965 2369 1023 2403 jam
1046 2368 1074 2395 in
1095 2368 1186 2403 quiete
1204 2371 1232 2395 et
1257 2367 1314 2395 otio
1332 2366 1453 2402 degeret,
1472 2372 1520 2393 eos
1543 2364 1588 2398 qui
1605 2371 1658 2390 non
1676 2363 1747 2390 idem

968 2423 1030 2443 cum
1057 2415 1118 2450 ipso
1137 2415 1171 2442 de
1186 2413 1336 2441 Divinitate
1354 2413 1499 2444 sentirent,
1520 2410 1633 2438 turbare
1649 2409 1748 2437 iterum

714 2507 850 2536 VALESII
884 2507 1106 2538 ANNOTATIO‘N
1110 2508 1162 2537 ES.

169 2580 225 2616 (65)
241 2579 414 2616 Πρὸς-τὴν...
434 2579 587 2616 ἑκατέραν.
608 2577 685 2605 Hunc
694 2578 789 2616 locum
804 2577 855 2616 levi
872 2585 924 2616 ne-

134 2612 221 2654 gotio'
240 2612 335 2654 sanavi
355 2612 416 2654 ;lioc
435 2613 516 2654 modo
540 2612 761 2654 xagqxaptpgeiot
770 2613 842 2654 33qu
856 2613 920 2654 γῆν,

132 2647 264 2686 ξκάτερον
283 2649 405 2685 ἐκατέρῳ
417 2648 493 2684 φυτῷ
507 2648 630 2684 προσῆψε
652 2647 756 2680 σκέλος.
770 2647 844 2675 Nihil
867 2647 918 2675 hac

976 2578 1168 2606 emendatione
1194 2577 1315 2608 certius,
1340 2581 1421 2609 quam
1441 2580 1474 2600 ex
1501 2576 1577 2608 parte
1607 2569 1749 2598 conﬁrmat

973 2614 1143 2649 Nicephorus
1158 2613 1185 2640 in
1202 2613 1272 2640 libro
1287 2618 1317 2643 ιι,
1333 2617 1392 2644 cap.
1407 2609 1433 2635 4.

842 2722 1037 2763 νΑιιιοιιυιι.

169 2786 183 2802 α
207 2782 306 2810 Ἠν-[κα
333 2782 371 2817 δὴ
397 2782 541 2810 Μελετίου
558 2781 617 2816 μὲν
639 2780 800 2817 ὑπερορίας
815 2780 917 2817 φυγὴν

134 2817 324 2845 κατεδίκασε.
345 2815 413 2846 Cum
436 2818 515 2845 initio
531 2815 639 2844 tantum
662 2816 726 2842 anui
749 2815 801 2842 572
817 2815 916 2843 Valens

135 2853 308 2880 Antiochiam
324 2853 488 2888 pervenerit,
512 2855 574 2880 ante
588 2859 648 2879 eum
667 2858 767 2879 annum
791 2849 914 2878 Mcletius

970 2779 1159 2808 Antiochenus
1173 2776 1318 2812 episcopos
1331 2774 1358 2802 in
1372 2772 1497 2812 easilium
1510 2779 1565 2799 non
1576 2768 1749 2798 amandatus.

969 2816 1033 2844 Ant.
1049 2814 1123 2848 PAGI,
1138 2813 1171 2840 ad
1188 2809 1252 2839 ann.
1266 2809 1328 2842 370,
1346 2817 1374 2837 ιι.
1388 2809 1433 2836 28.
