1896 3074
195 125 264 153 1515

893 119 1066 150 SOZOMENI

1771 117 1852 145 Ιῖίδ

194 190 344 219 aggressus
359 185 413 210 est.
436 181 579 216 Praecipue
599 187 663 208 vero
684 180 717 208 iis
735 181 915 208 succensebat.
934 180 979 215 qui

1036 179 1112 207 Οὕτω
1123 179 1151 206 δὲ
1164 178 1234 214 ἔχων
1243 179 1338 214 ὀργῆς.
1351 178 1411 212 ἄγει
1424 178 1456 205 ὲκ
1467 177 1517 212 τῆς
1532 176 1657 209 Κυζίκου
1669 173 1843 201 13.55am-

195 229 339 264 l.ampsaci
368 231 573 258 convenerant,
599 234 632 255 eo
661 227 735 261 quod
762 227 906 262 episcopos
934 227 980 262 qui

195 275 253 301 Arii
278 274 433 310 opinionem
469 273 671 307 sequebantur,
696 277 722 299 et
747 271 893 298 formulam
919 272 981 299 ﬁdei

195 328 256 355 quae
273 320 386 347 Arimini
406 319 492 346 fuerat
513 318 650 353 exposita,
665 319 907 345 condemnassent.
925 318 981 345 Hu-

193 365 315 401 jusmodi
338 366 376 392 ira
403 371 553 392 succensus
575 364 713 392 Eleusium
737 364 771 391 ab
793 364 860 391 urbe
883 365 981 399 Cyzico

195 413 322 439 accersit.
346 411 378 438 Et
394 412 585 447 episcoporum
601 411 766 437 Arianorum
783 411 899 438 collecto
915 419 981 438 eon-

195 457 269 488 cilio,
287 457 401 483 invitum
425 464 522 492 cogere
539 463 601 483 eum
625 457 725 491 erepit,
751 460 781 482 ut
798 464 860 483 cum
878 456 933 483 illis
953 456 981 483 ln

194 503 317 531 doctrina
338 503 399 530 iidci
425 502 604 530 consentiret.
631 503 665 528 At
691 502 751 534 ille,
773 502 854 528 initio
871 502 980 536 quidem

195 549 306 576 restitit.
336 549 435 576 Postea
461 555 527 575 vero
550 547 677 575 exsiliunt
702 551 729 575 et
749 547 980 582 proscriptionem

195 595 330 622 bonorum
346 593 528 620 reformidans
543 602 549 618 :
566 594 622 620 lucc
635 593 708 620 enim
728 593 874 628 imperator
887 593 911 619 ci
928 593 980 620 mi-

195 640 312 666 nabatur
330 639 383 666 nisi
408 639 563 674 paruisset;
591 638 655 665 fecit
675 639 748 673 quod
771 639 978 674 imperabatur,

195 684 343 719 statimque
368 684 457 719 ipsum
483 683 548 710 facti
568 683 610 710 sui
637 683 775 718 paenituit.
801 683 833 710 Et
850 683 979 719 Cyzicum

195 737 334 762 reversus,
358 732 500 764 peccatum
519 737 598 756 suum
621 729 711 764 palam
734 729 762 756 in
781 730 897 757 ecclesia
910 737 980 756 con-

195 774 287 803 fessus
303 780 355 807 est,
372 775 555 809 hortatusque
578 778 608 801 ut
632 775 748 802 alterum
765 783 816 802 suo
841 776 902 803 loco
920 776 980 811 epi-

193 830 307 856 scopum
323 822 501 849 ordinarent:
520 828 607 855 neque
622 821 693 847 enim
716 820 758 848 fas
784 829 856 855 esse,
879 825 908 848 ut
923 821 980 856 ipse

193 867 312 902 amplius
337 866 495 895 sacerdotio
525 866 696 902 fungeretur,
723 866 825 902 quippe
851 867 898 902 qui
923 875 979 895 sua:

194 913 256 941 ﬁdei
272 914 396 948 proditor
412 913 576 941 exstitisset.
594 912 692 940 Verum
708 912 848 948 Cyziceni,
865 920 927 940 cum
944 912 979 940 ob

193 959 255 986 vitm
269 959 329 994 ejus
341 959 526 994 integritatem
539 958 670 994 singulari
685 966 746 986 eum
759 958 934 986 observantia
947 966 979 986 ac

194 1005 384 1032 benevolentia
406 1009 656 1040 prosequerentur,
683 1005 798 1032 alterum
819 1006 979 1041 episcopum

193 1051 295 1078 habere
310 1051 465 1078 noluerunt.
478 1051 544 1083 Quae
555 1059 616 1078 cum
632 1050 773 1078 Eudoxius
787 1053 978 1086 comperisset,

193 1098 239 1132 qui
255 1098 418 1125 Arianorum
433 1100 515 1124 secta:
529 1102 644 1132 przcerat
660 1097 910 1132 Constantinopoli,
926 1097 981 1125 Eu-

195 1145 316 1171 nomium
336 1143 429 1178 Cyzici
447 1143 607 1178 episcopum
630 1143 775 1170 ordinavit.
803 1142 882 1170 llunc
906 1144 980 1171 enim

194 1192 288 1222 utpote
305 1187 432 1214 facundia
447 1187 604 1222 pollentem,
618 1187 768 1222 Cyzicenos
783 1187 810 1214 in
827 1195 903 1215 suam
917 1196 982 1215 sen-

194 1233 308 1260 tentiam
339 1233 480 1261 suadendo
509 1233 588 1260 facile
612 1233 809 1268 perducturum
842 1234 980 1268 sperabat.

1032 225 1079 252 καὶ
1101 225 1236 260 ὁμοδόξων
1262 224 1338 260 αὐτῷ
1362 224 1518 251 ἐπισκόπων
1542 223 1676 256 σύλλογον
1705 220 1850 251 καθίσας,

1032 271 1156 303 ἐϐιάζετο
1172 272 1309 298 κοινωνεῖν
1330 271 1420 301 αὐτοῖς
1445 270 1496 304 τῆς
1517 270 1649 299 πίστεως.
1682 267 1718 293 Ὀ
1741 266 1791 298 δὲ,
1816 266 1851 292 τὰ

1031 317 1129 352 πρῶτα
1143 317 1273 353 ἀνδρείως
1283 316 1434 344 ἀντέτεινεν
1446 324 1453 330 ·
1471 315 1622 351 ὑπερορίαν
1634 314 1664 340 δὲ
1682 313 1788 348 φυγὴν
1799 312 1849 338 καὶ

1031 366 1079 400 τῆς
1095 365 1189 397 οὐσίας
1207 365 1350 399 ἀφαίρεσιν
1362 364 1452 395 δείσας
1477 362 1582 398 (ταῦτα
1595 363 1652 397 γὰρ
1663 360 1791 396 ἠπείλει
1808 360 1847 394 μὴ

1031 410 1208 446 πειθομένῳ),
1223 410 1254 436 τὸ
1267 409 1434 445 προσταχθὲν
1453 408 1574 443 ἐποίησε.
1592 407 1650 434 Καὶ
1663 406 1757 437 εὐθὺς
1780 413 1847 439 μετ-

1032 457 1155 491 εμελεῖτο
1167 464 1174 471 ·
1196 455 1352 482 ἐπανελθών
1368 463 1399 481 τε
1422 455 1462 486 είς
1475 454 1610 486 Κύζικον,
1638 452 1772 487 δημοσίᾳ
1795 452 1847 485 τὴν

1031 502 1168 538 ἁμαρτίαν
1183 502 1229 528 ὲπὶ
1252 501 1302 536 τῆς
1324 500 1471 535 ἐκκλησίας
1489 499 1641 534 ἐξήγγειλε,
1659 497 1713 524 καὶ
1737 497 1845 531 ἕτερον

1031 548 1181 574 ἐπίσκοπον
1201 547 1364 582 χειροτονεῖν
1390 544 1598 581 παρεκελεύετο.
1632 541 1754 569 Ἑαυτὸν
1786 542 1846 576 γὰρ

1033 593 1156 628 ἱερᾶσθαι
1184 592 1221 628 μὴ
1245 592 1395 627 προσήκειν
1419 591 1477 623 ἔτι,
1502 590 1539 621 ὡς
1563 589 1665 616 οίκείου
1692 588 1844 622 δόγματος

1031 638 1163 673 προδότην
1175 637 1330 672 γενόμενον.
1342 635 1492 671 Κυζικηνοὶ
1505 635 1543 666 δὲ,
1559 634 1630 660 αἰδοῖ
1645 633 1698 666 τῆς
1713 631 1768 658 τοῦ
1788 632 1841 658 ἀν‹

1030 684 1092 718 δρὸς
1109 683 1244 714 πολιτείας
1266 682 1338 709 εὖνοι
1359 681 1514 716 ταμάλιστα
1535 679 1611 714 αὐτῷ
1629 678 1838 712 τυγχάνοντες,

1030 730 1124 765 ἕτερον
1146 729 1217 765 ἐχειν
1230 728 1378 756 ἐπίσκοπον
1393 728 1442 763 οὺχ
1457 727 1569 754 εἴλοντο.
1595 725 1673 752 Ἐπεὶ
1689 725 1721 751 δὲ
1739 723 1838 750 ταῦτα

1030 777 1154 810 Εὐδόξιος
1175 777 1247 811 ἔγνω
1270 777 1284 802 ὀ
1300 777 1328 803 ἐν
1344 773 1627 802 Κωνσταντινουπόλει
1643 772 1696 807 τῆς
1718 770 1837 805 Ἀρείου

1030 822 1108 857 δόξης
1123 821 1271 857 προεστὼς,
1288 822 1435 857 χειροτονεί
1449 820 1582 855 Εὐνόμιον
1596 823 1608 837 ο
1629 819 1680 854 τῆς
1702 817 1835 849 Κυζίκου

996 861 1015 888 Β
1029 868 1187 895 ἐπίσκοπον.
1209 868 1289 903 ᾯετο
1301 867 1355 903 γὰρ
1370 867 1450 894 αὐτὸν
1462 866 1547 893 δεινὸν
1569 865 1636 892 ὄντα
1649 864 1761 898 λέγειν.
1780 862 1835 890 τινὶ

1031 913 1120 940 πειθοῖ
1131 913 1185 948 (66)
1205 913 1304 948 ῥᾳδίως
1317 913 1385 949 πρὸς
1397 913 1428 939 τδ
1443 913 1540 939 οἰκεῖον
1554 911 1643 946 δόγμα
1657 911 1724 941 τοὺς
1742 908 1834 941 Κυζι-

1029 961 1129 996 κηνοὺς
1140 959 1353 994 ὲφελκύσασθαι.
1372 959 1415 990 Ὧς
1426 959 1454 986 δὲ
1469 959 1507 990 είς
1518 958 1639 990 Κύζικον
1653 955 1833 991 παρεγένετο

1031 1004 1224 1040 προστάγματι
1246 1004 1388 1039 βασιλέως,
1410 1003 1547 1030 Ἐλευσίου
1571 1002 1730 1036 ἐξελθόντος
1760 1001 1831 1035 (67).

1030 1053 1079 1084 τὰς
1105 1053 1198 1079 ἐνθάδε
1235 1052 1384 1087 ἐκκλησίας
1416 1051 1558 1086 κατέσχεν.
1581 1050 1614 1076 Οί
1637 1049 1666 1075 δὲ
1693 1049 1832 1082 Ἐλευσίῳ

1029 1097 1202 1133 πειθόμενοι,
1225 1098 1368 1133 εὐκτήριον
1385 1095 1459 1124 οἷκον
1482 1097 1535 1130 ἔξω
1552 1095 1830 1124 κατασκευάσαντες.

1030 1143 1084 1179 πρὸ
1106 1144 1156 1179 τῆς
1181 1143 1285 1175 πόλεως
1314 1142 1503 1178 ἐκκλησίαζον.
1536 1141 1673 1176 Εὑνομίου
1705 1140 1761 1175 μὲν
1784 1137 1832 1165 οὖν

1031 1189 1105 1225 πέρι,
1129 1189 1177 1216 καλ⁸
1202 1190 1252 1225 τῆς
1267 1189 1412 1225 ὁμωνύμου
1432 1188 1534 1216 τούτων
1551 1187 1700 1224 αἱρέσεως,
1727 1185 1831 1221 μικρὸν

1031 1235 1144 1272 ὕστερον
1158 1235 1224 1270 ἐρῶ.

197 1280 352 1307 Eunomius
373 1279 466 1314 itaque
491 1286 554 1306 cum
592 1279 712 1321 venisset
739 1279 869 1315 Cyzicum
884 1300 891 1313 ,
918 1280 998 1315 juxta
1035 1282 1210 1317 imperatoris
1235 1286 1402 1318 praeceptum
1426 1280 1576 1310 excedente
1599 1280 1679 1307 illinc
1701 1279 1829 1311 Eleusin,

193 1326 324 1353 ecclesias
348 1325 503 1359 occupavit.
528 1324 609 1360 230
630 1325 651 1352 li
671 1332 737 1353 vero
761 1326 808 1360 qui
826 1325 971 1360 Eleusium
993 1328 1179 1362 sectabantur,
1204 1334 1284 1357 extra
1304 1329 1401 1357 urbem
1434 1331 1593 1355 constructa
1627 1327 1765 1357 ecclesia,
1792 1326 1829 1352 ibi

193 1373 325 1400 collectas
337 1375 463 1406 egerunt.
491 1371 544 1399 Sed
560 1372 594 1399 de
610 1372 756 1405 Eunomia,
772 1379 805 1400 ac
824 1373 859 1400 de
880 1373 978 1402 haeresi
999 1382 1058 1410 quae
1076 1377 1111 1403 ab
1125 1376 1174 1403 illo
1187 1376 1381 1412 cognominata
1401 1379 1453 1407 est,
1471 1375 1555 1410 paulo
1586 1378 1686 1409 postca
1722 1374 1828 1401 dicam.

511 1417 593 1449 .CAP.
614 1417 660 1445 IX.

196 1464 414 1500 Quamqgravite‘r’
423 1465 509 1500 vexati
523 1465 576 1500 sint
594 1473 623 1491 eo
637 1469 758 1497 tempore,
772 1465 817 1500 qui
832 1465 911 1500 ﬁdem
926 1465 978 1492 Ni-

229 1499 295 1526 camt'
310 1498 414 1539 concilii
429 1499 631 1533 proﬁtebantur,
647 1499 714 1527 etde
734 1498 977 1535 Agelio'Noualia-

230 1541 324 1561 norum
337 1541 468 1567 episcopo.

230 1579 331 1607 Eodem
350 1579 432 1607 modo
450 1580 581 1615 exagitati
604 1584 670 1607 sunt
684 1581 767 1608 etiam
785 1581 815 1613 ii,
839 1581 885 1616 qui
908 1581 980 1609 Con-

196 1625 376 1660 stantinopoli
394 1625 472 1652 iidem
491 1625 592 1652 Nicami
609 1626 722 1654 concilii
737 1627 934 1661 sequebantur,
953 1632 981 1655 et

197 1679 250 1698 una
265 1679 328 1698 cum
340 1672 396 1699 illis
410 1671 553 1698 Novatiani
564 1672 584 1698 ‘.
598 1671 665 1698 Nam
680 1679 776 1700 omnes
791 1673 901 1707 quidem
915 1673 982 1701 urbe

194 1717 278 1751 ejici,
302 1716 516 1744 Novatianorum
542 1724 608 1743 vero
627 1717 710 1744 etiam
732 1718 865 1746 ecclesias
891 1717 981 1745 claudi

197 1763 347 1797 imperator
368 1763 507 1797 praecepit.
524 1762 577 1788 Alii
590 1762 663 1789 enim
685 1769 740 1789 non
755 1762 893 1790 habebant
909 1762 981 1797 quod

195 1809 351 1840 clauderet;
369 1808 470 1842 quippe
484 1807 540 1842 jam
555 1808 659 1843 pridem
673 1812 806 1842 regnante
821 1808 982 1836 Constantio

196 1855 329 1890 ademptae
346 1856 387 1883 eis
410 1855 520 1882 fuerant
544 1854 683 1882 ecclesiae-
701 1853 754 1881 Sed
768 1859 796 1882 et
812 1854 936 1889 Agelium
950 1862 982 1883 eo

196 1906 318 1936 tempore
343 1901 442 1928 exsilio
467 1900 608 1927 damnavit
624 1909 630 1926 :
647 1900 695 1935 qui
718 1900 774 1934 jam
798 1899 862 1927 inde
878 1907 893 1927 a
909 1900 981 1927 Con-

195 1948 289 1975 stantii
302 1947 482 1982 temporibus,
496 1946 711 1974 Novatianorum
727 1945 855 1974 Ecclesiae
865 1950 982 1981 praeerat

194 1993 447 2028 Constantinopoli,
463 1996 491 2020 et
510 1991 629 2019 mirabili
645 1991 763 2026 quadam
784 1991 893 2019 ratione
903 1992 981 2026 juxta

197 2041 270 2075 leges
284 2040 486 2068 ecclesiasticas
498 2039 590 2066 vivere
604 2039 756 2067 dicebatur.
783 2037 851 2065 Nam
865 2039 937 2074 quod
953 2039 981 2066 in

197 2085 370 2119 philosophia
386 2085 555 2120 praecipuum
571 2088 624 2116 est,
644 2091 659 2111 a
675 2084 852 2119 pecuniarum
870 2092 982 2118 posses-

197 2132 275 2159 sione
297 2139 404 2166 semper
421 2131 527 2158 alienus
544 2131 622 2163 vixit,
644 2130 757 2166 ejusque
781 2129 888 2157 vivendi
911 2131 983 2158 ratio

197 2177 223 2204 id
239 2177 307 2204 satis
322 2177 499 2209 declarabat;
518 2177 645 2204 utebatur
659 2177 732 2204 enim
749 2175 864 2210 simplici
877 2177 982 2209 tunica,

251 2264 259 2279 ¹
274 2263 355 2291 Socr.
368 2264 416 2292 lib.
435 2271 472 2297 tv,
487 2271 512 2291 c.
528 2263 555 2290 9.

1335 1422 1459 1448 ΚΕΦΑΛ.
1480 1420 1516 1448 Θ”.

1033 1468 1098 1495 Ὀτι
1134 1461 1246 1500 κακῶς(
1261 1468 1329 1494 τότε
1359 1467 1496 1502 ἔπασχον
1526 1467 1552 1493 οι
1574 1465 1632 1499 τὴν
1654 1465 1691 1492 ἐν
1712 1465 1827 1502 Nacti;

1067 1503 1171 1530 πίστιν
1193 1503 1410 1537 πρεσϐεύοντες
1427 1500 1508 1529 (καὶ
1525 1501 1592 1536 περὶ
1613 1501 1755 1535 Ἀγελίου
1773 1500 1826 1528 τοῦ

994 1541 1015 1570 C
1067 1538 1126 1565 τῶν
1141 1537 1336 1566 Ναυατιανῶν
1348 1537 1526 1572 ἀρχομένου.

1066 1583 1269 1619 Παραπλησίων
1284 1583 1313 1610 δὲ
1327 1583 1419 1610 κακῶν
1431 1582 1579 1617 ἐπειρῶντο
1592 1582 1616 1608 οἱ
1631 1582 1661 1608 ὲν
1676 1582 1824 1608 Κωνσταν·

1031 1629 1182 1655 τινουπό).ει
1208 1628 1404 1664 πρεσϐεύοντες
1424 1627 1455 1654 τδ
1479 1627 1568 1661 δόγμα
1589 1626 1644 1652 τῶν
1667 1627 1698 1652 ὲν
1720 1626 1822 1661 Natat;

1033 1674 1224 1706 συνελθόντων,
1250 1674 1298 1701 σὺν
1312 1674 1404 1704 αὐτοῖς
1417 1673 1445 1699 δὲ
1464 1673 1510 1699 καὶ
1525 1673 1550 1698 ei.
1565 1673 1598 1698 τὰ
1614 1671 1744 1698 Ναυάτου
1758 1680 1821 1706 φρο-

1031 1720 1149 1752 νοῦντες.
1180 1719 1236 1747 Καὶ
1260 1720 1364 1751 πάντας
1388 1719 1436 1754 μὲν
1454 1718 1611 1745 ἐλαύνεσθαι
1626 1718 1678 1753 τῆς
1695 1718 1800 1749 πόλεως
1812 1725 1818 1732 ”

1031 1766 1210 1793 Ναυατιανῶν
1243 1766 1272 1793 δὲ
1300 1767 1348 1793 καὶ
1371 1765 1420 1797 τὰς
1448 1765 1596 1799 ἐκκλησίας
1626 1764 1818 1791 ἀποκλείεσθαι

1032 1811 1197 1848 προσέταξεν
1213 1813 1228 1839 6
1243 1811 1379 1846 βασιλεύς·
1391 1810 1446 1837 τῶν
1458 1811 1486 1837 δὲ
1502 1811 1588 1837 ἄλλων
1603 1811 1654 1836 οὐκ
1670 1809 1743 1845 εἶχεν
1761 1811 1775 1836 ὁ
1792 1819 1816 1836 τι

1031 1858 1217 1885 ἁποκλείσειεν
1229 1865 1236 1873 π
1261 1857 1312 1892 ήδη
1331 1857 1385 1891 γὰρ
1399 1855 1528 1892 πρότερον
1543 1856 1590 1882 ἐπὶ
1604 1856 1655 1890 τῆς
1673 1856 1815 1882 Κωνσταψ

1031 1904 1089 1930 τίον
1103 1903 1241 1938 βασιλείας
1255 1903 1404 1938 ἀφῄρηντο.
1427 1901 1463 1928 Οὐ
1483 1901 1536 1937 μὴν
1549 1901 1616 1928 ἀλλὰ
1632 1902 1679 1928 καὶ
1699 1902 1816 1935 ’Ᾱγέλιον

1031 1950 1092 1976 τότε
1112 1949 1152 1980 είς
1173 1949 1323 1984 ὑπερορίαν
1342 1947 1431 1983 φυγὴν
1446 1947 1624 1974 κατεδίκασεν
1637 1955 1644 1961 ·
1669 1947 1701 1978 ὃς
1720 1948 1751 1973 ὲκ
1766 1947 1816 1974 τῶν

1032 1995 1220 2022 Κωνσταντίου
1244 1994 1348 2029 χρόνων
1366 1994 1459 2028 ἡγεῖτο
1477 1994 1506 2019 ὲν
1521 1993 1727 2019 Κωνσταντίνου
1745 1993 1815 2019 πόλει

1031 2040 1080 2075 τῆς
1091 2039 1268 2066 Ναυατιανῶν
1287 2037 1457 2074 Ἐκκλησίας.
1473 2038 1598 2072 Ἐλέγετο
1609 2038 1636 2064 δὲ
1646 2038 1687 2065 ὃτι
1705 2038 1815 2073 μάλιστα

1033 2084 1193 2119 θαυμασίως
1208 2083 1397 2110 πολιτεύεσθαι
1416 2083 1487 2110 κατὰ
1501 2083 1564 2114 τοὺς
1579 2083 1814 2118 ἐκκλησιαστικοὺς

1032 2130 1130 2165 νόμους
1143 2137 1149 2146 ·
1176 2131 1190 2156 ό
1205 2129 1233 2155 δὲ
1247 2129 1304 2164 βίος
1318 2127 1352 2164 ἦν
1368 2128 1452 2163 αὐτῷ,
1467 2128 1545 2155 τοῦτο
1558 2128 1590 2164 δὴ
1606 2129 1638 2155 τὸ
1659 2126 1775 2164 προῦχον
1789 2129 1814 2154 ἑν

1033 2174 1193 2211 φιλοσοφίᾳ,
1221 2175 1343 2210 κτήσεως
1365 2175 1514 2210 χρημάτων
1539 2175 1683 2211 ἐλεύθερος
1697 2183 1706 2192 ο
1734 2176 1778 2202 καὶ
1798 2175 1812 2209 ἡ

777 2345 911 2374 VALESll
932 2345 1205 2376 ANNOTATIONES.

235 2412 289 2447 (66)
308 2413 366 2448 Tm)
380 2412 480 2440 πειθοῖ.
496 2412 665 2448 Niccplmrus
683 2413 710 2440 in
739 2413 785 2439 lib.
804 2421 834 2443 ll,
860 2420 920 2447 cap.
948 2413 975 2444 5,
994 2415 1015 2442 ι)
1029 2415 1161 2442 Czeterum
1173 2415 1288 2442 libenter
1307 2413 1389 2448 hujus
1405 2413 1454 2440 loci
1472 2413 1679 2441 distinctionem
1700 2418 1810 2441 mutare-

198 2456 293 2474 socem
313 2447 388 2474 addit
400 2449 451 2475 hoc
465 2448 544 2475 modo
557 2447 644 2474 πειθοῖ
657 2457 710 2474 τινι
729 2447 865 2483 δαιμονίᾳ,
883 2453 912 2474 ιιι
924 2449 977 2475 sci-

199 2483 261 2510 licet
274 2483 381 2516 phrasis
391 2487 465 2510 esset
477 2484 636 2517 elegantior.

235 2517 289 2552 (67)
315 2518 468 2544 Ἐλευσιόιι
482 2517 665 2550 ἐξελθόντος,
678 2517 789 2545 Rectius
806 2517 876 2551 apud
899 2517 980 2544 Nice~

186 2558 187 2561 ‘
199 2553 313 2586 phorum
340 2553 437 2587 legitur
447 2551 623 2583 ὲξελαθέντος.
635 2553 721 2586 Quam
732 2553 897 2586 scripturam
914 2560 980 2579 con-

199 2588 289 2614 ﬁrmat
299 2586 382 2615 codex
406 2586 523 2618 Fukctii,
548 2588 575 2614 in
590 2596 643 2622 quo
672 2587 770 2622 legitur
789 2587 979 2622 ὲξηλαθὲντος.

1033 2451 1083 2477 riui
1098 2452 1124 2478 in
1136 2450 1208 2476 hunc
1222 2450 1330 2476 modum
1345 2459 1350 2475 :
1364 2449 1401 2480 ὡς
1415 2448 1442 2474 δὲ
1459 2449 1498 2479 εἰς
1508 2448 1632 2484 Κύζικον
1645 2450 1809 2484 παρεγένετο,

1034 2485 1226 2520 προστάγματι
1253 2484 1300 2510 τοῦ
1316 2483 1447 2520 βασιλέως
1477 2483 1615 2520 Ἐλευσίοο
1636 2484 1807 2516 ἐξελαθέντας.

1033 2517 1115 2560 quam
1127 2517 1487 2547 distinctionemconﬁrmat
1511 2517 1685 2553 Nicepliorus
1712 2519 1738 2546 iu
1760 2519 1809 2546 loco

1034 2559 1130 2582 ettato.

915 2673 1107 2701 VARIORUM.

236 2749 248 2762 ο
264 2743 430 2779 Χειροτογεῑ
443 2741 672 2779 Εὐνόμιονιδιὼ
693 2741 816 2779 Valente,
832 2742 921 2776 inquit
935 2742 981 2779 hic

199 2776 376 2808 Suzmucitus.
393 2779 434 2805 cui
452 2777 588 2804 consentit
605 2776 741 2807 Socrates,
758 2778 804 2804 lib.
820 2785 857 2807 Iv,
873 2784 934 2811 cap.
953 2777 978 2809 7;

199 2821 225 2843 at
238 2815 421 2842 Thcodm‘itus
439 2812 523 2844 lli5(.,
544 2811 590 2838 lib.
608 2819 639 2843 lt,
652 2819 712 2847 cap.
728 2812 774 2844 27,
788 2817 812 2839 et
826 2811 979 2839 Philostor-

1034 2743 1105 2777 gius,
1121 2742 1167 2769 lin.
1187 2750 1212 2777 v,
1234 2749 1297 2777 cap.
1317 2741 1344 2774 5,
1372 2748 1444 2775 eum,
1462 2740 1627 2770 Constantio
1654 2741 1800 2777 imperante,

1034 2776 1189 2804 eriliuatutn
1202 2776 1288 2804 fuisse
1299 2777 1420 2804 tradunt.
