1896 3074
51 139 120 167 i317

541 139 702 168 HISTORIA
720 140 998 170 ECCLESIASTICA.
1018 158 1052 163 —
1073 142 1134 170 LIB.
1159 142 1203 170 VI.

1618 144 1688 172 1318

48 198 150 234 ἀγωγὴ
165 198 273 225 ἐδείκνυ
287 205 293 212 ·
312 198 354 225 ἑνί
364 206 392 224 τε
408 197 462 232 γὰρ
479 199 596 234 χιτωνίῳ
610 200 720 234 ἐχρῆτο,
737 200 782 226 καὶ
792 200 852 235 δίχα

945 201 1049 237 absque
1065 202 1166 230 calceis
1180 203 1485 238 perpeluoinccdcbat.
1507 203 1580 230 Idem
1596 207 1686 231 tamen

50 244 242 280 ὑποδημάτων
255 244 298 271 ἀεὶ
311 243 435 276 ὲὸάδιζεν
448 251 455 259 ·
480 245 511 271 οὑ
526 244 616 279 πολλῷ
631 246 660 272 δὲ
673 246 785 281 ὕστερον
802 247 851 273 αὑ-

49 291 96 322 τὸς
113 290 285 326 μετεκλήθη,
305 290 353 317 καὶ
370 289 420 321 τὰς
439 290 484 316 ὑπ’
498 290 580 317 αὐτὸν
601 292 764 327 Ἐκκλησίας
795 293 849 319 ἀπ-

52 337 155 368 έλαϐε,
175 336 225 363 καὶ
246 335 332 367 ἀδεῶς
363 335 551 370 ἑκκλησίαζεν.
584 336 674 370 Alﬁo;
696 338 724 365 δὲ
748 338 851 366 τούτων

50 381 217 415 Μαρκιανός
230 389 286 412 τις·
306 380 335 412 ὃς
348 381 395 406 ἐπὶ
409 380 458 415 βίῳ
469 381 516 407 καὶ
530 381 619 416 λόγοις
634 383 849 419 θαυμαζόμενος,

51 427 139 454 πάλαι
166 427 219 463 μὲν
241 427 270 453 ὲν
283 428 339 458 τοῖς
355 427 498 462 βασιλείοις
521 429 719 464 ἐστρατεύετο·
741 430 802 456 τότε
823 431 852 457 δὲ

54 473 245 509 πρεσϐύτερος
257 472 295 500 ὢν
307 473 356 509 τῆς
369 474 550 502 Ναυατιανῶν
563 475 705 510 αἱρέσεως,
723 484 852 512 γραμμα-

52 519 148 550 τικοὺς
169 519 268 553 λόγους
288 519 441 551 ἐξεδίδασκε
458 520 508 552 τὰς
530 520 662 555 βασιλέως
684 522 849 557 θυγατέρας.

61 566 245 594 ’Λναστασίαν
268 573 299 591 τε.
315 566 363 592 καὶ
377 566 515 602 Καρῶσαν
535 563 616 601 (68))
633 563 671 593 ὧν
695 567 779 594 εἰσέτι
804 568 852 594 νῦν

55 613 190 648 ἐπώνυμα
206 612 307 648 λουτρὰ
325 612 396 638 κατὰ
410 612 461 647 τὴν
480 613 765 640 Κωνσταντινούπολίν
782 615 850 642 ἐστι.

55 660 104 686 Διὰ
116 659 174 694 γὰρ
187 659 237 695 τὴν
252 659 319 693 πρὸς
331 658 413 685 αὐτὸν
423 659 489 685 αἰδῶ
500 660 549 686 καὶ
557 660 648 695 χάριν,
663 661 754 695 μόνοις
762 661 851 688 Ναυα-

55 707 159 737 τιανοῖς
177 706 214 733 τὰ
230 705 363 741 εἰρημένα
381 705 497 741 ὑπῆρξε.

371 795 497 823 ΚΕΦΑΛ,
518 796 547 823 l’.

56 841 124 876 Περὶ
141 841 397 868 οὐαλεντινιανοῦ
415 841 468 868 τοῦ
491 841 573 872 νέου,
595 841 643 868 καὶ
660 842 827 876 Γρατιανοῦ
842 850 849 858 ·

901 246 976 274 haud
997 248 1082 276 multo
1101 252 1161 284 post
1192 249 1226 276 ab
1249 250 1347 277 exsilio
1367 253 1531 282 revocatus,
1556 249 1689 277 ecclesias

901 301 967 321 suas
989 294 1104 329 recepit,
1124 299 1150 322 et
1165 295 1297 322 collectas
1317 295 1404 322 libere
1424 295 1584 322 celebravit.
1602 295 1688 328 Cujus

902 339 941 366 rei
957 346 1068 366 causam
1088 339 1204 374 prmbuit
1226 340 1385 368 Marcianus
1407 339 1517 374 quidam
1531 360 1538 371 ,
1565 339 1606 366 vir
1630 343 1688 365 tum

902 385 937 411 ob
962 385 1024 412 vita:
1049 385 1246 420 integritatem,
1267 389 1324 412 tum
1349 385 1384 412 ob
1398 385 1552 412 doctrinam
1570 384 1689 411 admira-

903 431 978 459 bilis.
1003 431 1055 464 Qui
1082 431 1160 466 prius
1184 431 1295 466 quidem
1322 431 1350 458 in
1375 431 1477 466 palatio
1497 430 1689 457 militaverat:

901 482 968 505 tunc
987 485 1053 505 vero
1074 477 1290 505 Novatianorum
1315 482 1397 505 sectae
1420 478 1563 512 presbyter
1587 476 1689 508 factus,

901 523 1077 550 Anastasiam
1106 528 1133 550 et
1159 523 1290 550 Carosam
1316 523 1492 558 imperatoris
1517 523 1596 554 ﬁlias,
1620 524 1690 550 artis

902 569 1091 603 grammaticae
1112 569 1254 604 praceptis
1268 569 1428 602 erudiebat;
1446 576 1562 604 quarum
1579 568 1689 596 nomine

901 615 998 642 balnea
1014 615 1138 650 quaedam
1156 614 1396 649 Constantinopoli
1420 615 1571 641 etiamnum
1597 614 1689 648 appel-

901 661 1003 688 lantur.
1029 661 1069 688 Ob
1086 661 1169 695 linjns
1188 659 1262 688 enim
1287 661 1340 687 viri
1363 661 1555 687 auctoritatem
1579 664 1606 687 et
1628 667 1691 694 gra-

902 708 985 740 tiam,
1010 715 1041 735 ea
1070 715 1132 743 quae
1160 707 1243 735 modo
1263 707 1338 739 dixi,
1369 698 1530 733 Novatianis
1556 713 1690 733 concessa

901 756 975 779 ευιιι.

1229 797 1306 824 CAP.
1324 797 1360 825 Χ.

903 843 939 870 De
954 842 1140 870 Valentiniano
1162 842 1274 870 Juniare
1292 847 1316 870 et
1331 842 1471 872 Gratiano,
1486 845 1510 868 et
1525 841 1557 868 de
1568 850 1690 876 persecu-

90 872 140 903 ἇιαὶ
157 878 227 911 περὶ
247 877 300 904 τοῦ
315 875 558 912 κατὰγοῠᾴᾴεντα
570 872 700 912 διωπιοὶξ
711 885 718 891 ·
739 877 788 904 καὶ
805 877 850 904 ὅτι

938 879 1006 905 tione
1016 887 1031 905 a
1047 878 1154 905 Valente
1165 879 1290 909 excitam,
1303 883 1326 904 et
1334 878 1463 912 quomodo
1473 872 1647 904 Ilomousiuni
1657 877 1690 903 ab

90 914 116 939 οἱ
140 913 175 939 τὸ
195 910 363 946 ⁷ὀμοούσιυν
387 910 574 946 δοξάζοντες,
592 913 650 938 ὑπὸ
666 911 724 938 τῶν
744 913 847 945 Ἀρεια-

91 946 153 973 νῶν
171 945 223 973 καί
237 945 468 973 Μακεδονιανῶν
481 947 688 981 ἐλαυνόμενοι,
703 948 778 981 πρὸς
793 947 850 981 τὴν

96 981 215 1016 Ῥώμην
231 982 496 1016 διαπρεσϐεύωνται
514 981 583 1016 (69).

97 1028 167 1054 Ὑπὸ
184 1027 214 1054 δὲ
231 1027 325 1055 τοῦτον
342 1028 389 1054 τὸν
402 1027 508 1063 χρόνον,
529 1026 674 1062 ὁμώνυμος
692 1026 731 1063 τῷ
748 1027 852 1062 βασιλεῖ

57 1073 276 1109 Οὐαλεντινιανῷ
303 1073 409 1108 γίνεται
435 1074 501 1105 παῖς
524 1073 595 1100 κατὰ
621 1073 671 1109 τὴν
687 1073 788 1101 Δύσιν·
819 1074 850 1100 οὐ

57 1119 146 1155 πολλῷ
160 1119 190 1146 δὲ
211 1118 337 1153 ὕστερον,
353 1119 399 1146 ml.
416 1119 563 1155 Γρατιανὸς
581 1119 610 1145 ὃν
627 1119 680 1153 πρὸ
699 1120 749 1155 τῆς
763 1120 850 1155 ἀρχῆς

57 1164 122 1201 εἶχε,
136 1166 288 1192 καθίστατο
304 1165 438 1201 βασιλεύς.
458 1167 502 1192 Ἔν
515 1166 601 1201 τούτῳ
611 1166 648 1197 δὲ,
664 1166 765 1201 καίπερ
776 1166 850 1201 παρὰ

56 1211 86 1237 τὸ
103 1211 201 1243 εἰωθὸς
213 1211 337 1247 χαλάζης
351 1211 488 1248 ἐμφεροῦς
503 1211 587 1244 λίθοις
601 1214 630 1239 ὲν
642 1213 750 1245 πολλοῖς
759 1213 850 1245 τόποις

58 1256 291 1293 καταρραγείσης,
302 1257 350 1283 καὶ
364 1257 499 1292 μεγίστων
513 1257 644 1292 σεισμῶν,
660 1257 754 1290 ἄλλαις
764 1266 793 1285 τε
806 1258 852 1284 πό-

58 1302 125 1334 λεσι,
144 1302 191 1329 καὶ¹
207 1302 312 1338 Νικαίᾳ
325 1304 357 1338 τῇ
374 1302 493 1329 Βιθυνῶν
507 1303 547 1334 εἰς
561 1303 630 1338 ἄγαν
640 1303 850 1339 λυμηναμένων,

59 1349 106 1375 οὐκ
119 1348 277 1376 ἐπαύσαντο
292 1348 397 1384 Οὐάλης
412 1357 442 1375 τε
461 1350 474 1375 ὁ
492 1348 618 1384 βασιλεὺς
633 1350 679 1376 καὶ
699 1349 823 1382 Εὐδόξιος
837 1349 851 1376 ὁ

59 1394 218 1427 ἐπίσκοπος,
238 1395 301 1427 τοὺς
316 1395 417 1431 ἑτέρως
437 1396 527 1428 αὐτοῖς
543 1395 704 1429 δοξάζοντας
723 1397 852 1431 Χριστια-

60 1441 120 1473 νοὺς
137 1440 326 1473 ὲκδιώκοντες.
342 1441 398 1468 Καὶ
412 1441 480 1477 πρὸς
498 1441 547 1477 μὲν
559 1441 623 1473 τοὺς
636 1441 778 1477 ὁμοδόξους
795 1443 852 1474 τοῖς

60 1487 87 1512 ιν
101 1487 205 1522 Νικαίᾳ
220 1486 402 1520 συνελθοῦσιν,
422 1487 509 1514 ἐδόκει
526 1495 587 1519 πως
602 1487 694 1519 αὐτοῖς
714 1487 852 1522 κατορθῶ-

61 1540 103 1558 σαι
115 1533 146 1558 τὸ
162 1533 390 1568 σπουδαζόμενον.
417 1533 462 1560 Ἐν
482 1533 538 1568 γὰρ
563 1533 602 1569 τῷ
619 1533 721 1560 πλείονι
735 1534 785 1569 τῆς
800 1533 852 1560 ὑπὸ
866 1544 885 1569 C

61 1577 207 1610 Οὐάλεντος
223 1579 396 1614 ἀρχομένης,
420 1579 468 1606 καὶ
486 1580 603 1615 μάλιστα
618 1579 673 1608 ἀνά
693 1588 724 1606 τε
740 1579 852 1616 Θρᾴκην

61 1623 106 1650 καὶ
132 1623 262 1652 Βιθυνίαν
285 1625 333 1652 καὶ
365 1625 581 1661 Ἑλλήσποντον,
609 1625 657 1653 καὶ
682 1625 724 1653 ἔτι
749 1625 852 1652 τούτων

61 1670 247 1705 προσωτέρω,
271 1670 333 1697 οὔτε
361 1671 526 1707 ἐκκλησίας,
558 1671 620 1698 οὕτε
651 1672 744 1707 ἱερέας
768 1669 851 1708 εἶχον.

63 1716 130 1751 Πρὸς
140 1716 168 1742 δὲ
175 1717 240 1748 τοὺς
250 1716 284 1743 τὰ
293 1717 457 1743 Μακεδονίω
467 1717 643 1753 φρονοῦντας,
654 1717 853 1750 πολυπλασίους

62 1761 148 1789 αὐτῶν
164 1763 247 1794 ὄντας
263 1763 334 1790 κατὰ
348 1763 407 1790 τόδε
421 1763 451 1790 τὸ
467 1763 562 1799 κλίμα,
577 1763 760 1799 ἐχαλέπαινον
773 1771 780 1778 ·
803 1764 851 1790 καὶ

61 1809 209 1843 τραπέντες
231 1809 274 1835 ἐπ’
289 1809 401 1841 αὐτοὺς,
428 1810 457 1836 οὐ
477 1811 595 1846 μετρίως
617 1810 738 1837 ἐδίωκον.
766 1810 798 1836 Οἱ
811 1809 850 1843 δὲ,

61 1854 112 1881 δέει
137 1855 192 1881 τῶν
217 1855 400 1890 ἐπικειμένων
427 1855 539 1888 κακῶν,
569 1856 851 1892 διαπρεσϐευσάμενοι

62 1900 126 1934 πρὸς
142 1901 277 1936 ἀλλήλους
293 1901 363 1927 κατὰ
379 1901 480 1933 πόλεις,
496 1902 606 1937 ἄμεινον
621 1903 785 1938 ἐδοκίμασαν
804 1903 851 1930 ἐπὶ

63 1947 283 1974 οὖαλεντινιανὺν
300 1948 347 1975 καὶ
364 1948 410 1975 τὸν
432 1948 574 1984 Ῥωμαίων
598 1949 746 1976 ἐπίσκοπον
767 1958 852 1976 κατα-

63 1994 166 2026 φυγεῖν,
183 1993 323 2026 κάκείνοις
340 1993 439 2029 μᾶλλον
456 1994 525 2030 (69”)
541 1995 557 2030 ἢ
572 1995 690 2030 Εὑδοξίῳ
713 1995 760 2021 καὶ
781 1995 852 2022 Οὐά-

63 2037 131 2065 λεντι
156 2039 204 2065 καὶ
227 2040 283 2070 τοῖς
305 2040 374 2075 ἀμφ’
387 2040 486 2071 αὐτοὺς
506 2042 644 2068 κοινωνεῖν
658 2041 708 2076 τῆς
723 2041 851 2073 πίστεως.

64 2084 114 2110 Καὶ
136 2085 198 2112 ἐπεὶ
215 2086 277 2112 τάδε
302 2085 394 2116 καλῶς
415 2085 487 2121 ἔχειν
512 2086 619 2119 ἔδοξεν,
647 2087 788 2123 αἱροῦνται
807 2088 853 2114 ἐπὶ

62 2131 164 2163 τούτοις
177 2133 254 2167 τρεῖς
270 2131 300 2164 ἐξ
314 2132 413 2164 αὐτῶν,
437 2133 586 2160 Εὑστάθιόν
608 2142 637 2160 τε
658 2134 704 2161 τὸν
721 2135 753 2160 ὲκ
767 2134 852 2160 Σεὸα-

934 914 1046 955 Arianis
1060 918 1084 940 et
1100 913 1297 940 Maccdoniunis
1311 913 1450 948 exagitati,
1466 912 1578 939 Romam
1592 912 1691 947 legatos

935 957 1038 975 misere.

944 1027 997 1054 Per
1020 1026 1092 1054 idem
1119 1031 1228 1062 tempus
1259 1027 1420 1062 imperatori
1448 1026 1641 1055 Valentiniano
1663 1027 1692 1054 in

901 1072 1060 1100 Occidentis
1073 1073 1198 1107 partibus
1217 1076 1297 1100 natus
1312 1076 1353 1100 est
1373 1073 1447 1100 ﬁlius
1463 1073 1585 1107 ejusdem
1602 1074 1693 1100 nomi-

901 1117 974 1144 nis‘.
995 1117 1051 1144 Nec
1072 1118 1159 1144 multo
1174 1122 1236 1152 post
1254 1117 1414 1149 Gratianus,
1430 1125 1510 1152 quem
1525 1123 1588 1145 ante
1606 1117 1695 1152 impc-

900 1163 971 1189 rium
987 1168 1158 1198 susceperat,
1172 1164 1312 1198 Augustus
1323 1163 1357 1190 ab
1373 1164 1433 1199 ipso
1448 1168 1489 1191 est
1505 1168 1693 1199 nuncupatus.

901 1209 1005 1237 Eodem
1029 1213 1165 1245 tempore,
1184 1210 1250 1238 licet
1271 1210 1375 1245 grando
1399 1210 1538 1238 inusitata:
1553 1210 1693 1245 magnitu—

901 1254 974 1282 dinis
989 1254 1079 1281 instar
1094 1254 1216 1290 lapidum
1238 1255 1335 1282 multis
1356 1254 1383 1282 in
1402 1254 1472 1282 locis
1487 1254 1645 1288 cecidisset,
1664 1258 1693 1282 et

902 1300 1059 1336 gravissimi
1073 1305 1153 1328 terra:
1163 1304 1254 1328 motus
1272 1304 1330 1328 tum
1345 1301 1414 1328 alias
1431 1301 1526 1334 urbes,
1546 1305 1603 1328 tum
1621 1309 1692 1336 pra:-

901 1348 980 1383 cipne
995 1347 1114 1375 Nicaeam
1130 1349 1304 1380 evertissent,
1320 1348 1398 1383 231
1416 1348 1517 1376 Valens
1533 1353 1623 1377 tamen
1639 1357 1692 1376 lm-

901 1399 1014 1429 perator
1029 1398 1057 1422 et
1073 1394 1216 1423 Eudoxius
1230 1396 1388 1431 episcopus,
1409 1395 1581 1423 Christianos
1595 1397 1641 1431 qui
1657 1396 1692 1423 ab

904 1442 973 1476 ipsis
991 1441 1185 1473 dissentirent,
1200 1442 1329 1476 persequi
1343 1449 1399 1469 non
1414 1446 1569 1469 cessarunt.
1582 1441 1615 1469 Et
1631 1442 1693 1477 qui-

903 1486 964 1514 dem
983 1487 1116 1515 adversus
1129 1494 1177 1514 eos
1194 1487 1240 1522 qui
1262 1486 1437 1515 Nicaenorum
1453 1487 1610 1515 antistitum
1630 1495 1695 1516 sen~

904 1534 1017 1560 tentiam
1040 1533 1239 1568 sequebantur,
1263 1541 1309 1561 res
1326 1533 1396 1568 ipsis
1413 1534 1556 1562 videbatur
1575 1542 1608 1561 ex
1627 1541 1692 1562 sen-

904 1580 989 1606 tentia
1016 1579 1190 1614 aliquatenus
1217 1579 1375 1607 succedere.
1400 1579 1507 1607 Etenim
1533 1580 1636 1614 majore
1663 1580 1693 1608 in

904 1630 982 1661 parte
1005 1626 1112 1661 imperii
1136 1625 1273 1658 Valentis,
1299 1633 1332 1653 ac
1352 1626 1489 1661 praecipue
1511 1625 1539 1652 in
1565 1625 1693 1658 Thracia,

904 1671 1042 1707 Bithynia,
1059 1671 1244 1706 Hellesponto,
1259 1675 1287 1699 et
1297 1671 1324 1698 in
1338 1671 1518 1699 ulterioribus
1532 1671 1694 1706 provinciis,

905 1718 932 1745 hi
949 1725 999 1745 nec
1015 1717 1147 1745 ecclesias
1172 1717 1309 1745 habebant
1332 1724 1381 1745 nec
1402 1717 1571 1745 sacerdotes.
1590 1717 1696 1745 Adver-

905 1771 954 1792 sus
973 1763 1185 1790 Macedonianos
1200 1771 1276 1795 vero,
1295 1763 1342 1798 qui
1361 1763 1388 1790 in
1405 1763 1462 1791 illis
1479 1763 1603 1799 partibus
1618 1763 1696 1798 ipsos.

905 1809 1080 1836 multitudine
1110 1809 1295 1843 superabant,
1323 1809 1479 1838 vehementi
1506 1810 1695 1846 indignatione

904 1855 1033 1884 commoti
1059 1859 1135 1887 sunt,
1159 1859 1187 1882 et
1207 1855 1310 1890 impetu
1334 1856 1362 1882 in
1392 1855 1454 1883 illos
1474 1863 1620 1890 converso,
1638 1865 1696 1884 non

904 1901 1081 1929 mediocriter
1096 1909 1147 1929 eos
1161 1906 1306 1929 vexarunt.
1324 1901 1378 1935 Qui
1400 1901 1618 1937 impendentium
1638 1911 1694 1930 ma-

906 1947 993 1974 lorum
1007 1951 1079 1975 metu
1095 1948 1245 1983 perterriti,
1263 1947 1358 1975 missis
1377 1948 1449 1975 inter
1463 1956 1492 1975 se
1507 1956 1555 1983 per
1570 1949 1694 1984 singulas

905 1993 988 2021 urbes
1007 1994 1203 2029 legationibus,
1230 1993 1319 2022 satius
1342 2001 1404 2021 esse
1425 1994 1598 2028 judicarunt,
1614 1998 1644 2021 ut
1659 1995 1694 2022 ad

905 2039 1128 2067 Valentinianum
1143 2045 1170 2067 et
1187 2040 1221 2067 ad
1237 2040 1396 2074 episcopum
1408 2039 1484 2067 urbis
1496 2039 1589 2067 Romae
1598 2040 1694 2068 confu-

905 2089 1010 2121 gerent,
1027 2093 1178 2120 eorumque
1193 2085 1381 2113 communioni
1400 2084 1593 2120 jungerentur,
1611 2093 1691 2120 quam

905 2136 934 2159 ut
951 2139 1013 2159 cum
1027 2131 1152 2158 Eudoxio
1165 2135 1192 2159 et
1208 2130 1332 2164 Valente,
1359 2138 1509 2166 eorumque
1523 2131 1648 2164 asseclis,
1665 2132 1694 2158 in

64 2177 152 2209 στείας
173 2178 341 2211 ἐπίσκοπον,
365 2178 413 2205 καὶ
439 2179 565 2207 Σιλὸανὸν
586 2179 633 2206 τὸν
657 2179 781 2215 Ταρσοῦ,
805 2180 852 2207 καὶ

938 2177 1032 2205 nctrina
1049 2176 1112 2204 ﬁdei
1132 2177 1378 2204 oommunicarent.
1405 2176 1467 2204 Ha‘c
1493 2184 1555 2203 cum
1577 2177 1617 2204 illi
1635 2185 1650 2204 e
1666 2185 1694 2205 re

64 2221 189 2256 Θεόφιλον
205 2223 251 2250 τὸν
268 2224 466 2256 Κασταὸἀλων,
483 2225 532 2251 καὶ
547 2225 616 2261 πρὸς
631 2225 852 2252 Οὐαλεντινιανὺν

63 2268 105 2294 τὸν
121 2268 233 2303 βασιλέα
248 2269 403 2304 πέμπουσι,
419 2270 575 2306 γράψαντες
592 2271 710 2306 Λιϐερίῳ
729 2271 767 2306 τῷ
787 2271 853 2297 Ῥω-

66 2314 150 2347 μαίων
172 2315 331 2349 ὲπισκόπῳ,
355 2317 471 2348 καὶτοῖς
486 2317 537 2344 ἀνὰ
555 2317 604 2353 τὴν
620 2317 702 2344 Δύσιν
723 2316 852 2353 ἱερεῦσιν,

64 2357 106 2385 οἷα
119 2360 150 2396 δὴ
167 2361 261 2388 πίστιν
273 2361 384 2398 δόκιμον
399 2363 447 2390 καὶ
466 2362 575 2398 βεϐαίαν
598 2363 653 2390 ἀπὸ
667 2363 720 2390 τῶν
737 2363 853 2390 ἀποστό-

98 2428 107 2442 ”
129 2429 221 2463 Socr.,
238 2431 286 2458 lib.
303 2439 340 2463 tr,
358 2439 383 2459 c.
405 2433 448 2459 l0.

907 2231 956 2251 sua
973 2222 1031 2250 fore
1052 2222 1226 2253 statuissent,
1248 2227 1304 2249 tres
1322 2221 1356 2248 ad
1377 2222 1404 2249 id
1425 2222 1572 2256 episcopos
1589 2229 1621 2249 ex
1644 2230 1695 2249 suo

906 2276 1023 2296 numero
1050 2268 1221 2303 delegerunt,
1243 2267 1418 2295 Eustathium
1441 2267 1583 2300 Sebastire,
1606 2268 1695 2295 Silva-

898 2323 972 2343 .num
987 2315 1086 2347 Tarsi.
1109 2319 1136 2342 et
1155 2313 1339 2349 Theophilum
1359 2314 1516 2349 episcopum
1534 2314 1695 2341 Castabalo—

906 2370 980 2394 rum,
997 2369 1101 2396 eosque
1118 2361 1152 2388 ad
1174 2360 1398 2388 Valentinianum
1419 2360 1614 2395 imperatorem
1632 2360 1694 2387 mit-

682 2486 812 2514 VALESII
834 2483 1104 2512 ANNOTATIONES.

100 2545 154 2580 (68)
174 2547 373 2574 Ἀναστασίαν
390 2545 439 2573 καὶ
467 2544 624 2580 Κίιρῶσᾳν.
654 2543 724 2570 Idem
753 2544 852 2578 legitur

68 2582 135 2614 apud
146 2579 291 2610 Socratem
305 2582 332 2609 in
348 2582 395 2609 lib.
412 2589 448 2613 tv,
465 2589 527 2615 cap.
545 2581 571 2608 8.
587 2579 636 2607 Ubi
652 2579 713 2615 vide
723 2581 745 2606 si
762 2579 852 2614 placet

69 2622 125 2650 quas
144 2618 285 2645 annotavi.
304 2618 335 2644 Et
349 2614 548 2644 Anastasianas
575 2615 686 2650 quidem
709 2614 823 2650 balneas
839 2621 854 2640 a

70 2649 179 2679 Valente
196 2652 345 2680 adiﬁcatas
363 2659 417 2678 non
443 2658 505 2679 esse
532 2649 590 2677 illic
617 2649 745 2682 ostendi;
767 2649 854 2676 Caro-

69 2686 149 2713 siame
163 2691 252 2715 autem
265 2688 369 2715 balneae
384 2694 399 2713 a
414 2685 530 2713 Valente
546 2688 711 2712 constructa:
733 2692 765 2711 ae
778 2683 854 2711 dedi-

71 2725 133 2747 cata:
145 2726 218 2754 sunt,
235 2728 331 2757 agente
341 2722 469 2757 prmfcclo
482 2719 852 2757 urbisyindalonioMagno,

71 2760 129 2787 post
142 2755 313 2784 consulatum
329 2755 453 2785 Gratiani
466 2761 508 2784 ter
521 2761 548 2783 et
560 2755 675 2790 Equitii,
693 2758 722 2780 ut
737 2755 853 2789 legimus

73 2790 97 2815 in
118 2790 204 2818 Fastis
220 2792 296 2820 Idalii
307 2799 333 2820 et
348 2793 374 2819 in
390 2792 519 2820 Chronico
538 2789 730 2818 Aleiandrino.
755 2790 853 2817 Verum

74 2825 191 2862 undesic
206 2828 344 2862 appellata:
359 2829 424 2860 sint,
441 2828 575 2854 incertum
592 2831 644 2853 est.

907 2541 1001 2569 Grzcco
1013 2541 1059 2568 illo
1075 2541 1221 2575 scriptore.
1232 2542 1279 2575 qui
1297 2541 1390 2568 titulos
1404 2541 1522 2576 capitum
1546 2539 1628 2574 hujus
1645 2540 1694 2568 Ili-

907 2578 999 2606 storias
1019 2577 1184 2611 composuit.
1215 2576 1292 2609 Quod
1312 2576 1416 2611 idcirco
1450 2576 1614 2604 monendum
1633 2584 1695 2604 esse

906 2612 984 2645 duxi,
1011 2620 1045 2638 ne
1060 2610 1177 2639 studiosi
1206 2611 1322 2639 lectores
1336 2611 1362 2637 in
1381 2610 1503 2639 fraudem
1533 2611 1695 2638 induceren-

906 2651 962 2680 tur,
975 2654 1080 2681 nosque
1096 2647 1121 2673 id
1149 2646 1263 2674 latuisse
1280 2647 1432 2674 crederent.
1457 2646 1569 2673 Verum'
1581 2654 1614 2673 ex
1632 2646 1694 2681 ipso

907 2683 1060 2709 Sozomeno
1078 2681 1194 2716 perspici
1212 2681 1290 2709 facile
1303 2684 1404 2717 potest,
1432 2681 1595 2717 legationem
1617 2681 1693 2708 illam

905 2717 936 2744 Οι
946 2717 1086 2745 ientaliutn
1097 2717 1290 2751 episcoporum
1304 2717 1338 2744 ad
1350 2716 1488 2743 Liberium
1502 2723 1611 2751 papam,
1628 2717 1695 2743 inis-

905 2760 962 2779 Sam
995 2760 1056 2779 esse
1080 2759 1094 2777 a
1110 2749 1324 2783 Macedonianis,
1343 2759 1397 2778 non
1409 2749 1695 2780 autem—a'Catliolicis

905 2796 951 2815 seu
965 2786 1167 2813 llomousianis.

938 2823 1003 2857 (69')
1021 2822 1154 2854 Κάκείνῳ
1183 2820 1313 2857 μᾶλλον,
1343 2821 1456 2849 Rectius
1485 2821 1512 2848 in
1542 2819 1694 2857 Fukctiano

105 2860 158 2896 (69)
173 2855 258 2898 lluj'u‘s
284 2864 382 2899 capitis
397 2855 493 2890 titulus
513 2862 583 2890 male
598 2863 747 2896 conceptus
767 2863 808 2888 est
835 2866 849 2886 a
902 2855 999 2885 codice
1015 2857 1147 2892 scriptum
1166 2861 1207 2884 est
1223 2856 1382 2887 ‘xdtxsivmg.
1412 2857 1530 2891 Opponit
1551 2856 1623 2884 enim
1641 2855 1692 2882 ντε-
