1896 3074
115 181 180 210 1325

602 173 760 202 HISTORIA
782 170 1056 199 ECCLESIASTICA.

1077 185 1111 190 -—
1130 170 1194 198 LIB.
1218 169 1259 197 VI.
1660 173 1728 201 1326

114 241 213 270 πάντας
226 237 425 272 καταγαγόντα,
448 235 526 271 μόνον
545 235 625 261 αὐτὴν
639 233 733 266 διῶξαι
747 242 753 248 ·
780 231 859 259 πάλιν
873 231 894 257 δ’

950 236 1048 258 essent.
1067 230 1246 258 Athanasium
1265 238 1346 266 porro
1367 231 1475 259 aiebant
1497 232 1645 268 relegatum
1667 235 1729 269 qui<

113 284 145 313 αὗ
160 284 285 312 Ἰοϐιανὺν
300 284 380 310 αὐτὸν
398 281 643 318 μετακαλέσαοθαι.
656 281 747 307 Ταῦτα
761 280 893 313 λέγοντες,

112 333 159 359 οὐκ
178 329 294 356 ἔπειθον.
315 330 451 363 ’Λντεῖχον
475 328 503 354 δὲ
521 328 612 363 ὅμως,
637 326 685 352 καὶ
702 324 841 360 βιάζεσθαι
863 323 893 350 οὐ

114 375 292 410 συνεχώρουν.
313 373 483 409 Πανταχόθεν
506 373 534 399 δὲ
548 372 594 399 τοῦ
612 373 697 407 δήμου
723 370 893 406 συρρέοντος,

113 422 157 448 καὶ
185 419 283 447 πολλοῦ
316 419 431 454 θορύϐου
455 418 502 446 καὶ
532 418 652 453 ταραχῆς
674 417 726 444 ἀνὰ
749 417 799 452 τὴν
818 415 894 442 πόλιν

111 467 204 497 ὄντων,
232 465 280 493 καὶ
306 465 426 496 στάσεως
451 463 689 500 προσδοκωμένης,
720 463 853 498 ἐμήνυσεν
881 462 894 488 6

113 512 231 548 ὕπαρχος
246 510 351 546 βασιλεῖ
364 511 398 537 τὰ
413 511 556 545 γενόμενα,
575 510 754 545 συγχωρήσας
772 508 852 535 αὑτὸν
866 508 895 533 ὲν

111 559 143 593 τῇ
171 557 246 583 πόλει
270 556 384 590 διάγειν.
417 555 486 591 Ἤδη
516 555 545 582 δὲ
569 555 673 581 πολλῶν
699 553 895 588 διαγενομένων

111 602 240 638 ἡμερῶν,
268 603 315 628 καὶ
337 601 388 636 τῆς
411 601 568 637 κινηθείσης
593 601 713 632 στάσεως
739 599 894 626 πεπαῦσθαι

110 647 249 683 δοκούσης,
275 648 394 683 ἑσπέρας
429 647 517 674 λαθὼν
542 647 702 684 Ἀθανάσιος
728 645 823 681 ἐξῆλθε
846 646 895 682 τῆς

111 695 223 726 πόλεως,
243 694 291 720 καὶ
304 693 344 724 εἴς
368 702 396 720 τι
411 693 510 729 χωρίον
530 693 690 729 ἐκρύπτετο.
706 693 788 727 Ἀωρὶ
803 692 831 718 δὲ
847 692 895 726 τῆς

109 739 192 774 αὐτῆς
209 738 305 770 νυκτὸς
326 738 340 764 6
360 738 481 773 ὕπαρχος
499 738 647 772 Αἰγύπτου,
669 738 716 764 καὶ
736 738 749 763 ὁ
766 737 819 763 τῶν
831 736 894 772 τῇδε

110 784 322 820 στρατευμάτων
335 783 457 819 ἡγεμὼν,
474 783 623 810 κατέλαϐον
636 784 685 819 τὴν
698 782 854 818 ἐκκλησίαν,
866 782 895 808 ὲν

110 826 126 865 ᾖ
138 829 167 855 τὸ
176 828 348 863 καταγώγιον
359 827 416 863 εἶχε
427 836 434 844 ·
453 828 591 864 πανταχοῦ
601 837 630 854 τε
643 829 690 855 καὶ
703 829 744 860 είς
757 827 805 859 cdt];
815 827 896 862 ὑπερ-

109 873 177 909 ῴους
192 875 314 909 οἰκήσεις
327 874 547 910 ἀναζητήσαντες
561 873 653 907 αὑτὸν,
670 873 827 909 ὑπεχώρουν
839 873 896 899 δια-

111 921 259 956 μαρτόντες
270 920 318 955 τῆς
332 920 439 956 βουλῆς.
450 921 545 956 ᾭοντο
553 920 607 956 γὰρ
617 919 708 946 λοιπὸν
721 919 770 953 τοῦ
780 919 898 954 πλήθους

110 966 323 1002 ἐπιλελησμένου
336 966 386 1001 τῆς
403 957 539 1002 προτέρας
556 961 700 1002 κινήσεως.
719 967 743 992 εἰ
763 965 898 993 ἐπίθοιντο

110 1013 219 1039 πάντων
234 1012 301 1048 πρὸς
318 1011 401 1039 ὑπνον
417 1011 624 1048 τετραμμένων,
645 1011 743 1047 ῥᾳδίως
760 1011 808 1047 τὴν
822 1011 898 1046 βασι-

107 1059 175 1090 λέως
192 1058 342 1093 πρόσταξιν
361 1057 538 1090 ἐπιτελέσειν,
557 1058 604 1085 καὶ
620 1057 668 1093 τὴν
681 1057 756 1084 πόλιν
767 1058 898 1084 ἀστασία-

109 1113 170 1131 στον
183 1104 322 1138 φυλάξειν.
337 1103 393 1130 Θαῡ
398 1112 435 1138 μα
445 1103 472 1129 δὲ
484 1103 588 1135 πάντας
599 1103 710 1135 εἰκότως
722 1101 804 1138 εἶχεν,
818 1103 898 1129 Ἀθα-

107 1151 199 1178 νασίου
215 1150 254 1186 μὴ
269 1150 434 1186 εὑρεθέντος.
446 1149 508 1176 Εἴτε
523 1149 576 1185 γὰρ
592 1149 667 1181 θείας
677 1149 816 1184 δυνάμεως
831 1157 898 1185 προ-

107 1198 240 1234 ειποὺσης
252 1198 476 1233 ὑπανεχώρησεν,
496 1197 550 1223 εἴτε
572 1196 653 1223 τινῶν
670 1195 898 1230 ἀναγγειλάντων,

105 1245 254 1279 ἀμφότερα
267 1244 308 1276 είς
329 1243 426 1270 ταυτὸν
445 1243 526 1270 τελεῖ.
549 1243 604 1269 Καὶ
623 1242 792 1278 προμηθείας
809 1242 864 1276 (76)
883 1242 899 1276 ἢ

106 1291 176 1317 κατὰ
187 1290 334 1326 ἄνθρωπον
344 1289 441 1320 ἐδόκει,
453 1290 493 1319 εις
503 1288 651 1321 ἀναγκαῖον
662 1283 713 1314 ὧδε
727 1287 822 1322 καιρὸν
834 1295 899 1321 προ-

105 1336 202 1371 μαθεῖν
207 1335 259 1371 τὴν
267 1334 411 1368 ἐπιϐουλὴν
419 1333 465 1360 καὶ
473 1332 719 1368 φυλάξασθαι.Ἕτε
725 1341 764 1368 ροι
771 1332 798 1358 δέ
806 1340 898 1366 φασιν,

106 1381 143 1412 ὡς
155 1380 205 1416 τὴν
219 1380 267 1407 τοῦ
283 1379 402 1413 πλήθους
414 1379 569 1414 παράλογον
583 1378 690 1412 κίνησιν
705 1377 839 1413 προορῶν,
850 1376 902 1403 δεί-

107 1435 156 1458 σας
173 1435 204 1452 τε
219 1426 258 1461 μὴ
270 1425 323 1452 τῶν
337 1424 460 1451 ἐντεῦθεν
476 1423 692 1459 συμϐησομένων
706 1423 800 1450 δεινῶν
816 1423 901 1454 aluo;

107 1469 178 1498 εἶναι
207 1471 290 1504 δόξει,
310 1471 398 1498 πάντα
427 1469 521 1496 τοῦτον
545 1469 589 1495 τὸν
614 1469 709 1504 χρόνον
735 1469 764 1496 ἐν
782 1467 901 1504 πατρῴῳ

107 1516 231 1551 μνήματι
246 1515 372 1550 διέτριϐε.
391 1514 444 1542 Καὶ
457 1515 471 1541 6
485 1514 534 1550 μὲν
550 1511 600 1540 ὦδε
615 1513 772 1548 διαφυγὼνπ
788 1513 901 1540 ὲλάνθα‹

105 1569 161 1587 νεν.
177 1560 216 1586 Οὐ
231 1559 320 1595 πολλῴ
333 1559 360 1586 δὲ
375 1559 484 1595 ὕστερον
500 1559 619 1594 ἔγραψεν
637 1561 650 1586 ὁ
666 1559 802 1594 βασιλεὺς,
820 1559 900 1585 αὐτὸν

106 1604 266 1632 ἐπανελθεῖν
283 1605 329 1631 καὶ
343 1604 392 1639 τὴν
411 1605 557 1640 ἐκκλησίαν
572 1606 653 1640 ἔχειν.
670 1605 857 1640 Τεκμαίρομαι
872 1603 900 1630 δὲ

104 1650 245 1678 Οὐάλεντα
261 1651 337 1686 παρὰ
351 1651 451 1677 σκοπὸν
475 1651 521 1677 ἐπὶ
542 1650 644 1685 ταύτην
664 1650 714 1685 τὴν
735 1649 843 1686 γραφὴν
859 1649 901 1675 έλ-

105 1696 205 1732 οεῖν,ἤ
224 1696 274 1732 τὴν
297 1696 450 1732 κρατοῦσαν
472 1697 537 1730 περὶ
556 1695 713 1722 ’Λθανασίου
734 1695 811 1727 δόξαν
827 1695 900 1729 λογι-

103 1742 232 1777 ζόμενον,
254 1743 301 1769 καὶ
317 1743 358 1769 ὅτι
380 1741 474 1768 τούτου
496 1741 576 1776 χάριν
596 1742 669 1772 εἰκὸς
691 1739 724 1776 ἦν
743 1741 901 1776 μέμψασθαι

103 1788 340 1820 Οὐαλεντινιανὸν,
356 1788 448 1822 ἐπειδὴ
471 1787 526 1814 τῶν
550 1787 578 1813 ἐν
603 1787 705 1822 Νικαίξι
721 1787 900 1814 συνελθόντων

914 910 935 938 Β

914 1590 934 1618 C

102 1833 134 1860 τὸ
158 1834 253 1868 δόγμα
269 1832 477 1868 ἐπρέσϐευσεν·
498 1832 515 1868 ἦ
541 1832 595 1858 τῶν
617 1832 798 1859 ἐπαινούντων
822 1831 901 1859 αὑτὸν
921 1862 924 1866 ,

104 1879 215 1906 πολλῶν
229 1879 325 1911 ὄντων,
339 1878 388 1913 τὴν
402 1877 506 1913 κίνησιν
529 1877 713 1913 ὑφορώμενον,
729 1878 765 1912 μή
787 1885 814 1903 τι
834 1885 901 1903 νεω-

101 1926 255 1961 τερίσωσιν
270 1925 316 1950 ἐπὶ
330 1924 416 1960 βλάϐῃ
432 1924 485 1951 τῶν
500 1924 597 1951 κοινῶν
623 1924 801 1959 πραγμάτων.
818 1922 900 1959 Οἶμαι

101 1972 141 2004 δὲ,
156 1972 197 2002 ὡς
213 1970 299 2002 εἰκὸς,
314 1970 360 1996 καὶ
374 1970 436 2001 τοὺς
450 1969 623 2005 προεστῶτας
638 1970 689 2004 τῆς
707 1969 811 2006 ’Δρείου
826 1970 901 2005 αἱρέ-

102 2025 187 2048 σεως,
211 2015 251 2052 μὴ
268 2015 328 2042 λίαν
352 2014 494 2041 ἐπιθέσθαι
520 2016 553 2050 τῇ
577 2016 641 2049 περὶ
665 2014 760 2042 τούτου
787 2014 899 2050 σπουδῇ·

102 2062 312 2098 λογισαμένους,
328 2061 366 2093 ὡς
381 2062 429 2096 τῆς
444 2061 548 2093 πόλεως
562 2060 715 2096 ἐκϐληθεὶς,
730 2059 807 2093 αὖθις
821 2061 900 2096 ὀχλή-

102 2118 145 2135 σει
169 2110 231 2139 τοῖς
249 2107 397 2142 βασιλεῦσι,
421 2107 468 2133 καὶ
491 2107 617 2142 ἀφορμὴν
633 2107 756 2134 ἐντεῦθεν
780 2106 834 2139 ἕξει
852 2107 900 2142 τῆς

100 2155 173 2189 πρὸς
202 2153 304 2184 αὐτοὺς
330 2152 456 2187 ὁμιλίας,
478 2153 526 2178 καὶ
555 2151 715 2185 μεταπείσει
747 2152 898 2178 Οὑάλεντα’

101 2199 331 2227 Οὐαλεντινιανὸν
352 2199 380 2224 δὲ
402 2199 448 2225 καὶ
473 2199 512 2230 εἰς
536 2197 621 2233 ὀργὴν
646 2199 760 2233 κινήσει,
779 2198 816 2230 ὡς
837 2197 901 2233 ὀμό-

101 2254 204 2281 φρονσι.
231 2245 358 2271 Μάλιστα
373 2244 428 2279 γὰρ
454 2244 587 2279 περιδεεῖς
611 2241 682 2279 ἦσαν
711 2245 743 2271 ἐκ
770 2244 824 2270 τῶν
852 2245 898 2270 ἐπὶ

100 2290 300 2318 Κωνσταντῖου
329 2291 499 2324 συμϐάντων,
525 2290 721 2325 πεπειραμένοι
744 2290 792 2324 τῆς
816 2290 898 2316 αὑτοῦ

100 2337 216 2371 ἀρετῆς.
239 2336 425 2362 Ἐπιτοσοῦτον
445 2336 498 2370 γὰρ
521 2335 567 2362 καὶ
593 2335 652 2362 τότε
678 2336 727 2370 τῆς
743 2336 797 2362 τῶν
820 2336 897 2362 ἐναν-

99 2383 167 2409 τίων
183 2382 340 2417 ἐκράτησεν
353 2382 507 2415 ἐπιϐουλῆς,
527 2381 565 2412 ὡς
580 2382 704 2416 ἀσμένιι)ς
721 2382 794 2416 αὑτῴ
811 2390 896 2416 παρα-

101 2429 232 2465 χωρῆςαι
249 2428 303 2453 τῶν
313 2427 364 2454 ἀνὰ
381 2428 429 2462 τὴν
443 2428 576 2461 Αἴγυπτον
594 2428 769 2462 Ἐκκλησίων,
788 2427 896 2455 καὶ¹ὲπὶ

949 275 1008 303 dem
1023 275 1107 304 fuisse
1124 277 1176 304 sub
1190 277 1364 311 Constantio,
1377 278 1435 311 sed,
1455 279 1550 307 eodem
1569 279 1729 308 Constantio

949 325 1102 354 revocante,
1122 323 1307 357 episcopatum
1324 331 1403 350 suum
1419 331 1613 359 recuperasse;
1630 330 1656 353 ct
1680 325 1728 352 Ju-

949 364 1052 392 lianuln
1067 366 1176 400 quidem
1192 375 1253 394 cum
1272 367 1342 395 alios
1362 376 1457 396 omnes
1474 369 1509 396 ab
1529 370 1628 398 exsilio
1651 378 1731 398 revo-

948 415 1049 444 casset,
1059 411 1131 439 hunc
1145 413 1233 440 solum
1247 419 1419 448 persecutum
1429 422 1504 449 esse;
1513 415 1656 444 Iovianum
1667 425 1732 445 vero

948 455 1039 482 denuo
1062 463 1123 483 eum
1150 457 1314 487 restituisse.
1341 459 1403 487 "330
1424 468 1486 488 cum
1511 461 1651 494 dicerent,
1675 471 1732 490 non

949 507 1145 536 persuaserunt
1172 503 1322 538 praefecto:
1353 506 1513 534 restiterunt
1539 508 1730 542 nihilominus,

948 554 998 575 nee
1024 548 1097 582 passi
1123 554 1188 576 sunt
1218 551 1272 577 vim
1301 550 1397 579 inferri
1422 553 1581 581 Athanasio.
1606 554 1732 590 Cumque

948 594 1095 621 multitudo
1110 594 1182 630 vulgi
1200 595 1360 629 contineret,
1381 597 1534 634 ingensque
1553 600 1685 628 tumultus
1699 608 1731 628 ac

948 642 1122 676 perturbatio
1150 646 1234 670 totam
1264 643 1358 671 urbem
1383 650 1548 680 occuparet,
1572 655 1604 675 ac
1633 649 1732 676 seditio

946 688 1059 724 jamjam
1078 688 1170 716 futura
1182 694 1400 724 exspectaretur,
1413 692 1558 726 praefectus
1573 701 1629 721 rem
1645 695 1732 729 impc-

948 736 1033 762 ratori
1062 735 1237 771 significavit,
1263 744 1361 771 passus
1378 737 1488 766 interim
1504 739 1684 768 Athanasium
1704 743 1731 769 in

949 781 1016 810 urbe
1032 790 1183 810 remanere.
1195 782 1292 811 Postea
1302 791 1376 817 vero,
1391 785 1484 813 multis
1497 785 1554 820 jam
1566 787 1667 823 elapsis
1680 789 1734 816 die-

948 829 1011 862 bus,
1028 836 1092 856 cum
1111 829 1210 857 seditio
1225 831 1359 858 exstincta
1375 838 1437 858 esse
1463 831 1609 866 videretur,
1625 841 1735 869 vesper-

949 874 1007 902 tino
1032 878 1156 910 tempore
1179 876 1346 904 Athanasius
1361 877 1431 904 clam
1449 885 1482 905 ex
1500 878 1613 906 civitate
1628 879 1735 914 digres-

949 928 1008 954 sus,
1034 921 1061 947 in
1089 921 1206 956 quodam
1231 922 1293 950 loco
1314 930 1375 950 sese
1397 924 1555 952 occultavit.
1579 923 1735 959 Eademque

950 973 1030 994 nocte
1048 968 1195 1003 prazfectus
1218 969 1398 1003 Alexandriae,
1418 974 1447 997 et
1469 971 1525 998 dux
1549 971 1666 998 militum
1686 971 1736 998 1E-

948 1013 1184 1048 gypti.ecclesiam
1201 1014 1229 1040 in
1243 1021 1297 1049 qua
1311 1014 1492 1043 diversorium
1507 1020 1567 1043 erat
1579 1014 1734 1050 Ath‘anasii,

949 1062 1131 1093 occuparunt.
1153 1059 1187 1086 Et
1204 1067 1266 1086 cum
1283 1059 1359 1087 illum
1378 1060 1489 1096 ubique,
1512 1061 1540 1088 in
1565 1061 1633 1096 ipsis
1653 1064 1734 1089 etiam

949 1104 1033 1131 tectis
1049 1108 1076 1131 et
1091 1103 1260 1132 culminibus
1283 1105 1523 1140 perquisivissent,
1546 1106 1664 1134 consilio
1684 1114 1735 1134 suo

950 1149 1074 1177 frustrati
1090 1150 1290 1178 discesserunt.
1308 1151 1354 1179 Sic
1368 1152 1441 1180 enim
1460 1152 1667 1185 existimabant,
1684 1161 1734 1188 po—

949 1195 1078 1230 pulojain
1091 1195 1191 1231 prioris
1204 1197 1349 1225 seditionis
1357 1198 1455 1232 oblito,
1464 1199 1625 1233 cunctisque
1638 1207 1735 1231 somno

950 1241 1101 1274 oppressis,
1128 1249 1167 1273 se,
1198 1241 1221 1269 si
1250 1242 1381 1277 impetum
1406 1243 1538 1277 faecrent,
1562 1245 1735 1279 imperatoris

948 1278 1026 1321 jussa
1043 1285 1123 1313 facile
1134 1292 1326 1320 exsecuturos,
1336 1293 1363 1316 et
1375 1289 1469 1316 urbem
1480 1290 1624 1318 seditionis
1638 1299 1735 1326 exper—

951 1335 1004 1358 tem
1027 1336 1185 1360 servaturos
1202 1340 1273 1361 esse.
1291 1332 1390 1368 Ingens
1410 1341 1491 1368 porro
1506 1335 1652 1363 admiratio
1667 1343 1736 1363 cun-

950 1381 1010 1404 ctos
1033 1377 1129 1409 subiit,
1149 1378 1222 1413 quod
1246 1379 1413 1407 Athanasius
1435 1380 1563 1407 inventus
1579 1388 1634 1407 non
1652 1386 1735 1408 esset.

949 1421 1016 1449 Nam
1032 1422 1089 1450 sive
1106 1422 1198 1450 divina
1215 1424 1391 1457 revelatione,
1409 1425 1466 1456 sive
1488 1425 1670 1460 quorumdam
1686 1426 1735 1452 ho-

951 1469 1054 1495 minum
1069 1468 1169 1496 iudicio
1184 1469 1513 1505 praemonituseﬂugerit,
1530 1475 1676 1506 utrumque
1690 1479 1736 1498 eo-

951 1511 1013 1539 dem
1029 1512 1136 1539 recidit.
1154 1513 1234 1541 Certe
1252 1518 1281 1541 ut
1297 1515 1359 1549 quis
1375 1518 1430 1542 tam
1448 1521 1601 1551 opportuno
1614 1520 1736 1552 tempore

953 1565 1124 1593 praenoscere
1147 1559 1262 1587 insidias
1285 1564 1311 1587 et.
1333 1567 1430 1588 cavere
1454 1562 1552 1596 possit,
1572 1562 1596 1588 id
1622 1563 1736 1598 majoris

951 1604 1061 1631 videtur
1078 1612 1140 1632 esse
1159 1604 1347 1640 providentim,
1363 1614 1444 1642 quam
1462 1615 1523 1642 qme
1547 1607 1627 1642 235
1646 1608 1672 1635 in
1689 1609 1736 1635 ho-

952 1650 1053 1676 minem
1079 1650 1169 1678 cadat.
1188 1650 1240 1677 Alii
1263 1651 1379 1684 dicunt,
1401 1652 1593 1686 Athanasium,
1614 1661 1676 1680 cum
1695 1654 1736 1681 in-

951 1694 1106 1721 consultqu
1128 1695 1222 1730 populi
1247 1695 1393 1723 tumultum
1420 1697 1601 1731 praevideret,
1621 1699 1736 1725 veritum

952 1747 986 1766 ne
1010 1741 1142 1767 malorum
1168 1747 1228 1774 quze
1249 1749 1281 1768 ex
1308 1749 1341 1769 eo
1356 1747 1487 1770 eventura
1513 1748 1615 1777 essent,
1641 1749 1737 1772 auctor

952 1785 1038 1813 fuisse
1052 1786 1200 1818 diceretur,
1226 1792 1283 1813 toto
1303 1787 1357 1814 hoc
1374 1792 1495 1823 tempore
1511 1789 1537 1815 in
1559 1795 1736 1817 monumento

952 1830 1041 1865 patrio
1068 1831 1220 1858 delituisse.
1241 1832 1273 1858 Et
1293 1833 1459 1860 Athanasius
1483 1833 1593 1868 quidem
1621 1834 1673 1862 hac
1693 1843 1736 1862 ra-

951 1877 1026 1904 tione
1041 1877 1162 1912 elapsus,
1180 1885 1241 1904 sese
1256 1879 1411 1906 occultavit.
1425 1878 1576 1916 Imperator
1587 1888 1662 1914 vero,
1680 1889 1735 1909 non

951 1923 1037 1951 nmlto
1056 1927 1116 1958 post
1141 1924 1252 1959 scripsit
1280 1924 1315 1956 ei,
1341 1928 1371 1951 ut
1399 1925 1508 1958 rediret,
1533 1929 1560 1953 et
1582 1925 1734 1954 Ecclesiam

951 1977 1029 1996 suam
1049 1969 1192 2004 reciperet.
1218 1969 1352 1996 Caeterum
1380 1971 1507 2007 suspicor
1522 1970 1663 1999 Valentem
1680 1980 1733 1999 non

951 2023 984 2043 ex
997 2016 1080 2042 animi
1094 2016 1135 2043 sui
1153 2016 1288 2043 sententia
1302 2016 1353 2043 ista
1370 2016 1526 2051 scripsisse,
1543 2018 1590 2044 sed
1607 2018 1646 2045 vel
1659 2019 1733 2053 quod

952 2066 1122 2089 constantem
1141 2063 1261 2089 omnium
1281 2062 1423 2090 hominum
1448 2063 1678 2092 existimationem
1700 2065 1735 2092 de

951 2107 1053 2134 virtute
1068 2107 1210 2134 Athanasii
1228 2114 1319 2135 secum
1334 2108 1392 2142 ipse
1407 2112 1554 2142 reputaret,
1572 2113 1598 2135 et
1615 2109 1650 2136 ob
1665 2110 1734 2137 itane

951 2160 1062 2180 causam
1079 2153 1174 2187 procul
1191 2152 1273 2179 dubio
1287 2151 1508 2180 Valentinianum
1526 2153 1552 2180 id
1567 2155 1679 2183 moleste
1696 2155 1734 2182 la-

952 2203 1042 2225 turum
1058 2207 1064 2225 :
1083 2198 1183 2233 quippe
1196 2197 1242 2232 qui
1262 2197 1365 2225 Νίσαιηὶ
1379 2197 1489 2225 concilii
1506 2198 1657 2226 doctrinam
1676 2207 1734 2226 ani-

951 2245 1048 2280 plexus
1071 2248 1166 2272 esset:
1193 2244 1236 2271 vel
1253 2245 1323 2279 quod
1342 2244 1543 2272 multitudinem
1567 2253 1661 2272 eorum
1687 2248 1732 2281 qui

950 2290 1101 2318 Athanasio
1123 2289 1261 2323 favebant,
1280 2290 1449 2322 formidaret,
1471 2298 1503 2318 ne
1522 2291 1586 2326 quid
1606 2291 1633 2318 in
1655 2291 1732 2318 dam-

951 2345 1016 2364 num
1042 2337 1200 2372 reipublicze
1227 2337 1398 2364 molirentur.
1425 2336 1550 2363 Arbitror
1576 2337 1679 2369 etiam,
1707 2338 1732 2364 id

951 2383 1024 2418 quod
1039 2383 1187 2411 verisimile
1207 2386 1258 2414 est,
1275 2382 1439 2410 Arianorum
1462 2383 1599 2409 antistites
1624 2390 1678 2409 non
1695 2383 1731 2409 ita

949 2427 1103 2455 vehementi
1118 2427 1210 2454 studio
1227 2428 1254 2454 in
1271 2427 1345 2454 illum
1367 2427 1537 2455 incubuisse:
1555 2427 1732 2462 praevidentes

698 2506 831 2533 VALESII
855 2506 1132 2535 ANNO'I‘ATIONES.

138 2556 204 2597 ('l_(i)_
218 2554 274 2597 [fat
300 2555 504 2597 προμηθείας..
518 2554 691 2597 Supplfndus
716 2555 826 2582 videtur
850 2555 894 2582 hic

950 2565 991 2584 :us
1014 2557 1041 2583 in
1065 2557 1137 2583 hunc
1170 2555 1282 2583 modum
1318 2555 1364 2581 καὶ
1387 2554 1556 2589 προμηθείας
1578 2553 1730 2589 μείζονοςῆ

101 2591 175 2618 κατὰ
189 2590 336 2624 ἄνθρωπον
351 2589 419 2615 εἶναι
433 2589 514 2621 δοκεῖ,
532 2591 572 2616 vel
587 2589 683 2616 ἐδόκει,

814 2665 858 2693 VA
865 2666 1009 2694 RIORUM.

141 2719 151 2732 τ
172 2714 229 2740 Kal
248 2713 306 2747 μὲν
316 2709 374 2740 ὦδε
388 2713 550 2747 διαφυγών.
571 2712 673 2746 Fugam
687 2712 830 2747 Athanasii
848 2720 898 2746 po-

100 2746 255 2778 stremam,
275 2756 336 2774 cum
355 2749 462 2776 erudito
476 2749 534 2774 viro
550 2747 670 2773 Antonio
686 2746 782 2780 Pagio,
800 2747 826 2772 iu
848 2755 894 2774 an-

101 2792 169 2811 num
186 2783 334 2817 rejicimus
350 2784 460 2810 circiter
475 2783 536 2809 567.
551 2781 619 2814 Quia
636 2782 794 2817 scilicetrait
811 2781 899 2808 Theo-

100 2820 214 2856 phanes
230 2818 410 2856 Athanasium
429 2818 609 2852 quadraginta
627 2824 674 2844 sex
691 2816 771 2856 anuis
788 2817 898 2856 episco-

100 2851 158 2889 itali
192 2852 372 2889 perfunctum
402 2851 532 2889 munere,
563 2855 633 2878 totos
661 2851 842 2889 quadraginta
870 2851 897 2878 in

101 2886 243 2922 periculis
271 2888 528 2922 calamitatibusque
552 2891 701 2919 versatum,
727 2886 765 2913 ita
791 2891 819 2913 ut
846 2894 892 2914 sex

951 2711 1098 2749 postremis
1113 2711 1201 2749 solum
1222 2714 1282 2740 vilre
1298 2720 1355 2749 sum.
1371 2712 1450 2739 annis
1463 2711 1486 2737 ei
1504 2709 1688 2749 licuerit'alta
1705 2714 1729 2749 et

949 2747 1149 2784 iiiipt-I'tll_rltata
1166 2747 1219 2784 frui
1244 2755 1323 2784 pace.
1339 2748 1405 2784 Qua;
1427 2754 1492 2784 sane
1513 2747 1642 2784 temporis
1662 2747 1731 2770 ratio

949 2780 1097 2819 constabit,
1110 2781 1133 2807 si
1151 2780 1302 2819 alliannnm
1316 2783 1366 2809 567
1380 2783 1542 2819 εῂιςλίῖιειιιι)
1561 2780 1730 2819 rellitutm'iue

949 2817 1132 2843 conferamus.
1154 2816 1275 2851 (Clariss.
1295 2813 1421 2844 monachi
1439 2813 1609 2844 Beiicdittini
1634 2813 1730 2840 iul'ita

949 2853 1090 2882 ΑιΙιιιηηε..
1105 2857 1164 2885 pag.
1183 2851 1238 2887 85.)
