1896 3074
101 159 168 186 ιεξε]

603 155 765 183 HISTORIA
783 153 1058 183 ECCLESIASTICA.
1078 170 1112 174 —-
1132 155 1194 182 LIB.
1217 155 1259 182 Vl.

1657 157 1725 184 1550

105 217 282 244 ἐπεϐούλευον
300 217 356 248 τοῖς
374 189 492 251 ἀπίτῆς
506 216 629 248 ἐναντίας
640 216 727 251 δόξης.
754 217 786 242 οι
800 216 837 248 δὲ,
852 215 891 247 εἴς

949 215 1117 243 acerbissime
1144 216 1269 250 persequi
1297 215 1474 243 instituerunt
1490 217 1508 242 '.
1535 215 1585 248 Qui
1612 223 1672 242 cum
1698 219 1743 242 ct.

106 271 135 289 τε
153 263 231 298 σῶμα
254 262 438 297 ὑϐριζόμενοι,
456 261 569 297 ἄρχουσί
591 271 620 288 τε
633 262 680 289 καὶ
694 260 891 296 δεσμωτηρίοις

106 309 323 344 παραδιδόμενοι,
344 308 452 340 καὶτὰς
472 308 564 339 οὐσίας
588 309 648 334 κατ’
666 308 754 342 ὀλίγον
767 306 892 334 δαπανώ-

107 363 180 390 μενοι
204 355 263 385 ταῖς
282 354 387 380 ἐνθένδε
408 354 512 389 συχνῶς
533 354 744 389 συμϐαινούσαις
766 353 890 388 ζημίαις,

104 400 224 434 ἔγνωσαν
238 399 367 434 δεηθῆναι
381 399 428 426 τοῦ
449 399 590 435 βασιλέως,
607 400 679 432 ὅπως
696 399 757 426 τινὰ
770 399 824 426 τῶν
837 399 892 426 δει-

104 446 155 472 νῶν
169 445 274 481 εὕροιεν
287 446 457 481 ἀπαλλαγήν.
474 446 529 472 Καὶ
544 446 786 480 ἐκκλησιαστικοὺς
798 444 892 480 ὀγδοή-

105 500 184 517 κοντα
198 491 297 526 ἄνδρας
308 491 441 518 ἐπὶτοῦτο
453 491 565 523 εἴλοντο,
577 487 614 518 ὧν
626 491 740 526 ἡγοῦντο
754 490 892 526 Οὑρῦανὸς

105 537 150 563 καὶ
163 536 300 572 θεόδωρος
315 536 361 563 καὶ
375 537 542 572 Μενέδημος.
562 537 606 569 Ὠς
617 537 646 563 δέ
659 538 697 568 είς
708 536 892 572 Νικομήδειαν

103 582 241 616 ἀφίκοντο,
268 582 369 616 βιϐλίον
389 582 528 608 ἐπέδωκαν
552 582 586 608 τὰ
607 583 666 608 κατ’
677 582 775 614 αὐτοὺς
789 582 892 617 ἐγγρά-

103 630 211 664 ψαντες.
243 629 272 656 '0
288 629 326 659 δὲ,
343 628 443 663 σφόδρα
457 627 601 662 θυμωθεὶς,
625 628 686 654 ὅσον
704 627 826 663 ὠργίσθη
842 628 892 653 οὐκ

103 675 211 708 ἐγένετο
221 674 299 709 δῆλος
307 682 313 688 ·
330 674 416 709 λάθρα
426 674 454 700 δέ
465 673 579 708 ὑπάρχῳ
591 672 740 708 προσέταξε
750 671 892 700 συλλαϐεῖν

103 721 199 751 αὐτοὺς
215 720 262 746 καὶ
274 719 388 748 ἀνελεῖν.
422 720 451 746 '0
470 719 498 746 δὲ
520 719 643 755 ὕπαρχος
664 719 754 750 δείσας
773 719 811 755 μὴ
826 727 889 745 στα-

104 766 185 800 σιάσῃ
201 765 232 791 τὸ
246 765 357 800 πλῆθος,
369 764 502 791 τοσούτων
514 764 636 791 εὐλαϐὼν
655 764 758 799 ἀνδρῶν
775 764 822 790 καὶ
839 771 892 798 μη-

103 812 145 838 δὲν
160 811 329 847 ἠδικηκότων
345 811 508 846 παραλόγως
523 810 729 846 ἀναιρουμένων
743 831 750 843 ,
775 810 891 837 πλάττε-

103 866 146 884 νιαι
159 856 350 889 καταδικάζειν
365 848 453 884 αὐτῶν
475 857 622 892 ὑπερορίαν
645 857 743 891 φυγήν.
777 857 822 888 Ὦς
845 857 891 883 ἐπὶ

942 263 1080 290 cruciatus
1105 263 1229 296 corporis
1255 262 1443 294 sustinerent,
1470 266 1498 289 et
1520 263 1553 289 ad
1580 261 1725 296 pra-sitiam

942 308 1089 336 tribunalia
1115 313 1142 335 et
1165 315 1290 336 carceres
1315 309 1500 340 traherentur,
1528 312 1554 336 et
1576 308 1611 335 ob
1630 307 1726 335 crebra

941 361 1003 388 quae
1017 354 1079 381 inde
1098 353 1165 388 ipsis
1179 354 1342 381 eveniebant
1356 353 1467 386 damna,
1477 354 1653 380 facultatibus
1667 353 1725 381 suis

941 399 1071 434 paulatim
1089 398 1268 432 nudarentur,
1284 399 1446 434 imperatori
1461 400 1615 435 supplicare
1630 399 1726 426 decre-

942 449 1049 478 verunt,
1068 449 1097 473 ul
1121 446 1163 473 his
1179 446 1382 477 calamitatibus
1400 446 1491 481 aliqua
1509 453 1541 473 ex
1563 450 1640 481 parte
1656 446 1724 472 libe-

944 495 1078 518 rarentur.
1095 490 1181 525 Hujus
1197 492 1235 519 rei
1251 499 1334 519 causa
1351 492 1490 527 octoginta
1505 492 1578 518 viros
1597 491 1725 519 ecclesia-

942 537 1214 572 sticos_delegerunt,
1231 537 1301 565 inter
1316 545 1385 573 quos
1410 538 1547 570 Urbanus,
1564 537 1725 565 Theodorus

943 589 975 610 ac
1003 581 1177 609 Menedemus
1196 582 1344 616 principem
1368 583 1456 610 locant
1476 583 1645 611 obtinebant.
1672 584 1725 616 Qui

943 636 1007 657 eum
1024 628 1207 656 Nicomediam
1228 628 1385 661 venissent,
1406 629 1525 656 libellum
1546 629 1651 656 Valenti
1676 630 1724 657 ob-

944 675 1074 708 tulerunt,
1097 675 1123 702 iu
1139 682 1193 709 quo
1211 682 1242 701 ea
1259 674 1474 709 perscripserunt
1490 683 1550 710 qua:
1565 676 1597 702 ad
1614 683 1724 703 causam

942 720 1064 756 ipsorum
1091 721 1264 755 pertinerent.
1290 721 1324 747 At
1350 719 1470 752 Valens,
1496 721 1619 755 quamvis
1642 729 1724 755 supra

943 767 1053 793 modum
1080 767 1278 802 indignaretur,
1304 767 1350 794 irae
1375 771 1464 794 tamen
1485 775 1541 794 sua:
1565 768 1724 802 gravitatem

942 820 997 839 non
1021 813 1155 847 prodidit,
1172 813 1218 840 sed
1235 813 1304 840 clam
1321 813 1461 840 mandavit
1482 813 1620 848 ιιι-πείθοιο,
1638 819 1666 840 ιιι
1679 821 1726 841 eos

943 860 1156 893 comprehensos
1173 860 1348 887 interﬁceret.
1365 860 1512 888 Praefectus
1533 868 1607 893 vero,
1627 860 1725 888 timens

103 903 180 930 τοῦτο
194 903 223 930 δέ
239 903 356 938 πέμπων
372 903 481 935 αὐτοὺς,
495 903 534 934 εἰς
552 902 644 929 πλοῖον
660 902 825 934 ἐνεὸίὸασεν,
841 903 891 929 οὐκ

949 913 977 932 ιθ
995 906 1089 940 vulgus
1107 906 1268 933 seditionem
1284 907 1447 939 concitaret,
1463 907 1485 935 si
1501 912 1537 934 tot
1556 907 1591 942 pii
1606 907 1656 934 viri
1679 908 1726 942 qui

103 949 223 982 ἀγεννῶς
244 949 307 976 τάδε
333 948 428 975 παθεῖν
444 948 639 983 ὑπομένοντας.
668 947 744 974 Ἐπεὶ
757 947 786 973 δέ
800 947 893 973 πλέους

103 1003 148 1026 τες
171 994 244 1020 κατὰ
271 993 351 1028 μέσον
364 992 411 1020 τοῦ
433 992 576 1019 Ἀστακίου
601 992 769 1027 καλουμένου
791 992 891 1018 κόλπου

103 1041 239 1074 ἐγένοντο,
259 1040 284 1066 οἱ
302 1039 352 1075 μὲν
370 1039 465 1066 ναῦται
481 1039 548 1074 πυρὶ
562 1038 593 1065 τὺ
606 1039 711 1073 σκάφος
726 1038 891 1073 ὑφάψαντες,

103 1086 138 1117 ὡς
151 1084 185 1120 ἦν
198 1086 291 1117 αὐτοῖς
304 1085 551 1120 προστεταγμένον,
566 1084 724 1119 ὑπεχώρουν
746 1085 785 1115 εἰς
799 1083 828 1110 τὸ
844 1085 891 1118 ἐφ-

102 1131 190 1158 όλκιον
220 1131 471 1166 μεταπηδήσαντες.
502 1130 584 1156 Ἡδὲ
606 1129 672 1161 ναῦς
694 1129 746 1156 ὑπὸ
762 1129 892 1165 ἐπιφόρου

104 1177 204 1211 ἀνέμου
221 1176 397 1211 ἐλαυνομένη,
410 1176 474 1211 ἄχρι
487 1176 643 1210 Δακιϐίςης,
662 1175 761 1210 χωρίον
772 1175 800 1201 δὲ
815 1175 894 1201 τοῦτο

105 1223 153 1257 τῆς
186 1222 320 1258 παραλίου
349 1222 495 1253 Βιθυνίας,
521 1221 648 1257 διήρκεσε
676 1221 744 1256 πρὸς
773 1221 819 1247 τὸν
846 1221 892 1247 ἐκ-

106 1269 189 1295 πλουν
201 1268 268 1304 (80).
287 1268 362 1303 ’Ἅμα
379 1267 407 1294 δὲ
420 1269 453 1303 τῇ
472 1268 508 1303 γῇ
534 1267 677 1302 προσέσχε,
702 1267 749 1293 καὶ
771 1267 891 1303 διελύθη,

108 1316 155 1341 σὺν
169 1315 261 1346 αὐτοῖς
273 1314 386 1349 ἀνδράσι
404 1314 617 1348 καταφλεγεῑσα.

943 950 1010 977 nihil
1025 950 1207 985 deliquerant,
1223 957 1321 986 praeter
1336 952 1382 987 jus
1410 961 1443 981 ac
1462 954 1596 980 rationem
1614 953 1736 987 occide-V

944 1000 1048 1029 rentur,
1059 996 1168 1023 simulat
1180 1005 1210 1025 se
1223 998 1320 1025 exsilio
1334 1006 1382 1025 eos
1398 999 1540 1031 addicere,
1556 1004 1580 1027 et
1597 1003 1726 1034 tanquam

943 1039 970 1066 in
987 1040 1112 1067 exsilium
1128 1040 1284 1073 mittendos,
1302 1042 1409 1077 navigio
1431 1043 1533 1077 imponi
1552 1043 1638 1078 jubet,
1654 1043 1726 1078 quod

943 1085 1053 1118 quidem
1082 1085 1120 1112 illi
1149 1085 1211 1112 forti
1234 1087 1326 1117 animo
1341 1086 1412 1115 ferre
1427 1088 1514 1121 parati
1534 1094 1624 1116 erant.
1641 1088 1728 1115 Porro

944 1139 1006 1160 cum
1022 1131 1055 1158 ad
1074 1132 1192 1160 medium
1208 1132 1334 1160 Astaceoi
1352 1134 1429 1162 sinus
1453 1135 1607 1169 navigando
1630 1142 1726 1169 perve-

944 1178 1060 1208 nissent,
1080 1184 1178 1209 natum,
1205 1187 1337 1206 succensa
1357 1178 1435 1209 nave‘.
1452 1180 1523 1207 sicut
1545 1181 1612 1216 ipsis
1640 1181 1728 1207 fuerat

946 1223 1120 1257 imperatum,
1133 1224 1159 1250 in
1176 1225 1306 1259 scapham
1323 1225 1482 1253 desilientes
1496 1226 1658 1254 abscedunt.
1674 1225 1729 1252 Na-

946 1269 987 1296 vis
1011 1276 1077 1296 vero
1096 1270 1154 1305 ipsa
1181 1271 1301 1298 secundo
1321 1277 1402 1298 vento
1419 1272 1547 1308 impulsa,
1574 1272 1728 1299 Dacibizam

946 1321 1041 1350 usque,
1059 1316 1103 1350 qui
1130 1317 1209 1352 237
1236 1317 1311 1345 locus
1331 1323 1372 1345 est
1390 1319 1417 1345 in
1443 1318 1570 1354 Bithynia
1597 1318 1630 1345 ad
1655 1325 1730 1345 mare

109 1363 188 1395 situs,
205 1363 291 1390 valuit
310 1362 462 1398 pervenire.
477 1361 531 1389 Sed
545 1361 627 1389 simul
642 1365 724 1396 atque
740 1361 773 1388 ad
789 1365 891 1388 terram
911 1362 1025 1397 appulit,
1041 1363 1172 1391 dissoluta
1191 1372 1243 1392 una
1258 1372 1320 1392 cum
1353 1365 1420 1400 ipsis
1438 1365 1595 1392 hominibus
1628 1364 1730 1392 conﬂa-

109 1411 207 1446 gravit.

407 1455 531 1484 ΚΕΦΑΔ,
545 1455 595 1484 IE'.

111 1503 180 1538 Περὶ
196 1503 252 1538 τῆς
265 1503 409 1538 διαφορᾶς
421 1503 566 1530 Eur/£6101)
583 1500 635 1538 τοῦ
648 1503 834 1538 Καισαρείας,
847 1500 898 1538 καὶ,

148 1536 371 1566 Ϊῖασιζίείουτοῦ
399 1537 546 1571 Μεγάλου.
571 1536 682 1571 Καὶνώς
704 1536 845 1571 ἐντεῦθεν
870 1536 898 1562 οὶ

153 1573 292 1608 Ἄρειανοὶ
306 1573 418 1606 θάρσος
430 1570 584 1604 λαϐόντες,
601 1570 638 1605 τῇ
654 1570 826 1605 Καισαρέων
834 1570 899 1597 ἐπι·

146 1609 281 1643 φοιτῶσι,
293 1609 341 1634 καὶ
353 1608 580 1642 ἁποκρούοντιιι.

147 1655 254 1689 Οὐάλης
271 1655 299 1681 δέ
319 1653 473 1681 καταλιπὼν
495 1655 544 1689 τὴν
566 1652 761 1688 Νικομήδειαν,
784 1651 830 1678 ἐπὶ
851 1651 899 1686 τὴν

1262 1455 1337 1483 CAP.
1358 1455 1417 1482 XV.

948 1492 987 1518 De
1004 1491 1168 1518 dissensione
1186 1491 1254 1519 inter
1271 1491 1410 1518 Eusebium
1428 1489 1618 1518 Caesariensem
1631 1491 1732 1524 episco-

982 1535 1043 1561 pum
1065 1533 1089 1553 et
1112 1526 1241 1553 Basiliam
1266 1525 1410 1560 Magnum;
1439 1531 1462 1552 ει
1484 1526 1612 1561 quomodo
1625 1526 1731 1557 Ariani,

984 1567 1089 1595 sumpta
1111 1569 1143 1588 ea:
1168 1570 1196 1588 ea
1223 1562 1336 1594 ﬁducia,
1364 1560 1555 1588 Ctvsurieuvcm
1585 1560 1731 1587 Ecclesium

985 1597 1072 1624 adorti
1088 1602 1161 1630 sunt,
1178 1604 1209 1622 ue
1223 1597 1328 1630 repulsi.

984 1643 1018 1670 At
1038 1642 1145 1674 Valens,
1173 1644 1266 1670 relicta
1284 1641 1451 1673 Nicomedia,
1476 1641 1649 1670 Antiochiam
1672 1649 1732 1669 ver-

120 1682 284 1735 Ἀντιόχέίαν
297 1700 354 1725 ὁδὸν
368 1700 494 1726 ἐποιεῖτο.
520 1682 563 1725 :Ev
585 1682 674 1733 τούτω
694 1698 732 1730 δὲ,
751 1682 898 1723 Καππαδό-

951 1696 998 1716 sus
1010 1689 1061 1715 iter
1075 1688 1147 1716 fecit.
1165 1688 1225 1721 Quo
1242 1688 1352 1723 quidem
1370 1692 1492 1722 tempore
1506 1695 1567 1714 cum
1582 1687 1609 1713 in
1629 1687 1733 1722 Cappa-

114 1754 174 1777 καις
185 1745 351 1780 ἐνδημήσας,
366 1745 433 1779 ὅπερ
454 1744 544 1771 εἰώθει
570 1745 668 1775 ποιεῖν,
684 1742 834 1774 ἐσπούδαζε
849 1750 900 1769 κα-

115 1791 178 1817 κοῦν
207 1791 271 1821 τοὺς
296 1789 472 1825 όρθόφρονας,
496 1789 604 1820 καὶτὰς
626 1788 720 1815 ἐνθάδε
740 1788 901 1823 Ἐχκλησῐας

114 1838 289 1873 παραδιδόναι
322 1838 377 1868 τοῖς
403 1837 437 1863 τὰ
454 1835 557 1871 Ἀρείου
580 1834 717 1870 φρονοῦσι.
743 1834 854 1869 Ῥᾳδίως
871 1841 900 1859 τε

114 1883 193 1910 τοῦτο
206 1882 388 1918 κατορθώσειν
403 1881 480 1917 ᾤετο,
501 1882 534 1907 ἐκ
553 1880 599 1907 τοῦ
613 1880 744 1915 διαφορᾶς
755 1887 826 1911 τινος
844 1879 900 1914 (Si)

114 1930 152 1961 εἰς
165 1930 255 1964 λύπην
281 1928 447 1963 καταστῆναί
469 1927 607 1953 Βασίλειον
625 1926 747 1961 Εὑσεῆίῳ
763 1925 823 1951 τότε
843 1926 902 1951 ἐπι-

114 1974 272 2009 τροπεύοντι
284 1973 333 2008 τὴν
344 1971 502 2007 Καισαρέων
516 1971 688 2006 Ἐκκλησῖαν.
709 1971 754 1997 Διὺ
765 1970 811 1997 καὶ
833 1969 900 2005 πρὸς

114 2021 158 2046 τὸν
173 2019 273 2046 Πόντον
290 2017 461 2053 ὑπεχώρησε,
478 2016 525 2043 καὶ
541 2017 596 2047 "tot;
617 2015 710 2041 ἐνθάδε
727 2013 901 2048 φιλοσοφοῦσι

117 2065 242 2100 μοναχοῖς
254 2064 344 2098 συνῆν.
361 2063 397 2089 Τὸ
419 2062 448 2089 δέ
466 2061 577 2096 πλῆθος,
599 2061 646 2087 καὶ
662 2060 778 2095 μάλιστα
794 2059 818 2086 οἱ
833 2053 918 2094 κρά-”

116 2119 200 2137 τιστοι
215 2111 263 2137 καὶ
279 2108 436 2144 σοφώτεροι,
448 2110 477 2134 ἐν
494 2107 605 2142 ὑπονοίᾳ
613 2106 657 2132 τὺν
669 2105 796 2132 Εὑσέϐιον
811 2102 881 2139 εἶχον
892 2112 898 2119 ·

117 2157 162 2184 καὶ
173 2157 211 2189 ὡς
225 2156 314 2191 φυγῆς
327 2156 412 2182 αἴτιον
425 2154 570 2189 γενόμενον
581 2152 675 2188 ἀνδρὸς
684 2150 900 2186 εὑδοκιμωτάτου

117 2204 145 2229 ὲν
163 2203 202 2238 τῷ
218 2202 291 2237 βιοῦν
304 2202 350 2228 καὶ
363 2200 463 2234 λέγειν,
474 2199 616 2226 ἀπολιπεῖν
630 2196 710 2224 αὑτὸν
718 2194 900 2227 ἐϐουλεύοντο,

118 2248 164 2274 καὶ
176 2247 237 2273 καθ’
254 2247 366 2276 ἑαυτοὺς
389 2243 587 2279 ἐκκλησιάζειν.
609 2241 678 2268 Ἀλλ’
694 2242 708 2267 ὁ
730 2241 788 2276 μὲν,
805 2240 849 2266 ἵνα
863 2239 900 2274 μὴ

119 2292 164 2318 καὶ
186 2292 217 2318 τὺ
240 2291 300 2318 καθ’
327 2289 423 2317 ἑαυτὸν
445 2287 577 2323 ἐπιτρέψῃ
592 2287 642 2322 τὴν
668 2285 831 2320 Ἐκκλησίαν
851 2285 900 2312 οὐκ

950 1734 1056 1761 doeiam
1074 1734 1203 1765 venisset,
1218 1733 1395 1766 orthodoros,
1409 1738 1437 1760 at
1453 1734 1567 1766 solebat,
1582 1734 1731 1768 exagitare,

951 1784 977 1806 et
1001 1779 1072 1806 illius
1096 1779 1243 1813 provinciae
1266 1779 1405 1806 Ecclesias
1421 1776 1653 1806 Arianis'tradere
1676 1783 1733 1806 stu-

950 1823 1018 1851 duit.
1036 1824 1117 1858 ldque
1130 1832 1163 1851 eo
1180 1824 1287 1852 facilius
1310 1832 1339 1852 se
1362 1829 1576 1851 consecuturum
1594 1824 1733 1858 sperabat,

950 1872 1023 1905 quod
1045 1871 1180 1899 dissensio
1202 1870 1327 1905 quaedam
1348 1878 1379 1897 ac
1404 1871 1529 1898 simultas
1554 1870 1734 1898 intercederet

951 1918 1023 1944 inter
1042 1917 1171 1944 Basiliam
1183 1921 1209 1944 et
1226 1917 1382 1951 Eusebium,
1398 1918 1445 1952 qui
1458 1922 1523 1944 tunc
1538 1917 1733 1945 Cmsariensem

951 1963 1097 1990 Etzclesiam
1125 1962 1343 1990 administrabat.
1368 1963 1427 1996 Qua
1452 1964 1486 1991 de
1513 1970 1595 1991 causa
1618 1963 1733 1989 Basilius

951 2017 981 2036 se
1003 2009 1029 2035 in
1055 2008 1169 2035 Pontum
1196 2012 1352 2042 receperat,
1376 2012 1403 2036 et
1423 2017 1484 2036 cum
1511 2010 1653 2036 monachis
1677 2010 1734 2036 illic

951 2053 1208 2090 philosophantihus
1237 2054 1406 2080 versabatur.
1436 2054 1556 2088 Populus
1583 2063 1667 2087 vero,
1703 2063 1734 2082 ac

952 2101 1088 2136 praecipue
1110 2099 1203 2133 optimi
1226 2099 1328 2134 quique
1352 2106 1385 2126 ae
1409 2100 1626 2133 prudentissimi,
1651 2101 1734 2128 Euse-

951 2146 1026 2173 bium
1050 2148 1204 2179 suspectam
1233 2145 1333 2172 habrre
1361 2149 1522 2179 cmperant:
1540 2147 1619 2180 eique
1644 2147 1733 2182 fugant

938 2191 1014 2222 .viri,
1036 2195 1091 2216 tum
1113 2190 1147 2217 ob
1163 2190 1256 2222 \itam,
1277 2195 1333 2216 ιιιιιι
1350 2190 1386 2216 ob
1408 2190 1592 2224 eloquentiam
1611 2193 1735 2220 celeber-

952 2238 1014 2264 rimi
1038 2237 1220 2272 assignantes,
1236 2236 1363 2264 desererc
1378 2236 1466 2267 ἱΙΙιιιιι,
1489 2240 1516 2263 ct
1535 2244 1660 2264 seorsum
1676 2239 1734 2277 col-

953 2283 1036 2310 lectas
1049 2290 1128 2317 agere
1140 2282 1351 2310 meditabantur.
1369 2281 1466 2309 Verum
1479 2283 1595 2309 Basilius
1611 2283 1733 2316 quidem,

118 2338 194 2363 ἐνδεᾶ
209 2336 330 2372 Θορύϐων
344 2335 388 2362 διὰ
397 2335 445 2366 τὰς
459 2333 656 2363 ἐπαναστάσεις
666 2331 719 2358 τῶν
730 2330 898 2378 ἑτεροδόξων,

954 2336 987 2355 ne
1005 2327 1125 2355 Ecclesia
1142 2328 1227 2362 ipsius
1248 2335 1331 2355 causa
1353 2328 1571 2363 pet-turbaretur,
1588 2336 1648 2363 qua‘
1665 2329 1734 2354 alia-

119 2383 146 2410 ἐν
161 2386 217 2415 τοῖς
232 2383 296 2419 περὶ
312 2382 358 2409 τὸν
373 2381 472 2408 Πόντον
481 2379 696 2415 φροντιστηρίοις
712 2377 827 2412 ἡσυχίαν
836 2374 898 2412 ἦγε.

119 2429 234 2455 Βασιλέα
245 2429 273 2455 δὲ
287 2428 335 2454 καὶ
350 2428 412 2458 τοὺς
422 2425 490 2460 ἀμφ’
499 2425 580 2451 αὑτὸν
598 2424 773 2457 ἐπισκόπους,
790 2423 834 2449 ἀεὶ
848 2422 901 2457 γὰρ

119 2474 192 2501 αὑτῶ
206 2474 323 2508 συνῆσαν
336 2474 384 2507 τῆς
405 2471 508 2508 Ἀρείου
524 2470 664 2505 αἱρέσεως.
685 2467 903 2504 προθυμοτέρους

163 2561 170 2575 ¹
182 2562 270 2594 Soer.,
286 2561 332 2587 lib.
349 2568 384 2593 tv,
400 2567 459 2588 cat).
477 2559 518 2586 l6.

953 2374 998 2408 qui
1007 2374 1042 2400 ob
1054 2374 1242 2401 luercticorum
1257 2374 1375 2401 insultas
1388 2374 1551 2401 lnnndtibus
1563 2382 1734 2408 nequaquam

956 2429 1040 2448 vacua
1059 2425 1128 2452 erat,
1151 2421 1177 2447 in
1201 2422 1377 2448 monasteriis
1395 2421 1473 2448 Potiti
1495 2421 1586 2456 quiete
1608 2421 1734 2455 degebat.

957 2465 1114 2500 Imperatori
1137 2474 1199 2493 vero
1220 2471 1246 2494 et
1268 2467 1406 2501 episcopis
1422 2467 1468 2502 qui
1492 2467 1624 2494 caraillo
1647 2471 1734 2498 eram,

705 2635 837 2663 VALESII
853 2635 1130 2664 ANNOTATIONES.

159 2718 215 2752 (80)
234 2719 349 2753 Διτλοκει
366 2718 438 2753 πρὸς
453 2717 506 2745 τὸν
526 2715 718 2753 ἔκπλουνηιιι
738 2716 833 2753 codice
849 2715 901 2753 Fu:

125 2751 232 2794 Iri-litum
247 2751 435 2794 sciliptum‘est
447 2752 653 2794 §tﬁpxece,_le_v_i
669 2751 837 2783 discrimine,
853 2751 899 2778 sed

124 2788 196 2822 quin!
215 2797 228 2814 ιι
249 2787 329 2816 nobis
348 2789 479 2822 prmteriri
493 2787 546 2815 non
559 2787 662 2815 debuit.

158 2823 214 2856 (8i)
239 2824 290 2850 Ἐκ
318 2820 371 2850 τοῦ
390 2823 533 2857 διαφορᾶς
555 2831 643 2854 τινος.
661 2820 801 2848 Assentior
821 2820 899 2857 (ibri-

125 2859 306 2890 Slophorsono
321 2863 347 2886 et
363 2855 482 2886 Sardi—0.-
496 2859 541 2893 qui
560 2857 779 2893 prwpositionem
796 2855 899 2883 addunt

955 2717 1006 2744 hoc
1024 2715 1103 2743 modo
1121 2725 1128 2752 ς
1149 2716 1181 2743 ἐκ
1191 2715 1237 2752 rei}
1256 2717 1287 2752 ἐκ
1301 2716 1440 2752 διαφορᾶς,
1458 2719 1511 2741 ctc.
1533 2713 1569 2740 De
1588 2714 1638 2752 hac
1657 2719 1736 2752 porro

954 2753 1094 2779 simultate
1122 2751 1191 2778 imer
1218 2747 1356 2778 llasilitua
1377 2747 1502 2785 Μειδιιιιιιι
1532 2754 1558 2776 et
1589 2747 1735 2785 Eusebium

953 2788 1109 2821 Opiswpum
1123 2806 1129 2815 .
1150 2787 1209 2812 vide
1225 2785 1388 2821 Gregorium
1405 2783 1603 2812 Nazian‘trnutn
1631 2783 1656 2809 in
1679 2789 1736 2808 ora-

954 2825 1026 2850 tione
1041 2822 1146 2848 funebri
1161 2821 1193 2849 dc
1212 2821 1338 2848 Ialnlibas
1356 2820 1462 2849 Basilii.
