  <div class='ocr_page' id='page_1' title='image "/cluster/home/n/w/nwhite01/storage/ocr_20150623/67/njp.32101077772703/770.png"; bbox 0 0 1896 3074; ppageno 0'>
   <div class='ocr_carea' id='block_1_1' title="bbox 64 139 148 167">
    <p class='ocr_par' dir='ltr' id='par_1_1' title="bbox 64 139 148 167">
     <span class='ocr_line' id='line_1_1' title="bbox 64 139 148 167; baseline 0 -1"><span class='ocrx_word' id='word_1_1' title='bbox 64 139 148 167; x_wconf 71' lang='grc' dir='ltr'><strong>ΙῖὄἹ</strong></span> 
     </span>
    </p>
   </div>
   <div class='ocr_carea' id='block_1_2' title="bbox 562 144 1220 176">
    <p class='ocr_par' dir='ltr' id='par_1_2' title="bbox 562 144 1220 176">
     <span class='ocr_line' id='line_1_2' title="bbox 562 144 1220 176; baseline 0.005 -5"><span class='ocrx_word' id='word_1_2' title='bbox 562 144 723 174; x_wconf 79' lang='lat' dir='ltr'><strong>HISTORIA</strong></span> <span class='ocrx_word' id='word_1_3' title='bbox 743 146 1018 176; x_wconf 81' lang='lat' dir='ltr'><strong>ECCLESIAS&#39;I‘ICA.</strong></span> <span class='ocrx_word' id='word_1_4' title='bbox 1040 164 1073 169; x_wconf 89' lang='lat'><strong>-—</strong></span> <span class='ocrx_word' id='word_1_5' title='bbox 1094 148 1157 175; x_wconf 84' lang='lat' dir='ltr'><strong>LIB.</strong></span> <span class='ocrx_word' id='word_1_6' title='bbox 1178 147 1220 175; x_wconf 82' lang='lat' dir='ltr'><strong>Vl.</strong></span> 
     </span>
    </p>
   </div>
   <div class='ocr_carea' id='block_1_3' title="bbox 1639 149 1708 178">
    <p class='ocr_par' dir='ltr' id='par_1_3' title="bbox 1639 149 1708 178">
     <span class='ocr_line' id='line_1_3' title="bbox 1639 149 1708 178; baseline 0.029 -2"><span class='ocrx_word' id='word_1_7' title='bbox 1639 149 1708 178; x_wconf 75' lang='lat' dir='ltr'><strong>I538</strong></span> 
     </span>
    </p>
   </div>
   <div class='ocr_carea' id='block_1_4' title="bbox 59 194 877 239">
    <p class='ocr_par' dir='ltr' id='par_1_4' title="bbox 59 194 874 239">
     <span class='ocr_line' id='line_1_4' title="bbox 59 194 874 239; baseline 0.01 -17"><span class='ocrx_word' id='word_1_8' title='bbox 59 196 108 231; x_wconf 81' lang='grc' dir='ltr'>τῷ</span> <span class='ocrx_word' id='word_1_9' title='bbox 122 196 250 232; x_wconf 80' lang='grc' dir='ltr'><strong>ὑπάρχῳ</strong></span> <span class='ocrx_word' id='word_1_10' title='bbox 280 194 324 232; x_wconf 86' lang='grc' dir='ltr'>ἦν,</span> <span class='ocrx_word' id='word_1_11' title='bbox 351 197 452 234; x_wconf 86' lang='grc' dir='ltr'>καίπερ</span> <span class='ocrx_word' id='word_1_12' title='bbox 477 199 628 235; x_wconf 77' lang='grc' dir='ltr'>ἑτερόδοξος</span> <span class='ocrx_word' id='word_1_13' title='bbox 647 201 695 235; x_wconf 83' lang='grc' dir='ltr'><strong>ὢν,</strong></span> <span class='ocrx_word' id='word_1_14' title='bbox 720 202 807 239; x_wconf 85' lang='grc' dir='ltr'>λάθρα</span> <span class='ocrx_word' id='word_1_15' title='bbox 819 204 874 235; x_wconf 86' lang='grc' dir='ltr'>τοῖς</span> 
     </span>
    </p>
   </div>
   <div class='ocr_carea' id='block_1_5' title="bbox 938 194 1708 239">
    <p class='ocr_par' dir='ltr' id='par_1_5' title="bbox 938 204 1708 239">
     <span class='ocr_line' id='line_1_5' title="bbox 938 204 1708 239; baseline 0.005 -9"><span class='ocrx_word' id='word_1_16' title='bbox 938 209 1076 232; x_wconf 79' lang='lat' dir='ltr'><strong>:onventus</strong></span> <span class='ocrx_word' id='word_1_17' title='bbox 1088 205 1144 231; x_wconf 86' lang='lat' dir='ltr'><strong>fieri</strong></span> <span class='ocrx_word' id='word_1_18' title='bbox 1157 204 1335 239; x_wconf 84' lang='lat' dir='ltr'><strong>permisisset.</strong></span> <span class='ocrx_word' id='word_1_19' title='bbox 1353 204 1387 231; x_wconf 85' lang='lat' dir='ltr'><strong>At</strong></span> <span class='ocrx_word' id='word_1_20' title='bbox 1404 204 1554 238; x_wconf 75' lang='lat' dir='ltr'><strong>Modestus,</strong></span> <span class='ocrx_word' id='word_1_21' title='bbox 1569 205 1621 233; x_wconf 85' lang='lat' dir='ltr'><strong>hoc</strong></span> <span class='ocrx_word' id='word_1_22' title='bbox 1635 207 1708 234; x_wconf 90' lang='lat' dir='ltr'><strong>enim</strong></span> 
     </span>
    </p>
   </div>
   <div class='ocr_carea' id='block_1_6' title="bbox 67 241 873 284">
    <p class='ocr_par' dir='ltr' id='par_1_6' title="bbox 67 241 873 284">
     <span class='ocr_line' id='line_1_6' title="bbox 67 241 873 284; baseline 0.01 -17"><span class='ocrx_word' id='word_1_23' title='bbox 67 241 242 277; x_wconf 83' lang='grc' dir='ltr'>Ἐδεσηνοτς</span> <span class='ocrx_word' id='word_1_24' title='bbox 258 243 388 277; x_wconf 79' lang='grc' dir='ltr'>ἐμήνυσε,</span> <span class='ocrx_word' id='word_1_25' title='bbox 412 243 580 278; x_wconf 79' lang='grc' dir='ltr'>φυλάξασθαι</span> <span class='ocrx_word' id='word_1_26' title='bbox 602 246 651 282; x_wconf 85' lang='grc' dir='ltr'><strong>τὴν</strong></span> <span class='ocrx_word' id='word_1_27' title='bbox 670 247 815 283; x_wconf 84' lang='grc' dir='ltr'><strong>ὑστεραίαν</strong></span> <span class='ocrx_word' id='word_1_28' title='bbox 836 249 873 284; x_wconf 86' lang='grc' dir='ltr'>μὴ</span> 
     </span>
    </p>
   </div>
   <div class='ocr_carea' id='block_1_7' title="bbox 62 287 873 329">
    <p class='ocr_par' dir='ltr' id='par_1_7' title="bbox 62 287 873 329">
     <span class='ocr_line' id='line_1_7' title="bbox 62 287 873 329; baseline 0.012 -17"><span class='ocrx_word' id='word_1_29' title='bbox 62 287 224 314; x_wconf 81' lang='grc' dir='ltr'><strong>συνελθεῖν</strong></span> <span class='ocrx_word' id='word_1_30' title='bbox 250 289 290 319; x_wconf 79' lang='grc' dir='ltr'><strong>εἰς</strong></span> <span class='ocrx_word' id='word_1_31' title='bbox 312 289 358 315; x_wconf 76' lang='grc' dir='ltr'>τὸν</span> <span class='ocrx_word' id='word_1_32' title='bbox 381 290 494 317; x_wconf 75' lang='grc' dir='ltr'><strong>εἰωθότα</strong></span> <span class='ocrx_word' id='word_1_33' title='bbox 509 291 591 319; x_wconf 86' lang='grc' dir='ltr'>τόπον</span> <span class='ocrx_word' id='word_1_34' title='bbox 616 292 782 328; x_wconf 80' lang='grc' dir='ltr'><strong>εὐξαμένους</strong></span> <span class='ocrx_word' id='word_1_35' title='bbox 805 294 873 329; x_wconf 85' lang='grc'><strong>(87).</strong></span> 
     </span>
    </p>
   </div>
   <div class='ocr_carea' id='block_1_8' title="bbox 60 331 874 373">
    <p class='ocr_par' dir='ltr' id='par_1_8' title="bbox 60 331 874 373">
     <span class='ocr_line' id='line_1_8' title="bbox 60 331 874 373; baseline 0.009 -15"><span class='ocrx_word' id='word_1_36' title='bbox 60 331 154 359; x_wconf 80' lang='grc' dir='ltr'>Εἶναι</span> <span class='ocrx_word' id='word_1_37' title='bbox 173 334 231 368; x_wconf 84' lang='grc' dir='ltr'><strong>γάρ</strong></span> <span class='ocrx_word' id='word_1_38' title='bbox 246 334 320 369; x_wconf 80' lang='grc' dir='ltr'>αὐτῷ</span> <span class='ocrx_word' id='word_1_39' title='bbox 337 337 574 372; x_wconf 70' lang='grc' dir='ltr'><strong>προστεταγμένον</strong></span> <span class='ocrx_word' id='word_1_40' title='bbox 585 338 659 372; x_wconf 75' lang='grc' dir='ltr'>παρὰ</span> <span class='ocrx_word' id='word_1_41' title='bbox 668 338 715 364; x_wconf 76' lang='grc' dir='ltr'><strong>τοῦ</strong></span> <span class='ocrx_word' id='word_1_42' title='bbox 731 338 874 373; x_wconf 76' lang='grc' dir='ltr'>βασιλέως,</span> 
     </span>
    </p>
   </div>
   <div class='ocr_carea' id='block_1_9' title="bbox 63 380 876 418">
    <p class='ocr_par' dir='ltr' id='par_1_9' title="bbox 63 380 876 418">
     <span class='ocr_line' id='line_1_9' title="bbox 63 380 876 418; baseline 0.01 -14"><span class='ocrx_word' id='word_1_43' title='bbox 63 380 264 414; x_wconf 80' lang='grc' dir='ltr'>τιμωρεῖσθαι</span> <span class='ocrx_word' id='word_1_44' title='bbox 290 381 352 412; x_wconf 84' lang='grc' dir='ltr'>τοὺς</span> <span class='ocrx_word' id='word_1_45' title='bbox 380 381 582 417; x_wconf 83' lang='grc' dir='ltr'>ἁλισκομένους.</span> <span class='ocrx_word' id='word_1_46' title='bbox 610 384 698 410; x_wconf 82' lang='grc' dir='ltr'>Καὶὸ</span> <span class='ocrx_word' id='word_1_47' title='bbox 721 384 770 418; x_wconf 86' lang='grc' dir='ltr'>μὲν</span> <span class='ocrx_word' id='word_1_48' title='bbox 789 384 876 412; x_wconf 80' lang='grc' dir='ltr'>ταῦτα</span> 
     </span>
    </p>
   </div>
   <div class='ocr_carea' id='block_1_10' title="bbox 63 425 875 464">
    <p class='ocr_par' dir='ltr' id='par_1_10' title="bbox 63 425 875 464">
     <span class='ocr_line' id='line_1_10' title="bbox 63 425 875 464; baseline 0.01 -14"><span class='ocrx_word' id='word_1_49' title='bbox 63 425 202 459; x_wconf 75' lang='grc' dir='ltr'>ἠπείλει,</span> <span class='ocrx_word' id='word_1_50' title='bbox 217 426 361 461; x_wconf 76' lang='grc' dir='ltr'>ἦόλίγους,</span> <span class='ocrx_word' id='word_1_51' title='bbox 389 427 406 462; x_wconf 87' lang='grc' dir='ltr'>ἢ</span> <span class='ocrx_word' id='word_1_52' title='bbox 435 428 536 463; x_wconf 83' lang='grc' dir='ltr'>μηδένα</span> <span class='ocrx_word' id='word_1_53' title='bbox 555 430 677 464; x_wconf 76' lang='grc' dir='ltr'><strong>προνοῶν</strong></span> <span class='ocrx_word' id='word_1_54' title='bbox 692 431 875 462; x_wconf 81' lang='grc' dir='ltr'>κινδυνεῦσαι,</span> 
     </span>
    </p>
   </div>
   <div class='ocr_carea' id='block_1_11' title="bbox 65 473 876 513">
    <p class='ocr_par' dir='ltr' id='par_1_11' title="bbox 65 473 876 513">
     <span class='ocr_line' id='line_1_11' title="bbox 65 473 876 513; baseline 0.006 -15"><span class='ocrx_word' id='word_1_55' title='bbox 65 473 120 499; x_wconf 78' lang='grc' dir='ltr'><strong>καὶ</strong></span> <span class='ocrx_word' id='word_1_56' title='bbox 131 473 223 500; x_wconf 83' lang='grc' dir='ltr'>αὐτὸν</span> <span class='ocrx_word' id='word_1_57' title='bbox 250 475 441 509; x_wconf 76' lang='grc' dir='ltr'>παραιτεῖσθαι</span> <span class='ocrx_word' id='word_1_58' title='bbox 474 477 633 508; x_wconf 80' lang='grc' dir='ltr'><strong>σπουδάζων</strong></span> <span class='ocrx_word' id='word_1_59' title='bbox 662 477 731 513; x_wconf 74' lang='grc' dir='ltr'>πρὸς</span> <span class='ocrx_word' id='word_1_60' title='bbox 755 477 804 512; x_wconf 85' lang='grc' dir='ltr'>τὴν</span> <span class='ocrx_word' id='word_1_61' title='bbox 829 476 876 503; x_wconf 83' lang='grc' dir='ltr'>τοῦ</span> 
     </span>
    </p>
   </div>
   <div class='ocr_carea' id='block_1_12' title="bbox 65 519 874 557">
    <p class='ocr_par' dir='ltr' id='par_1_12' title="bbox 65 519 874 557">
     <span class='ocr_line' id='line_1_12' title="bbox 65 519 874 557; baseline 0.006 -13"><span class='ocrx_word' id='word_1_62' title='bbox 65 519 251 553; x_wconf 80' lang='grc' dir='ltr'><strong>κρατοῦντος</strong></span> <span class='ocrx_word' id='word_1_63' title='bbox 267 520 361 556; x_wconf 83' lang='grc' dir='ltr'>ὀργήν.</span> <span class='ocrx_word' id='word_1_64' title='bbox 374 521 404 547; x_wconf 87' lang='grc' dir='ltr'><strong>Οἱ</strong></span> <span class='ocrx_word' id='word_1_65' title='bbox 417 520 444 547; x_wconf 76' lang='grc' dir='ltr'>δὲ</span> <span class='ocrx_word' id='word_1_66' title='bbox 470 520 616 556; x_wconf 76' lang='grc' dir='ltr'>Ἑδεσηνοὶ,</span> <span class='ocrx_word' id='word_1_67' title='bbox 633 524 696 557; x_wconf 82' lang='grc' dir='ltr'>παρ’</span> <span class='ocrx_word' id='word_1_68' title='bbox 707 522 781 549; x_wconf 71' lang='grc' dir='ltr'>οὐδὲν</span> <span class='ocrx_word' id='word_1_69' title='bbox 798 531 874 557; x_wconf 84' lang='grc' dir='ltr'>ποιη-</span> 
     </span>
    </p>
   </div>
   <div class='ocr_carea' id='block_1_13' title="bbox 69 565 878 603">
    <p class='ocr_par' dir='ltr' id='par_1_13' title="bbox 69 565 878 603">
     <span class='ocr_line' id='line_1_13' title="bbox 69 565 878 603; baseline 0.005 -13"><span class='ocrx_word' id='word_1_70' title='bbox 69 565 201 599; x_wconf 78' lang='grc' dir='ltr'>σάμενοι</span> <span class='ocrx_word' id='word_1_71' title='bbox 215 566 265 601; x_wconf 85' lang='grc' dir='ltr'>τὴν</span> <span class='ocrx_word' id='word_1_72' title='bbox 281 566 405 601; x_wconf 81' lang='grc' dir='ltr'>ἀπειλὴν,</span> <span class='ocrx_word' id='word_1_73' title='bbox 428 567 634 602; x_wconf 80' lang='grc' dir='ltr'>σπουδαιότερον</span> <span class='ocrx_word' id='word_1_74' title='bbox 653 568 669 603; x_wconf 82' lang='grc' dir='ltr'>ἢ</span> <span class='ocrx_word' id='word_1_75' title='bbox 689 567 800 603; x_wconf 81' lang='grc' dir='ltr'><strong>προτοῦ,</strong></span> <span class='ocrx_word' id='word_1_76' title='bbox 817 576 878 593; x_wconf 87' lang='grc' dir='ltr'>συν-</span> 
     </span>
    </p>
   </div>
   <div class='ocr_carea' id='block_1_14' title="bbox 66 611 878 649">
    <p class='ocr_par' dir='ltr' id='par_1_14' title="bbox 66 611 878 649">
     <span class='ocr_line' id='line_1_14' title="bbox 66 611 878 649; baseline 0.005 -12"><span class='ocrx_word' id='word_1_77' title='bbox 66 611 177 647; x_wconf 80' lang='grc' dir='ltr'>ἐρῤεον</span> <span class='ocrx_word' id='word_1_78' title='bbox 196 612 291 645; x_wconf 78' lang='grc' dir='ltr'>ἕωθεν,</span> <span class='ocrx_word' id='word_1_79' title='bbox 310 613 357 639; x_wconf 74' lang='grc' dir='ltr'>καὶ</span> <span class='ocrx_word' id='word_1_80' title='bbox 382 614 426 640; x_wconf 83' lang='grc' dir='ltr'><strong>τὸν</strong></span> <span class='ocrx_word' id='word_1_81' title='bbox 451 614 564 641; x_wconf 79' lang='grc' dir='ltr'>εἰωθότα</span> <span class='ocrx_word' id='word_1_82' title='bbox 581 614 662 641; x_wconf 85' lang='grc' dir='ltr'>τόπον</span> <span class='ocrx_word' id='word_1_83' title='bbox 678 615 825 649; x_wconf 76' lang='grc' dir='ltr'>ἐπλήρουν.</span> <span class='ocrx_word' id='word_1_84' title='bbox 848 614 878 640; x_wconf 87' lang='grc'><strong>’0</strong></span> 
     </span>
    </p>
   </div>
   <div class='ocr_carea' id='block_1_15' title="bbox 67 657 879 695">
    <p class='ocr_par' dir='ltr' id='par_1_15' title="bbox 67 657 879 695">
     <span class='ocr_line' id='line_1_15' title="bbox 67 657 879 695; baseline 0.004 -12"><span class='ocrx_word' id='word_1_85' title='bbox 67 657 99 683; x_wconf 81' lang='grc' dir='ltr'>δὲ</span> <span class='ocrx_word' id='word_1_86' title='bbox 118 658 277 690; x_wconf 77' lang='grc' dir='ltr'>Μόδεστος,</span> <span class='ocrx_word' id='word_1_87' title='bbox 291 659 471 693; x_wconf 80' lang='grc' dir='ltr'><strong>ἀγγελθέντος</strong></span> <span class='ocrx_word' id='word_1_88' title='bbox 494 659 601 691; x_wconf 81' lang='grc' dir='ltr'>τούτου,</span> <span class='ocrx_word' id='word_1_89' title='bbox 617 661 666 687; x_wconf 87' lang='grc' dir='ltr'>οὐκ</span> <span class='ocrx_word' id='word_1_90' title='bbox 677 658 749 695; x_wconf 76' lang='grc' dir='ltr'>εἶχεν</span> <span class='ocrx_word' id='word_1_91' title='bbox 763 661 777 686; x_wconf 85' lang='grc' dir='ltr'><strong>ὃ</strong></span> <span class='ocrx_word' id='word_1_92' title='bbox 789 669 815 686; x_wconf 88' lang='grc' dir='ltr'><strong>τι</strong></span> <span class='ocrx_word' id='word_1_93' title='bbox 831 660 879 686; x_wconf 75' lang='grc' dir='ltr'><strong>καὶ</strong></span> 
     </span>
    </p>
   </div>
   <div class='ocr_carea' id='block_1_16' title="bbox 68 703 878 742">
    <p class='ocr_par' dir='ltr' id='par_1_16' title="bbox 68 703 878 742">
     <span class='ocr_line' id='line_1_16' title="bbox 68 703 878 742; baseline 0.006 -14"><span class='ocrx_word' id='word_1_94' title='bbox 68 703 237 742; x_wconf 78' lang='grc' dir='ltr'>ποιήσειεν,</span> <span class='ocrx_word' id='word_1_95' title='bbox 253 705 402 740; x_wconf 84' lang='grc' dir='ltr'>ἀμηχανῶν</span> <span class='ocrx_word' id='word_1_96' title='bbox 418 705 447 732; x_wconf 86' lang='grc' dir='ltr'>δὲ</span> <span class='ocrx_word' id='word_1_97' title='bbox 461 707 518 737; x_wconf 82' lang='grc' dir='ltr'>τοῖς</span> <span class='ocrx_word' id='word_1_98' title='bbox 531 705 678 742; x_wconf 83' lang='grc' dir='ltr'>παροῦσιν,</span> <span class='ocrx_word' id='word_1_99' title='bbox 702 707 775 741; x_wconf 81' lang='grc' dir='ltr'>ὅμως</span> <span class='ocrx_word' id='word_1_100' title='bbox 789 707 835 732; x_wconf 78' lang='grc' dir='ltr'>ἐπὶ</span> <span class='ocrx_word' id='word_1_101' title='bbox 848 706 878 732; x_wconf 79' lang='grc' dir='ltr'>τὺ</span> 
     </span>
    </p>
   </div>
   <div class='ocr_carea' id='block_1_17' title="bbox 69 740 879 788">
    <p class='ocr_par' dir='ltr' id='par_1_17' title="bbox 69 740 879 788">
     <span class='ocr_line' id='line_1_17' title="bbox 69 740 879 788; baseline 0.006 -13"><span class='ocrx_word' id='word_1_102' title='bbox 69 740 173 777; x_wconf 76' lang='grc' dir='ltr'>πέδίον</span> <span class='ocrx_word' id='word_1_103' title='bbox 203 750 260 785; x_wconf 75' lang='grc' dir='ltr'>ᾔει.</span> <span class='ocrx_word' id='word_1_104' title='bbox 284 751 355 786; x_wconf 83' lang='grc' dir='ltr'>Γυνὴ</span> <span class='ocrx_word' id='word_1_105' title='bbox 379 751 407 778; x_wconf 87' lang='grc' dir='ltr'><em>δέ</em></span> <span class='ocrx_word' id='word_1_106' title='bbox 424 760 467 783; x_wconf 76' lang='grc' dir='ltr'><strong>τις</strong></span> <span class='ocrx_word' id='word_1_107' title='bbox 481 740 624 788; x_wconf 83' lang='grc' dir='ltr'>παιδάριον</span> <span class='ocrx_word' id='word_1_108' title='bbox 643 740 769 785; x_wconf 70' lang='grc' dir='ltr'>ἕλκουσα,</span> <span class='ocrx_word' id='word_1_109' title='bbox 786 753 833 780; x_wconf 77' lang='grc' dir='ltr'><strong>καὶ</strong></span> <span class='ocrx_word' id='word_1_110' title='bbox 849 753 879 780; x_wconf 79' lang='grc' dir='ltr'>τὸ</span> 
     </span>
    </p>
   </div>
   <div class='ocr_carea' id='block_1_18' title="bbox 70 795 879 834">
    <p class='ocr_par' dir='ltr' id='par_1_18' title="bbox 70 795 879 834">
     <span class='ocr_line' id='line_1_18' title="bbox 70 795 879 834; baseline 0.005 -12"><span class='ocrx_word' id='word_1_111' title='bbox 70 795 169 830; x_wconf 81' lang='grc' dir='ltr'>φᾶρος</span> <span class='ocrx_word' id='word_1_112' title='bbox 190 797 254 831; x_wconf 83' lang='grc' dir='ltr'>είκῆ</span> <span class='ocrx_word' id='word_1_113' title='bbox 269 797 453 833; x_wconf 81' lang='grc' dir='ltr'>ὲπισυρομένη</span> <span class='ocrx_word' id='word_1_114' title='bbox 466 799 542 834; x_wconf 84' lang='grc' dir='ltr'><strong>παρά</strong></span> <span class='ocrx_word' id='word_1_115' title='bbox 555 799 601 825; x_wconf 81' lang='grc' dir='ltr'>τὸν</span> <span class='ocrx_word' id='word_1_116' title='bbox 616 799 755 834; x_wconf 86' lang='grc' dir='ltr'>πρέποντα</span> <span class='ocrx_word' id='word_1_117' title='bbox 770 799 879 833; x_wconf 77' lang='grc' dir='ltr'>γυναικὶ</span> 
     </span>
    </p>
   </div>
   <div class='ocr_carea' id='block_1_19' title="bbox 71 841 878 880">
    <p class='ocr_par' dir='ltr' id='par_1_19' title="bbox 71 841 878 880">
     <span class='ocr_line' id='line_1_19' title="bbox 71 841 878 880; baseline 0.005 -13"><span class='ocrx_word' id='word_1_118' title='bbox 71 841 198 876; x_wconf 82' lang='grc' dir='ltr'>κόσμον,</span> <span class='ocrx_word' id='word_1_119' title='bbox 218 842 255 874; x_wconf 85' lang='grc' dir='ltr'>ὡς</span> <span class='ocrx_word' id='word_1_120' title='bbox 270 842 317 869; x_wconf 79' lang='grc' dir='ltr'>ὲπί</span> <span class='ocrx_word' id='word_1_121' title='bbox 335 852 360 870; x_wconf 87' lang='grc' dir='ltr'><strong>τι</strong></span> <span class='ocrx_word' id='word_1_122' title='bbox 379 844 521 871; x_wconf 80' lang='grc' dir='ltr'>σπουδαῖον</span> <span class='ocrx_word' id='word_1_123' title='bbox 542 845 716 880; x_wconf 82' lang='grc' dir='ltr'>ἐπειγομένη,</span> <span class='ocrx_word' id='word_1_124' title='bbox 732 845 781 880; x_wconf 81' lang='grc' dir='ltr'>τὴν</span> <span class='ocrx_word' id='word_1_125' title='bbox 798 846 878 880; x_wconf 87' lang='grc' dir='ltr'>ήγου-</span> 
     </span>
    </p>
   </div>
   <div class='ocr_carea' id='block_1_20' title="bbox 72 888 876 926">
    <p class='ocr_par' dir='ltr' id='par_1_20' title="bbox 72 888 876 926">
     <span class='ocr_line' id='line_1_20' title="bbox 72 888 876 926; baseline 0.004 -12"><span class='ocrx_word' id='word_1_126' title='bbox 72 888 167 923; x_wconf 84' lang='grc' dir='ltr'>μένην</span> <span class='ocrx_word' id='word_1_127' title='bbox 192 888 242 915; x_wconf 84' lang='grc' dir='ltr'>τοῦ</span> <span class='ocrx_word' id='word_1_128' title='bbox 265 889 389 925; x_wconf 79' lang='grc' dir='ltr'>ὑπάρχου</span> <span class='ocrx_word' id='word_1_129' title='bbox 413 890 611 925; x_wconf 79' lang='grc' dir='ltr'>στρατιωτικὴν</span> <span class='ocrx_word' id='word_1_130' title='bbox 639 890 718 926; x_wconf 83' lang='grc' dir='ltr'>στίχα</span> <span class='ocrx_word' id='word_1_131' title='bbox 743 891 876 925; x_wconf 80' lang='grc' dir='ltr'>διέτεμεν.</span> 
     </span>
    </p>
   </div>
   <div class='ocr_carea' id='block_1_21' title="bbox 77 933 876 971">
    <p class='ocr_par' dir='ltr' id='par_1_21' title="bbox 77 933 876 971">
     <span class='ocr_line' id='line_1_21' title="bbox 77 933 876 971; baseline 0.003 -11"><span class='ocrx_word' id='word_1_132' title='bbox 77 933 159 961; x_wconf 82' lang='grc' dir='ltr'>Ἰδὼν</span> <span class='ocrx_word' id='word_1_133' title='bbox 175 935 208 961; x_wconf 86' lang='grc' dir='ltr'>δὲ</span> <span class='ocrx_word' id='word_1_134' title='bbox 226 935 370 967; x_wconf 85' lang='grc' dir='ltr'>Μόδεστος,</span> <span class='ocrx_word' id='word_1_135' title='bbox 393 934 559 971; x_wconf 82' lang='grc' dir='ltr'>προσέταξεν</span> <span class='ocrx_word' id='word_1_136' title='bbox 580 936 665 970; x_wconf 85' lang='grc' dir='ltr'>αὐτὴν</span> <span class='ocrx_word' id='word_1_137' title='bbox 682 936 876 971; x_wconf 78' lang='grc' dir='ltr'>συλληφθῆναι.</span> 
     </span>
    </p>
   </div>
   <div class='ocr_carea' id='block_1_22' title="bbox 72 972 878 1017">
    <p class='ocr_par' dir='ltr' id='par_1_22' title="bbox 72 972 878 1017">
     <span class='ocr_line' id='line_1_22' title="bbox 72 972 878 1017; baseline 0.002 -11"><span class='ocrx_word' id='word_1_138' title='bbox 72 980 134 1007; x_wconf 76' lang='grc' dir='ltr'><strong>Καὶ</strong></span> <span class='ocrx_word' id='word_1_139' title='bbox 161 972 443 1016; x_wconf 74' lang='grc' dir='ltr'>προσκαλεσάμενος,</span> <span class='ocrx_word' id='word_1_140' title='bbox 471 982 571 1017; x_wconf 78' lang='grc' dir='ltr'>ἀπῄτει</span> <span class='ocrx_word' id='word_1_141' title='bbox 598 981 687 1015; x_wconf 89' lang='grc' dir='ltr'>λέγειν</span> <span class='ocrx_word' id='word_1_142' title='bbox 708 981 755 1008; x_wconf 81' lang='grc' dir='ltr'>τοῦ</span> <span class='ocrx_word' id='word_1_143' title='bbox 777 982 878 1017; x_wconf 85' lang='grc' dir='ltr'>δρόμου</span> 
     </span>
    </p>
   </div>
   <div class='ocr_carea' id='block_1_23' title="bbox 72 1025 880 1061">
    <p class='ocr_par' dir='ltr' id='par_1_23' title="bbox 72 1025 880 1061">
     <span class='ocr_line' id='line_1_23' title="bbox 72 1025 880 1061; baseline 0.002 -10"><span class='ocrx_word' id='word_1_144' title='bbox 72 1025 126 1060; x_wconf 83' lang='grc' dir='ltr'><strong>τὴν</strong></span> <span class='ocrx_word' id='word_1_145' title='bbox 141 1025 251 1052; x_wconf 78' lang='grc' dir='ltr'>αἰτίαν.</span> <span class='ocrx_word' id='word_1_146' title='bbox 278 1026 333 1060; x_wconf 85' lang='grc' dir='ltr'><strong>Τῆς</strong></span> <span class='ocrx_word' id='word_1_147' title='bbox 346 1026 374 1052; x_wconf 83' lang='grc' dir='ltr'>δὲ</span> <span class='ocrx_word' id='word_1_148' title='bbox 393 1025 534 1061; x_wconf 71' lang='grc' dir='ltr'>εἰπούσης,</span> <span class='ocrx_word' id='word_1_149' title='bbox 554 1026 598 1053; x_wconf 79' lang='grc' dir='ltr'><strong>ἵνα</strong></span> <span class='ocrx_word' id='word_1_150' title='bbox 612 1026 708 1053; x_wconf 83' lang='grc' dir='ltr'>θᾶττον</span> <span class='ocrx_word' id='word_1_151' title='bbox 731 1026 880 1053; x_wconf 79' lang='grc' dir='ltr'>καταλάϐοι</span> 
     </span>
    </p>
   </div>
   <div class='ocr_carea' id='block_1_24' title="bbox 73 1069 880 1107">
    <p class='ocr_par' dir='ltr' id='par_1_24' title="bbox 73 1069 880 1107">
     <span class='ocr_line' id='line_1_24' title="bbox 73 1069 880 1107; baseline 0.004 -12"><span class='ocrx_word' id='word_1_152' title='bbox 73 1069 107 1096; x_wconf 73' lang='grc' dir='ltr'>τὸ</span> <span class='ocrx_word' id='word_1_153' title='bbox 123 1070 236 1100; x_wconf 82' lang='grc' dir='ltr'>πεδίον,</span> <span class='ocrx_word' id='word_1_154' title='bbox 251 1069 315 1096; x_wconf 73' lang='grc' dir='ltr'>ἔνθα</span> <span class='ocrx_word' id='word_1_155' title='bbox 329 1071 451 1098; x_wconf 81' lang='grc' dir='ltr'>συνιᾶσιν</span> <span class='ocrx_word' id='word_1_156' title='bbox 465 1072 489 1098; x_wconf 75' lang='lat' dir='ltr'><strong>ot</strong></span> <span class='ocrx_word' id='word_1_157' title='bbox 500 1072 555 1098; x_wconf 74' lang='grc' dir='ltr'>ἀπὸ</span> <span class='ocrx_word' id='word_1_158' title='bbox 570 1071 620 1106; x_wconf 84' lang='grc' dir='ltr'>τῆς</span> <span class='ocrx_word' id='word_1_159' title='bbox 628 1071 743 1099; x_wconf 85' lang='grc' dir='ltr'>καθόλου</span> <span class='ocrx_word' id='word_1_160' title='bbox 766 1073 880 1107; x_wconf 83' lang='grc' dir='ltr'>Ἐκκλη-</span> 
     </span>
    </p>
   </div>
   <div class='ocr_carea' id='block_1_25' title="bbox 74 1113 880 1152">
    <p class='ocr_par' dir='ltr' id='par_1_25' title="bbox 74 1113 880 1152">
     <span class='ocr_line' id='line_1_25' title="bbox 74 1113 880 1152; baseline 0.005 -11"><span class='ocrx_word' id='word_1_161' title='bbox 74 1114 151 1147; x_wconf 85' lang='grc' dir='ltr'>σίας.</span> <span class='ocrx_word' id='word_1_162' title='bbox 182 1116 264 1150; x_wconf 84' lang='grc' dir='ltr'>Μόνη</span> <span class='ocrx_word' id='word_1_163' title='bbox 290 1113 347 1148; x_wconf 82' lang='grc' dir='ltr'>οὖν,</span> <span class='ocrx_word' id='word_1_164' title='bbox 376 1116 427 1152; x_wconf 74' lang='grc' dir='ltr'><strong>ἔφη</strong></span> <span class='ocrx_word' id='word_1_165' title='bbox 447 1117 593 1150; x_wconf 81' lang='grc' dir='ltr'>Μόδεστος,</span> <span class='ocrx_word' id='word_1_166' title='bbox 611 1118 661 1144; x_wconf 80' lang='grc' dir='ltr'><strong>οὐκ</strong></span> <span class='ocrx_word' id='word_1_167' title='bbox 681 1118 767 1152; x_wconf 76' lang='grc' dir='ltr'>ἔγνως</span> <span class='ocrx_word' id='word_1_168' title='bbox 782 1118 880 1145; x_wconf 84' lang='grc' dir='ltr'>αὐτίκα</span> 
     </span>
    </p>
   </div>
   <div class='ocr_carea' id='block_1_26' title="bbox 77 1161 878 1199">
    <p class='ocr_par' dir='ltr' id='par_1_26' title="bbox 77 1161 878 1199">
     <span class='ocr_line' id='line_1_26' title="bbox 77 1161 878 1199; baseline 0.005 -12"><span class='ocrx_word' id='word_1_169' title='bbox 77 1161 194 1196; x_wconf 82' lang='grc' dir='ltr'>μέλλειν</span> <span class='ocrx_word' id='word_1_170' title='bbox 212 1163 304 1188; x_wconf 79' lang='grc' dir='ltr'>ἐκεῖσε</span> <span class='ocrx_word' id='word_1_171' title='bbox 323 1163 369 1189; x_wconf 80' lang='grc' dir='ltr'><strong>τὺν</strong></span> <span class='ocrx_word' id='word_1_172' title='bbox 387 1163 509 1198; x_wconf 82' lang='grc' dir='ltr'>ὕπαρχον</span> <span class='ocrx_word' id='word_1_173' title='bbox 526 1164 602 1195; x_wconf 82' lang='grc' dir='ltr'>ίέναι,</span> <span class='ocrx_word' id='word_1_174' title='bbox 619 1165 666 1191; x_wconf 79' lang='grc' dir='ltr'><strong>καὶ</strong></span> <span class='ocrx_word' id='word_1_175' title='bbox 680 1164 727 1195; x_wconf 81' lang='grc' dir='ltr'><strong>οὒς</strong></span> <span class='ocrx_word' id='word_1_176' title='bbox 746 1164 779 1191; x_wconf 84' lang='grc' dir='ltr'>ἂν</span> <span class='ocrx_word' id='word_1_177' title='bbox 791 1164 878 1199; x_wconf 78' lang='grc' dir='ltr'>εὖροι,</span> 
     </span>
    </p>
   </div>
   <div class='ocr_carea' id='block_1_27' title="bbox 76 1207 881 1245">
    <p class='ocr_par' dir='ltr' id='par_1_27' title="bbox 76 1207 881 1245">
     <span class='ocr_line' id='line_1_27' title="bbox 76 1207 881 1245; baseline 0.005 -12"><span class='ocrx_word' id='word_1_178' title='bbox 76 1207 191 1240; x_wconf 77' lang='grc' dir='ltr'>πάντας</span> <span class='ocrx_word' id='word_1_179' title='bbox 222 1208 400 1244; x_wconf 72' lang='grc' dir='ltr'>ἀναιρήσεινς</span> <span class='ocrx_word' id='word_1_180' title='bbox 414 1209 501 1244; x_wconf 88' lang='grc' dir='ltr'>Ναίχι</span> <span class='ocrx_word' id='word_1_181' title='bbox 527 1210 646 1244; x_wconf 76' lang='grc' dir='ltr'>ἀκήκοα,</span> <span class='ocrx_word' id='word_1_182' title='bbox 674 1210 750 1245; x_wconf 76' lang='grc' dir='ltr'>φησὶ,</span> <span class='ocrx_word' id='word_1_183' title='bbox 772 1210 820 1237; x_wconf 74' lang='grc' dir='ltr'><strong>καὶ</strong></span> <span class='ocrx_word' id='word_1_184' title='bbox 835 1210 881 1237; x_wconf 86' lang='grc' dir='ltr'>διὰ</span> 
     </span>
    </p>
   </div>
   <div class='ocr_carea' id='block_1_28' title="bbox 71 1254 880 1293">
    <p class='ocr_par' dir='ltr' id='par_1_28' title="bbox 71 1254 880 1293">
     <span class='ocr_line' id='line_1_28' title="bbox 71 1254 880 1293; baseline 0.005 -13"><span class='ocrx_word' id='word_1_185' title='bbox 71 1254 164 1281; x_wconf 61' lang='grc' dir='ltr'><strong>⁸τοῦτο</strong></span> <span class='ocrx_word' id='word_1_186' title='bbox 195 1255 315 1290; x_wconf 86' lang='grc' dir='ltr'>μάλιστα</span> <span class='ocrx_word' id='word_1_187' title='bbox 344 1256 444 1292; x_wconf 86' lang='grc' dir='ltr'>δρόμου</span> <span class='ocrx_word' id='word_1_188' title='bbox 466 1256 506 1283; x_wconf 85' lang='grc' dir='ltr'><strong>δεῖ</strong></span> <span class='ocrx_word' id='word_1_189' title='bbox 532 1266 592 1292; x_wconf 88' lang='grc' dir='ltr'>μοι,</span> <span class='ocrx_word' id='word_1_190' title='bbox 614 1257 656 1284; x_wconf 77' lang='grc' dir='ltr'><strong>ἵνα</strong></span> <span class='ocrx_word' id='word_1_191' title='bbox 672 1257 709 1292; x_wconf 87' lang='grc' dir='ltr'><strong>μὴ</strong></span> <span class='ocrx_word' id='word_1_192' title='bbox 722 1257 769 1283; x_wconf 81' lang='grc' dir='ltr'>τοῦ</span> <span class='ocrx_word' id='word_1_193' title='bbox 783 1258 880 1293; x_wconf 81' lang='grc' dir='ltr'>καιροῦ</span> 
     </span>
    </p>
   </div>
   <div class='ocr_carea' id='block_1_29' title="bbox 78 1301 878 1340">
    <p class='ocr_par' dir='ltr' id='par_1_29' title="bbox 78 1301 878 1340">
     <span class='ocr_line' id='line_1_29' title="bbox 78 1301 878 1340; baseline 0.008 -15"><span class='ocrx_word' id='word_1_194' title='bbox 78 1301 201 1326; x_wconf 79' lang='grc' dir='ltr'>κατόπιν</span> <span class='ocrx_word' id='word_1_195' title='bbox 215 1301 350 1336; x_wconf 82' lang='grc' dir='ltr'>γένωμαι,</span> <span class='ocrx_word' id='word_1_196' title='bbox 369 1303 416 1329; x_wconf 79' lang='grc' dir='ltr'>καὶ</span> <span class='ocrx_word' id='word_1_197' title='bbox 438 1303 554 1338; x_wconf 84' lang='grc' dir='ltr'>ἁμάρτω</span> <span class='ocrx_word' id='word_1_198' title='bbox 570 1304 620 1338; x_wconf 77' lang='grc' dir='ltr'>τῆς</span> <span class='ocrx_word' id='word_1_199' title='bbox 637 1304 701 1339; x_wconf 80' lang='grc' dir='ltr'>περὶ</span> <span class='ocrx_word' id='word_1_200' title='bbox 726 1304 794 1330; x_wconf 85' lang='grc' dir='ltr'>Θεοῦ</span> <span class='ocrx_word' id='word_1_201' title='bbox 810 1313 878 1340; x_wconf 84' lang='grc' dir='ltr'>μαρ-</span> 
     </span>
    </p>
   </div>
   <div class='ocr_carea' id='block_1_30' title="bbox 79 1346 880 1384">
    <p class='ocr_par' dir='ltr' id='par_1_30' title="bbox 79 1346 880 1384">
     <span class='ocr_line' id='line_1_30' title="bbox 79 1346 880 1384; baseline 0.005 -12"><span class='ocrx_word' id='word_1_202' title='bbox 79 1346 183 1381; x_wconf 64' lang='grc' dir='ltr'><strong>Ιπυρίας</strong></span> <span class='ocrx_word' id='word_1_203' title='bbox 195 1346 265 1380; x_wconf 90' lang='grc'><strong>(88).</strong></span> <span class='ocrx_word' id='word_1_204' title='bbox 274 1347 367 1383; x_wconf 80' lang='grc' dir='ltr'>Ἀτάρ.</span> <span class='ocrx_word' id='word_1_205' title='bbox 382 1348 408 1375; x_wconf 82' lang='grc' dir='ltr'><strong>τί</strong></span> <span class='ocrx_word' id='word_1_206' title='bbox 418 1356 450 1382; x_wconf 88' lang='grc' dir='ltr'><strong>γε</strong></span> <span class='ocrx_word' id='word_1_207' title='bbox 462 1348 577 1375; x_wconf 82' lang='grc' dir='ltr'>τοῦτοτὺ</span> <span class='ocrx_word' id='word_1_208' title='bbox 590 1348 695 1376; x_wconf 83' lang='grc' dir='ltr'>παιδίον</span> <span class='ocrx_word' id='word_1_209' title='bbox 711 1349 769 1384; x_wconf 82' lang='grc' dir='ltr'>μεθ’</span> <span class='ocrx_word' id='word_1_210' title='bbox 781 1349 880 1384; x_wconf 77' lang='grc' dir='ltr'>ἑαυτῆς</span> 
     </span>
    </p>
   </div>
   <div class='ocr_carea' id='block_1_31' title="bbox 80 1390 880 1430">
    <p class='ocr_par' dir='ltr' id='par_1_31' title="bbox 80 1390 880 1430">
     <span class='ocr_line' id='line_1_31' title="bbox 80 1390 880 1430; baseline 0.006 -13"><span class='ocrx_word' id='word_1_211' title='bbox 80 1390 174 1425; x_wconf 75' lang='grc' dir='ltr'>ἄγεις,</span> <span class='ocrx_word' id='word_1_212' title='bbox 204 1392 288 1428; x_wconf 79' lang='grc' dir='ltr'>ἤρετο</span> <span class='ocrx_word' id='word_1_213' title='bbox 311 1394 325 1420; x_wconf 84' lang='grc' dir='ltr'><strong>ὁ</strong></span> <span class='ocrx_word' id='word_1_214' title='bbox 343 1393 465 1430; x_wconf 78' lang='grc' dir='ltr'>ὕπαρχος</span> <span class='ocrx_word' id='word_1_215' title='bbox 477 1403 484 1410; x_wconf 93' lang='grc'>·</span> <span class='ocrx_word' id='word_1_216' title='bbox 503 1395 541 1427; x_wconf 86' lang='grc' dir='ltr'>ὡς</span> <span class='ocrx_word' id='word_1_217' title='bbox 556 1395 588 1422; x_wconf 77' lang='grc' dir='ltr'>ἄν</span> <span class='ocrx_word' id='word_1_218' title='bbox 604 1403 635 1430; x_wconf 89' lang='grc' dir='ltr'><strong>γε</strong></span> <span class='ocrx_word' id='word_1_219' title='bbox 660 1396 705 1422; x_wconf 75' lang='grc' dir='ltr'>καὶ</span> <span class='ocrx_word' id='word_1_220' title='bbox 721 1395 801 1428; x_wconf 81' lang='grc' dir='ltr'>αὐτὸ,</span> <span class='ocrx_word' id='word_1_221' title='bbox 817 1395 880 1430; x_wconf 74' lang='grc' dir='ltr'>ἔφη,</span> 
     </span>
    </p>
   </div>
   <div class='ocr_carea' id='block_1_32' title="bbox 81 1437 879 1476">
    <p class='ocr_par' dir='ltr' id='par_1_32' title="bbox 81 1437 879 1476">
     <span class='ocr_line' id='line_1_32' title="bbox 81 1437 879 1476; baseline 0.006 -13"><span class='ocrx_word' id='word_1_222' title='bbox 81 1437 129 1463; x_wconf 84' lang='grc' dir='ltr'>τοῦ</span> <span class='ocrx_word' id='word_1_223' title='bbox 144 1438 239 1464; x_wconf 80' lang='grc' dir='ltr'>κοινοῦ</span> <span class='ocrx_word' id='word_1_224' title='bbox 259 1438 362 1471; x_wconf 83' lang='grc' dir='ltr'>πάθους</span> <span class='ocrx_word' id='word_1_225' title='bbox 377 1440 508 1476; x_wconf 76' lang='grc' dir='ltr'>μετάσχῃ,</span> <span class='ocrx_word' id='word_1_226' title='bbox 525 1440 574 1476; x_wconf 57' lang='grc' dir='ltr'>κα).</span> <span class='ocrx_word' id='word_1_227' title='bbox 587 1441 640 1467; x_wconf 86' lang='grc' dir='ltr'>τῶν</span> <span class='ocrx_word' id='word_1_228' title='bbox 658 1440 723 1468; x_wconf 75' lang='grc' dir='ltr'>ἴσων</span> <span class='ocrx_word' id='word_1_229' title='bbox 739 1441 879 1476; x_wconf 79' lang='grc' dir='ltr'>ἀξιωθείη.</span> 
     </span>
    </p>
   </div>
   <div class='ocr_carea' id='block_1_33' title="bbox 81 1482 878 1522">
    <p class='ocr_par' dir='ltr' id='par_1_33' title="bbox 81 1482 878 1522">
     <span class='ocr_line' id='line_1_33' title="bbox 81 1482 878 1522; baseline 0.006 -14"><span class='ocrx_word' id='word_1_230' title='bbox 81 1482 241 1518; x_wconf 80' lang='grc' dir='ltr'>Θαυμάσας</span> <span class='ocrx_word' id='word_1_231' title='bbox 254 1483 282 1510; x_wconf 82' lang='grc' dir='ltr'>δὲ</span> <span class='ocrx_word' id='word_1_232' title='bbox 300 1484 314 1509; x_wconf 88' lang='grc' dir='ltr'>ὁ</span> <span class='ocrx_word' id='word_1_233' title='bbox 333 1485 468 1517; x_wconf 78' lang='grc' dir='ltr'>Μόδεστος</span> <span class='ocrx_word' id='word_1_234' title='bbox 487 1485 537 1522; x_wconf 78' lang='grc' dir='ltr'>τὴν</span> <span class='ocrx_word' id='word_1_235' title='bbox 549 1488 667 1520; x_wconf 84' lang='grc' dir='ltr'>γυναῖκα</span> <span class='ocrx_word' id='word_1_236' title='bbox 683 1486 732 1522; x_wconf 83' lang='grc' dir='ltr'>τῆς</span> <span class='ocrx_word' id='word_1_237' title='bbox 743 1486 878 1521; x_wconf 77' lang='grc' dir='ltr'>ἀνδρείας,</span> 
     </span>
    </p>
   </div>
   <div class='ocr_carea' id='block_1_34' title="bbox 897 875 918 902">
    <p class='ocr_par' dir='ltr' id='par_1_34' title="bbox 897 875 918 902">
     <span class='ocr_line' id='line_1_34' title="bbox 897 875 918 902; baseline 0 0"><span class='ocrx_word' id='word_1_238' title='bbox 897 875 918 902; x_wconf 83' lang='grc' dir='ltr'><strong>Β</strong></span> 
     </span>
    </p>
   </div>
   <div class='ocr_carea' id='block_1_35' title="bbox 924 249 1710 286">
    <p class='ocr_par' dir='ltr' id='par_1_35' title="bbox 924 249 1710 286">
     <span class='ocr_line' id='line_1_35' title="bbox 924 249 1710 286; baseline 0.003 -8"><span class='ocrx_word' id='word_1_239' title='bbox 924 250 1036 278; x_wconf 86' lang='lat' dir='ltr'><strong>nomine</strong></span> <span class='ocrx_word' id='word_1_240' title='bbox 1060 251 1207 278; x_wconf 75' lang='lat' dir='ltr'><strong>vocabatur</strong></span> <span class='ocrx_word' id='word_1_241' title='bbox 1228 249 1391 286; x_wconf 66' lang='lat' dir='ltr'><strong>praefectus,</strong></span> <span class='ocrx_word' id='word_1_242' title='bbox 1415 251 1477 278; x_wconf 89' lang='lat' dir='ltr'><strong>licet</strong></span> <span class='ocrx_word' id='word_1_243' title='bbox 1493 252 1607 280; x_wconf 74' lang='lat' dir='ltr'><strong>alterius</strong></span> <span class='ocrx_word' id='word_1_244' title='bbox 1628 258 1710 281; x_wconf 66' lang='lat' dir='ltr'><strong>secta:</strong></span> 
     </span>
    </p>
   </div>
   <div class='ocr_carea' id='block_1_36' title="bbox 925 296 1711 330">
    <p class='ocr_par' dir='ltr' id='par_1_36' title="bbox 925 296 1711 330">
     <span class='ocr_line' id='line_1_36' title="bbox 925 296 1711 330; baseline 0.003 -7"><span class='ocrx_word' id='word_1_245' title='bbox 925 299 1010 329; x_wconf 89' lang='lat' dir='ltr'><strong>esset,</strong></span> <span class='ocrx_word' id='word_1_246' title='bbox 1025 296 1097 323; x_wconf 85' lang='lat' dir='ltr'><strong>clam</strong></span> <span class='ocrx_word' id='word_1_247' title='bbox 1115 300 1207 324; x_wconf 90' lang='lat' dir='ltr'><strong>tamen</strong></span> <span class='ocrx_word' id='word_1_248' title='bbox 1223 296 1377 324; x_wconf 88' lang='lat' dir='ltr'><strong>Edesscnos</strong></span> <span class='ocrx_word' id='word_1_249' title='bbox 1397 297 1568 330; x_wconf 83' lang='lat' dir='ltr'><strong>submonuit,</strong></span> <span class='ocrx_word' id='word_1_250' title='bbox 1585 301 1614 324; x_wconf 91' lang='lat' dir='ltr'><strong>ut</strong></span> <span class='ocrx_word' id='word_1_251' title='bbox 1632 306 1711 325; x_wconf 88' lang='lat' dir='ltr'><strong>cave-</strong></span> 
     </span>
    </p>
   </div>
   <div class='ocr_carea' id='block_1_37' title="bbox 925 341 1711 376">
    <p class='ocr_par' dir='ltr' id='par_1_37' title="bbox 925 341 1711 376">
     <span class='ocr_line' id='line_1_37' title="bbox 925 341 1711 376; baseline 0.003 -8"><span class='ocrx_word' id='word_1_252' title='bbox 925 345 987 368; x_wconf 86' lang='lat' dir='ltr'><strong>rent</strong></span> <span class='ocrx_word' id='word_1_253' title='bbox 1001 348 1036 368; x_wconf 84' lang='lat' dir='ltr'><strong>ne</strong></span> <span class='ocrx_word' id='word_1_254' title='bbox 1053 344 1165 375; x_wconf 88' lang='lat' dir='ltr'><strong>postero</strong></span> <span class='ocrx_word' id='word_1_255' title='bbox 1178 341 1223 367; x_wconf 87' lang='lat' dir='ltr'><strong>die</strong></span> <span class='ocrx_word' id='word_1_256' title='bbox 1237 341 1269 367; x_wconf 88' lang='lat' dir='ltr'><strong>ad</strong></span> <span class='ocrx_word' id='word_1_257' title='bbox 1292 345 1454 368; x_wconf 88' lang='lat' dir='ltr'><strong>consuetmn</strong></span> <span class='ocrx_word' id='word_1_258' title='bbox 1471 341 1558 368; x_wconf 87' lang='lat' dir='ltr'><strong>locum</strong></span> <span class='ocrx_word' id='word_1_259' title='bbox 1582 343 1711 376; x_wconf 84' lang='lat' dir='ltr'><strong>precandi</strong></span> 
     </span>
    </p>
   </div>
   <div class='ocr_carea' id='block_1_38' title="bbox 925 386 1711 421">
    <p class='ocr_par' dir='ltr' id='par_1_38' title="bbox 925 386 1711 421">
     <span class='ocr_line' id='line_1_38' title="bbox 925 386 1711 421; baseline 0.001 -8"><span class='ocrx_word' id='word_1_260' title='bbox 925 394 1009 414; x_wconf 88' lang='lat' dir='ltr'><strong>causa</strong></span> <span class='ocrx_word' id='word_1_261' title='bbox 1036 387 1225 413; x_wconf 82' lang='lat' dir='ltr'><strong>convenirem.</strong></span> <span class='ocrx_word' id='word_1_262' title='bbox 1256 386 1313 413; x_wconf 80' lang='lat' dir='ltr'><strong>Sibi</strong></span> <span class='ocrx_word' id='word_1_263' title='bbox 1345 394 1462 420; x_wconf 80' lang='lat' dir='ltr'><strong>namque</strong></span> <span class='ocrx_word' id='word_1_264' title='bbox 1487 387 1521 414; x_wconf 87' lang='lat' dir='ltr'><strong>ab</strong></span> <span class='ocrx_word' id='word_1_265' title='bbox 1549 387 1711 421; x_wconf 80' lang='lat' dir='ltr'><strong>imperatore</strong></span> 
     </span>
    </p>
   </div>
   <div class='ocr_carea' id='block_1_39' title="bbox 927 430 1713 466">
    <p class='ocr_par' dir='ltr' id='par_1_39' title="bbox 927 430 1713 466">
     <span class='ocr_line' id='line_1_39' title="bbox 927 430 1713 466; baseline 0.005 -11"><span class='ocrx_word' id='word_1_266' title='bbox 927 435 1091 466; x_wconf 63' lang='lat' dir='ltr'><strong>praeceptum</strong></span> <span class='ocrx_word' id='word_1_267' title='bbox 1114 438 1185 461; x_wconf 88' lang='lat' dir='ltr'><strong>esse,</strong></span> <span class='ocrx_word' id='word_1_268' title='bbox 1207 430 1274 457; x_wconf 92' lang='lat' dir='ltr'><strong>utin</strong></span> <span class='ocrx_word' id='word_1_269' title='bbox 1297 438 1344 458; x_wconf 91' lang='lat' dir='ltr'><strong>eos</strong></span> <span class='ocrx_word' id='word_1_270' title='bbox 1371 432 1417 466; x_wconf 89' lang='lat' dir='ltr'><strong>qui</strong></span> <span class='ocrx_word' id='word_1_271' title='bbox 1434 431 1598 465; x_wconf 83' lang='lat' dir='ltr'><strong>deprehensi</strong></span> <span class='ocrx_word' id='word_1_272' title='bbox 1620 437 1713 459; x_wconf 89' lang='lat' dir='ltr'><strong>essent</strong></span> 
     </span>
    </p>
   </div>
   <div class='ocr_carea' id='block_1_40' title="bbox 927 475 1713 510">
    <p class='ocr_par' dir='ltr' id='par_1_40' title="bbox 927 475 1713 510">
     <span class='ocr_line' id='line_1_40' title="bbox 927 475 1713 510; baseline -0.001 -6"><span class='ocrx_word' id='word_1_273' title='bbox 927 476 1167 504; x_wconf 78' lang='lat' dir='ltr'><strong>animadverteret.</strong></span> <span class='ocrx_word' id='word_1_274' title='bbox 1186 475 1225 503; x_wconf 86' lang='lat' dir='ltr'><strong>Ac</strong></span> <span class='ocrx_word' id='word_1_275' title='bbox 1239 475 1385 510; x_wconf 74' lang='lat' dir='ltr'><strong>pratfectus</strong></span> <span class='ocrx_word' id='word_1_276' title='bbox 1397 476 1506 510; x_wconf 84' lang='lat' dir='ltr'><strong>quidem</strong></span> <span class='ocrx_word' id='word_1_277' title='bbox 1523 477 1574 504; x_wconf 84' lang='lat' dir='ltr'><strong>ista</strong></span> <span class='ocrx_word' id='word_1_278' title='bbox 1589 477 1713 504; x_wconf 85' lang='lat' dir='ltr'><strong>minaba—</strong></span> 
     </span>
    </p>
   </div>
   <div class='ocr_carea' id='block_1_41' title="bbox 927 522 1712 558">
    <p class='ocr_par' dir='ltr' id='par_1_41' title="bbox 927 522 1712 558">
     <span class='ocr_line' id='line_1_41' title="bbox 927 522 1712 558; baseline 0 -8"><span class='ocrx_word' id='word_1_279' title='bbox 927 528 982 554; x_wconf 83' lang='lat' dir='ltr'><strong>tur,</strong></span> <span class='ocrx_word' id='word_1_280' title='bbox 1001 522 1171 556; x_wconf 85' lang='lat' dir='ltr'><strong>prospiciens</strong></span> <span class='ocrx_word' id='word_1_281' title='bbox 1196 527 1225 548; x_wconf 90' lang='lat' dir='ltr'><strong>ut</strong></span> <span class='ocrx_word' id='word_1_282' title='bbox 1251 529 1331 549; x_wconf 91' lang='lat' dir='ltr'><strong>nemo</strong></span> <span class='ocrx_word' id='word_1_283' title='bbox 1346 530 1452 553; x_wconf 87' lang='lat' dir='ltr'><strong>eorum,</strong></span> <span class='ocrx_word' id='word_1_284' title='bbox 1472 523 1515 549; x_wconf 90' lang='lat' dir='ltr'><strong>vel</strong></span> <span class='ocrx_word' id='word_1_285' title='bbox 1536 527 1612 550; x_wconf 87' lang='lat' dir='ltr'><strong>certe</strong></span> <span class='ocrx_word' id='word_1_286' title='bbox 1629 530 1712 558; x_wconf 89' lang='lat' dir='ltr'><strong>quam</strong></span> 
     </span>
    </p>
   </div>
   <div class='ocr_carea' id='block_1_42' title="bbox 927 568 1714 604">
    <p class='ocr_par' dir='ltr' id='par_1_42' title="bbox 927 568 1714 604">
     <span class='ocr_line' id='line_1_42' title="bbox 927 568 1714 604; baseline 0.001 -9"><span class='ocrx_word' id='word_1_287' title='bbox 927 569 1090 604; x_wconf 82' lang='lat' dir='ltr'><strong>paucissimi</strong></span> <span class='ocrx_word' id='word_1_288' title='bbox 1116 569 1142 594; x_wconf 90' lang='lat' dir='ltr'><strong>in</strong></span> <span class='ocrx_word' id='word_1_289' title='bbox 1167 568 1315 595; x_wconf 83' lang='lat' dir='ltr'><strong>discrimen</strong></span> <span class='ocrx_word' id='word_1_290' title='bbox 1332 569 1470 601; x_wconf 79' lang='lat' dir='ltr'><strong>venirent,</strong></span> <span class='ocrx_word' id='word_1_291' title='bbox 1489 573 1575 603; x_wconf 87' lang='lat' dir='ltr'><strong>utque</strong></span> <span class='ocrx_word' id='word_1_292' title='bbox 1597 570 1714 604; x_wconf 85' lang='lat' dir='ltr'><strong>ipsemet</strong></span> 
     </span>
    </p>
   </div>
   <div class='ocr_carea' id='block_1_43' title="bbox 928 613 1713 650">
    <p class='ocr_par' dir='ltr' id='par_1_43' title="bbox 928 613 1713 650">
     <span class='ocr_line' id='line_1_43' title="bbox 928 613 1713 650; baseline 0.001 -9"><span class='ocrx_word' id='word_1_293' title='bbox 928 615 1101 649; x_wconf 83' lang='lat' dir='ltr'><strong>imperatoris</strong></span> <span class='ocrx_word' id='word_1_294' title='bbox 1117 614 1185 641; x_wconf 87' lang='lat' dir='ltr'><strong>iram</strong></span> <span class='ocrx_word' id='word_1_295' title='bbox 1203 614 1342 648; x_wconf 78' lang='lat' dir='ltr'><strong>effugeret.</strong></span> <span class='ocrx_word' id='word_1_296' title='bbox 1362 613 1463 641; x_wconf 88' lang='lat' dir='ltr'><strong>Verum</strong></span> <span class='ocrx_word' id='word_1_297' title='bbox 1483 614 1622 647; x_wconf 80' lang='lat' dir='ltr'><strong>Edesseni,</strong></span> <span class='ocrx_word' id='word_1_298' title='bbox 1636 623 1713 650; x_wconf 88' lang='lat' dir='ltr'><strong>spre-</strong></span> 
     </span>
    </p>
   </div>
   <div class='ocr_carea' id='block_1_44' title="bbox 929 659 1713 695">
    <p class='ocr_par' dir='ltr' id='par_1_44' title="bbox 929 659 1713 695">
     <span class='ocr_line' id='line_1_44' title="bbox 929 659 1713 695; baseline 0 -8"><span class='ocrx_word' id='word_1_299' title='bbox 929 661 965 688; x_wconf 79' lang='lat' dir='ltr'><strong>tis</strong></span> <span class='ocrx_word' id='word_1_300' title='bbox 979 660 1136 695; x_wconf 87' lang='lat' dir='ltr'><strong>hujusmodi</strong></span> <span class='ocrx_word' id='word_1_301' title='bbox 1153 659 1245 690; x_wconf 86' lang='lat' dir='ltr'><strong>minis,</strong></span> <span class='ocrx_word' id='word_1_302' title='bbox 1262 660 1350 694; x_wconf 89' lang='lat' dir='ltr'><strong>primo</strong></span> <span class='ocrx_word' id='word_1_303' title='bbox 1367 660 1499 693; x_wconf 80' lang='lat' dir='ltr'><strong>diluculo,</strong></span> <span class='ocrx_word' id='word_1_304' title='bbox 1518 661 1620 695; x_wconf 82' lang='lat' dir='ltr'><strong>majore</strong></span> <span class='ocrx_word' id='word_1_305' title='bbox 1631 669 1713 695; x_wconf 87' lang='lat' dir='ltr'><strong>quam</strong></span> 
     </span>
    </p>
   </div>
   <div class='ocr_carea' id='block_1_45' title="bbox 929 705 1713 739">
    <p class='ocr_par' dir='ltr' id='par_1_45' title="bbox 929 705 1713 739">
     <span class='ocr_line' id='line_1_45' title="bbox 929 705 1713 739; baseline -0.003 -5"><span class='ocrx_word' id='word_1_306' title='bbox 929 712 1008 734; x_wconf 80' lang='lat' dir='ltr'><strong>antea</strong></span> <span class='ocrx_word' id='word_1_307' title='bbox 1030 707 1120 734; x_wconf 91' lang='lat' dir='ltr'><strong>studio</strong></span> <span class='ocrx_word' id='word_1_308' title='bbox 1145 705 1358 739; x_wconf 80' lang='lat' dir='ltr'><strong>confluxerunt,</strong></span> <span class='ocrx_word' id='word_1_309' title='bbox 1385 710 1412 733; x_wconf 91' lang='lat' dir='ltr'><strong>et</strong></span> <span class='ocrx_word' id='word_1_310' title='bbox 1436 713 1597 734; x_wconf 83' lang='lat' dir='ltr'><strong>consuetum</strong></span> <span class='ocrx_word' id='word_1_311' title='bbox 1622 708 1713 734; x_wconf 87' lang='lat' dir='ltr'><strong>locum</strong></span> 
     </span>
    </p>
   </div>
   <div class='ocr_carea' id='block_1_46' title="bbox 929 752 1716 789">
    <p class='ocr_par' dir='ltr' id='par_1_46' title="bbox 929 752 1716 789">
     <span class='ocr_line' id='line_1_46' title="bbox 929 752 1716 789; baseline -0.003 -8"><span class='ocrx_word' id='word_1_312' title='bbox 929 758 1107 789; x_wconf 86' lang='lat' dir='ltr'><strong>occuparunt.</strong></span> <span class='ocrx_word' id='word_1_313' title='bbox 1128 753 1165 780; x_wconf 82' lang='lat' dir='ltr'><strong>Ea</strong></span> <span class='ocrx_word' id='word_1_314' title='bbox 1181 761 1210 780; x_wconf 87' lang='lat' dir='ltr'><strong>re</strong></span> <span class='ocrx_word' id='word_1_315' title='bbox 1221 753 1358 784; x_wconf 88' lang='lat' dir='ltr'><strong>nuntiata,</strong></span> <span class='ocrx_word' id='word_1_316' title='bbox 1383 752 1524 780; x_wconf 77' lang='lat' dir='ltr'><strong>Modestus</strong></span> <span class='ocrx_word' id='word_1_317' title='bbox 1542 753 1606 786; x_wconf 91' lang='lat' dir='ltr'><strong>quid</strong></span> <span class='ocrx_word' id='word_1_318' title='bbox 1623 756 1716 787; x_wconf 76' lang='lat' dir='ltr'><strong>ageret</strong></span> 
     </span>
    </p>
   </div>
   <div class='ocr_carea' id='block_1_47' title="bbox 930 799 1715 835">
    <p class='ocr_par' dir='ltr' id='par_1_47' title="bbox 930 799 1715 835">
     <span class='ocr_line' id='line_1_47' title="bbox 930 799 1715 835; baseline -0.004 -7"><span class='ocrx_word' id='word_1_319' title='bbox 930 801 1079 828; x_wconf 82' lang='lat' dir='ltr'><strong>nesciebat.</strong></span> <span class='ocrx_word' id='word_1_320' title='bbox 1100 799 1133 827; x_wconf 89' lang='lat' dir='ltr'><strong>Et</strong></span> <span class='ocrx_word' id='word_1_321' title='bbox 1156 800 1282 835; x_wconf 83' lang='lat' dir='ltr'><strong>quamvis</strong></span> <span class='ocrx_word' id='word_1_322' title='bbox 1309 799 1335 826; x_wconf 94' lang='lat' dir='ltr'><strong>in</strong></span> <span class='ocrx_word' id='word_1_323' title='bbox 1358 799 1408 825; x_wconf 88' lang='lat' dir='ltr'><strong>hoc</strong></span> <span class='ocrx_word' id='word_1_324' title='bbox 1424 806 1514 825; x_wconf 88' lang='lat' dir='ltr'><strong>rerum</strong></span> <span class='ocrx_word' id='word_1_325' title='bbox 1539 803 1610 826; x_wconf 84' lang='lat' dir='ltr'><strong>statu</strong></span> <span class='ocrx_word' id='word_1_326' title='bbox 1635 800 1715 834; x_wconf 91' lang='lat' dir='ltr'><strong>inops</strong></span> 
     </span>
    </p>
   </div>
   <div class='ocr_carea' id='block_1_48' title="bbox 930 843 1714 877">
    <p class='ocr_par' dir='ltr' id='par_1_48' title="bbox 930 843 1714 877">
     <span class='ocr_line' id='line_1_48' title="bbox 930 843 1714 877; baseline -0.003 -6"><span class='ocrx_word' id='word_1_327' title='bbox 930 845 1039 872; x_wconf 89' lang='lat' dir='ltr'><strong>consilii</strong></span> <span class='ocrx_word' id='word_1_328' title='bbox 1059 849 1143 875; x_wconf 78' lang='lat' dir='ltr'><strong>esset,</strong></span> <span class='ocrx_word' id='word_1_329' title='bbox 1171 843 1352 871; x_wconf 87' lang='lat' dir='ltr'><strong>nihilominus</strong></span> <span class='ocrx_word' id='word_1_330' title='bbox 1379 843 1411 870; x_wconf 90' lang='lat' dir='ltr'><strong>ad</strong></span> <span class='ocrx_word' id='word_1_331' title='bbox 1433 850 1558 877; x_wconf 84' lang='lat' dir='ltr'><strong>campum</strong></span> <span class='ocrx_word' id='word_1_332' title='bbox 1586 843 1714 876; x_wconf 85' lang='lat' dir='ltr'><strong>perrexit.</strong></span> 
     </span>
    </p>
   </div>
   <div class='ocr_carea' id='block_1_49' title="bbox 931 889 1716 924">
    <p class='ocr_par' dir='ltr' id='par_1_49' title="bbox 931 889 1716 924">
     <span class='ocr_line' id='line_1_49' title="bbox 931 889 1716 924; baseline -0.003 -8"><span class='ocrx_word' id='word_1_333' title='bbox 931 889 1036 916; x_wconf 77' lang='lat' dir='ltr'><strong>Interea</strong></span> <span class='ocrx_word' id='word_1_334' title='bbox 1060 890 1160 917; x_wconf 88' lang='lat' dir='ltr'><strong>mulier</strong></span> <span class='ocrx_word' id='word_1_335' title='bbox 1187 890 1311 924; x_wconf 61' lang='lat' dir='ltr'><strong>quaedam</strong></span> <span class='ocrx_word' id='word_1_336' title='bbox 1340 896 1454 924; x_wconf 85' lang='lat' dir='ltr'><strong>puerum</strong></span> <span class='ocrx_word' id='word_1_337' title='bbox 1479 895 1561 914; x_wconf 92' lang='lat' dir='ltr'><strong>manu</strong></span> <span class='ocrx_word' id='word_1_338' title='bbox 1585 893 1716 922; x_wconf 82' lang='lat' dir='ltr'><strong>raptans,</strong></span> 
     </span>
    </p>
   </div>
   <div class='ocr_carea' id='block_1_50' title="bbox 930 934 1717 970">
    <p class='ocr_par' dir='ltr' id='par_1_50' title="bbox 930 934 1717 970">
     <span class='ocr_line' id='line_1_50' title="bbox 930 934 1717 970; baseline -0.003 -8"><span class='ocrx_word' id='word_1_339' title='bbox 930 943 1010 963; x_wconf 88' lang='lat' dir='ltr'><strong>secus</strong></span> <span class='ocrx_word' id='word_1_340' title='bbox 1030 943 1111 970; x_wconf 88' lang='lat' dir='ltr'><strong>quam</strong></span> <span class='ocrx_word' id='word_1_341' title='bbox 1136 936 1277 962; x_wconf 87' lang='lat' dir='ltr'><strong>mulierem</strong></span> <span class='ocrx_word' id='word_1_342' title='bbox 1294 935 1382 967; x_wconf 80' lang='lat' dir='ltr'><strong>decet,</strong></span> <span class='ocrx_word' id='word_1_343' title='bbox 1403 934 1515 968; x_wconf 86' lang='lat' dir='ltr'><strong>pallium</strong></span> <span class='ocrx_word' id='word_1_344' title='bbox 1538 934 1717 968; x_wconf 82' lang='lat' dir='ltr'><strong>incomposite</strong></span> 
     </span>
    </p>
   </div>
   <div class='ocr_carea' id='block_1_51' title="bbox 929 980 1715 1014">
    <p class='ocr_par' dir='ltr' id='par_1_51' title="bbox 929 980 1715 1014">
     <span class='ocr_line' id='line_1_51' title="bbox 929 980 1715 1014; baseline -0.003 -6"><span class='ocrx_word' id='word_1_345' title='bbox 929 981 1053 1014; x_wconf 81' lang='lat' dir='ltr'><strong>trahens,</strong></span> <span class='ocrx_word' id='word_1_346' title='bbox 1066 980 1211 1008; x_wconf 87' lang='lat' dir='ltr'><strong>militarem</strong></span> <span class='ocrx_word' id='word_1_347' title='bbox 1228 988 1338 1007; x_wconf 91' lang='lat' dir='ltr'><strong>manum</strong></span> <span class='ocrx_word' id='word_1_348' title='bbox 1355 988 1415 1014; x_wconf 75' lang='lat' dir='ltr'><strong>qua:</strong></span> <span class='ocrx_word' id='word_1_349' title='bbox 1430 980 1587 1014; x_wconf 72' lang='lat' dir='ltr'><strong>praefectum</strong></span> <span class='ocrx_word' id='word_1_350' title='bbox 1598 980 1715 1006; x_wconf 77' lang='lat' dir='ltr'><strong>anteibat</strong></span> 
     </span>
    </p>
   </div>
   <div class='ocr_carea' id='block_1_52' title="bbox 929 1026 1713 1062">
    <p class='ocr_par' dir='ltr' id='par_1_52' title="bbox 929 1026 1713 1062">
     <span class='ocr_line' id='line_1_52' title="bbox 929 1026 1713 1062; baseline -0.003 -7"><span class='ocrx_word' id='word_1_351' title='bbox 929 1028 1063 1062; x_wconf 84' lang='lat' dir='ltr'><strong>perrupit,</strong></span> <span class='ocrx_word' id='word_1_352' title='bbox 1080 1027 1158 1062; x_wconf 89' lang='lat' dir='ltr'><strong>quasi</strong></span> <span class='ocrx_word' id='word_1_353' title='bbox 1173 1026 1206 1054; x_wconf 93' lang='lat' dir='ltr'><strong>ad</strong></span> <span class='ocrx_word' id='word_1_354' title='bbox 1227 1027 1317 1062; x_wconf 83' lang='lat' dir='ltr'><strong>magni</strong></span> <span class='ocrx_word' id='word_1_355' title='bbox 1338 1027 1470 1053; x_wconf 88' lang='lat' dir='ltr'><strong>momenti</strong></span> <span class='ocrx_word' id='word_1_356' title='bbox 1487 1026 1625 1061; x_wconf 78' lang='lat' dir='ltr'><strong>negotium</strong></span> <span class='ocrx_word' id='word_1_357' title='bbox 1641 1026 1713 1054; x_wconf 88' lang='lat' dir='ltr'><strong>festi-</strong></span> 
     </span>
    </p>
   </div>
   <div class='ocr_carea' id='block_1_53' title="bbox 930 1072 1717 1106">
    <p class='ocr_par' dir='ltr' id='par_1_53' title="bbox 930 1072 1717 1106">
     <span class='ocr_line' id='line_1_53' title="bbox 930 1072 1717 1106; baseline -0.003 -6"><span class='ocrx_word' id='word_1_358' title='bbox 930 1081 1011 1100; x_wconf 87' lang='lat' dir='ltr'><strong>nans.</strong></span> <span class='ocrx_word' id='word_1_359' title='bbox 1023 1072 1101 1106; x_wconf 86' lang='lat' dir='ltr'><strong>Quod</strong></span> <span class='ocrx_word' id='word_1_360' title='bbox 1114 1081 1176 1100; x_wconf 89' lang='lat' dir='ltr'><strong>cum</strong></span> <span class='ocrx_word' id='word_1_361' title='bbox 1192 1073 1306 1100; x_wconf 74' lang='lat' dir='ltr'><strong>vidisset</strong></span> <span class='ocrx_word' id='word_1_362' title='bbox 1318 1072 1468 1105; x_wconf 85' lang='lat' dir='ltr'><strong>Modestus,</strong></span> <span class='ocrx_word' id='word_1_363' title='bbox 1485 1073 1626 1099; x_wconf 82' lang='lat' dir='ltr'><strong>mulierem</strong></span> <span class='ocrx_word' id='word_1_364' title='bbox 1642 1081 1717 1099; x_wconf 77' lang='lat' dir='ltr'><strong>com-</strong></span> 
     </span>
    </p>
   </div>
   <div class='ocr_carea' id='block_1_54' title="bbox 931 1112 1717 1154">
    <p class='ocr_par' dir='ltr' id='par_1_54' title="bbox 931 1112 1717 1154">
     <span class='ocr_line' id='line_1_54' title="bbox 931 1112 1717 1154; baseline -0.001 -10"><span class='ocrx_word' id='word_1_365' title='bbox 931 1118 1063 1154; x_wconf 88' lang='lat' dir='ltr'><strong>prehendi</strong></span> <span class='ocrx_word' id='word_1_366' title='bbox 1077 1118 1172 1152; x_wconf 86' lang='lat' dir='ltr'><strong>jussit.</strong></span> <span class='ocrx_word' id='word_1_367' title='bbox 1189 1118 1221 1144; x_wconf 87' lang='lat' dir='ltr'><strong>Et</strong></span> <span class='ocrx_word' id='word_1_368' title='bbox 1240 1112 1401 1145; x_wconf 72' lang='lat' dir='ltr'><strong>accersitam</strong></span> <span class='ocrx_word' id='word_1_369' title='bbox 1426 1118 1460 1145; x_wconf 89' lang='lat' dir='ltr'><strong>ad</strong></span> <span class='ocrx_word' id='word_1_370' title='bbox 1484 1125 1513 1145; x_wconf 89' lang='lat' dir='ltr'><strong>se</strong></span> <span class='ocrx_word' id='word_1_371' title='bbox 1529 1118 1717 1152; x_wconf 80' lang='lat' dir='ltr'><strong>interrogavit,</strong></span> 
     </span>
    </p>
   </div>
   <div class='ocr_carea' id='block_1_55' title="bbox 930 1163 1715 1198">
    <p class='ocr_par' dir='ltr' id='par_1_55' title="bbox 930 1163 1715 1198">
     <span class='ocr_line' id='line_1_55' title="bbox 930 1163 1715 1198; baseline -0.001 -8"><span class='ocrx_word' id='word_1_372' title='bbox 930 1171 990 1198; x_wconf 66' lang='lat' dir='ltr'><strong>qua:</strong></span> <span class='ocrx_word' id='word_1_373' title='bbox 1014 1171 1098 1191; x_wconf 85' lang='lat' dir='ltr'><strong>causa</strong></span> <span class='ocrx_word' id='word_1_374' title='bbox 1113 1171 1213 1192; x_wconf 88' lang='lat' dir='ltr'><strong>cursus</strong></span> <span class='ocrx_word' id='word_1_375' title='bbox 1237 1168 1291 1190; x_wconf 88' lang='lat' dir='ltr'><strong>Iam</strong></span> <span class='ocrx_word' id='word_1_376' title='bbox 1313 1164 1434 1190; x_wconf 84' lang='lat' dir='ltr'><strong>contenti</strong></span> <span class='ocrx_word' id='word_1_377' title='bbox 1458 1167 1540 1190; x_wconf 81' lang='lat' dir='ltr'><strong>esset.</strong></span> <span class='ocrx_word' id='word_1_378' title='bbox 1566 1163 1715 1198; x_wconf 81' lang='lat' dir='ltr'><strong>Respondit</strong></span> 
     </span>
    </p>
   </div>
   <div class='ocr_carea' id='block_1_56' title="bbox 931 1209 1718 1245">
    <p class='ocr_par' dir='ltr' id='par_1_56' title="bbox 931 1209 1718 1245">
     <span class='ocr_line' id='line_1_56' title="bbox 931 1209 1718 1245; baseline -0.001 -7"><span class='ocrx_word' id='word_1_379' title='bbox 931 1211 976 1238; x_wconf 86' lang='lat' dir='ltr'><strong>illa</strong></span> <span class='ocrx_word' id='word_1_380' title='bbox 997 1219 1005 1239; x_wconf 89' lang='lat'><strong>:</strong></span> <span class='ocrx_word' id='word_1_381' title='bbox 1024 1210 1058 1238; x_wconf 87' lang='lat' dir='ltr'><strong>Ut</strong></span> <span class='ocrx_word' id='word_1_382' title='bbox 1083 1210 1167 1238; x_wconf 88' lang='lat' dir='ltr'><strong>cilius</strong></span> <span class='ocrx_word' id='word_1_383' title='bbox 1194 1209 1351 1245; x_wconf 86' lang='lat' dir='ltr'><strong>perveniam</strong></span> <span class='ocrx_word' id='word_1_384' title='bbox 1375 1209 1408 1236; x_wconf 90' lang='lat' dir='ltr'><strong>ad</strong></span> <span class='ocrx_word' id='word_1_385' title='bbox 1438 1217 1576 1244; x_wconf 89' lang='lat' dir='ltr'><strong>campum,</strong></span> <span class='ocrx_word' id='word_1_386' title='bbox 1609 1210 1637 1236; x_wconf 91' lang='lat' dir='ltr'><strong>in</strong></span> <span class='ocrx_word' id='word_1_387' title='bbox 1664 1218 1718 1244; x_wconf 90' lang='lat' dir='ltr'><strong>quo</strong></span> 
     </span>
    </p>
   </div>
   <div class='ocr_carea' id='block_1_57' title="bbox 930 1255 1716 1292">
    <p class='ocr_par' dir='ltr' id='par_1_57' title="bbox 930 1255 1716 1292">
     <span class='ocr_line' id='line_1_57' title="bbox 930 1255 1716 1292; baseline 0 -9"><span class='ocrx_word' id='word_1_388' title='bbox 930 1256 1049 1292; x_wconf 88' lang='lat' dir='ltr'><strong>populus</strong></span> <span class='ocrx_word' id='word_1_389' title='bbox 1064 1255 1192 1283; x_wconf 62' lang='lat' dir='ltr'><strong>Ecclesiae</strong></span> <span class='ocrx_word' id='word_1_390' title='bbox 1206 1256 1348 1282; x_wconf 72' lang='lat' dir='ltr'><strong>catholicze</strong></span> <span class='ocrx_word' id='word_1_391' title='bbox 1367 1260 1560 1291; x_wconf 74' lang='lat' dir='ltr'><strong>congregatur.</strong></span> <span class='ocrx_word' id='word_1_392' title='bbox 1575 1255 1644 1282; x_wconf 88' lang='lat' dir='ltr'><strong>&#39;I&#39;um</strong></span> <span class='ocrx_word' id='word_1_393' title='bbox 1659 1256 1716 1283; x_wconf 88' lang='grc' dir='ltr'><strong>Μο-</strong></span> 
     </span>
    </p>
   </div>
   <div class='ocr_carea' id='block_1_58' title="bbox 930 1301 1718 1336">
    <p class='ocr_par' dir='ltr' id='par_1_58' title="bbox 930 1301 1718 1336">
     <span class='ocr_line' id='line_1_58' title="bbox 930 1301 1718 1336; baseline -0.001 -6"><span class='ocrx_word' id='word_1_394' title='bbox 930 1303 1025 1330; x_wconf 86' lang='lat' dir='ltr'><strong>destus</strong></span> <span class='ocrx_word' id='word_1_395' title='bbox 1043 1311 1048 1329; x_wconf 93' lang='lat'><strong>:</strong></span> <span class='ocrx_word' id='word_1_396' title='bbox 1067 1301 1147 1329; x_wconf 88' lang='lat' dir='ltr'><strong>Tune</strong></span> <span class='ocrx_word' id='word_1_397' title='bbox 1159 1301 1229 1334; x_wconf 85' lang='lat' dir='ltr'><strong>sola,</strong></span> <span class='ocrx_word' id='word_1_398' title='bbox 1251 1301 1351 1336; x_wconf 87' lang='lat' dir='ltr'><strong>inquit,</strong></span> <span class='ocrx_word' id='word_1_399' title='bbox 1375 1302 1488 1336; x_wconf 81' lang='lat' dir='ltr'><strong>ignoras</strong></span> <span class='ocrx_word' id='word_1_400' title='bbox 1503 1301 1660 1335; x_wconf 65' lang='lat' dir='ltr'><strong>praefectum</strong></span> <span class='ocrx_word' id='word_1_401' title='bbox 1686 1308 1718 1329; x_wconf 89' lang='lat' dir='ltr'><strong>eo</strong></span> 
     </span>
    </p>
   </div>
   <div class='ocr_carea' id='block_1_59' title="bbox 931 1347 1717 1381">
    <p class='ocr_par' dir='ltr' id='par_1_59' title="bbox 931 1347 1717 1381">
     <span class='ocr_line' id='line_1_59' title="bbox 931 1347 1717 1381; baseline -0.001 -7"><span class='ocrx_word' id='word_1_402' title='bbox 931 1348 1023 1375; x_wconf 88' lang='lat' dir='ltr'><strong>statim</strong></span> <span class='ocrx_word' id='word_1_403' title='bbox 1039 1352 1182 1374; x_wconf 91' lang='lat' dir='ltr'><strong>venturum</strong></span> <span class='ocrx_word' id='word_1_404' title='bbox 1196 1354 1268 1378; x_wconf 88' lang='lat' dir='ltr'><strong>esse,</strong></span> <span class='ocrx_word' id='word_1_405' title='bbox 1286 1351 1312 1374; x_wconf 90' lang='lat' dir='ltr'><strong>et</strong></span> <span class='ocrx_word' id='word_1_406' title='bbox 1324 1351 1462 1381; x_wconf 86' lang='lat' dir='ltr'><strong>quotquot</strong></span> <span class='ocrx_word' id='word_1_407' title='bbox 1474 1347 1619 1378; x_wconf 88' lang='lat' dir='ltr'><strong>invenerit,</strong></span> <span class='ocrx_word' id='word_1_408' title='bbox 1634 1347 1717 1374; x_wconf 93' lang='lat' dir='ltr'><strong>simul</strong></span> 
     </span>
    </p>
   </div>
   <div class='ocr_carea' id='block_1_60' title="bbox 931 1392 1712 1425">
    <p class='ocr_par' dir='ltr' id='par_1_60' title="bbox 931 1392 1712 1425">
     <span class='ocr_line' id='line_1_60' title="bbox 931 1392 1712 1425; baseline -0.001 -5"><span class='ocrx_word' id='word_1_409' title='bbox 931 1401 1029 1420; x_wconf 85' lang='lat' dir='ltr'><strong>omnes</strong></span> <span class='ocrx_word' id='word_1_410' title='bbox 1053 1393 1286 1420; x_wconf 84' lang='lat' dir='ltr'><strong>interfecturum?</strong></span> <span class='ocrx_word' id='word_1_411' title='bbox 1304 1392 1359 1420; x_wconf 92' lang='lat' dir='ltr'><strong>lmo</strong></span> <span class='ocrx_word' id='word_1_412' title='bbox 1380 1401 1455 1425; x_wconf 92' lang='lat' dir='ltr'><strong>vero,</strong></span> <span class='ocrx_word' id='word_1_413' title='bbox 1474 1393 1511 1419; x_wconf 93' lang='lat' dir='ltr'><strong>ait</strong></span> <span class='ocrx_word' id='word_1_414' title='bbox 1536 1392 1646 1425; x_wconf 88' lang='lat' dir='ltr'><strong>mulier,</strong></span> <span class='ocrx_word' id='word_1_415' title='bbox 1671 1399 1712 1419; x_wconf 89' lang='lat' dir='ltr'><strong>au-</strong></span> 
     </span>
    </p>
   </div>
   <div class='ocr_carea' id='block_1_61' title="bbox 931 1439 1717 1474">
    <p class='ocr_par' dir='ltr' id='par_1_61' title="bbox 931 1439 1717 1474">
     <span class='ocr_line' id='line_1_61' title="bbox 931 1439 1717 1474; baseline -0.003 -8"><span class='ocrx_word' id='word_1_416' title='bbox 931 1440 996 1467; x_wconf 92' lang='lat' dir='ltr'><strong>divi.</strong></span> <span class='ocrx_word' id='word_1_417' title='bbox 1020 1440 1109 1474; x_wconf 85' lang='lat' dir='ltr'><strong>Atque</strong></span> <span class='ocrx_word' id='word_1_418' title='bbox 1135 1439 1240 1466; x_wconf 89' lang='lat' dir='ltr'><strong>idcirco</strong></span> <span class='ocrx_word' id='word_1_419' title='bbox 1266 1447 1348 1466; x_wconf 80' lang='lat' dir='ltr'><strong>cursu</strong></span> <span class='ocrx_word' id='word_1_420' title='bbox 1369 1440 1433 1466; x_wconf 93' lang='lat' dir='ltr'><strong>mihi</strong></span> <span class='ocrx_word' id='word_1_421' title='bbox 1450 1447 1519 1474; x_wconf 89' lang='lat' dir='ltr'><strong>opus</strong></span> <span class='ocrx_word' id='word_1_422' title='bbox 1543 1443 1596 1472; x_wconf 87' lang='lat' dir='ltr'><strong>est,</strong></span> <span class='ocrx_word' id='word_1_423' title='bbox 1613 1447 1646 1466; x_wconf 92' lang='lat' dir='ltr'><strong>ne</strong></span> <span class='ocrx_word' id='word_1_424' title='bbox 1662 1444 1717 1465; x_wconf 90' lang='lat' dir='ltr'><strong>tar-</strong></span> 
     </span>
    </p>
   </div>
   <div class='ocr_carea' id='block_1_62' title="bbox 931 1484 1718 1520">
    <p class='ocr_par' dir='ltr' id='par_1_62' title="bbox 931 1484 1718 1520">
     <span class='ocr_line' id='line_1_62' title="bbox 931 1484 1718 1520; baseline -0.003 -7"><span class='ocrx_word' id='word_1_425' title='bbox 931 1487 993 1514; x_wconf 87' lang='lat' dir='ltr'><strong>dius</strong></span> <span class='ocrx_word' id='word_1_426' title='bbox 1014 1493 1046 1513; x_wconf 92' lang='lat' dir='ltr'><strong>eo</strong></span> <span class='ocrx_word' id='word_1_427' title='bbox 1066 1486 1188 1518; x_wconf 89' lang='lat' dir='ltr'><strong>veniam,</strong></span> <span class='ocrx_word' id='word_1_428' title='bbox 1212 1489 1239 1513; x_wconf 90' lang='lat' dir='ltr'><strong>et</strong></span> <span class='ocrx_word' id='word_1_429' title='bbox 1266 1485 1390 1520; x_wconf 86' lang='lat' dir='ltr'><strong>martyrii</strong></span> <span class='ocrx_word' id='word_1_430' title='bbox 1420 1485 1507 1520; x_wconf 76' lang='lat' dir='ltr'><strong>gloria</strong></span> <span class='ocrx_word' id='word_1_431' title='bbox 1526 1485 1627 1520; x_wconf 90' lang='lat' dir='ltr'><strong>privcr.</strong></span> <span class='ocrx_word' id='word_1_432' title='bbox 1648 1484 1718 1512; x_wconf 88' lang='lat' dir='ltr'><strong>Tum</strong></span> 
     </span>
    </p>
   </div>
   <div class='ocr_carea' id='block_1_63' title="bbox 83 1526 877 1570">
    <p class='ocr_par' dir='ltr' id='par_1_63' title="bbox 83 1527 877 1566">
     <span class='ocr_line' id='line_1_63' title="bbox 83 1527 877 1566; baseline 0.005 -13"><span class='ocrx_word' id='word_1_433' title='bbox 83 1527 256 1563; x_wconf 73' lang='grc' dir='ltr'>ἀνέστρεψεν</span> <span class='ocrx_word' id='word_1_434' title='bbox 274 1529 329 1564; x_wconf 89' lang='lat'><strong>(89)</strong></span> <span class='ocrx_word' id='word_1_435' title='bbox 343 1530 383 1561; x_wconf 77' lang='grc' dir='ltr'><strong>εἰς</strong></span> <span class='ocrx_word' id='word_1_436' title='bbox 402 1530 437 1556; x_wconf 81' lang='grc' dir='ltr'>τὰ</span> <span class='ocrx_word' id='word_1_437' title='bbox 461 1529 593 1566; x_wconf 79' lang='grc' dir='ltr'>βασίλεια.</span> <span class='ocrx_word' id='word_1_438' title='bbox 609 1531 663 1558; x_wconf 60' lang='grc' dir='ltr'><strong>Καὶ⁴</strong></span> <span class='ocrx_word' id='word_1_439' title='bbox 681 1531 877 1566; x_wconf 77' lang='grc' dir='ltr'>κοινωσάμενος</span> 
     </span>
    </p>
   </div>
   <div class='ocr_carea' id='block_1_64' title="bbox 938 1526 1718 1570">
    <p class='ocr_par' dir='ltr' id='par_1_64' title="bbox 938 1526 1718 1566">
     <span class='ocr_line' id='line_1_64' title="bbox 938 1526 1718 1566; baseline -0.003 -8"><span class='ocrx_word' id='word_1_440' title='bbox 938 1529 1010 1566; x_wconf 62' lang='grc'><strong>24],</strong></span> <span class='ocrx_word' id='word_1_441' title='bbox 1035 1530 1179 1566; x_wconf 68' lang='lat' dir='ltr'><strong>praefectus</strong></span> <span class='ocrx_word' id='word_1_442' title='bbox 1210 1526 1414 1566; x_wconf 77' lang='lat' dir='ltr'><strong>interrogavit:</strong></span> <span class='ocrx_word' id='word_1_443' title='bbox 1438 1531 1493 1558; x_wconf 83' lang='lat' dir='ltr'><strong>Cur</strong></span> <span class='ocrx_word' id='word_1_444' title='bbox 1511 1538 1578 1558; x_wconf 91' lang='lat' dir='ltr'><strong>vero</strong></span> <span class='ocrx_word' id='word_1_445' title='bbox 1604 1538 1718 1565; x_wconf 88' lang='lat' dir='ltr'><strong>puerum</strong></span> 
     </span>
    </p>
   </div>
   <div class='ocr_carea' id='block_1_65' title="bbox 82 1571 879 1612">
    <p class='ocr_par' dir='ltr' id='par_1_65' title="bbox 82 1571 879 1612">
     <span class='ocr_line' id='line_1_65' title="bbox 82 1571 879 1612; baseline 0.004 -13"><span class='ocrx_word' id='word_1_446' title='bbox 82 1571 122 1607; x_wconf 82' lang='grc' dir='ltr'>τῷ</span> <span class='ocrx_word' id='word_1_447' title='bbox 136 1573 288 1609; x_wconf 76' lang='grc' dir='ltr'>κρατοῦντι</span> <span class='ocrx_word' id='word_1_448' title='bbox 301 1575 365 1610; x_wconf 69' lang='grc' dir='ltr'>περὶ</span> <span class='ocrx_word' id='word_1_449' title='bbox 377 1575 473 1610; x_wconf 82' lang='grc' dir='ltr'>αὐτῆς,</span> <span class='ocrx_word' id='word_1_450' title='bbox 491 1576 583 1602; x_wconf 77' lang='grc' dir='ltr'>ἔπεισε</span> <span class='ocrx_word' id='word_1_451' title='bbox 596 1576 633 1611; x_wconf 84' lang='grc' dir='ltr'>μὴ</span> <span class='ocrx_word' id='word_1_452' title='bbox 646 1577 744 1612; x_wconf 84' lang='grc' dir='ltr'>χρῆναι</span> <span class='ocrx_word' id='word_1_453' title='bbox 758 1577 788 1602; x_wconf 79' lang='grc' dir='ltr'><strong>τὸ</strong></span> <span class='ocrx_word' id='word_1_454' title='bbox 801 1576 879 1609; x_wconf 79' lang='grc' dir='ltr'>δόξαν</span> 
     </span>
    </p>
   </div>
   <div class='ocr_carea' id='block_1_66' title="bbox 84 1618 878 1657">
    <p class='ocr_par' dir='ltr' id='par_1_66' title="bbox 84 1618 878 1657">
     <span class='ocr_line' id='line_1_66' title="bbox 84 1618 878 1657; baseline 0.004 -13"><span class='ocrx_word' id='word_1_455' title='bbox 84 1618 234 1649; x_wconf 76' lang='grc' dir='ltr'>ἐπιτελεῖν.</span> <span class='ocrx_word' id='word_1_456' title='bbox 262 1620 374 1656; x_wconf 75' lang='grc' dir='ltr'>αἰσχρὸν</span> <span class='ocrx_word' id='word_1_457' title='bbox 388 1621 467 1648; x_wconf 79' lang='grc' dir='ltr'>τοῦτο</span> <span class='ocrx_word' id='word_1_458' title='bbox 486 1622 534 1648; x_wconf 72' lang='grc' dir='ltr'>καὶ</span> <span class='ocrx_word' id='word_1_459' title='bbox 555 1621 714 1657; x_wconf 73' lang='grc' dir='ltr'>ἀσύμιρορον</span> <span class='ocrx_word' id='word_1_460' title='bbox 731 1620 878 1653; x_wconf 75' lang='grc' dir='ltr'>ἐπιδείξας.</span> 
     </span>
    </p>
   </div>
   <div class='ocr_carea' id='block_1_67' title="bbox 90 1664 881 1702">
    <p class='ocr_par' dir='ltr' id='par_1_67' title="bbox 90 1664 881 1702">
     <span class='ocr_line' id='line_1_67' title="bbox 90 1664 881 1702; baseline 0.003 -11"><span class='ocrx_word' id='word_1_461' title='bbox 90 1664 123 1690; x_wconf 84' lang='grc' dir='ltr'><strong><em>Ἡ</em></strong></span> <span class='ocrx_word' id='word_1_462' title='bbox 140 1665 192 1700; x_wconf 79' lang='grc' dir='ltr'>μὲν</span> <span class='ocrx_word' id='word_1_463' title='bbox 207 1665 241 1700; x_wconf 82' lang='grc' dir='ltr'>δὴ</span> <span class='ocrx_word' id='word_1_464' title='bbox 256 1666 309 1692; x_wconf 82' lang='grc' dir='ltr'><strong>τῶν</strong></span> <span class='ocrx_word' id='word_1_465' title='bbox 328 1666 475 1702; x_wconf 81' lang='grc' dir='ltr'>Ἐδεσηνῶν</span> <span class='ocrx_word' id='word_1_466' title='bbox 487 1667 573 1698; x_wconf 83' lang='grc' dir='ltr'>πόλις,</span> <span class='ocrx_word' id='word_1_467' title='bbox 586 1667 721 1702; x_wconf 74' lang='grc' dir='ltr'>πανδημεὶ</span> <span class='ocrx_word' id='word_1_468' title='bbox 740 1668 785 1694; x_wconf 78' lang='grc' dir='ltr'><strong>τὸν</strong></span> <span class='ocrx_word' id='word_1_469' title='bbox 805 1668 881 1702; x_wconf 85' lang='grc' dir='ltr'>είρη-</span> 
     </span>
    </p>
   </div>
   <div class='ocr_carea' id='block_1_68' title="bbox 87 1711 773 1749">
    <p class='ocr_par' dir='ltr' id='par_1_68' title="bbox 87 1711 773 1749">
     <span class='ocr_line' id='line_1_68' title="bbox 87 1711 773 1749; baseline 0.006 -13"><span class='ocrx_word' id='word_1_470' title='bbox 87 1711 169 1744; x_wconf 87' lang='grc' dir='ltr'>μένον</span> <span class='ocrx_word' id='word_1_471' title='bbox 180 1711 283 1746; x_wconf 80' lang='grc' dir='ltr'>τρόπον</span> <span class='ocrx_word' id='word_1_472' title='bbox 299 1713 368 1748; x_wconf 81' lang='grc' dir='ltr'>ὑπὲρ</span> <span class='ocrx_word' id='word_1_473' title='bbox 380 1712 426 1739; x_wconf 86' lang='grc' dir='ltr'>τοῦ</span> <span class='ocrx_word' id='word_1_474' title='bbox 439 1713 573 1748; x_wconf 83' lang='grc' dir='ltr'>δόγματος</span> <span class='ocrx_word' id='word_1_475' title='bbox 587 1713 773 1749; x_wconf 80' lang='grc' dir='ltr'>ὡμολόγησεν.</span> 
     </span>
    </p>
   </div>
   <div class='ocr_carea' id='block_1_69' title="bbox 933 1575 1718 1612">
    <p class='ocr_par' dir='ltr' id='par_1_69' title="bbox 933 1575 1718 1612">
     <span class='ocr_line' id='line_1_69' title="bbox 933 1575 1718 1612; baseline -0.003 -8"><span class='ocrx_word' id='word_1_476' title='bbox 933 1578 1007 1604; x_wconf 85' lang='lat' dir='ltr'><strong>Imnc</strong></span> <span class='ocrx_word' id='word_1_477' title='bbox 1035 1581 1124 1604; x_wconf 87' lang='lat' dir='ltr'><strong>tecum</strong></span> <span class='ocrx_word' id='word_1_478' title='bbox 1153 1577 1254 1604; x_wconf 81' lang='lat' dir='ltr'><strong>ducis?</strong></span> <span class='ocrx_word' id='word_1_479' title='bbox 1280 1576 1315 1604; x_wconf 69' lang='lat' dir='ltr'><strong>Ut</strong></span> <span class='ocrx_word' id='word_1_480' title='bbox 1333 1580 1360 1604; x_wconf 88' lang='lat' dir='ltr'><strong>et</strong></span> <span class='ocrx_word' id='word_1_481' title='bbox 1383 1577 1457 1612; x_wconf 91' lang='lat' dir='ltr'><strong>ipse,</strong></span> <span class='ocrx_word' id='word_1_482' title='bbox 1485 1576 1574 1612; x_wconf 88' lang='lat' dir='ltr'><strong>inquit</strong></span> <span class='ocrx_word' id='word_1_483' title='bbox 1604 1575 1718 1607; x_wconf 89' lang='lat' dir='ltr'><strong>mulier,</strong></span> 
     </span>
    </p>
   </div>
   <div class='ocr_carea' id='block_1_70' title="bbox 933 1621 1718 1658">
    <p class='ocr_par' dir='ltr' id='par_1_70' title="bbox 933 1621 1718 1658">
     <span class='ocr_line' id='line_1_70' title="bbox 933 1621 1718 1658; baseline 0 -9"><span class='ocrx_word' id='word_1_484' title='bbox 933 1624 1070 1658; x_wconf 80' lang='lat' dir='ltr'><strong>particeps</strong></span> <span class='ocrx_word' id='word_1_485' title='bbox 1095 1623 1132 1650; x_wconf 90' lang='lat' dir='ltr'><strong>sit</strong></span> <span class='ocrx_word' id='word_1_486' title='bbox 1155 1622 1311 1650; x_wconf 91' lang='lat' dir='ltr'><strong>communis</strong></span> <span class='ocrx_word' id='word_1_487' title='bbox 1334 1622 1409 1655; x_wconf 87' lang='lat' dir='ltr'><strong>mali,</strong></span> <span class='ocrx_word' id='word_1_488' title='bbox 1433 1626 1460 1649; x_wconf 89' lang='lat' dir='ltr'><strong>et</strong></span> <span class='ocrx_word' id='word_1_489' title='bbox 1489 1623 1547 1657; x_wconf 89' lang='lat' dir='ltr'><strong>pari</strong></span> <span class='ocrx_word' id='word_1_490' title='bbox 1569 1629 1630 1648; x_wconf 91' lang='lat' dir='ltr'><strong>cum</strong></span> <span class='ocrx_word' id='word_1_491' title='bbox 1657 1621 1718 1649; x_wconf 88' lang='lat' dir='ltr'><strong>aliis</strong></span> 
     </span>
    </p>
   </div>
   <div class='ocr_carea' id='block_1_71' title="bbox 933 1667 1718 1705">
    <p class='ocr_par' dir='ltr' id='par_1_71' title="bbox 933 1667 1718 1705">
     <span class='ocr_line' id='line_1_71' title="bbox 933 1667 1718 1705; baseline -0.005 -8"><span class='ocrx_word' id='word_1_492' title='bbox 933 1671 1045 1705; x_wconf 66' lang='lat' dir='ltr'><strong>praemio</strong></span> <span class='ocrx_word' id='word_1_493' title='bbox 1056 1669 1205 1697; x_wconf 83' lang='lat' dir='ltr'><strong>afficiatur.</strong></span> <span class='ocrx_word' id='word_1_494' title='bbox 1220 1669 1380 1696; x_wconf 79' lang='lat' dir='ltr'><strong>Admiratus</strong></span> <span class='ocrx_word' id='word_1_495' title='bbox 1396 1669 1518 1696; x_wconf 87' lang='lat' dir='ltr'><strong>mulieris</strong></span> <span class='ocrx_word' id='word_1_496' title='bbox 1532 1667 1718 1695; x_wconf 83' lang='lat' dir='ltr'><strong>fortitudinem</strong></span> 
     </span>
    </p>
   </div>
   <div class='ocr_carea' id='block_1_72' title="bbox 934 1714 1719 1750">
    <p class='ocr_par' dir='ltr' id='par_1_72' title="bbox 934 1714 1719 1750">
     <span class='ocr_line' id='line_1_72' title="bbox 934 1714 1719 1750; baseline -0.001 -8"><span class='ocrx_word' id='word_1_497' title='bbox 934 1716 1084 1747; x_wconf 68' lang='lat' dir='ltr'><strong>Modestus,</strong></span> <span class='ocrx_word' id='word_1_498' title='bbox 1104 1716 1137 1743; x_wconf 87' lang='lat' dir='ltr'><strong>ad</strong></span> <span class='ocrx_word' id='word_1_499' title='bbox 1155 1715 1286 1750; x_wconf 89' lang='lat' dir='ltr'><strong>palatium</strong></span> <span class='ocrx_word' id='word_1_500' title='bbox 1307 1715 1437 1743; x_wconf 88' lang='lat' dir='ltr'><strong>recurrit.</strong></span> <span class='ocrx_word' id='word_1_501' title='bbox 1454 1714 1578 1749; x_wconf 85' lang='lat' dir='ltr'><strong>Cumque</strong></span> <span class='ocrx_word' id='word_1_502' title='bbox 1596 1714 1719 1741; x_wconf 80' lang='lat' dir='ltr'><strong>mulieris</strong></span> 
     </span>
    </p>
   </div>
   <div class='ocr_carea' id='block_1_73' title="bbox 86 1756 1718 1795">
    <p class='ocr_par' dir='ltr' id='par_1_73' title="bbox 86 1756 1718 1795">
     <span class='ocr_line' id='line_1_73' title="bbox 86 1756 1718 1795; baseline 0.003 -13"><span class='ocrx_word' id='word_1_503' title='bbox 86 1756 198 1784; x_wconf 82' lang='lat' dir='ltr'><strong>facinus</strong></span> <span class='ocrx_word' id='word_1_504' title='bbox 211 1757 329 1792; x_wconf 86' lang='lat' dir='ltr'><strong>principi</strong></span> <span class='ocrx_word' id='word_1_505' title='bbox 346 1759 497 1791; x_wconf 75' lang='lat' dir='ltr'><strong>retulisset,</strong></span> <span class='ocrx_word' id='word_1_506' title='bbox 515 1759 652 1793; x_wconf 86' lang='lat' dir='ltr'><strong>persuasit</strong></span> <span class='ocrx_word' id='word_1_507' title='bbox 667 1765 696 1786; x_wconf 90' lang='lat' dir='ltr'><strong>ut</strong></span> <span class='ocrx_word' id='word_1_508' title='bbox 711 1760 744 1786; x_wconf 89' lang='lat' dir='ltr'><strong>ah</strong></span> <span class='ocrx_word' id='word_1_509' title='bbox 759 1760 881 1795; x_wconf 68' lang='lat' dir='ltr'><strong>incmpto</strong></span> <span class='ocrx_word' id='word_1_510' title='bbox 901 1761 1047 1788; x_wconf 82' lang='lat' dir='ltr'><strong>desisteret</strong></span> <span class='ocrx_word' id='word_1_511' title='bbox 1060 1770 1067 1795; x_wconf 91' lang='lat'><strong>;</strong></span> <span class='ocrx_word' id='word_1_512' title='bbox 1082 1769 1133 1788; x_wconf 88' lang='lat' dir='ltr'><strong>nec</strong></span> <span class='ocrx_word' id='word_1_513' title='bbox 1149 1762 1306 1794; x_wconf 79' lang='lat' dir='ltr'><strong>honestum,</strong></span> <span class='ocrx_word' id='word_1_514' title='bbox 1325 1768 1375 1788; x_wconf 89' lang='lat' dir='ltr'><strong>nec</strong></span> <span class='ocrx_word' id='word_1_515' title='bbox 1407 1761 1474 1788; x_wconf 85' lang='lat' dir='ltr'><strong>utile</strong></span> <span class='ocrx_word' id='word_1_516' title='bbox 1506 1759 1533 1788; x_wconf 89' lang='lat' dir='ltr'><strong>id</strong></span> <span class='ocrx_word' id='word_1_517' title='bbox 1549 1767 1610 1788; x_wconf 87' lang='lat' dir='ltr'><strong>esse</strong></span> <span class='ocrx_word' id='word_1_518' title='bbox 1628 1764 1718 1788; x_wconf 49' lang='lat' dir='ltr'><strong>osteu.</strong></span> 
     </span>
    </p>
   </div>
   <div class='ocr_carea' id='block_1_74' title="bbox 85 1804 1392 1837">
    <p class='ocr_par' dir='ltr' id='par_1_74' title="bbox 85 1804 1392 1837">
     <span class='ocr_line' id='line_1_74' title="bbox 85 1804 1392 1837; baseline 0.002 -5"><span class='ocrx_word' id='word_1_519' title='bbox 85 1805 165 1832; x_wconf 85' lang='lat' dir='ltr'><strong>deus.</strong></span> <span class='ocrx_word' id='word_1_520' title='bbox 193 1804 238 1832; x_wconf 81' lang='lat' dir='ltr'><strong>Ad</strong></span> <span class='ocrx_word' id='word_1_521' title='bbox 257 1805 330 1833; x_wconf 87' lang='lat' dir='ltr'><strong>hunc</strong></span> <span class='ocrx_word' id='word_1_522' title='bbox 352 1807 462 1833; x_wconf 89' lang='lat' dir='ltr'><strong>modum</strong></span> <span class='ocrx_word' id='word_1_523' title='bbox 487 1807 688 1834; x_wconf 83' lang='lat' dir='ltr'><strong>Edessenorum</strong></span> <span class='ocrx_word' id='word_1_524' title='bbox 702 1807 798 1835; x_wconf 88' lang='lat' dir='ltr'><strong>civitas</strong></span> <span class='ocrx_word' id='word_1_525' title='bbox 821 1809 947 1836; x_wconf 86' lang='lat' dir='ltr'><strong>universa</strong></span> <span class='ocrx_word' id='word_1_526' title='bbox 964 1809 1066 1837; x_wconf 84' lang='lat' dir='ltr'><strong>Christi</strong></span> <span class='ocrx_word' id='word_1_527' title='bbox 1081 1809 1186 1836; x_wconf 91' lang='lat' dir='ltr'><strong>cultum</strong></span> <span class='ocrx_word' id='word_1_528' title='bbox 1203 1808 1328 1836; x_wconf 88' lang='lat' dir='ltr'><strong>confessa</strong></span> <span class='ocrx_word' id='word_1_529' title='bbox 1342 1812 1392 1835; x_wconf 89' lang='lat' dir='ltr'><strong>est.</strong></span> 
     </span>
    </p>
   </div>
   <div class='ocr_carea' id='block_1_75' title="bbox 393 1852 588 1879">
    <p class='ocr_par' dir='ltr' id='par_1_75' title="bbox 393 1852 588 1879">
     <span class='ocr_line' id='line_1_75' title="bbox 393 1852 588 1879; baseline 0.005 -1"><span class='ocrx_word' id='word_1_530' title='bbox 393 1852 518 1878; x_wconf 78' lang='grc' dir='ltr'><strong>ΚΕΦΑΛ.</strong></span> <span class='ocrx_word' id='word_1_531' title='bbox 538 1853 588 1879; x_wconf 74' lang='grc' dir='ltr'>ιΘο.</span> 
     </span>
    </p>
   </div>
   <div class='ocr_carea' id='block_1_76' title="bbox 88 1897 879 1932">
    <p class='ocr_par' dir='ltr' id='par_1_76' title="bbox 88 1897 879 1932">
     <span class='ocr_line' id='line_1_76' title="bbox 88 1897 879 1932; baseline 0.005 -9"><span class='ocrx_word' id='word_1_532' title='bbox 88 1897 222 1930; x_wconf 71' lang='grc' dir='ltr'>Τελευτὴ</span> <span class='ocrx_word' id='word_1_533' title='bbox 246 1897 298 1924; x_wconf 70' lang='grc' dir='ltr'>τοῦ</span> <span class='ocrx_word' id='word_1_534' title='bbox 319 1897 454 1932; x_wconf 74' lang='grc' dir='ltr'>μεγάλου</span> <span class='ocrx_word' id='word_1_535' title='bbox 479 1899 663 1930; x_wconf 79' lang='grc' dir='ltr'>Ἀθανασίου,</span> <span class='ocrx_word' id='word_1_536' title='bbox 687 1899 735 1926; x_wconf 79' lang='grc' dir='ltr'>καὶ</span> <span class='ocrx_word' id='word_1_537' title='bbox 750 1901 879 1927; x_wconf 79' lang='grc' dir='ltr'>Λουκίου</span> 
     </span>
    </p>
   </div>
   <div class='ocr_carea' id='block_1_77' title="bbox 122 1932 879 1969">
    <p class='ocr_par' dir='ltr' id='par_1_77' title="bbox 122 1932 879 1969">
     <span class='ocr_line' id='line_1_77' title="bbox 122 1932 879 1969; baseline 0.005 -11"><span class='ocrx_word' id='word_1_538' title='bbox 122 1932 177 1969; x_wconf 56' lang='grc' dir='ltr'>τοῦ</span> <span class='ocrx_word' id='word_1_539' title='bbox 202 1933 445 1969; x_wconf 59' lang='grc' dir='ltr'>Ἀρειογέόφρονος</span> <span class='ocrx_word' id='word_1_540' title='bbox 454 1933 570 1969; x_wconf 18' lang='grc' dir='ltr'><strong>γᾶσνοόος</strong></span> <span class='ocrx_word' id='word_1_541' title='bbox 581 1936 623 1966; x_wconf 82' lang='grc' dir='ltr'><strong>είς</strong></span> <span class='ocrx_word' id='word_1_542' title='bbox 633 1935 687 1960; x_wconf 66' lang='grc' dir='ltr'>τὴν</span> <span class='ocrx_word' id='word_1_543' title='bbox 699 1936 816 1969; x_wconf 75' lang='grc' dir='ltr'>θρόνον,</span> <span class='ocrx_word' id='word_1_544' title='bbox 830 1936 879 1962; x_wconf 76' lang='grc' dir='ltr'><strong>καὶ</strong></span> 
     </span>
    </p>
   </div>
   <div class='ocr_carea' id='block_1_78' title="bbox 120 1967 878 2002">
    <p class='ocr_par' dir='ltr' id='par_1_78' title="bbox 120 1967 878 2002">
     <span class='ocr_line' id='line_1_78' title="bbox 120 1967 878 2002; baseline 0.003 -7"><span class='ocrx_word' id='word_1_545' title='bbox 120 1967 183 1995; x_wconf 83' lang='grc' dir='ltr'>ὅσα</span> <span class='ocrx_word' id='word_1_546' title='bbox 197 1967 277 1994; x_wconf 81' lang='grc' dir='ltr'>κακὰ</span> <span class='ocrx_word' id='word_1_547' title='bbox 287 1967 339 2000; x_wconf 77' lang='grc' dir='ltr'><strong>τὰς</strong></span> <span class='ocrx_word' id='word_1_548' title='bbox 348 1969 383 1994; x_wconf 78' lang='grc' dir='ltr'><strong>ἐν</strong></span> <span class='ocrx_word' id='word_1_549' title='bbox 389 1968 523 2002; x_wconf 77' lang='grc' dir='ltr'>Αἰγύπτῳ</span> <span class='ocrx_word' id='word_1_550' title='bbox 531 1967 878 2002; x_wconf 17' lang='grc' dir='ltr'>Ἐκκλησίαςήκατέλαϐε·</span> 
     </span>
    </p>
   </div>
   <div class='ocr_carea' id='block_1_79' title="bbox 122 2001 881 2039">
    <p class='ocr_par' dir='ltr' id='par_1_79' title="bbox 122 2001 881 2039">
     <span class='ocr_line' id='line_1_79' title="bbox 122 2001 881 2039; baseline 0.004 -10"><span class='ocrx_word' id='word_1_551' title='bbox 122 2003 177 2039; x_wconf 61' lang='grc' dir='ltr'><strong>καί</strong></span> <span class='ocrx_word' id='word_1_552' title='bbox 188 2003 232 2034; x_wconf 83' lang='grc' dir='ltr'>ὼς</span> <span class='ocrx_word' id='word_1_553' title='bbox 246 2001 355 2039; x_wconf 56' lang='grc' dir='ltr'>Πέτρος</span> <span class='ocrx_word' id='word_1_554' title='bbox 369 2005 385 2029; x_wconf 84' lang='lat' dir='ltr'><strong>d</strong></span> <span class='ocrx_word' id='word_1_555' title='bbox 401 2001 478 2037; x_wconf 71' lang='grc' dir='ltr'>μετὰ</span> <span class='ocrx_word' id='word_1_556' title='bbox 497 2003 682 2038; x_wconf 80' lang='grc' dir='ltr'>Ἀθανάσιον,</span> <span class='ocrx_word' id='word_1_557' title='bbox 698 2001 820 2039; x_wconf 76' lang='grc' dir='ltr'>διαδρὰς</span> <span class='ocrx_word' id='word_1_558' title='bbox 837 2007 881 2038; x_wconf 82' lang='grc' dir='ltr'>εἰς</span> 
     </span>
    </p>
   </div>
   <div class='ocr_carea' id='block_1_80' title="bbox 127 2037 340 2072">
    <p class='ocr_par' dir='ltr' id='par_1_80' title="bbox 127 2037 340 2072">
     <span class='ocr_line' id='line_1_80' title="bbox 127 2037 340 2072; baseline 0.005 -9"><span class='ocrx_word' id='word_1_559' title='bbox 127 2037 249 2072; x_wconf 80' lang='grc' dir='ltr'>Ῥώμην</span> <span class='ocrx_word' id='word_1_560' title='bbox 260 2037 340 2071; x_wconf 79' lang='grc' dir='ltr'>διέϐη</span> 
     </span>
    </p>
   </div>
   <div class='ocr_carea' id='block_1_81' title="bbox 128 2083 881 2120">
    <p class='ocr_par' dir='ltr' id='par_1_81' title="bbox 128 2083 881 2120">
     <span class='ocr_line' id='line_1_81' title="bbox 128 2083 881 2120; baseline 0.003 -10"><span class='ocrx_word' id='word_1_561' title='bbox 128 2083 200 2110; x_wconf 80' lang='grc' dir='ltr'>Ὑπὸ</span> <span class='ocrx_word' id='word_1_562' title='bbox 207 2083 237 2110; x_wconf 82' lang='grc' dir='ltr'>δὲ</span> <span class='ocrx_word' id='word_1_563' title='bbox 246 2083 339 2110; x_wconf 79' lang='grc' dir='ltr'>τοῦτον</span> <span class='ocrx_word' id='word_1_564' title='bbox 351 2083 395 2110; x_wconf 72' lang='grc' dir='ltr'>τὸν</span> <span class='ocrx_word' id='word_1_565' title='bbox 402 2084 506 2119; x_wconf 86' lang='grc' dir='ltr'>χρόνον,</span> <span class='ocrx_word' id='word_1_566' title='bbox 516 2085 691 2120; x_wconf 74' lang='grc' dir='ltr'>ἐτελεύτησεν</span> <span class='ocrx_word' id='word_1_567' title='bbox 699 2086 712 2112; x_wconf 82' lang='grc' dir='ltr'><strong><em>ὁ</em></strong></span> <span class='ocrx_word' id='word_1_568' title='bbox 724 2085 881 2118; x_wconf 77' lang='grc' dir='ltr'>Ἀθανάσιος</span> 
     </span>
    </p>
   </div>
   <div class='ocr_carea' id='block_1_82' title="bbox 88 2128 881 2166">
    <p class='ocr_par' dir='ltr' id='par_1_82' title="bbox 88 2128 881 2166">
     <span class='ocr_line' id='line_1_82' title="bbox 88 2128 881 2166; baseline 0.004 -12"><span class='ocrx_word' id='word_1_569' title='bbox 88 2130 137 2164; x_wconf 76' lang='grc' dir='ltr'>τῆς</span> <span class='ocrx_word' id='word_1_570' title='bbox 155 2128 356 2164; x_wconf 80' lang='grc' dir='ltr'>Ἀλεξανδρέων</span> <span class='ocrx_word' id='word_1_571' title='bbox 375 2129 538 2164; x_wconf 80' lang='grc' dir='ltr'>Ἐκκλησίας</span> <span class='ocrx_word' id='word_1_572' title='bbox 558 2131 716 2163; x_wconf 76' lang='grc' dir='ltr'>ἐπίσκοπος,</span> <span class='ocrx_word' id='word_1_573' title='bbox 733 2131 804 2166; x_wconf 77' lang='grc' dir='ltr'>ἀμφὶ</span> <span class='ocrx_word' id='word_1_574' title='bbox 819 2140 881 2157; x_wconf 82' lang='grc' dir='ltr'>τεσ-</span> 
     </span>
    </p>
   </div>
   <div class='ocr_carea' id='block_1_83' title="bbox 38 2174 883 2211">
    <p class='ocr_par' dir='ltr' id='par_1_83' title="bbox 38 2174 883 2211">
     <span class='ocr_line' id='line_1_83' title="bbox 38 2174 883 2211; baseline 0.002 -11"><span class='ocrx_word' id='word_1_575' title='bbox 38 2176 46 2184; x_wconf 87' lang='lat'><strong>‘</strong></span> <span class='ocrx_word' id='word_1_576' title='bbox 90 2174 248 2209; x_wconf 80' lang='grc' dir='ltr'>σαράκοντα</span> <span class='ocrx_word' id='word_1_577' title='bbox 270 2175 316 2201; x_wconf 77' lang='grc' dir='ltr'><strong>καὶ</strong></span> <span class='ocrx_word' id='word_1_578' title='bbox 335 2174 364 2208; x_wconf 77' lang='grc' dir='ltr'><strong>ἓξ</strong></span> <span class='ocrx_word' id='word_1_579' title='bbox 378 2175 518 2207; x_wconf 79' lang='grc' dir='ltr'>ἐνιαυτοὺς</span> <span class='ocrx_word' id='word_1_580' title='bbox 537 2176 586 2211; x_wconf 85' lang='grc' dir='ltr'><strong>τὴν</strong></span> <span class='ocrx_word' id='word_1_581' title='bbox 601 2175 806 2211; x_wconf 81' lang='grc' dir='ltr'>ἀρχιερωσύνην</span> <span class='ocrx_word' id='word_1_582' title='bbox 820 2176 883 2202; x_wconf 81' lang='grc' dir='ltr'>ἁνύ-</span> 
     </span>
    </p>
   </div>
   <div class='ocr_carea' id='block_1_84' title="bbox 1236 1853 1410 1882">
    <p class='ocr_par' dir='ltr' id='par_1_84' title="bbox 1236 1853 1410 1882">
     <span class='ocr_line' id='line_1_84' title="bbox 1236 1853 1410 1882; baseline -0.006 0"><span class='ocrx_word' id='word_1_583' title='bbox 1236 1853 1313 1882; x_wconf 81' lang='lat' dir='ltr'><strong>CAP.</strong></span> <span class='ocrx_word' id='word_1_584' title='bbox 1338 1853 1410 1881; x_wconf 80' lang='lat' dir='ltr'><strong>XIX.</strong></span> 
     </span>
    </p>
   </div>
   <div class='ocr_carea' id='block_1_85' title="bbox 935 1897 1722 1935">
    <p class='ocr_par' dir='ltr' id='par_1_85' title="bbox 935 1897 1722 1935">
     <span class='ocr_line' id='line_1_85' title="bbox 935 1897 1722 1935; baseline -0.005 -8"><span class='ocrx_word' id='word_1_585' title='bbox 935 1900 972 1928; x_wconf 84' lang='lat' dir='ltr'><strong>De</strong></span> <span class='ocrx_word' id='word_1_586' title='bbox 988 1901 1059 1927; x_wconf 85' lang='lat' dir='ltr'><strong>obitu</strong></span> <span class='ocrx_word' id='word_1_587' title='bbox 1073 1900 1163 1935; x_wconf 80' lang='lat' dir='ltr'><strong>magni</strong></span> <span class='ocrx_word' id='word_1_588' title='bbox 1182 1899 1333 1931; x_wconf 80' lang='lat' dir='ltr'><strong>Athanasii,</strong></span> <span class='ocrx_word' id='word_1_589' title='bbox 1354 1898 1532 1935; x_wconf 55' lang='lat' dir='ltr'><strong>cujussedem</strong></span> <span class='ocrx_word' id='word_1_590' title='bbox 1552 1898 1646 1935; x_wconf 71' lang='lat' dir='ltr'><strong>invasit</strong></span> <span class='ocrx_word' id='word_1_591' title='bbox 1667 1897 1722 1923; x_wconf 83' lang='lat' dir='ltr'><strong>Lu-</strong></span> 
     </span>
    </p>
   </div>
   <div class='ocr_carea' id='block_1_86' title="bbox 970 1932 1721 1969">
    <p class='ocr_par' dir='ltr' id='par_1_86' title="bbox 970 1932 1721 1969">
     <span class='ocr_line' id='line_1_86' title="bbox 970 1932 1721 1969; baseline -0.005 -7"><span class='ocrx_word' id='word_1_592' title='bbox 970 1937 1026 1963; x_wconf 80' lang='lat' dir='ltr'><strong>cius</strong></span> <span class='ocrx_word' id='word_1_593' title='bbox 1043 1932 1159 1962; x_wconf 73' lang='lat' dir='ltr'><strong>Ariauus</strong></span> <span class='ocrx_word' id='word_1_594' title='bbox 1174 1943 1182 1961; x_wconf 91' lang='lat'><em>:</em></span> <span class='ocrx_word' id='word_1_595' title='bbox 1195 1939 1219 1962; x_wconf 85' lang='lat' dir='ltr'><strong>et</strong></span> <span class='ocrx_word' id='word_1_596' title='bbox 1237 1939 1297 1969; x_wconf 84' lang='lat' dir='ltr'><strong>quot</strong></span> <span class='ocrx_word' id='word_1_597' title='bbox 1314 1934 1392 1960; x_wconf 83' lang='lat' dir='ltr'><strong>malis</strong></span> <span class='ocrx_word' id='word_1_598' title='bbox 1414 1934 1517 1968; x_wconf 63' lang='lat' dir='ltr'><strong>afﬂicta:</strong></span> <span class='ocrx_word' id='word_1_599' title='bbox 1540 1933 1592 1969; x_wconf 74' lang='lat' dir='ltr'><strong>sint</strong></span> <span class='ocrx_word' id='word_1_600' title='bbox 1607 1932 1721 1969; x_wconf 49' lang='lat' dir='ltr'><strong>{Egypti</strong></span> 
     </span>
    </p>
   </div>
   <div class='ocr_carea' id='block_1_87' title="bbox 969 1967 1719 2004">
    <p class='ocr_par' dir='ltr' id='par_1_87' title="bbox 969 1967 1719 2004">
     <span class='ocr_line' id='line_1_87' title="bbox 969 1967 1719 2004; baseline -0.005 -7"><span class='ocrx_word' id='word_1_601' title='bbox 969 1971 1111 1997; x_wconf 65' lang='lat' dir='ltr'><strong>Eat-(esito:</strong></span> <span class='ocrx_word' id='word_1_602' title='bbox 1124 1975 1148 1996; x_wconf 86' lang='lat' dir='ltr'><strong>et</strong></span> <span class='ocrx_word' id='word_1_603' title='bbox 1158 1967 1287 2004; x_wconf 85' lang='lat' dir='ltr'><strong>quomodo</strong></span> <span class='ocrx_word' id='word_1_604' title='bbox 1299 1969 1403 2000; x_wconf 82' lang='lat' dir='ltr'><strong>Petrus,</strong></span> <span class='ocrx_word' id='word_1_605' title='bbox 1415 1967 1551 1995; x_wconf 75' lang='lat' dir='ltr'><strong>successor</strong></span> <span class='ocrx_word' id='word_1_606' title='bbox 1567 1967 1719 1998; x_wconf 80' lang='lat' dir='ltr'><strong>Athanasii,</strong></span> 
     </span>
    </p>
   </div>
   <div class='ocr_carea' id='block_1_88' title="bbox 969 2004 1429 2041">
    <p class='ocr_par' dir='ltr' id='par_1_88' title="bbox 969 2004 1429 2041">
     <span class='ocr_line' id='line_1_88' title="bbox 969 2004 1429 2041; baseline -0.004 -9"><span class='ocrx_word' id='word_1_607' title='bbox 969 2007 1031 2041; x_wconf 78' lang='lat' dir='ltr'><strong>fuga</strong></span> <span class='ocrx_word' id='word_1_608' title='bbox 1045 2007 1159 2040; x_wconf 72' lang='lat' dir='ltr'><strong>elapsus,</strong></span> <span class='ocrx_word' id='word_1_609' title='bbox 1177 2004 1288 2031; x_wconf 80' lang='lat' dir='ltr'><strong>Romam</strong></span> <span class='ocrx_word' id='word_1_610' title='bbox 1305 2004 1429 2038; x_wconf 69' lang='lat' dir='ltr'><strong>perrexit.</strong></span> 
     </span>
    </p>
   </div>
   <div class='ocr_carea' id='block_1_89' title="bbox 972 2078 1720 2116">
    <p class='ocr_par' dir='ltr' id='par_1_89' title="bbox 972 2078 1720 2116">
     <span class='ocr_line' id='line_1_89' title="bbox 972 2078 1720 2116; baseline -0.008 -6"><span class='ocrx_word' id='word_1_611' title='bbox 972 2083 1028 2110; x_wconf 91' lang='lat' dir='ltr'><strong>Sub</strong></span> <span class='ocrx_word' id='word_1_612' title='bbox 1045 2083 1117 2110; x_wconf 89' lang='lat' dir='ltr'><strong>idem</strong></span> <span class='ocrx_word' id='word_1_613' title='bbox 1139 2086 1247 2116; x_wconf 90' lang='lat' dir='ltr'><strong>tempus</strong></span> <span class='ocrx_word' id='word_1_614' title='bbox 1263 2080 1432 2108; x_wconf 79' lang='lat' dir='ltr'><strong>Athanasius</strong></span> <span class='ocrx_word' id='word_1_615' title='bbox 1451 2079 1643 2107; x_wconf 70' lang='lat' dir='ltr'><strong>Alexandrinze</strong></span> <span class='ocrx_word' id='word_1_616' title='bbox 1669 2078 1720 2105; x_wconf 87' lang='lat' dir='ltr'><strong>Ec-</strong></span> 
     </span>
    </p>
   </div>
   <div class='ocr_carea' id='block_1_90' title="bbox 935 2127 1720 2164">
    <p class='ocr_par' dir='ltr' id='par_1_90' title="bbox 935 2127 1720 2164">
     <span class='ocr_line' id='line_1_90' title="bbox 935 2127 1720 2164; baseline -0.008 -7"><span class='ocrx_word' id='word_1_617' title='bbox 935 2130 1026 2157; x_wconf 65' lang='lat' dir='ltr'><strong>clesiae</strong></span> <span class='ocrx_word' id='word_1_618' title='bbox 1049 2129 1207 2164; x_wconf 87' lang='lat' dir='ltr'><strong>cpiscopus,</strong></span> <span class='ocrx_word' id='word_1_619' title='bbox 1234 2128 1290 2155; x_wconf 86' lang='lat' dir='ltr'><strong>fato</strong></span> <span class='ocrx_word' id='word_1_620' title='bbox 1319 2127 1432 2154; x_wconf 90' lang='lat' dir='ltr'><strong>functus</strong></span> <span class='ocrx_word' id='word_1_621' title='bbox 1460 2130 1512 2158; x_wconf 80' lang='lat' dir='ltr'><strong>est,</strong></span> <span class='ocrx_word' id='word_1_622' title='bbox 1536 2133 1598 2152; x_wconf 89' lang='lat' dir='ltr'><strong>cum</strong></span> <span class='ocrx_word' id='word_1_623' title='bbox 1624 2133 1671 2152; x_wconf 80' lang='lat' dir='ltr'><strong>sex</strong></span> <span class='ocrx_word' id='word_1_624' title='bbox 1694 2129 1720 2151; x_wconf 81' lang='grc' dir='ltr'>υι</span> 
     </span>
    </p>
   </div>
   <div class='ocr_carea' id='block_1_91' title="bbox 936 2169 1720 2210">
    <p class='ocr_par' dir='ltr' id='par_1_91' title="bbox 936 2169 1720 2210">
     <span class='ocr_line' id='line_1_91' title="bbox 936 2169 1720 2210; baseline -0.009 -8"><span class='ocrx_word' id='word_1_625' title='bbox 936 2175 1114 2210; x_wconf 74' lang='lat' dir='ltr'><strong>quadraginta</strong></span> <span class='ocrx_word' id='word_1_626' title='bbox 1141 2174 1250 2201; x_wconf 87' lang='lat' dir='ltr'><strong>circiter</strong></span> <span class='ocrx_word' id='word_1_627' title='bbox 1267 2180 1353 2200; x_wconf 88' lang='lat' dir='ltr'><strong>annos</strong></span> <span class='ocrx_word' id='word_1_628' title='bbox 1376 2171 1559 2200; x_wconf 87' lang='lat' dir='ltr'><strong>sacerdotiqu</strong></span> <span class='ocrx_word' id='word_1_629' title='bbox 1582 2169 1720 2197; x_wconf 69' lang='lat' dir='ltr'><strong>obtinui5&lt;</strong></span> 
     </span>
    </p>
   </div>
   <div class='ocr_carea' id='block_1_92' title="bbox 90 2215 877 2258">
    <p class='ocr_par' dir='ltr' id='par_1_92' title="bbox 90 2220 877 2258">
     <span class='ocr_line' id='line_1_92' title="bbox 90 2220 877 2258; baseline 0.003 -11"><span class='ocrx_word' id='word_1_630' title='bbox 90 2227 148 2252; x_wconf 64' lang='grc' dir='ltr'>σας,</span> <span class='ocrx_word' id='word_1_631' title='bbox 176 2221 239 2247; x_wconf 84' lang='grc' dir='ltr'><strong>Τῶν</strong></span> <span class='ocrx_word' id='word_1_632' title='bbox 258 2220 288 2247; x_wconf 83' lang='grc' dir='ltr'>δὲ</span> <span class='ocrx_word' id='word_1_633' title='bbox 305 2221 339 2247; x_wconf 75' lang='grc' dir='ltr'>τὰ</span> <span class='ocrx_word' id='word_1_634' title='bbox 370 2220 486 2256; x_wconf 79' lang='grc' dir='ltr'>Ἀρείου’</span> <span class='ocrx_word' id='word_1_635' title='bbox 502 2221 671 2257; x_wconf 84' lang='grc' dir='ltr'>φρονούντων</span> <span class='ocrx_word' id='word_1_636' title='bbox 690 2222 719 2248; x_wconf 83' lang='grc' dir='ltr'>ὲν</span> <span class='ocrx_word' id='word_1_637' title='bbox 744 2223 820 2257; x_wconf 81' lang='grc' dir='ltr'>τάχει</span> <span class='ocrx_word' id='word_1_638' title='bbox 833 2222 877 2258; x_wconf 51' lang='grc' dir='ltr'>τὴν</span> 
     </span>
    </p>
   </div>
   <div class='ocr_carea' id='block_1_93' title="bbox 938 2215 1721 2258">
    <p class='ocr_par' dir='ltr' id='par_1_93' title="bbox 938 2215 1721 2256">
     <span class='ocr_line' id='line_1_93' title="bbox 938 2215 1721 2256; baseline -0.009 -7"><span class='ocrx_word' id='word_1_639' title='bbox 938 2221 1006 2249; x_wconf 64' lang='grc' dir='ltr'>ξομ.</span> <span class='ocrx_word' id='word_1_640' title='bbox 1040 2222 1164 2256; x_wconf 90' lang='lat' dir='ltr'><strong>Cumque</strong></span> <span class='ocrx_word' id='word_1_641' title='bbox 1196 2228 1271 2248; x_wconf 87' lang='lat' dir='ltr'><strong>mors</strong></span> <span class='ocrx_word' id='word_1_642' title='bbox 1300 2219 1360 2254; x_wconf 85' lang='lat' dir='ltr'><strong>ejus</strong></span> <span class='ocrx_word' id='word_1_643' title='bbox 1395 2218 1521 2246; x_wconf 84' lang='lat' dir='ltr'><strong>celeriter</strong></span> <span class='ocrx_word' id='word_1_644' title='bbox 1549 2217 1583 2244; x_wconf 90' lang='lat' dir='ltr'><strong>ab</strong></span> <span class='ocrx_word' id='word_1_645' title='bbox 1612 2215 1721 2243; x_wconf 82' lang='lat' dir='ltr'><strong>Arianis</strong></span> 
     </span>
    </p>
   </div>
   <div class='ocr_carea' id='block_1_94' title="bbox 128 2305 514 2340">
    <p class='ocr_par' dir='ltr' id='par_1_94' title="bbox 128 2305 514 2340">
     <span class='ocr_line' id='line_1_94' title="bbox 128 2305 514 2340; baseline 0.003 -6"><span class='ocrx_word' id='word_1_646' title='bbox 128 2307 136 2323; x_wconf 89' lang='grc'>¹</span> <span class='ocrx_word' id='word_1_647' title='bbox 148 2305 241 2339; x_wconf 66' lang='lat' dir='ltr'><strong>Socr,</strong></span> <span class='ocrx_word' id='word_1_648' title='bbox 251 2307 300 2335; x_wconf 92' lang='lat' dir='ltr'><strong>lib.</strong></span> <span class='ocrx_word' id='word_1_649' title='bbox 315 2316 351 2340; x_wconf 84' lang='lat' dir='ltr'><strong>iv,</strong></span> <span class='ocrx_word' id='word_1_650' title='bbox 366 2315 390 2334; x_wconf 90' lang='lat' dir='ltr'><strong>c.</strong></span> <span class='ocrx_word' id='word_1_651' title='bbox 403 2307 449 2340; x_wconf 59' lang='grc' dir='ltr'><strong>(ΞΟ,</strong></span> <span class='ocrx_word' id='word_1_652' title='bbox 470 2308 514 2335; x_wconf 76' lang='grc'><strong>21.</strong></span> 
     </span>
    </p>
   </div>
   <div class='ocr_carea' id='block_1_95' title="bbox 682 2383 1131 2412">
    <p class='ocr_par' dir='ltr' id='par_1_95' title="bbox 682 2383 1131 2412">
     <span class='ocr_line' id='line_1_95' title="bbox 682 2383 1131 2412; baseline 0.002 -2"><span class='ocrx_word' id='word_1_653' title='bbox 682 2383 820 2411; x_wconf 86' lang='lat' dir='ltr'><strong>V.\LESI|</strong></span> <span class='ocrx_word' id='word_1_654' title='bbox 851 2383 1131 2412; x_wconf 73' lang='lat' dir='ltr'><strong>ANNOTATIONES.</strong></span> 
     </span>
    </p>
   </div>
   <div class='ocr_carea' id='block_1_96' title="bbox 126 2431 877 2466">
    <p class='ocr_par' dir='ltr' id='par_1_96' title="bbox 126 2431 877 2466">
     <span class='ocr_line' id='line_1_96' title="bbox 126 2431 877 2466; baseline 0 -9"><span class='ocrx_word' id='word_1_655' title='bbox 126 2431 182 2464; x_wconf 83' lang='lat'><strong>(87)</strong></span> <span class='ocrx_word' id='word_1_656' title='bbox 214 2431 415 2464; x_wconf 78' lang='grc' dir='ltr'>Εὐξαμένους.</span> <span class='ocrx_word' id='word_1_657' title='bbox 443 2431 587 2458; x_wconf 84' lang='lat' dir='ltr'><strong>Assentior</strong></span> <span class='ocrx_word' id='word_1_658' title='bbox 611 2431 877 2466; x_wconf 77' lang='lat' dir='ltr'><strong>Clu-istophorsoim,</strong></span> 
     </span>
    </p>
   </div>
   <div class='ocr_carea' id='block_1_97' title="bbox 91 2465 876 2500">
    <p class='ocr_par' dir='ltr' id='par_1_97' title="bbox 91 2465 876 2500">
     <span class='ocr_line' id='line_1_97' title="bbox 91 2465 876 2500; baseline 0.004 -10"><span class='ocrx_word' id='word_1_659' title='bbox 91 2470 119 2491; x_wconf 83' lang='lat' dir='ltr'><strong>et</strong></span> <span class='ocrx_word' id='word_1_660' title='bbox 134 2465 238 2493; x_wconf 84' lang='lat' dir='ltr'><strong>Suvilio</strong></span> <span class='ocrx_word' id='word_1_661' title='bbox 254 2473 286 2493; x_wconf 91' lang='lat' dir='ltr'><strong>ac</strong></span> <span class='ocrx_word' id='word_1_662' title='bbox 301 2466 434 2496; x_wconf 81' lang='lat' dir='ltr'><strong>Musculo,</strong></span> <span class='ocrx_word' id='word_1_663' title='bbox 450 2467 495 2500; x_wconf 91' lang='lat' dir='ltr'><strong>qui</strong></span> <span class='ocrx_word' id='word_1_664' title='bbox 510 2466 672 2500; x_wconf 68' lang='grc' dir='ltr'>εὐξαμένους</span> <span class='ocrx_word' id='word_1_665' title='bbox 683 2467 876 2493; x_wconf 74' lang='lat' dir='ltr'><strong>amendarunt.</strong></span> 
     </span>
    </p>
   </div>
   <div class='ocr_carea' id='block_1_98' title="bbox 94 2500 877 2535">
    <p class='ocr_par' dir='ltr' id='par_1_98' title="bbox 94 2500 877 2535">
     <span class='ocr_line' id='line_1_98' title="bbox 94 2500 877 2535; baseline 0.003 -10"><span class='ocrx_word' id='word_1_666' title='bbox 94 2500 120 2526; x_wconf 86' lang='lat' dir='ltr'><strong>id</strong></span> <span class='ocrx_word' id='word_1_667' title='bbox 140 2501 213 2527; x_wconf 85' lang='lat' dir='ltr'><strong>cuitu</strong></span> <span class='ocrx_word' id='word_1_668' title='bbox 232 2501 353 2535; x_wconf 85' lang='lat' dir='ltr'><strong>postulat</strong></span> <span class='ocrx_word' id='word_1_669' title='bbox 380 2501 465 2527; x_wconf 84' lang='lat' dir='ltr'><strong>series</strong></span> <span class='ocrx_word' id='word_1_670' title='bbox 482 2501 626 2528; x_wconf 87' lang='lat' dir='ltr'><strong>orationis.</strong></span> <span class='ocrx_word' id='word_1_671' title='bbox 654 2501 780 2528; x_wconf 81' lang='lat' dir='ltr'><strong>Libenter</strong></span> <span class='ocrx_word' id='word_1_672' title='bbox 792 2502 877 2533; x_wconf 21' lang='lat' dir='ltr'><strong>(etiam</strong></span> 
     </span>
    </p>
   </div>
   <div class='ocr_carea' id='block_1_99' title="bbox 95 2534 878 2597">
    <p class='ocr_par' dir='ltr' id='par_1_99' title="bbox 95 2534 878 2597">
     <span class='ocr_line' id='line_1_99' title="bbox 95 2534 878 2597; baseline 0.006 -37"><span class='ocrx_word' id='word_1_673' title='bbox 95 2534 144 2561; x_wconf 91' lang='lat' dir='ltr'><strong>hoc</strong></span> <span class='ocrx_word' id='word_1_674' title='bbox 161 2535 221 2562; x_wconf 85' lang='lat' dir='ltr'><strong>loco</strong></span> <span class='ocrx_word' id='word_1_675' title='bbox 234 2534 382 2563; x_wconf 63' lang='lat' dir='ltr'><strong>Scriberem</strong></span> <span class='ocrx_word' id='word_1_676' title='bbox 397 2537 587 2597; x_wconf 41' lang='lat' dir='ltr'><strong>ambotspaiq,</strong></span> <span class='ocrx_word' id='word_1_677' title='bbox 600 2537 660 2563; x_wconf 86' lang='lat' dir='ltr'><strong>licet</strong></span> <span class='ocrx_word' id='word_1_678' title='bbox 676 2537 878 2572; x_wconf 78' lang='lat' dir='ltr'><strong>refragantibus</strong></span> 
     </span>
     <span class='ocr_line' id='line_1_100' title="bbox 95 2570 590 2597; baseline 0.002 -1"><span class='ocrx_word' id='word_1_679' title='bbox 95 2570 204 2597; x_wconf 80' lang='lat' dir='ltr'><strong>scribtis</strong></span> <span class='ocrx_word' id='word_1_680' title='bbox 221 2571 364 2597; x_wconf 89' lang='lat' dir='ltr'><strong>codicibus</strong></span> <span class='ocrx_word' id='word_1_681' title='bbox 378 2579 410 2597; x_wconf 84' lang='lat' dir='ltr'><strong>ac</strong></span> <span class='ocrx_word' id='word_1_682' title='bbox 424 2590 433 2597; x_wconf 64' lang='grc' dir='ltr'><strong>λ</strong></span> <span class='ocrx_word' id='word_1_683' title='bbox 449 2571 590 2597; x_wconf 77' lang='lat' dir='ltr'><strong>iccohm&#39;o.</strong></span> 
     </span>
    </p>
   </div>
   <div class='ocr_carea' id='block_1_100' title="bbox 94 2570 590 2606">
    <p class='ocr_par' dir='ltr' id='par_1_100' title="bbox 94 2570 590 2606">
     <span class='ocr_line' id='line_1_101' title="bbox 94 2570 590 2606; baseline 0.002 -10"><span class='ocrx_word' id='word_1_684' title='bbox 94 2570 204 2606; x_wconf 75' lang='lat' dir='ltr'><strong>scriptis</strong></span> <span class='ocrx_word' id='word_1_685' title='bbox 221 2571 364 2606; x_wconf 74' lang='lat' dir='ltr'><strong>codicibus</strong></span> <span class='ocrx_word' id='word_1_686' title='bbox 378 2579 410 2597; x_wconf 84' lang='lat' dir='ltr'><strong>ac</strong></span> <span class='ocrx_word' id='word_1_687' title='bbox 424 2570 590 2606; x_wconf 74' lang='lat' dir='ltr'><strong>Nicephm-o.</strong></span> 
     </span>
    </p>
   </div>
   <div class='ocr_carea' id='block_1_101' title="bbox 129 2604 878 2641">
    <p class='ocr_par' dir='ltr' id='par_1_101' title="bbox 129 2604 878 2641">
     <span class='ocr_line' id='line_1_102' title="bbox 129 2604 878 2641; baseline 0.004 -10"><span class='ocrx_word' id='word_1_688' title='bbox 129 2604 184 2641; x_wconf 62' lang='grc' dir='ltr'><strong>(ξε)</strong></span> <span class='ocrx_word' id='word_1_689' title='bbox 201 2605 257 2638; x_wconf 85' lang='grc' dir='ltr'><strong>Τῆς</strong></span> <span class='ocrx_word' id='word_1_690' title='bbox 272 2606 337 2640; x_wconf 76' lang='grc' dir='ltr'>περὶ</span> <span class='ocrx_word' id='word_1_691' title='bbox 348 2605 420 2632; x_wconf 80' lang='grc' dir='ltr'>Θεοῦ</span> <span class='ocrx_word' id='word_1_692' title='bbox 430 2604 878 2641; x_wconf 61' lang='grc' dir='ltr'>μαρτυρίας.(ὶΙινὶεῑοριιοι-εοηίιε</span> 
     </span>
    </p>
   </div>
   <div class='ocr_carea' id='block_1_102' title="bbox 95 2639 879 2676">
    <p class='ocr_par' dir='ltr' id='par_1_102' title="bbox 95 2639 879 2676">
     <span class='ocr_line' id='line_1_103' title="bbox 95 2639 879 2676; baseline 0.004 -11"><span class='ocrx_word' id='word_1_693' title='bbox 95 2643 121 2665; x_wconf 84' lang='lat' dir='ltr'><strong>et</strong></span> <span class='ocrx_word' id='word_1_694' title='bbox 141 2639 261 2676; x_wconf 65' lang='lat' dir='ltr'><strong>Silt‘iIiUts&#39;</strong></span> <span class='ocrx_word' id='word_1_695' title='bbox 283 2639 464 2668; x_wconf 73' lang='lat' dir='ltr'><strong>amendarunt</strong></span> <span class='ocrx_word' id='word_1_696' title='bbox 483 2639 533 2676; x_wconf 74' lang='grc' dir='ltr'><strong>τῆς</strong></span> <span class='ocrx_word' id='word_1_697' title='bbox 551 2640 625 2676; x_wconf 74' lang='grc' dir='ltr'>παρὰ</span> <span class='ocrx_word' id='word_1_698' title='bbox 643 2639 730 2667; x_wconf 52' lang='grc' dir='ltr'>Θεοῦ]</span> <span class='ocrx_word' id='word_1_699' title='bbox 742 2641 788 2668; x_wconf 84' lang='lat' dir='ltr'><strong>Sic</strong></span> <span class='ocrx_word' id='word_1_700' title='bbox 806 2643 879 2668; x_wconf 83' lang='lat' dir='ltr'><strong>enim</strong></span> 
     </span>
    </p>
   </div>
   <div class='ocr_carea' id='block_1_103' title="bbox 95 2675 877 2710">
    <p class='ocr_par' dir='ltr' id='par_1_103' title="bbox 95 2675 877 2710">
     <span class='ocr_line' id='line_1_104' title="bbox 95 2675 877 2710; baseline 0.004 -11"><span class='ocrx_word' id='word_1_701' title='bbox 95 2678 177 2700; x_wconf 71' lang='lat' dir='ltr'><strong>vertit</strong></span> <span class='ocrx_word' id='word_1_702' title='bbox 195 2675 465 2710; x_wconf 76' lang='lat' dir='ltr'><strong>Christophorsouus</strong></span> <span class='ocrx_word' id='word_1_703' title='bbox 477 2695 484 2706; x_wconf 92' lang='lat'><strong>,</strong></span> <span class='ocrx_word' id='word_1_704' title='bbox 501 2675 535 2702; x_wconf 80' lang='lat' dir='ltr'><strong>Et</strong></span> <span class='ocrx_word' id='word_1_705' title='bbox 559 2675 695 2710; x_wconf 79' lang='lat' dir='ltr'><strong>propterea</strong></span> <span class='ocrx_word' id='word_1_706' title='bbox 715 2684 794 2703; x_wconf 75' lang='lat' dir='ltr'><strong>cursu</strong></span> <span class='ocrx_word' id='word_1_707' title='bbox 814 2677 877 2703; x_wconf 77' lang='lat' dir='ltr'><strong>mihi</strong></span> 
     </span>
    </p>
   </div>
   <div class='ocr_carea' id='block_1_104' title="bbox 98 2711 880 2746">
    <p class='ocr_par' dir='ltr' id='par_1_104' title="bbox 98 2711 880 2746">
     <span class='ocr_line' id='line_1_105' title="bbox 98 2711 880 2746; baseline 0.005 -12"><span class='ocrx_word' id='word_1_708' title='bbox 98 2716 159 2746; x_wconf 74' lang='lat' dir='ltr'><strong>opus</strong></span> <span class='ocrx_word' id='word_1_709' title='bbox 171 2714 225 2740; x_wconf 75' lang='lat' dir='ltr'><strong>est,</strong></span> <span class='ocrx_word' id='word_1_710' title='bbox 246 2718 277 2737; x_wconf 84' lang='lat' dir='ltr'><strong>ne</strong></span> <span class='ocrx_word' id='word_1_711' title='bbox 290 2716 348 2744; x_wconf 70' lang='lat' dir='ltr'><strong>post</strong></span> <span class='ocrx_word' id='word_1_712' title='bbox 369 2715 467 2745; x_wconf 57' lang='lat' dir='ltr'><strong>tempus</strong></span> <span class='ocrx_word' id='word_1_713' title='bbox 488 2711 590 2737; x_wconf 81' lang='lat' dir='ltr'><strong>veniam</strong></span> <span class='ocrx_word' id='word_1_714' title='bbox 602 2730 609 2742; x_wconf 89' lang='lat'><strong>,</strong></span> <span class='ocrx_word' id='word_1_715' title='bbox 632 2715 656 2737; x_wconf 83' lang='lat' dir='ltr'><strong>et</strong></span> <span class='ocrx_word' id='word_1_716' title='bbox 672 2712 709 2737; x_wconf 86' lang='lat' dir='ltr'><strong>ita</strong></span> <span class='ocrx_word' id='word_1_717' title='bbox 720 2713 848 2746; x_wconf 83' lang='lat' dir='ltr'><strong>martyrio</strong></span> <span class='ocrx_word' id='word_1_718' title='bbox 863 2720 880 2738; x_wconf 82' lang='grc' dir='ltr'><strong>ιι</strong></span> 
     </span>
    </p>
   </div>
   <div class='ocr_carea' id='block_1_105' title="bbox 99 2742 879 2780">
    <p class='ocr_par' dir='ltr' id='par_1_105' title="bbox 99 2742 879 2780">
     <span class='ocr_line' id='line_1_106' title="bbox 99 2742 879 2780; baseline 0.001 -10"><span class='ocrx_word' id='word_1_719' title='bbox 99 2742 150 2780; x_wconf 62' lang='lat' dir='ltr'><strong>Qui</strong></span> <span class='ocrx_word' id='word_1_720' title='bbox 167 2746 255 2772; x_wconf 83' lang='lat' dir='ltr'><strong>oblato</strong></span> <span class='ocrx_word' id='word_1_721' title='bbox 281 2742 424 2773; x_wconf 53' lang='lat' dir='ltr'><strong>destituar:</strong></span> <span class='ocrx_word' id='word_1_722' title='bbox 445 2746 483 2772; x_wconf 87' lang='lat' dir='ltr'><strong>Ita</strong></span> <span class='ocrx_word' id='word_1_723' title='bbox 510 2754 619 2780; x_wconf 82' lang='lat' dir='ltr'><strong>queque</strong></span> <span class='ocrx_word' id='word_1_724' title='bbox 645 2746 743 2780; x_wconf 81' lang='lat' dir='ltr'><strong>legisse</strong></span> <span class='ocrx_word' id='word_1_725' title='bbox 772 2742 879 2773; x_wconf 82' lang='lat' dir='ltr'><strong>videtur</strong></span> 
     </span>
    </p>
   </div>
   <div class='ocr_carea' id='block_1_106' title="bbox 99 2777 878 2816">
    <p class='ocr_par' dir='ltr' id='par_1_106' title="bbox 99 2777 878 2816">
     <span class='ocr_line' id='line_1_107' title="bbox 99 2777 878 2816; baseline 0.003 -11"><span class='ocrx_word' id='word_1_726' title='bbox 99 2777 246 2816; x_wconf 70' lang='lat' dir='ltr'><strong>Masculus,</strong></span> <span class='ocrx_word' id='word_1_727' title='bbox 264 2786 294 2807; x_wconf 91' lang='lat' dir='ltr'><strong>ut</strong></span> <span class='ocrx_word' id='word_1_728' title='bbox 309 2790 341 2808; x_wconf 78' lang='lat' dir='ltr'><strong>ex</strong></span> <span class='ocrx_word' id='word_1_729' title='bbox 360 2777 587 2816; x_wconf 66' lang='lat' dir='ltr'><strong>interpretatione</strong></span> <span class='ocrx_word' id='word_1_730' title='bbox 606 2777 808 2815; x_wconf 51' lang='lat' dir='ltr'><strong>eius—apparet.</strong></span> <span class='ocrx_word' id='word_1_731' title='bbox 832 2782 878 2807; x_wconf 77' lang='lat' dir='ltr'><strong>Sic</strong></span> 
     </span>
    </p>
   </div>
   <div class='ocr_carea' id='block_1_107' title="bbox 99 2814 877 2847">
    <p class='ocr_par' dir='ltr' id='par_1_107' title="bbox 99 2814 877 2847">
     <span class='ocr_line' id='line_1_108' title="bbox 99 2814 877 2847; baseline 0.003 -8"><span class='ocrx_word' id='word_1_732' title='bbox 99 2814 169 2840; x_wconf 74' lang='lat' dir='ltr'><strong>enim</strong></span> <span class='ocrx_word' id='word_1_733' title='bbox 187 2816 244 2846; x_wconf 82' lang='lat' dir='ltr'><strong>ille.</strong></span> <span class='ocrx_word' id='word_1_734' title='bbox 273 2825 303 2843; x_wconf 78' lang='lat' dir='ltr'><strong>ne</strong></span> <span class='ocrx_word' id='word_1_735' title='bbox 324 2814 439 2843; x_wconf 46' lang='lat' dir='ltr'><strong>tardius—</strong></span> <span class='ocrx_word' id='word_1_736' title='bbox 455 2816 501 2843; x_wconf 81' lang='lat' dir='ltr'><strong>illo</strong></span> <span class='ocrx_word' id='word_1_737' title='bbox 517 2814 632 2847; x_wconf 76' lang='lat' dir='ltr'><strong>veniant,</strong></span> <span class='ocrx_word' id='word_1_738' title='bbox 651 2821 674 2842; x_wconf 86' lang='lat' dir='ltr'><strong>et</strong></span> <span class='ocrx_word' id='word_1_739' title='bbox 692 2824 707 2841; x_wconf 82' lang='grc' dir='ltr'>(ι</span> <span class='ocrx_word' id='word_1_740' title='bbox 728 2816 877 2842; x_wconf 70' lang='lat' dir='ltr'><strong>testimonio</strong></span> 
     </span>
    </p>
   </div>
   <div class='ocr_carea' id='block_1_108' title="bbox 102 2848 866 2887">
    <p class='ocr_par' dir='ltr' id='par_1_108' title="bbox 102 2848 866 2887">
     <span class='ocr_line' id='line_1_109' title="bbox 102 2848 866 2887; baseline 0.001 -11"><span class='ocrx_word' id='word_1_741' title='bbox 102 2848 145 2876; x_wconf 69' lang='lat' dir='ltr'><strong>Dei</strong></span> <span class='ocrx_word' id='word_1_742' title='bbox 160 2850 287 2884; x_wconf 71' lang='lat' dir='ltr'><strong>deﬁciam.</strong></span> <span class='ocrx_word' id='word_1_743' title='bbox 307 2851 477 2887; x_wconf 73' lang='lat' dir='ltr'><strong>Niccpltmus</strong></span> <span class='ocrx_word' id='word_1_744' title='bbox 490 2860 598 2887; x_wconf 88' lang='lat' dir='ltr'><strong>quoque</strong></span> <span class='ocrx_word' id='word_1_745' title='bbox 621 2852 647 2878; x_wconf 92' lang='lat' dir='ltr'><strong>in</strong></span> <span class='ocrx_word' id='word_1_746' title='bbox 667 2851 714 2878; x_wconf 87' lang='lat' dir='ltr'><strong>lib.</strong></span> <span class='ocrx_word' id='word_1_747' title='bbox 733 2858 762 2883; x_wconf 85' lang='lat' dir='ltr'><strong>II,</strong></span> <span class='ocrx_word' id='word_1_748' title='bbox 780 2859 804 2878; x_wconf 89' lang='lat' dir='ltr'><strong>c.</strong></span> <span class='ocrx_word' id='word_1_749' title='bbox 830 2851 866 2877; x_wconf 69' lang='lat'><strong>‘29.</strong></span> 
     </span>
    </p>
   </div>
   <div class='ocr_carea' id='block_1_109' title="bbox 833 2869 876 2883">
    <p class='ocr_par' dir='ltr' id='par_1_109' title="bbox 833 2869 876 2883">
     <span class='ocr_line' id='line_1_110' title="bbox 833 2869 876 2883; baseline 0 -6"><span class='ocrx_word' id='word_1_750' title='bbox 833 2869 876 2883; x_wconf 79' lang='grc'>...,</span> 
     </span>
    </p>
   </div>
   <div class='ocr_carea' id='block_1_110' title="bbox 931 2428 1721 2470">
    <p class='ocr_par' dir='ltr' id='par_1_110' title="bbox 931 2428 1721 2470">
     <span class='ocr_line' id='line_1_111' title="bbox 931 2428 1721 2470; baseline -0.006 -12"><span class='ocrx_word' id='word_1_751' title='bbox 931 2432 1006 2470; x_wconf 62' lang='grc' dir='ltr'>παρά</span> <span class='ocrx_word' id='word_1_752' title='bbox 1024 2431 1089 2470; x_wconf 72' lang='lat' dir='ltr'><strong>legit</strong></span> <span class='ocrx_word' id='word_1_753' title='bbox 1116 2432 1144 2470; x_wconf 83' lang='lat' dir='ltr'><strong>in</strong></span> <span class='ocrx_word' id='word_1_754' title='bbox 1165 2431 1379 2470; x_wconf 82' lang='lat' dir='ltr'><strong>hoc_Sozomeni</strong></span> <span class='ocrx_word' id='word_1_755' title='bbox 1403 2431 1474 2470; x_wconf 80' lang='lat' dir='ltr'><strong>loco.</strong></span> <span class='ocrx_word' id='word_1_756' title='bbox 1498 2429 1545 2470; x_wconf 73' lang='lat' dir='ltr'><strong>Sic</strong></span> <span class='ocrx_word' id='word_1_757' title='bbox 1570 2428 1645 2470; x_wconf 81' lang='lat' dir='ltr'><strong>enim</strong></span> <span class='ocrx_word' id='word_1_758' title='bbox 1663 2428 1721 2470; x_wconf 46' lang='lat' dir='ltr'><strong>Aha:</strong></span> 
     </span>
    </p>
   </div>
   <div class='ocr_carea' id='block_1_111' title="bbox 932 2463 1721 2502">
    <p class='ocr_par' dir='ltr' id='par_1_111' title="bbox 932 2463 1721 2502">
     <span class='ocr_line' id='line_1_112' title="bbox 932 2463 1721 2502; baseline -0.005 -9"><span class='ocrx_word' id='word_1_759' title='bbox 932 2463 977 2494; x_wconf 77' lang='lat' dir='ltr'><strong>bct</strong></span> <span class='ocrx_word' id='word_1_760' title='bbox 997 2476 1003 2493; x_wconf 87' lang='lat'><strong>:</strong></span> <span class='ocrx_word' id='word_1_761' title='bbox 1024 2463 1082 2492; x_wconf 69' lang='grc' dir='ltr'>Ἵνα</span> <span class='ocrx_word' id='word_1_762' title='bbox 1107 2467 1144 2502; x_wconf 79' lang='grc' dir='ltr'>μὴ</span> <span class='ocrx_word' id='word_1_763' title='bbox 1162 2468 1276 2494; x_wconf 74' lang='grc' dir='ltr'>κατόπιν</span> <span class='ocrx_word' id='word_1_764' title='bbox 1300 2465 1550 2502; x_wconf 36' lang='grc' dir='ltr'>γεγενημένηιτῆς</span> <span class='ocrx_word' id='word_1_765' title='bbox 1570 2465 1645 2502; x_wconf 76' lang='grc' dir='ltr'>παρὰ</span> <span class='ocrx_word' id='word_1_766' title='bbox 1661 2463 1721 2498; x_wconf 85' lang='grc' dir='ltr'><strong>Θεῷ</strong></span> 
     </span>
    </p>
   </div>
   <div class='ocr_carea' id='block_1_112' title="bbox 930 2500 1719 2537">
    <p class='ocr_par' dir='ltr' id='par_1_112' title="bbox 930 2500 1719 2537">
     <span class='ocr_line' id='line_1_113' title="bbox 930 2500 1719 2537; baseline -0.013 -2"><span class='ocrx_word' id='word_1_767' title='bbox 930 2502 1009 2536; x_wconf 69' lang='grc' dir='ltr'>δόξης</span> <span class='ocrx_word' id='word_1_768' title='bbox 1024 2500 1148 2536; x_wconf 49' lang='grc' dir='ltr'>ἁμάρτω.</span> <span class='ocrx_word' id='word_1_769' title='bbox 1167 2504 1253 2537; x_wconf 88' lang='lat' dir='ltr'><strong>Atque</strong></span> <span class='ocrx_word' id='word_1_770' title='bbox 1271 2500 1327 2530; x_wconf 59' lang='lat' dir='ltr'><strong>huic</strong></span> <span class='ocrx_word' id='word_1_771' title='bbox 1349 2502 1429 2537; x_wconf 84' lang='lat' dir='ltr'><strong>lectio</strong></span> <span class='ocrx_word' id='word_1_772' title='bbox 1440 2501 1512 2537; x_wconf 70' lang='lat' dir='ltr'><strong>inihi</strong></span> <span class='ocrx_word' id='word_1_773' title='bbox 1535 2500 1644 2537; x_wconf 80' lang='lat' dir='ltr'><strong>quidem</strong></span> <span class='ocrx_word' id='word_1_774' title='bbox 1666 2507 1719 2537; x_wconf 72' lang='lat' dir='ltr'><strong>non</strong></span> 
     </span>
    </p>
   </div>
   <div class='ocr_carea' id='block_1_113' title="bbox 931 2533 1721 2573">
    <p class='ocr_par' dir='ltr' id='par_1_113' title="bbox 931 2533 1721 2573">
     <span class='ocr_line' id='line_1_114' title="bbox 931 2533 1721 2573; baseline -0.004 -9"><span class='ocrx_word' id='word_1_775' title='bbox 931 2533 1059 2573; x_wconf 67' lang='lat' dir='ltr'><strong>displicet</strong></span> <span class='ocrx_word' id='word_1_776' title='bbox 1070 2533 1173 2568; x_wconf 37' lang='lat' dir='ltr'><strong>{modo</strong></span> <span class='ocrx_word' id='word_1_777' title='bbox 1190 2533 1346 2573; x_wconf 64' lang='grc' dir='ltr'>μαρτυρίαν</span> <span class='ocrx_word' id='word_1_778' title='bbox 1361 2533 1554 2573; x_wconf 45' lang='lat' dir='ltr'><strong>intelligamus:</strong></span> <span class='ocrx_word' id='word_1_779' title='bbox 1569 2533 1721 2562; x_wconf 85' lang='lat' dir='ltr'><strong>confessio-</strong></span> 
     </span>
    </p>
   </div>
   <div class='ocr_carea' id='block_1_114' title="bbox 932 2571 1720 2609">
    <p class='ocr_par' dir='ltr' id='par_1_114' title="bbox 932 2571 1720 2609">
     <span class='ocr_line' id='line_1_115' title="bbox 932 2571 1720 2609; baseline -0.005 -11"><span class='ocrx_word' id='word_1_780' title='bbox 932 2580 994 2609; x_wconf 80' lang='lat' dir='ltr'><strong>nem</strong></span> <span class='ocrx_word' id='word_1_781' title='bbox 1010 2572 1084 2598; x_wconf 84' lang='lat' dir='ltr'><strong>illaut</strong></span> <span class='ocrx_word' id='word_1_782' title='bbox 1096 2593 1103 2604; x_wconf 93' lang='lat'><strong>,</strong></span> <span class='ocrx_word' id='word_1_783' title='bbox 1119 2580 1174 2606; x_wconf 86' lang='lat' dir='ltr'><strong>qua</strong></span> <span class='ocrx_word' id='word_1_784' title='bbox 1191 2571 1264 2600; x_wconf 83' lang='lat' dir='ltr'><strong>Deus</strong></span> <span class='ocrx_word' id='word_1_785' title='bbox 1284 2571 1310 2609; x_wconf 79' lang='lat' dir='ltr'><strong>in</strong></span> <span class='ocrx_word' id='word_1_786' title='bbox 1324 2571 1474 2609; x_wconf 14' lang='lat' dir='ltr'><strong>‘Evatigclio</strong></span> <span class='ocrx_word' id='word_1_787' title='bbox 1491 2571 1635 2609; x_wconf 69' lang='lat' dir='ltr'><strong>pollicetur</strong></span> <span class='ocrx_word' id='word_1_788' title='bbox 1651 2577 1720 2609; x_wconf 76' lang='lat' dir='ltr'><strong>eon-</strong></span> 
     </span>
    </p>
   </div>
   <div class='ocr_carea' id='block_1_115' title="bbox 932 2604 1720 2642">
    <p class='ocr_par' dir='ltr' id='par_1_115' title="bbox 932 2604 1720 2642">
     <span class='ocr_line' id='line_1_116' title="bbox 932 2604 1720 2642; baseline -0.003 -9"><span class='ocrx_word' id='word_1_789' title='bbox 932 2607 1075 2642; x_wconf 20' lang='lat' dir='ltr'><strong>fcssurumi</strong></span> <span class='ocrx_word' id='word_1_790' title='bbox 1095 2604 1135 2634; x_wconf 49' lang='lat' dir='ltr'><strong>se-</strong></span> <span class='ocrx_word' id='word_1_791' title='bbox 1151 2615 1217 2638; x_wconf 80' lang='lat' dir='ltr'><strong>eos.</strong></span> <span class='ocrx_word' id='word_1_792' title='bbox 1248 2607 1294 2642; x_wconf 90' lang='lat' dir='ltr'><strong>qui</strong></span> <span class='ocrx_word' id='word_1_793' title='bbox 1323 2604 1414 2642; x_wconf 63' lang='lat' dir='ltr'><strong>ipsuui</strong></span> <span class='ocrx_word' id='word_1_794' title='bbox 1441 2604 1534 2642; x_wconf 14' lang='lat' dir='ltr'><strong>coriam</strong></span> <span class='ocrx_word' id='word_1_795' title='bbox 1559 2604 1720 2642; x_wconf 79' lang='lat' dir='ltr'><strong>hominibus</strong></span> 
     </span>
    </p>
   </div>
   <div class='ocr_carea' id='block_1_116' title="bbox 929 2639 1720 2669">
    <p class='ocr_par' dir='ltr' id='par_1_116' title="bbox 929 2639 1720 2669">
     <span class='ocr_line' id='line_1_117' title="bbox 929 2639 1720 2669; baseline -0.004 -1"><span class='ocrx_word' id='word_1_796' title='bbox 929 2642 1048 2669; x_wconf 73' lang='lat' dir='ltr'><strong>confessi</strong></span> <span class='ocrx_word' id='word_1_797' title='bbox 1065 2641 1177 2668; x_wconf 89' lang='lat' dir='ltr'><strong>fuerint.</strong></span> <span class='ocrx_word' id='word_1_798' title='bbox 1193 2639 1284 2669; x_wconf 77' lang='lat' dir='ltr'><strong>Malim</strong></span> <span class='ocrx_word' id='word_1_799' title='bbox 1301 2639 1390 2669; x_wconf 76' lang='lat' dir='ltr'><strong>tamen</strong></span> <span class='ocrx_word' id='word_1_800' title='bbox 1404 2640 1462 2668; x_wconf 63' lang='lat' dir='ltr'><strong>Itan:</strong></span> <span class='ocrx_word' id='word_1_801' title='bbox 1479 2640 1622 2667; x_wconf 82' lang='lat' dir='ltr'><strong>Sozomcni</strong></span> <span class='ocrx_word' id='word_1_802' title='bbox 1637 2639 1720 2665; x_wconf 85' lang='lat' dir='ltr'><strong>verba</strong></span> 
     </span>
    </p>
   </div>
   <div class='ocr_carea' id='block_1_117' title="bbox 929 2673 1718 2711">
    <p class='ocr_par' dir='ltr' id='par_1_117' title="bbox 929 2673 1718 2711">
     <span class='ocr_line' id='line_1_118' title="bbox 929 2673 1718 2711; baseline -0.006 -8"><span class='ocrx_word' id='word_1_803' title='bbox 929 2677 1082 2711; x_wconf 77' lang='lat' dir='ltr'><strong>intelligere</strong></span> <span class='ocrx_word' id='word_1_804' title='bbox 1092 2676 1126 2704; x_wconf 82' lang='lat' dir='ltr'><strong>de</strong></span> <span class='ocrx_word' id='word_1_805' title='bbox 1141 2678 1317 2705; x_wconf 76' lang='lat' dir='ltr'><strong>Confessione</strong></span> <span class='ocrx_word' id='word_1_806' title='bbox 1333 2677 1389 2709; x_wconf 78' lang='lat' dir='ltr'><strong>illa,</strong></span> <span class='ocrx_word' id='word_1_807' title='bbox 1406 2683 1460 2711; x_wconf 85' lang='lat' dir='ltr'><strong>qua</strong></span> <span class='ocrx_word' id='word_1_808' title='bbox 1484 2679 1620 2711; x_wconf 84' lang='lat' dir='ltr'><strong>martyres</strong></span> <span class='ocrx_word' id='word_1_809' title='bbox 1635 2673 1718 2711; x_wconf 71' lang='lat' dir='ltr'><strong>Deum</strong></span> 
     </span>
    </p>
   </div>
   <div class='ocr_carea' id='block_1_118' title="bbox 928 2708 1720 2773">
    <p class='ocr_par' dir='ltr' id='par_1_118' title="bbox 928 2708 1720 2773">
     <span class='ocr_line' id='line_1_119' title="bbox 928 2708 1720 2773; baseline -0.005 -35"><span class='ocrx_word' id='word_1_810' title='bbox 928 2708 1104 2773; x_wconf 64' lang='lat' dir='ltr'><strong>goufitentur.</strong></span> <span class='ocrx_word' id='word_1_811' title='bbox 1134 2713 1179 2739; x_wconf 83' lang='lat' dir='ltr'><strong>Sic</strong></span> <span class='ocrx_word' id='word_1_812' title='bbox 1203 2713 1268 2748; x_wconf 82' lang='grc' dir='ltr'>περὶ</span> <span class='ocrx_word' id='word_1_813' title='bbox 1299 2711 1387 2744; x_wconf 83' lang='grc' dir='ltr'>Θεοῦ,</span> <span class='ocrx_word' id='word_1_814' title='bbox 1415 2708 1489 2739; x_wconf 85' lang='lat' dir='ltr'><strong>idem</strong></span> <span class='ocrx_word' id='word_1_815' title='bbox 1515 2708 1570 2737; x_wconf 85' lang='lat' dir='ltr'><strong>erit</strong></span> <span class='ocrx_word' id='word_1_816' title='bbox 1589 2716 1622 2736; x_wconf 89' lang='lat' dir='ltr'><strong>ac</strong></span> <span class='ocrx_word' id='word_1_817' title='bbox 1649 2708 1720 2743; x_wconf 83' lang='grc' dir='ltr'>ὑπὲρ</span> 
     </span>
     <span class='ocr_line' id='line_1_120' title="bbox 951 2755 1008 2773; baseline 0 0"><span class='ocrx_word' id='word_1_818' title='bbox 951 2755 1008 2773; x_wconf 81' lang='grc' dir='ltr'>εου.</span> 
     </span>
    </p>
   </div>
   <div class='ocr_carea' id='block_1_119' title="bbox 951 2755 1008 2773">
    <p class='ocr_par' dir='ltr' id='par_1_119' title="bbox 951 2755 1008 2773">
     <span class='ocr_line' id='line_1_121' title="bbox 951 2755 1008 2773; baseline 0 0"><span class='ocrx_word' id='word_1_819' title='bbox 951 2755 1008 2773; x_wconf 80' lang='grc' dir='ltr'>εου.</span> 
     </span>
    </p>
   </div>
   <div class='ocr_carea' id='block_1_120' title="bbox 964 2777 1714 2832">
    <p class='ocr_par' dir='ltr' id='par_1_120' title="bbox 964 2777 1714 2832">
     <span class='ocr_line' id='line_1_122' title="bbox 964 2777 1714 2832; baseline -0.017 -17"><span class='ocrx_word' id='word_1_820' title='bbox 964 2783 1030 2832; x_wconf 42' lang='grc' dir='ltr'><strong>(89η</strong></span> <span class='ocrx_word' id='word_1_821' title='bbox 1042 2780 1248 2816; x_wconf 57' lang='grc' dir='ltr'>Ἀνὲστρεψεῡκ</span> <span class='ocrx_word' id='word_1_822' title='bbox 1264 2781 1292 2809; x_wconf 89' lang='lat' dir='ltr'><strong>In</strong></span> <span class='ocrx_word' id='word_1_823' title='bbox 1304 2782 1401 2810; x_wconf 88' lang='lat' dir='ltr'><strong>codice</strong></span> <span class='ocrx_word' id='word_1_824' title='bbox 1416 2780 1566 2809; x_wconf 81' lang='lat' dir='ltr'><strong>Fuketiano</strong></span> <span class='ocrx_word' id='word_1_825' title='bbox 1579 2777 1714 2813; x_wconf 87' lang='lat' dir='ltr'><strong>scriptum</strong></span> 
     </span>
    </p>
   </div>
   <div class='ocr_carea' id='block_1_121' title="bbox 931 2818 1138 2852">
    <p class='ocr_par' dir='ltr' id='par_1_121' title="bbox 931 2818 1138 2852">
     <span class='ocr_line' id='line_1_123' title="bbox 931 2818 1138 2852; baseline -0.005 -7"><span class='ocrx_word' id='word_1_826' title='bbox 931 2823 973 2845; x_wconf 85' lang='lat' dir='ltr'><strong>cst</strong></span> <span class='ocrx_word' id='word_1_827' title='bbox 985 2818 1138 2852; x_wconf 78' lang='grc' dir='ltr'>ἀνέτρεχεν.</span> 
     </span>
    </p>
   </div>
  </div>
