1896 3074
77 131 172 160 1345
571 131 733 162 HISTORIA
753 131 1032 161 ECCLESIASTICA.
1050 148 1084 154 —
1101 132 1165 162 LIB.
1184 132 1228 161 Vl.
1650 137 1718 165 1546

75 193 200 223 παντὸς
215 191 307 224 ἔθνους
318 191 365 219 ἕνα
373 192 422 224 τὰς
441 192 602 229 Ἐκκλησίας
615 194 774 221 ἐπισκοπεῖν
789 202 796 209 ·
814 193 885 221 κατὰ

940 194 964 221 in
985 193 1097 221 sinistro
1114 193 1199 221 latere
1225 193 1305 221 Ponti
1331 193 1440 222 Euxini.
1458 193 1544 222 Porro
1566 201 1642 224 vetus
1666 198 1720 225 illic

75 235 122 271 δὴ
140 237 190 263 τὸν
203 237 326 272 παρόντα
341 236 448 270 καιρὸν,
469 237 633 272 ἐπετρόπευε
649 237 752 264 τούτων
767 238 885 272 Βρεττα-

940 238 1108 266 consuetudo
1128 233 1277 266 etiamnum
1302 244 1403 270 manet,
1424 245 1454 267 ut
1475 241 1559 268 totius
1576 242 1721 276 provincize

75 281 228 316 νίων(9“ῑ)
239 290 246 298 ·
265 282 311 308 καὶ
338 281 444 317 Οὐάλης
457 282 471 308 ὀ
487 281 610 316 βασιλεὺς
623 280 690 318 ἧκεν
707 283 745 314 είς
765 282 849 317 Τόμιν
860 286 883 308 ιι.

940 283 1076 310 Ειεοιεείοε
1101 291 1174 311 unus
1203 287 1308 310 tantum
1335 288 1410 319 regat.
1435 285 1592 320 episcopus.
1619 286 1671 313 Per
1693 288 1720 315 id

85 327 181 355 Ἐπεὶ
195 327 224 354 δὲ
235 329 276 360 είς
305 328 356 364 τὴν
382 327 528 363 ἐκκλησίαν
549 328 671 362 ἀφίκετο,
683 329 730 356 καὶ
747 328 785 360 ὡς
797 327 885 355 εἰώθει

940 334 1047 364 tempus
1075 328 1208 357 Ecclesiis
1236 334 1352 364 prmcrat
1378 331 1527 364 Vetranio,
1558 335 1624 359 tunc
1655 340 1718 360 cum

79 373 208 401 ἔπειθεν
218 374 299 401 αὑτὸν
313 374 451 401 κοινωνεῖν
474 374 530 405 τοῖς
543 374 596 400 ἀπὸ
615 374 665 409 τῆς
679 375 801 406 ἐναντίας
812 373 886 410 αἰρέ-

82 428 180 452 σεως,
198 420 327 456 ἀνδρείως
340 420 414 455 μάλα
423 420 490 455 πρὸς
509 419 554 446 τὸν
568 420 720 456 κρατοῦντα
732 421 887 456 παρῤησια·

82 466 216 502 σάμενος
233 467 297 502 περὶ
310 466 357 493 τοῦ
368 466 501 501 δόγματος
516 465 569 492 τῶν
587 467 616 492 ἐν
630 466 732 501 Νικαίᾳ
749 466 888 494 συνελθόν-

80 520 163 542 των,
177 511 320 538 κατὲλιπεν
351 511 442 544 αὐτὸν,
460 511 506 537 καὶ
521 511 560 542 εἰς
577 511 672 546 ἑτέραν
689 509 771 546 ἦλθεν
787 511 887 546 ἐκκλη-

83 557 180 584 σίαν·
197 557 245 584 καὶ
269 558 283 584 ὁ
311 556 375 589 λαδς
403 557 614 592 ἐπηκολούθησε.
645 557 740 592 Σχεδὸν
759 557 787 584 δέ
812 558 887 584 πᾶσα

83 603 105 636 ὴ
127 603 208 633 πόλις
220 602 455 638 συνεληλύθεισαν,
468 602 579 637 βασιλέα
588 602 725 638 ὀψόμενοι,
735 603 781 629 καὶ
793 602 888 630 νεώτε-

83 656 145 682 ρον
174 647 283 674 ἔσεσθαί
312 656 338 674 τι
360 648 603 683 προσδοκήσαντες.
636 647 822 682 ’Λπολειφθεὶς
858 648 887 674 δὲ

84 693 207 729 Οὐάλης
230 693 279 720 σὺν
302 695 359 725 τοῖς
375 694 443 728 ἀμφ’
470 694 562 725 αὑτὸν,
586 693 712 728 χαλεπῶς
726 694 825 728 ἤνεγκε
839 693 887 728 τὴν

85 738 187 774 ὓὸριν.
202 739 256 765 Καὶ
269 738 452 774 συλληφθέντα
469 739 668 774 Βρεττανίωνα,
686 740 725 770 είς
739 738 888 774 ὑπερορίαν

86 785 213 819 ἄγεσθαι
224 785 373 819 προσέταξε
385 804 393 816 ,
407 785 454 811 καῖ⁵
467 785 517 811 οὐκ
532 786 572 817 εις
581 785 689 820 μακρὰν
696 783 773 816 αὖθις
784 785 883 812 ἐπανά-

86 831 195 866 γεσθαι
210 831 352 866 ἐπέτρεψε,
362 830 579 862 Χαλεπαίνοντας
597 831 651 866 γὰρ
667 829 743 866 οἶμαι
756 830 824 865 πρὸς
839 830 888 866 τὴν

88 877 190 912 φυγὴν
203 875 250 903 τοῦ
263 876 412 903 ἐπισκόπου
428 876 490 902 ιδὼν
507 876 570 907 τοὺς
585 875 700 908 Σκύθας,
730 875 824 902 ἐδεδίει
849 875 886 911 μή

93 930 129 948 τι
162 922 369 957 νεωτερίσωσιν·
389 921 527 957 ἀνδρείους
543 930 572 948 τε
593 921 782 956 ἐπιστάμενος,
794 921 841 948 καὶ
855 922 887 956 τῇ

89 966 174 994 θέσει
185 967 238 993 τῶν
245 967 345 1000 τόπων,
355 966 519 1000 ἀναγκαίους
531 967 564 1002 τῇ
578 967 720 1001 Ῥωμαίων
730 967 804 993 οἱκου
808 967 886 1003 μένῃ,

91 1014 149 1041 καὶ.
160 1014 213 1040 τῶν
221 1014 291 1040 κατὰ
311 1013 369 1040 τὸδε
386 1013 417 1039 τὸ
431 1013 515 1048 κλίμα
527 1012 677 1048 Βαρϐάρων
699 1012 888 1048 προϐεϐλημέ-

91 1069 173 1091 νους.
188 1059 353 1095 Βρεττανίων
366 1059 414 1094 μὲν
431 1056 477 1085 οὖν
490 1055 540 1086 ὧδε
558 1059 690 1102 κρείττων
705 1059 824 1093 ἀνεφάνη
838 1058 888 1092 τῆς

91 1106 148 1132 τοῦ
169 1105 331 1141 κρατοῦντος
352 1106 485 1141 σπουδῆς’
513 1105 582 1141 ἀνὴρ
594 1105 629 1132 τά
647 1113 677 1132 τε
696 1104 763 1132 ἄλλα
777 1105 889 1138 ἀγαθὸς,

92 1152 149 1178 καὶ
166 1151 212 1177 ἐπὶ
226 1151 308 1186 ἀρετῇ
335 1150 392 1185 βίου
423 1151 566 1186 ἐπίσημος,
587 1150 626 1182 ὡς
640 1151 687 1177 κα)⁴
697 1150 772 1177 αὐτοὶ
787 1150 889 1177 Σκῦθαι

59 1229 65 1234 _
93 1195 294 1231 μαρτυροῦσιν.
317 1195 360 1227 Ὠς
385 1196 486 1222 ἐπίπαν
513 1195 542 1222 δὲ
561 1195 615 1226 πᾶς
632 1195 734 1230 κλῆρος
753 1194 888 1230 ἐπειράθη

92 1241 146 1268 διὰ
159 1241 246 1268 ταῦτα
274 1242 324 1276 τῆς
339 1241 386 1267 τοῦ
402 1241 539 1276 βασιλέως
562 1240 659 1276 ὀργῆς,
671 1240 740 1275 πλὴν
754 1240 808 1267 τῶν
823 1240 890 1276 πρὸς

96 1287 222 1322 ἑσπέραν
233 1287 282 1322 τῆς
293 1287 446 1323 ἀρχομένης
459 1287 512 1313 τῶν
527 1286 704 1322 Ἐκκλησιῶν.
720 1286 820 1313 Καθότι
835 1285 890 1313 τῶν

93 1333 229 1360 ἐπέκεινα
247 1333 388 1368 Ῥωμαίων
403 1330 489 1368 ἦρχεν
503 1331 733 1366 Οὐαλεντινιανδς,
747 1331 890 1366 ἐπαινέτης

93 1388 130 1405 τε
145 1379 182 1406 ὦν
199 1379 246 1405 τοῦ
258 1379 391 1414 δόγματος
405 1379 454 1413 τῆς
465 1380 493 1405 ἐν
505 1378 605 1413 Νικαίᾳ
617 1378 736 1409 συνόδου,
752 1378 799 1404 καὶ
812 1377 890 1404 εὐλα-

94 1424 157 1456 ϐῶς
172 1425 211 1456 είς
228 1424 297 1458 ἄγαν
314 1424 376 1460 περὶ
394 1423 424 1449 τὸ
441 1423 517 1450 Θεῖον
537 1424 622 1458 ἔχων·
641 1423 678 1455 ὡς
697 1424 764 1458 μήτε
780 1423 885 1450 ἐπιτάτ-

94 1477 159 1495 τειν
174 1470 229 1500 τοῖς
242 1468 343 1504 ἱερεῦσι
356 1468 448 1504 μηδὲν,
467 1469 535 1504 μήτε
547 1468 633 1500 ἄλλως
647 1468 780 1504 αἱρεῖσθαι
796 1476 890 1494 νεωτε-

937 375 1088 410 imperator
1104 375 1202 403 Valens
1223 375 1257 403 ad
1275 377 1369 404 urbem
1396 377 1498 406 Tomcs
1523 377 1642 405 advenit.
1669 378 1720 411 Qui

937 428 999 448 cum
1025 421 1169 448 ecclesiam
1193 421 1254 459 ejus
1281 421 1333 449 loci
1357 421 1499 458 ingressus
1525 427 1607 455 esset,
1633 426 1670 454 et,
1690 427 1719 449 ut

937 466 1056 499 solebat,
1077 466 1207 494 suaderet
1223 467 1363 502 episcopo,
1385 472 1414 494 ut
1430 476 1492 495 cum
1511 468 1621 496 Arianis
1645 476 1716 495 com-

938 513 1106 544 municaret,
1129 512 1262 540 Vetranio
1286 517 1445 541 constanter
1473 518 1500 541 ct
1522 514 1607 541 libere
1628 521 1720 540 coram

939 559 1105 593 imperatore
1124 558 1233 586 locutus
1256 559 1289 586 de
1314 559 1439 587 doctrina
1464 559 1523 586 lidei
1545 559 1669 590 Nicaeum,
1688 560 1722 586 ab

937 612 969 632 eo
985 605 1124 638 discessit,
1148 610 1175 633 et
1192 605 1226 632 ad
1249 605 1329 632 aliam
1357 606 1502 633 ecclesiam
1529 613 1559 632 se
1582 606 1720 632 contulit:

938 657 1019 684 quem
1046 650 1163 685 populus
1180 657 1290 685 quoque
1308 655 1418 677 secutus
1441 654 1494 677 est.
1517 649 1650 677 Universa
1672 659 1721 677 au-

937 700 991 722 tem
1018 695 1073 723 fere
1094 696 1191 724 civitas
1215 696 1394 727 conﬂuxerat,
1419 697 1592 730 imperatoris
1614 696 1720 723 videndi

938 748 1032 773 causa,
1047 744 1074 768 ct
1089 742 1153 776 quia
1174 742 1235 769 novi
1252 741 1393 776 quidpiam
1410 746 1571 768 eventurum
1592 742 1722 769 credeba-

938 790 994 813 tur.
1013 787 1047 814 At
1067 786 1167 814 Valens
1184 794 1238 814 una
1249 795 1314 828 eum
1333 787 1391 814 suis
1406 786 1554 814 derelictus
1579 791 1722 815 contume-

939 833 1002 859 liam
1029 832 1124 867 iniquo
1149 833 1241 860 animo
1271 833 1344 860 tulit.
1371 832 1504 864 Quocirca
1532 831 1721 860 Vetranionem

939 879 1188 912 comprehensum,
1216 879 1245 904 in
1277 878 1406 906 exsilium
1433 878 1530 904 abduci
1556 878 1634 913 jubet
1651 888 1656 905 :
1672 886 1722 906 uec

939 923 1025 949 multo
1048 927 1110 958 post
1128 923 1262 950 redeundi
1286 923 1310 949 ei
1332 923 1439 956 copiam
1465 921 1540 949 fecit.
1569 921 1636 949 Nam
1659 930 1722 950 cum

939 968 1069 1004 Scythas,
1088 973 1117 995 ut
1137 968 1246 1003 opinor,
1260 968 1294 995 ob
1313 968 1440 995 exsilium
1455 967 1576 1003 episcopi
1591 967 1634 994 sui
1651 968 1722 995 iridi-

937 1017 1054 1047 gnantes
1069 1013 1185 1046 videret,
1206 1016 1329 1040 metuere
1353 1012 1436 1046 cmpit
1453 1020 1486 1040 ue
1505 1012 1568 1047 quid
1590 1020 1721 1039 novarum

938 1066 1031 1085 rerum
1059 1058 1232 1085 molirentur.
1261 1057 1347 1084 Norat
1368 1058 1441 1085 enim
1467 1065 1515 1085 eos
1542 1057 1605 1084 forti
1631 1058 1723 1085 animo

939 1103 1069 1138 praeditos
1085 1111 1157 1135 esse,
1177 1107 1204 1130 et
1220 1103 1256 1130 ob
1269 1103 1351 1130 situm
1369 1103 1493 1130 locorum
1519 1103 1601 1130 utiles
1627 1110 1658 1129 ac
1676 1111 1722 1130 ne-

938 1148 1076 1176 cessarios
1095 1156 1157 1175 csse
1175 1148 1288 1182 imperio
1305 1147 1441 1180 Romano,
1456 1147 1519 1174 valli
1537 1148 1624 1174 instar
1644 1148 1721 1182 obje-

938 1198 997 1220 ctos
1015 1193 1138 1220 ﬁnitimis
1157 1193 1297 1220 Barbaris.
1316 1193 1396 1220 Hunc
1419 1194 1447 1220 in
1468 1193 1577 1220 modum
1594 1193 1723 1221 Vctrauio

938 1242 1056 1266 conatus
1078 1238 1211 1272 principis
1236 1238 1377 1272 superavit
1398 1246 1404 1264 :
1430 1237 1473 1264 vir
1497 1241 1525 1264 et.
1551 1237 1579 1263 in
1606 1237 1721 1272 reliquis

941 1285 1026 1311 rebus
1059 1283 1187 1314 eximius.
1214 1287 1241 1310 et
1267 1283 1329 1310 vita:
1359 1283 1515 1317 integritate
1544 1283 1721 1317 conspicuus.

938 1329 1011 1357 sicut
1041 1329 1151 1364 ipsimet
1175 1328 1282 1364 Scythm
1307 1333 1456 1355 testantur.
1484 1328 1534 1356 His
1565 1329 1599 1356 de
1628 1330 1722 1356 causis

938 1382 1033 1403 omnes
1047 1375 1103 1402 fere
1116 1375 1218 1409 ubique
1232 1374 1324 1401 clerici
1345 1374 1519 1408 imperatoris
1535 1375 1602 1401 iram
1618 1376 1721 1409 experti

938 1426 1014 1453 sunt,
1040 1420 1166 1455 exceptis
1192 1419 1404 1447 occidentalium
1422 1419 1548 1453 partium
1576 1419 1718 1448 Ecclesiis.

937 1467 967 1495 In
988 1468 1043 1496 illis
1068 1469 1140 1495 enim
1162 1466 1322 1504 regionibus
1347 1465 1478 1500 regnabat
1501 1465 1721 1500 Valentinianus,

96 1514 188 1550 ρίζειν
204 1514 250 1540 ἐπὶ
266 1514 367 1550 χείρονι
378 1513 394 1549 ἢ
405 1512 527 1548 ἀμείνονι
546 1513 667 1540 δοκοῦντι
688 1513 752 1548 περὶ
761 1513 824 1545 τοὺς
837 1512 885 1547 τῆς

940 1514 985 1549 qui
1001 1518 1028 1542 et
1051 1513 1167 1542 Nicaeam
1194 1514 1290 1550 synodi
1319 1513 1472 1542 doctrinam
1495 1512 1671 1550 sequebatur,
1694 1516 1722 1541 ct

101 1559 270 1596 Ἐκκλησίας
292 1559 417 1594 θεσμοὺς.
434 1559 501 1586 Τάδε
514 1559 569 1594 γὰρ
598 1559 715 1594 κρείττω
739 1558 789 1593 τῆς
803 1557 885 1584 αὐτοῦ

940 1567 1003 1595 erga
1028 1560 1152 1587 divinum
1169 1559 1275 1587 Numen
1301 1560 1369 1588 adeo
1392 1561 1436 1595 pie
1454 1564 1514 1588 erat
1543 1560 1666 1592 affectus,
1692 1565 1722 1587 ιιι

95 1605 262 1641 δοκιμασίας
274 1606 375 1640 ἡγεῖτο,
391 1604 491 1640 καίπερ
500 1604 623 1639 βασιλεὺς
636 1604 746 1639 ἄριστος
755 1602 885 1637 γεγονὼς,

95 1652 148 1679 καὶ
166 1651 257 1683 ίκανδς
269 1652 362 1687 ἄρχειν
375 1651 419 1677 διὰ
431 1650 485 1677 τῶν
498 1650 667 1685 πραγμάτων
680 1650 785 1684 φανείς.

939 1613 1028 1640 neque
1051 1606 1200 1641 imperaret
1226 1606 1375 1643 quidquam
1401 1606 1607 1637 sacerdotibus,
1633 1613 1722 1641 neque

938 1651 1019 1687 245
1033 1652 1148 1679 omnino
1165 1659 1269 1680 novare
1288 1651 1391 1686 aliquid
1410 1651 1436 1678 in
1457 1652 1656 1679 ecclesiasticis
1675 1660 1722 1678 su-

97 1698 227 1729 stineret.
253 1698 276 1725 si
303 1698 368 1733 quid
389 1697 439 1724 sibi
460 1696 582 1724 deterius
616 1701 664 1724 aut
686 1697 791 1724 rectius
812 1697 902 1725 visum
923 1697 1030 1726 fuisset.
1055 1699 1111 1726 Has
1138 1699 1210 1726 enim
1239 1706 1294 1731 res,
1323 1699 1450 1725 examine
1479 1705 1511 1725 ac
1541 1698 1647 1733 judicio
1672 1706 1723 1726 suo

99 1743 306 1777 prmstanliores
322 1750 384 1770 esse
405 1742 589 1774 existimabat,
616 1742 742 1777 quamvis
757 1742 875 1772 eximius
894 1747 969 1772 esset
981 1744 1141 1779 imperator,
1154 1748 1181 1772 ct
1193 1744 1227 1772 ad
1248 1752 1292 1772 res
1312 1744 1455 1779 gerendas,
1475 1747 1505 1771 ut
1534 1745 1722 1780 experimento

100 1787 201 1822 patuit,
221 1788 392 1822 aptissimus.

393 1831 517 1858 ΚΕΦΔΛ.
538 1832 602 1858 KB'.

105 1880 170 1905 Ὅτι
183 1878 246 1904 κατ’
263 1877 361 1904 ἐκεῖνο
376 1877 478 1910 καιροῦ
492 1877 666 1910 κινηθέντος
679 1877 732 1904 τοῦ
753 1876 818 1910 περὶ
832 1877 885 1904 τοῦ

136 1913 225 1947 ἁγίου
246 1912 418 1946 Πνεύματος
428 1912 532 1945 λόγου,
551 1912 693 1947 ἐκυρώθη
727 1912 888 1947 ὀμοούσιον

136 1946 278 1982 ,λέγεσθαι
293 1947 385 1981 Πατρί
398 1955 429 1976 τε
439 1947 489 1973 καὶ
509 1946 574 1979 Υίῷ.

143 1993 188 2020 Ἐν
201 1992 286 2027 τούτῳ
301 1992 329 2018 δὲ
345 1991 437 2024 πάλιν,
451 1991 501 2026 ἤδη
519 1991 567 2026 μὲν
586 1991 718 2027 πρότερον
735 1991 887 2028 ἀρξαμένη,

99 2038 150 2065 νῦν
159 2037 188 2063 δὲ
202 2037 282 2064 πλέον
302 2036 430 2063 ἐπιδοῦσα
447 2037 463 2071 ὴ
481 2036 592 2072 ζήτησις
607 2034 652 2072 ἦν,
677 2038 700 2063 εί
712 2038 757 2064 καὶ
768 2037 798 2064 τὺ
810 2037 887 2072 ἅγιον

100 2082 216 2117 Πνεῦμα
230 2081 316 2116 Πατρί
329 2089 358 2108 τε
381 2081 426 2108 καὶ
442 2081 499 2116 Υίῷ
513 2081 653 2116 ὀμοούσιον
667 2081 786 2114 δοξάζειν
803 2090 887 2117 προσ-

99 2129 180 2163 ῆκεν.
207 2127 359 2161 Ἐριστικαί
380 2134 410 2152 τε
432 2127 495 2161 περὶ
517 2126 611 2152 τούτου
632 2126 726 2153 πολλαὶ
742 2126 884 2160 διαλέξεις,

1236 1830 1314 1858 CAP.
1336 1829 1418 1858 XXII.

939 1876 1076 1911 Quomodo
1105 1880 1168 1903 tunc
1196 1876 1318 1909 (culparis
1346 1883 1405 1911 cum
1432 1875 1464 1902 de
1494 1874 1597 1911 Spiritu
1627 1882 1720 1904 sancto

974 1916 1046 1938 mota
1060 1915 1127 1937 esset
1145 1911 1266 1945 qumtio,
1288 1918 1347 1937 eum
1365 1910 1443 1936 Patri
1465 1913 1491 1937 et
1514 1909 1585 1936 Filio
1607 1912 1720 1938 consub-

973 1946 1124 1973 stantialem:
1137 1953 1193 1973 esse
1204 1945 1336 1972 decretum
1350 1949 1400 1971 est.

974 1992 1074 2020 Eodem
1087 1996 1209 2025 tempore
1225 1998 1321 2017 rursus
1337 1994 1410 2017 mota
1427 1993 1468 2017 est
1485 1989 1611 2024 qutestio,
1628 1994 1719 2017 utrum

939 2036 1058 2072 Spiritus
1076 2040 1189 2063 sanctus
1209 2035 1329 2068 ejusdem
1344 2042 1406 2061 cum
1421 2033 1502 2062 Patre
1516 2037 1543 2061 et
1563 2033 1633 2060 Filio
1653 2034 1720 2061 sub-

937 2081 1046 2109 stantiae
1062 2079 1216 2107 censendus
1232 2082 1320 2106 esset:
1331 2086 1390 2113 quae
1406 2079 1514 2112 quidem
1529 2079 1642 2113 qua‘stio
1657 2086 1719 2105 cum

935 2126 991 2161 jam
1015 2126 1121 2160 pridem
1145 2129 1235 2160 coepta
1255 2125 1363 2157 fuisset,
1385 2128 1442 2151 tum
1458 2124 1605 2150 maximum
1630 2123 1720 2151 incre-

100 2174 153 2209 οὐχ
168 2170 248 2208 ἧττον
263 2172 279 2207 ἢ
296 2172 427 2207 πρότερον
451 2171 514 2206 περὶ
533 2171 580 2197 τοῦ
593 2170 660 2197 Θεοῦ
674 2171 760 2205 Λόγου
775 2172 885 2207 συνέϐη-

940 2177 1058 2199 intentum
1071 2171 1245 2206 acccperat‘.
1262 2169 1353 2196 Multae
1368 2170 1452 2204 igitur
1465 2169 1515 2196 hac
1532 2169 1564 2196 de
1579 2177 1608 2196 re
1622 2169 1719 2203 dispu-

101 2227 165 2245 σαν.
180 2217 258 2244 Κατὰ
274 2217 352 2243 τοῦτο
373 2217 401 2243 δὲ
416 2217 539 2252 ἀλλήλοις
563 2217 739 2252 συνεφέροντο
757 2217 823 2243 οἵτε
840 2218 888 2243 ἀν-

102 2264 195 2299 όμοιον
207 2263 253 2290 καὶ
265 2263 431 2299 ὀμοιοούσιον
445 2263 490 2289 τὸν
507 2263 569 2290 Υῐὸν
580 2260 649 2290 εἶναι
665 2263 797 2297 λέγοντες.
821 2263 887 2298 Ἀμ-

139 2353 147 2368 ¹
165 2352 255 2386 Socr.,
273 2353 320 2379 lib.
336 2360 368 2384 ιι,
386 2360 411 2379 c.
430 2352 474 2379 45.

941 2217 1058 2244 taliones
1089 2224 1186 2251 magna
1208 2216 1384 2242 contentione
1415 2214 1510 2247 iaetze,
1543 2222 1596 2241 non
1629 2214 1720 2241 minus

940 2270 1021 2297 quam
1036 2266 1116 2289 antea
1140 2261 1173 2289 dc
1187 2261 1242 2289 Deo
1258 2260 1356 2289 Verbo.
1376 2260 1462 2288 Porro
1490 2261 1518 2287 in
1535 2260 1586 2287 hac
1606 2264 1718 2287 contro-

702 2426 836 2454 VALESII
854 2425 1128 2454 ANNOTATIONES.

138 2496 194 2532 (97)
207 2496 400 2530 Βρεττανίων.
418 2495 582 2532 Interpretes
599 2494 817 2532 Britannioncm_
828 2502 885 2532 very

936 2494 1103 2530 Constantii,
1127 2495 1174 2522 ubi
1191 2495 1224 2522 de
1241 2495 1413 2530 Vetranione
1423 2498 1538 2530 tyranno
1561 2495 1590 2522 fit
1607 2495 1718 2524 mentio.

105 2528 206 2560 terunt.
223 2528 277 2566 Ego
295 2528 591 2566 Vetraniouem'dicere
605 2530 698 2566 malui.
712 2529 779 2556 Nam
794 2529 883 2566 Graeci
936 2529 1024 2557 Porro
1041 2529 1231 2566 Vetranioncm
1256 2531 1310 2556 dici
1329 2538 1377 2566 pro
1394 2528 1586 2566 Veteranioue,
1604 2530 1719 2566 jampri-

106 2568 157 2594 hoc
169 2564 280 2597 nomen,
294 2566 365 2601 quod
381 2565 504 2592 Latinam
522 2565 602 2601 habet
615 2564 760 2601 originem,
777 2565 817 2590 sic
830 2565 884 2592 fere
936 2566 997 2601 dem
1022 2565 1165 2592 observavi
1188 2565 1215 2592 iu
1237 2565 1463 2592 annotationibus
1484 2565 1517 2592 ad
1543 2564 1717 2591 Ammianum

106 2602 195 2629 solent
209 2599 332 2628 scribere
343 2622 350 2633 ,
375 2605 404 2628 ut
419 2607 500 2635 supra
519 2599 640 2626 vidimus
653 2600 680 2626 iu
701 2599 784 2626 rebus
800 2601 884 2634 gestis
936 2600 1136 2627 Marcellinum.

805 2683 1001 2713 VARIORUM.

177 2759 204 2784 '0
219 2757 365 2790 βασιλεὺς
388 2754 463 2791 ἧκεν
484 2756 527 2789 είς

107 2798 178 2821 recte
194 2793 306 2826 conjicit
327 2789 513 2819 Gothofredus
532 2790 565 2826 iu
581 2789 763 2826 Clironologia
775 2789 885 2826 Codieis

105 2823 300 2860 Theodosiani,
312 2827 420 2854 videtur
431 2826 531 2854 Valens
545 2823 637 2852 Tomos
647 2824 788 2859 proiectus
799 2831 805 2850 :
817 2823 883 2852 urbs

556 2754 749 2789 pozr._Anno
770 2753 834 2783 569.
857 2758 886 2781 ut
939 2760 981 2783 est
1003 2756 1035 2783 ad
1060 2763 1133 2784 mare
1151 2756 1205 2783 sita
1228 2757 1254 2784 in
1274 2758 1387 2784 sinistro
1410 2757 1493 2784 latr-re
1509 2756 1589 2785 Ponti
1606 2756 1718 2786 Euxini.

940 2791 1015 2826 (Aut.
1034 2791 1097 2818 Paat
1109 2812 1116 2824 ,
1133 2791 1166 2818 ad
1182 2799 1284 2819 annum
1302 2793 1363 2824 56:),
1381 2801 1407 2818 ιι.
1427 2792 1483 2828 18.)
