1896 3074
238 163 286 192 351

937 159 1106 188 SOZOMENI

1784 156 1853 186 1352

219 231 251 250 ac
283 223 401 259 propriis
425 221 699 258 interpretationibus
723 221 925 248 adversantur:
955 228 996 247 net

1061 221 1214 256 ἑρμηνείαις
1230 220 1267 255 (5)
1277 219 1438 247 ἀνθίσταντο
1447 227 1455 236 ·
1469 218 1522 245 ἀπὸ
1533 215 1580 245 οὖν
1589 217 1628 254 (6)
1643 217 1703 244 τῶν
1716 216 1851 252 διαφόρου

219 269 254 296 ab
287 269 341 296 illis
374 268 422 303 qui
450 268 558 296 diversa
591 267 718 302 dogmata
746 266 1003 299 comminiscuntur,

219 314 309 349 abripi
332 315 359 342 in
375 321 507 346 errorem,
532 312 580 340 sed
599 313 690 347 potius
715 311 828 339 Patrum
846 316 1004 339 nostrorum

217 358 329 387 decreta
346 360 473 391 retinere,
485 359 595 394 quoties
610 359 649 386 illi
661 358 746 385 variis
761 358 887 386 consiliis
902 362 1005 385 temere

219 405 462 432 circumferuntur.
485 405 658 440 Quapropter
682 404 847 432 Auxentium
874 404 1006 432 Mediola-

219 457 328 477 nensem
355 451 492 486 praecipue
512 451 540 478 in
557 451 608 478 hoc
633 451 742 486 negotio
758 450 918 478 damnatum
943 457 1005 478 esse

218 495 402 530 perscribunt.
423 495 544 530 Equum
561 496 644 530 igitur
663 501 715 528 est.
735 501 763 523 ut
781 503 877 523 omnes
896 495 924 522 in
939 495 1005 523 orbe

218 539 342 566 Romano
356 539 541 568 Ecclesiarum
549 541 677 569 doctores
692 542 762 569 inter
775 549 804 568 se
818 540 1002 572 consentiant.

218 591 268 611 nec
289 585 510 620 discrepantibus
534 586 669 614 doctrinis
697 587 776 614 [idem
801 586 1002 614 contaminent.

216 629 284 656 Nam
305 637 366 656 cum
390 630 582 657 haereticorum
597 631 758 665 improbitas
778 631 869 665 vigere
885 630 1002 664 primmn

218 675 361 710 coepisset,
376 676 605 709 quemadmodum
620 684 703 708 nunc,
717 675 791 711 quod
805 675 915 710 quidem
930 673 1003 702 Deus

217 725 332 752 avertat,
348 721 511 748 Arianorum
528 722 600 757 viget
612 721 791 756 blasphemia,
805 721 902 748 Patres
917 720 1002 748 nostri

216 767 330 793 trecenti
343 767 435 794 decem
452 772 479 794 et
492 772 555 794 octo
572 768 678 798 selecti.
692 767 785 794 habito
800 766 870 800 apud
884 765 1002 794 Nicaeam

216 817 346 845 tractatu,
366 813 497 841 adversus
517 821 592 840 arma
608 813 710 840 diaboli
735 812 807 839 lmoc
821 820 927 839 murum
944 819 1003 839 ere-

216 861 326 887 xerunt.
341 861 367 884 et
383 857 433 884 hac
455 857 576 884 antidoto
591 857 680 884 letalia
702 865 805 885 venena
826 857 1000 892 repulerunt.

217 905 247 928 ut
260 901 339 928 Pater
353 905 380 929 et
393 901 488 934 Filius,
505 902 586 929 unius
601 901 764 933 divinitatis,
781 902 863 929 unius
880 902 1002 934 virtutis,

216 947 354 982 uniusque
372 948 463 982 ligum
481 955 543 975 esse
557 948 744 976 crederentur.
758 947 890 982 Spiritum
911 951 1002 974 autem

217 997 344 1020 sanctum
364 993 486 1028 ejusdem
505 1001 614 1028 quoque
633 1001 693 1021 esse
708 993 869 1021 substantiae
891 993 1002 1020 credere

215 1037 360 1065 debemus.
384 1039 453 1065 Eum
481 1046 546 1065 vero
560 1039 607 1073 qui
622 1038 702 1066 aliter
715 1039 824 1070 sentiat,
845 1045 861 1065 a
877 1045 1001 1065 commu-

216 1086 298 1112 nimie
314 1088 409 1111 nostra
424 1084 542 1111 alienum
556 1092 618 1112 esse
629 1085 812 1112 decrevimus.
824 1084 911 1117 Quam
927 1083 1001 1111 saltt-

215 1134 301 1158 tarem
318 1130 437 1165 regulam
454 1134 480 1157 ct
494 1130 660 1157 adorandum
677 1130 860 1161 sanctionem,
875 1129 1000 1156 nonnulli

215 1177 319 1204 violare
333 1177 424 1204 conati
439 1180 513 1204 sunt.
530 1176 630 1203 Verum
649 1177 676 1203 in
692 1177 750 1211 ipso
768 1177 860 1204 statim
875 1176 999 1207 exordio,

214 1223 250 1250 ab
269 1223 303 1250 iis
322 1223 391 1258 ipsis
408 1223 453 1257 qui
472 1222 586 1249 Arimini
612 1222 684 1249 istud
703 1223 833 1249 innovare
849 1226 895 1249 aut
911 1225 1001 1248 atten-

214 1272 273 1295 tare
290 1268 378 1295 coacti
393 1266 513 1300 t’uerant,
535 1274 569 1294 eo
591 1275 678 1302 usque
699 1267 871 1295 emendatqu
893 1271 946 1297 cst.
970 1271 1000 1294 ut

214 1312 336 1341 confessi
352 1313 407 1340 sint
420 1320 450 1340 se
468 1313 520 1340 alia
536 1313 654 1348 quadam
670 1313 857 1348 disputatione
871 1313 1000 1347 deceptos

214 1367 285 1391 esse,
303 1366 386 1394 quam
408 1359 552 1386 sententia:
566 1366 580 1385 a
595 1358 713 1386 Nirmnis
730 1358 858 1386 Patribus
878 1357 1000 1393 promul-

217 1408 287 1438 gata;
305 1404 471 1430 contrariam
486 1410 548 1431 esse
567 1404 681 1431 minime
697 1403 890 1430 advertissent.
906 1401 1000 1437 Neque

213 1449 287 1476 enim
303 1448 491 1483 praeiudicium
511 1448 598 1475 ullum
618 1447 708 1476 afferri
724 1448 813 1483 potuit
827 1455 860 1475 ex
885 1453 999 1474 numero

214 1502 308 1522 corum
324 1495 369 1529 qui
386 1494 500 1521 Arimini
515 1500 689 1522 convenere:
711 1493 944 1528 quandoquidem,
959 1493 1000 1520 uti

213 1547 298 1575 supra
320 1540 449 1573 diximus,
474 1539 514 1566 illi
540 1539 592 1574 ipsi
616 1539 662 1574 qui
689 1547 737 1573 per
761 1539 884 1566 fraudem
902 1538 999 1566 cedere

214 1586 416 1621 aliquantulum
432 1585 482 1613 visi
499 1590 574 1617 sunt,
593 1589 686 1620 postea
700 1585 926 1620 meliorejudicio
940 1586 995 1618 usi,

212 1640 244 1659 ea
260 1632 311 1659 sibi
326 1632 474 1665 displicere
492 1632 583 1658 testati
599 1636 672 1658 sunt.
686 1630 819 1665 Perspicit
841 1631 922 1666 igitur
937 1632 996 1658 sin-

212 1678 312 1704 ceritas
326 1681 428 1706 vostra.
439 1677 509 1703 hanc
522 1677 607 1704 solam
620 1676 698 1703 iidem
713 1684 774 1712 qua:
784 1676 862 1711 juxta
877 1677 998 1704 auctori-

213 1727 295 1751 tatem
319 1723 505 1757 apostolorum
529 1722 556 1749 in
584 1722 652 1749 urbe
673 1721 783 1749 Nicama
809 1721 921 1749 fundata
942 1725 996 1754 est,

213 1772 340 1802 perpetua
354 1766 482 1793 ﬁrmitate
498 1766 667 1793 retinendam
687 1773 768 1793 esse:
785 1773 872 1801 eaque
885 1766 997 1801 gloriari

211 1813 355 1841 nobiscum
371 1816 428 1839 tum
448 1811 603 1839 Orientales
621 1812 667 1847 qui
694 1812 777 1848 248
797 1820 826 1840 se
849 1812 998 1840 catholicos

211 1865 271 1886 esse
293 1858 465 1892 proliteutur,
489 1860 545 1884 lum
563 1857 764 1892 Occidentales.
787 1857 930 1885 Credimus
949 1865 998 1885 au-

218 1908 272 1931 tem
297 1905 417 1930 futurum
438 1903 524 1935 brevi,
541 1907 571 1930 ut
587 1904 632 1939 qui
649 1904 701 1930 alia
715 1905 848 1935 sentiunt,
864 1912 879 1931 a
901 1909 996 1932 nostra

210 1950 405 1977 communione
422 1955 593 1984 separentur,
609 1949 700 1976 ablato
713 1950 782 1984 ipsis
802 1951 996 1985 episcoporum

216 1993 346 2020 nomine:
371 1993 407 2019 ita
427 1998 457 2018 ut
479 1993 571 2027 populi
586 1993 620 2019 ab
633 2001 726 2021 errore
741 1994 863 2028 ipsorum
889 1994 997 2022 liberati

211 2041 345 2074 respirare
365 2038 482 2074 possint.
500 2038 580 2066 Nullo
603 2039 676 2066 enim
692 2039 773 2066 modo
788 2047 907 2067 errorem
926 2041 997 2067 mul-

211 2086 335 2113 titudinis
349 2085 486 2120 corrigere
510 2089 651 2120 poterunt,
669 2092 732 2112 cum
757 2085 808 2120 ipsi
829 2093 923 2114 errore
943 2087 996 2113 im-

1011 1554 1034 1584 (Ξ

1055 265 1230 297 διδασκαλίας
1247 265 1444 300 διανοουμένων
1462 264 1500 300 μὴ
1521 263 1758 299 παρολισθαίνειν,
1784 261 1852 288 ma

1056 311 1211 346 καὶμᾶλλον
1220 312 1275 338 τῶν
1286 311 1414 346 Πατέρων
1425 311 1502 346 ἡμῶν
1517 310 1643 345 κατέχειν
1656 309 1707 345 τὴν
1723 307 1850 343 γνώμην,

1055 356 1149 388 ὁσάκις
1160 357 1192 384 ἂν
1203 357 1340 391 διαφόροις
1353 357 1461 392 βουλαῖς
1470 356 1684 392 περιφέρωνται.
1695 354 1852 389 Τοιγαροῦν

1055 402 1199 435 Ᾱὺξέντιον
1221 403 1268 428 τὺν
1286 402 1459 429 Μεδιολάνων
1485 402 1631 434 ἐξαιρέτως
1655 403 1686 428 ὲν
1703 401 1798 436 τούτῳ
1814 401 1851 434 τῷ

1055 447 1199 482 πράγματι
1214 447 1430 483 κατακεκρίσθαι
1442 447 1660 482 προγέγραπται.
1682 443 1834 473 Δίκαιονσῦ
1842 454 1852 472 ο

1055 493 1127 524 ἐστι,
1144 493 1247 524 πάντας
1263 493 1324 524 τοὺς
1340 493 1370 519 ὲν
1390 492 1429 527 τῷ
1448 493 1590 528 Ῥωμαίων
1608 492 1704 527 κόσμῳ
1721 491 1851 518 διδασκά-

1054 537 1116 569 λους
1130 539 1302 573 ὁμοφρονείν.
1321 539 1369 564 καὶ
1386 537 1423 574 μὴ
1439 538 1576 574 διαφόροις
1590 538 1784 570 διδασκαλίαις
1800 539 1850 573 τὴν

1054 584 1145 611 πίστιν
1159 584 1287 618 μιαίνειν.
1299 586 1354 612 Καὶ
1372 586 1426 621 γὰρ
1439 585 1519 620 ἡνίκα
1535 583 1642 620 πρῶτον
1655 585 1672 619 ή
1689 578 1778 610 κακίά
1795 585 1850 612 τῶν

1055 629 1200 664 αἱρετικῶν
1224 631 1358 665 ἀκμάζειν
1383 629 1494 666 ἤρξατο,
1517 630 1553 662 ὡς
1575 630 1623 657 καὶ
1643 629 1691 656 νῦν
1717 629 1849 664 μάλιστα,

1053 676 1121 711 ὅπερ
1134 676 1228 710 ἀπείη,
1244 676 1298 703 τῶν
1310 677 1454 712 Ἀρειανῶν
1469 677 1485 712 ἡ
1501 676 1671 711 βλασφημία,
1685 677 1712 702 οἱ
1730 676 1848 711 πατέρες

1047 721 1131 756 ’ἡμῶν
1147 722 1297 756 τριακόσιοι
1311 722 1377 749 δέκα
1394 723 1441 749 καὶ
1451 722 1523 748 ὀκτὼ
1535 723 1682 754 ἐπίλεκτοι,
1700 723 1730 748 ἐν
1743 722 1847 756 Νικαὶα

1053 766 1197 801 γενομένου
1212 768 1379 802 σκέμματος,
1391 768 1470 794 τοῦτο
1481 767 1511 794 τὸ
1519 769 1607 802 τεῖχος
1620 767 1785 794 ὑπεναντίον
1795 767 1847 793 τῶν

1053 811 1142 838 ὅπλων
1159 812 1205 839 τοῦ
1219 812 1342 840 διαϐόλου
1359 813 1472 849 ὥρισαν,
1494 814 1541 840 καὶ
1564 813 1652 849 ταύτῃ
1664 815 1698 848 τῇ
1715 813 1845 847 ἀντιδότῳ

1054 857 1088 883 τὰ
1101 856 1238 891 θανάσιμα
1251 858 1384 893 φάρμακα
1395 857 1554 885 ἀπεώσαντο
1565 866 1572 873 °
1587 857 1659 884 ὥστε
1671 858 1717 883 τὸν
1734 857 1845 891 Πατέρα

1054 902 1101 928 καὶ
1117 902 1162 929 τὸν
1179 903 1251 935 Υιὺν,
1270 904 1334 938 μιᾶς
1351 903 1486 938 θεότητος,
1504 905 1568 939 μιᾶς
1582 904 1693 939 ἀρετῆς,
1723 903 1772 928 καὶ
1788 902 1844 933 ἐνὸς

1054 947 1194 982 χρήματος
1209 947 1246 982 (7)
1263 948 1438 975 πιστεύεσθαι
1450 956 1457 964 ”
1478 949 1531 984 χρὴ
1550 948 1578 974 δὲ
1599 950 1648 984 τῆς
1663 948 1770 983 ταύτης
1782 949 1844 974 ὐπο-

1054 993 1174 1024 στάσεως
1193 994 1240 1019 καὶ
1256 994 1286 1020 τὺ
1305 993 1416 1029 Πνεῦμα
1432 994 1462 1021 τὸ
1481 994 1557 1028 ἆγιον
1572 994 1725 1021 πιστεύειν.
1752 993 1806 1020 Τδν
1818 994 1843 1020 δὲ

1040 1039 1139 1071 ἀλλως
1154 1039 1314 1074 φρονοῦντα,
1335 1040 1472 1076 ὀλλότριον
1487 1038 1556 1067 εἷναι
1568 1041 1617 1075 τῆς
1633 1041 1779 1075 ἡμετέρας
1788 1048 1842 1066 κοι-

1052 1085 1150 1116 νωνίας
1164 1085 1320 1120 ἐκρίναμεν.
1348 1087 1452 1121 ὐνπερ
1467 1085 1622 1122 σωτηριώδη
1644 1087 1719 1120 ὅρον,
1735 1085 1785 1112 καὶ
1798 1086 1842 1120 τὴν

1053 1130 1242 1166 προσκυνητὴν
1259 1131 1355 1166 σκέψιν
1378 1131 1449 1163 τινὲς
1468 1132 1560 1167 μιᾶναι
1577 1131 1729 1166 ἠθέλησαν.
1766 1132 1843 1158 Ἀλλᾶ

1052 1176 1080 1202 ὲν
1094 1176 1162 1211 αὺτῇ
1177 1178 1210 1212 τῇ
1223 1177 1305 1212 ἀρχῇ.
1319 1178 1367 1204 ἀπ’
1378 1177 1468 1205 αὐτῶν
1480 1177 1580 1204 τούτων
1600 1177 1701 1209 οἵτινες
1712 1177 1796 1204 τοῦτο
1817 1179 1842 1204 ἐν

1058 1220 1188 1256 ’Δριμίνῳ
1205 1221 1420 1255 ἀνανεώσασθαι,
1435 1223 1451 1258 ἢ
1466 1222 1624 1257 ψηλαφῆσαι
1639 1222 1842 1257 ἠναγκάζοντο,

1053 1265 1134 1301 μέχρι
1147 1266 1240 1293 τούτου
1257 1267 1399 1302 διωροώθη
1414 1268 1451 1299 ὡς
1472 1267 1612 1302 ὁμολογεῖν
1637 1268 1740 1299 αὑτοὶς
1763 1267 1843 1303 ἑτέρα

1051 1313 1105 1339 τινὶ
1124 1312 1240 1345 διαλέξει
1255 1313 1439 1348 ὑφαρπάσθαι,
1465 1314 1506 1340 ὅτι
1533 1314 1582 1341 οὐκ
1600 1314 1717 1348 ἐνόησαν
1743 1315 1777 1349 τῇ
1792 1314 1842 1340 τῶν

1052 1357 1182 1393 Πατέρων
1202 1358 1299 1394 γνώμῃ
1321 1360 1353 1394 τῇ
1382 1359 1410 1385 ὲν
1432 1359 1535 1394 Νικαίᾳ
1559 1360 1684 1395 ἀρεσὰσῃ
1720 1359 1842 1386 ἐναντξον

1051 1401 1130 1431 εἶναι.
1145 1404 1212 1431 Οὐδὲ
1226 1405 1281 1440 γὰρ
1301 1405 1441 1440 πρόκριμά
1457 1414 1483 1432 τι
1506 1405 1627 1440 ἠδυνήθη
1641 1405 1774 1439 γενέσθαι
1791 1405 1843 1431 ἀπὺ

1050 1449 1098 1476 τοῦ
1118 1450 1234 1485 ἀριθμοῦ
1250 1450 1303 1477 τῶν
1322 1452 1351 1477 ὲν
1377 1451 1507 1486 Ἀριμίνῳ
1530 1451 1738 1486 συναχθέντων,
1762 1451 1842 1477 ὁπότε

1053 1496 1215 1531 συνέστηκε,
1244 1497 1313 1532 μήτε
1333 1496 1379 1523 τοῦ
1401 1497 1543 1532 Ῥωμαίων
1563 1496 1726 1526 ἐπισκόπου,
1745 1493 1776 1522 οὗ
1789 1496 1842 1530 πρὸ

1051 1540 1159 1568 πάντων
1172 1541 1224 1567 ἔδει
1234 1541 1283 1577 τὴν
1297 1541 1409 1576 γνώμην
1426 1541 1597 1574 ἐκδέξασθαι,
1615 1541 1678 1568 οὔτε
1689 1542 1841 1574 Βικεντίου,

1049 1585 1078 1617 ὃς
1091 1586 1138 1613 ἐπὶ
1150 1586 1287 1619 τοσούτοις
1306 1587 1378 1613 ἔτεσι
1396 1587 1445 1623 τὴν
1469 1588 1623 1623 ἐπισκοπὴν
1639 1588 1763 1619 ἀσπίλως
1775 1588 1843 1622 £372}-

1049 1631 1139 1664 λαεεν,
1157 1632 1219 1659 οὔτε
1235 1633 1288 1659 τῶν
1303 1632 1390 1660 ἄλλων
1413 1635 1469 1664 τοῖς
1484 1633 1614 1665 τοιούτοις
1628 1633 1842 1667 συγκαταθεμέ-

1049 1682 1143 1704 νωνν·
1163 1678 1243 1704 ὁπότε
1267 1678 1384 1713 μάλιστα
1405 1678 1495 1710 καθὼς
1517 1679 1735 1714 προειρήκαμεν,
1763 1678 1843 1704 αὐτοὶ

1049 1718 1121 1748 οὗτοι
1143 1723 1240 1754 οἵτινες
1262 1724 1332 1750 κατὰ
1355 1723 1488 1759 συσκευὴν
1515 1724 1706 1750 ὑποκλίνεσθαι
1735 1724 1840 1756 ἔδοξαν,

1048 1764 1121 1794 οὗτοι
1136 1768 1254 1795 καλλίονι
1268 1769 1363 1805 γνώμῃ
1375 1769 1553 1805 χρησάμενοι,
1566 1770 1736 1805 ἀπαρέσκειν
1748 1770 1839 1801 αὐτοῖς

1047 1812 1133 1839 ταῦτα
1154 1813 1351 1849 ἐμαρτύραντο.
1367 1815 1471 1851 Συνορᾷ
1483 1814 1530 1842 οὖν
1549 1816 1566 1851 ἡ
1582 1816 1703 1851 ὑμετέρα
1719 1817 1835 1852 καθαρό-

1046 1866 1106 1893 της,
1120 1859 1221 1895 ταύτην
1237 1860 1320 1896 μόνην
1335 1861 1383 1897 τὴν
1400 1862 1501 1894 πίστιν,
1515 1862 1577 1896 ἥτις
1599 1863 1628 1888 ὲν
1647 1862 1751 1898 Νικαίᾳ
1767 1863 1837 1889 κατὰ

1047 1902 1096 1938 τὴν
1112 1904 1254 1931 αὐθεντίαν
1267 1905 1321 1931 τῶν
1342 1905 1499 1933 ἀποστόλων
1519 1906 1697 1942 ἐθεμελιὼθη,
1719 1907 1837 1943 διηνεκεῖ

1049 1948 1203 1984 βεϐαιότητι
1227 1950 1373 1977 καθεκτέον
1392 1949 1479 1983 εἶναι,
1519 1953 1565 1978 καὶ
1591 1953 1651 1987 μεθ’
1673 1954 1753 1988 ἡμῶν
1775 1955 1836 1985 τοὺς

1055 1997 1242 2029 ’Δνατολικοὺς
1262 1997 1359 2029 οἵτινες
1386 1998 1498 2030 ἑαυτοὺς
1529 2001 1579 2033 τῆς
1603 1999 1750 2035 καθολιχῆς
1770 1998 1837 2026 εἶναι

1046 2043 1268 2076 ὲπιγινώσκουσι,
1285 2045 1347 2076 τοὺς
1362 2044 1389 2070 δὲ
1402 2044 1525 2076 δυτικοὺς
1541 2044 1579 2080 (8)
1597 2046 1761 2080 καυχᾶσθαι.
1791 2047 1836 2072 Πι-

1051 2088 1181 2123 στεύομεν
1205 2088 1233 2114 δὲ
1253 2089 1303 2115 οὐκ
1328 2090 1368 2120 εις
1389 2089 1498 2125 μακρὰν
1521 2089 1584 2121 τοὺς
1608 2090 1677 2119 ἄλλα
1698 2091 1835 2123 νοοῦντας,

806 2174 941 2203 VALESII
957 2176 1233 2206 ANNOTATIONES.

247 2220 286 2254 (5)
316 2220 443 2252 Οῑκείαις
470 2219 647 2253 ἑρμηνείαις.
681 2220 779 2247 Totum
806 2220 879 2247 hunc
908 2222 996 2249 locum

1051 2223 1121 2261 libro
1141 2224 1261 2261 secundo
1281 2224 1416 2261 iliistaria'
1435 2232 1496 2258 cap.
1514 2224 1558 2257 22,
1580 2227 1682 2254 rectior
1698 2227 1834 2261 scriptura

210 2256 330 2316 Ecssime
345 2256 425 2295 vertit
449 2254 561 2294 Graecus
587 2255 724 2295 interpres
764 2256 847 2289 hujus
863 2257 994 2290 epistolae.

234 2294 307 2316 atina
331 2289 439 2316 uutdeln
462 2290 576 2316 epistola
600 2297 640 2316 stc
665 2290 770 2316 habet:
790 2291 840 2316 Sed
856 2289 993 2316 Gallorum

1061 2260 1164 2286 labetur
1183 2259 1264 2293 hujus
1281 2260 1344 2290 loci,
1359 2260 1413 2286 τῶν
1426 2254 1533 2293 σκὲιαῖς
1552 2254 1732 2297 κεχρημένων
1751 2254 1834 2298 ἑρμη-

1065 2293 1117 2316 ίειιε
1130 2293 1313 2316 ἀνθίστασθαιν
1331 2300 1372 2316 μυ·

234 2291 307 2316 utina
321 2289 439 2326 Aquideln
462 2290 576 2323 epistola
600 2290 640 2316 sic
661 2289 746 2317 habet
763 2299 770 2317 :
790 2291 840 2318 Sed
856 2289 993 2318 Gallorum

1065 2293 1117 2324 ίαις
1130 2289 1314 2326 ἀνθίστασθαι,
1331 2300 1384 2323 etc.

210 2330 286 2359 atque
320 2324 499 2351 Venelensinm
518 2325 631 2358 fratrum
658 2326 784 2352 relatione
809 2327 993 2360 comperimus,

210 2360 349 2386 nonnullos
363 2368 413 2386 non
423 2360 528 2385 Ita’resis
539 2361 644 2390 studio;
659 2367 739 2394 neque
749 2362 818 2387 enim
830 2361 877 2387 hoc
891 2367 994 2388 tantum

209 2394 376 2421 malitadere
389 2395 416 2421 in
433 2394 483 2421 Dei
512 2395 645 2421 antistites
671 2400 775 2428 potest;
803 2397 847 2422 sed
875 2397 991 2427 inscitia.

209 2430 248 2455 vel
264 2437 296 2456 ex
311 2430 479 2463 simplicitate
487 2429 613 2463 quadam,
627 2430 716 2456 ειεωυὶς
733 2431 993 2463 interpretationibus

209 2469 360 2496 «astuanles,
373 2473 424 2491 non
451 2465 517 2490 satis
543 2464 669 2497 dispicere
693 2472 751 2499 quae
772 2467 854 2499 magis
880 2466 993 2492 Patrum

209 2504 357 2526 nostrorum
373 2500 407 2535 sit
422 2500 531 2525 tenenda
544 2500 682 2535 sententia,
694 2500 866 2535 cumdiversa
882 2502 994 2528 consilia

207 2542 298 2560 eorum
314 2534 422 2560 auribus
450 2535 614 2568 ingerantur.
639 2534 913 2570 Graecusiuterpres
944 2545 992 2570 pro

208 2571 298 2596 serenis
314 2569 385 2604 q‘uod
402 2569 472 2596 idem
493 2570 563 2595 valet
585 2576 616 2596 ac
642 2570 771 2601 sinistris,
797 2569 893 2605 legissc
913 2569 990 2598 vide-

209 2609 255 2630 tur
271 2606 337 2631 suis.
353 2604 438 2631 Vertit
453 2604 659 2639 οιιίιιιοὶκεξαις,
675 2612 773 2639 magno
784 2604 887 2632 errore.
902 2605 954 2633 Sed
963 2610 990 2633 et

209 2639 310 2673 reliqua
323 2639 431 2665 minime
441 2639 583 2666 intellexit.
593 2638 690 2666 Verum
703 2638 730 2666 in
737 2639 830 2666 codice
840 2639 989 2667 Fuketiano

207 2675 286 2701 aliter
294 2675 424 2702 scribitur
436 2674 479 2700 hic
490 2674 576 2705 locus,
589 2674 640 2700 hoc
651 2675 756 2701 scilicet
766 2675 846 2701 modo
858 2685 863 2701 :
874 2676 990 2706 είκαίαις

206 2709 350 2745 ἑρμηνίαις
373 2709 557 2735 ἀνθίστανται.
576 2708 629 2736 Sed
655 2709 725 2744 apud
751 2708 945 2737 Theodoritum
962 2711 989 2737 in

1084 2329 1120 2366 lli)
1142 2329 1208 2366 Ἀπξὺ
1223 2327 1291 2366 οὖνἶ
1304 2329 1416 2358 lteetius
1432 2332 1504 2366 apud
1519 2331 1718 2358 Theodoritum
1735 2332 1834 2365 legitur

1047 2363 1222 2401 ανθίστασθαι
1245 2364 1298 2390 ἀπὸ
1322 2365 1367 2391 τοῦ
1394 2363 1610 2401 νῦν’διαφόρους
1636 2363 1833 2398 διδασκαλίαις.

1047 2398 1261 2432 διανοουμένους,
1277 2405 1330 2426 ctc.

1083 2433 1121 2467 (7)
1137 2433 1219 2465 Ἐνὸς
1240 2434 1401 2470 χρήματος.
1417 2436 1494 2470 Apud
1520 2435 1717 2463 Theodoritum
1739 2437 1832 2463 melius

1047 2468 1340 2506 legiturxapaxrﬁpo;
1357 2471 1434 2498 Certe
1442 2468 1474 2498 in
1487 2472 1603 2506 epistola
1620 2470 1719 2498 Latina
1736 2473 1832 2506 legitur

1047 2504 1124 2529 unius
1139 2504 1242 2536 ﬁgurm.

1082 2538 1120 2575 (8)
1150 2538 1222 2575 Τοὺς
1238 2538 1446 2575 sesumam.
1474 2540 1655 2569 Seribendum
1679 2545 1723 2569 est
1741 2541 1831 2575 procul

1045 2572 1128 2599 dubio
1150 2573 1212 2604 τούς
1226 2581 1255 2600 τε
1280 2572 1477 2606 δυτικοὺςξδὶε
1502 2577 1574 2603 enim
1602 2577 1685 2602 habet
1708 2572 1830 2602 Latinum

1043 2609 1181 2644 exemplar
1197 2609 1278 2643 hujus
1289 2610 1421 2644 cpistola}.
1440 2610 1498 2637 Hac
1512 2611 1651 2637 nobiscum
1673 2611 1829 2642 Orientalts,

1043 2643 1088 2682 qui
1100 2652 1126 2683 se
1144 2644 1288 2671 catholicos
1306 2643 1501 2680 recognOscunt,
1521 2645 1760 2681 Occidentalesque
1778 2646 1829 2680 glo-

1045 2685 1122 2704 nari.

907 2784 1102 2815 VARIORUM.

240 2837 256 2852 ν
281 2832 381 2859 Ὁπότε
405 2832 584 2864 συνέστηκε.

207 2868 359 2902 supplenda
372 2872 414 2894 est.
427 2875 460 2894 ex
474 2866 651 2899 'l‘heodorito,
668 2866 714 2892 lib.
731 2873 761 2898 ιι,
779 2873 841 2900 cap.
861 2866 906 2892 2‘2.

650 2830 925 2868 συγκαταθεμένων.
940 2830 996 2859 Hor

1061 2834 1202 2860 verborum
1231 2833 1430 2868 interpretatio,
1464 2831 1604 2860 aValesio
1639 2832 1686 2860 hic
1719 2831 1824 2864 omissa.
