1896 3074
70 159 129 188 i561

522 153 685 181 HISTORIA
704 151 978 181 ECCLESIASTICA.
1000 168 1033 171 —
1052 151 1116 179 LIB.
1138 151 1181 178 VI.

1616 153 1684 181 1362

67 220 172 255 γνώμην
187 217 303 251 ἔνειμεν.
326 214 505 248 Ἀπολιναρίω
527 214 556 240 δὲ
580 215 663 249 ἄμφω
685 213 734 249 τὴν
758 214 847 249 ἁμαρ-

902 212 1032 247 ejusmodi
1053 213 1169 249 hymnos
1191 212 1299 247 publice
1322 212 1456 245 recitant,
1481 215 1594 239 cunctos
1622 220 1684 247 pro-

66 266 122 292 τίαν
143 261 257 297 δημοσίᾳ
284 259 406 293 ἐλέγξας,
431 260 479 294 τῆς
502 259 665 294 Ἐκκλησίας
690 259 844 295 ἀφώρισεν·

66 311 145 345 ἤστην
158 307 210 341 γὰρ
232 304 363 340 κληρικώ·
387 305 401 331 ό
424 305 472 340 μὲν
494 305 584 340 πατὴρ
603 305 803 340 πρεσὸύτερος.
832 305 846 331 ὁ

66 353 92 379 δὲ
120 352 182 381 παῖς
208 347 383 384 ἀναγνώστης
403 348 443 375 ἔτι
465 348 519 375 τῶν
539 349 619 384 ίερῶν
634 349 758 384 Γραφῶν.
775 349 846 384 Χρό-

66 405 108 423 νου
120 395 148 422 δέ
160 402 229 426 τινος
244 393 434 428 διαγενομένου
457 393 486 419 ὲν
503 393 617 430 δάκρυσι
639 395 685 421 καὶ
712 394 847 430 νηστείαις

67 438 176 471 ἐπαξίως
199 438 248 472 τῆς
273 437 411 472 ἁμαρτίας
436 438 672 473 μεταμεληθέντας
707 439 848 473 προσίεται

66 481 140 508 πάλιν
155 479 288 511 Θεόδοτος.
313 480 357 512 Ὧς
373 481 402 507 δὲ
422 481 472 516 τὴν
495 481 578 517 αὐτὴν
598 482 749 518 ἐπισκοπὴν
769 483 848 519 ἔλαχε

66 527 202 562 Γεὼργιος,
227 527 274 553 καὶ
299 527 315 561 ἡ
337 527 404 563 πρὸς
421 527 578 555 Ἀθανάσιον
599 530 725 557 συνουσία
739 531 849 565 γέγονεν

71 572 252 607 Ἀπολιναριῳ,
267 572 306 603 ὡς
329 572 450 608 εἴρηται,
477 573 657 610 ἀκοινώνητον
682 575 763 602 αὑτὸν
785 576 849 602 dmo—

67 619 149 653 φαίνει
175 618 221 644 καὶ
235 617 285 652 τῆς
297 617 461 653 Ἐκκλησίας
476 619 621 655 ἀλλότριον.
645 620 673 647 '0
691 620 720 646 δὲ
741 620 848 655 Λέγεται

67 665 112 700 μὲν
132 662 260 694 πολλάκις
287 663 369 690 αὐτοῦ
397 663 524 699 δεηθῆναι
549 665 598 700 τὴν
620 665 760 692 κοινωνίαν
782 667 849 693 ἀπο-

65 711 159 739 λαϐεῖν.
181 711 225 742 Ὠς
238 711 266 737 δὲ
281 711 331 737 οὐκ
350 710 452 744 ἔπειθε,
473 711 545 747 λύπῃ
568 713 714 747 κρατηθεὶς
734 713 848 748 ἐτάραξε

64 758 108 793 τὴν
123 755 295 791 Ἐκκλησίαν,
311 756 357 782 καὶ
372 755 514 791 δογμάτων
537 757 685 792 καινότητα
708 758 757 793 τὴν
772 760 848 794 εἰρη-

65 802 142 837 μένην
156 801 262 836 αῖρεσιν
282 801 436 836 εἰσήγαγεν,
456 802 524 836 ὅπερ
538 802 654 836 ἠδύνατο
671 803 679 833 (
685 803 738 838 l8),
753 804 845 840 τέχνῃ,

63 848 140 883 φημὶ,
157 847 243 881 λόγων
261 847 305 873 τὸν
321 847 417 882 ἐχθρὸν
435 848 612 882 ἀμυνόμενος,
635 849 681 875 καὶ
703 849 848 885 διελέγχων

63 893 97 923 ὡς
118 892 146 918 ὲν
167 891 326 926 διδασκαλίᾳ
352 891 431 926 ἱερῶν
452 892 594 927 δογμάτων
614 894 643 919 οὑ
660 893 779 925 τοιοῦτος
798 895 845 927 ὢν,
865 886 886 912 Β

61 938 104 964 τὸν
118 937 220 972 ἀμείνω
244 937 377 964 καθεῖλεν.
402 937 480 964 Οὕτω
508 947 545 972 πη
565 939 591 964 αξ
610 939 673 965 ἴδιαι
686 939 780 975 ἔχθραι
793 940 847 966 τῶν

62 982 127 1009 κατὰ
136 982 248 1018 καιροὺς
273 982 410 1017 κληρικῶν
433 981 467 1008 τὰ
488 982 604 1017 μέγιστα
619 982 668 1018 τὴν
683 983 846 1018 Ἐκκλησίαν

62 1027 186 1062 ἔσλαψαν,
203 1027 251 1054 καὶ
263 1028 312 1064 τὴν
328 1027 476 1062 θρησκείαν
488 1028 528 1059 εἰς
539 1028 637 1060 πολλὰς
650 1029 768 1063 αἱρέσεις
782 1037 846 1055 κατι

61 1073 161 1108 ἑτεμον.
179 1073 335 1108 Τεκμήριον
350 1073 378 1099 δὲ
393 1073 485 1099 τοῦτο·
502 1075 525 1099 εἰ
545 1073 598 1109 γὰρ
616 1073 715 1108 ὁμοίως
730 1074 847 1110 Θεοδότῳ

61 1119 105 1145 καὶ
125 1118 260 1153 Γεώργιος
285 1118 506 1154 μεταμεληθέντα
522 1119 708 1154 Ἀπολινάριον
727 1120 846 1152 ἐδέξατο,

60 1165 108 1191 οὐκ
122 1164 165 1196 ἂν,
177 1162 266 1199 οἶμαι,
283 1166 299 1200 ή
312 1164 359 1191 ἀπ’
373 1165 454 1191 αὐτοῦ
468 1165 619 1201 καλουμένη
634 1167 737 1201 αῖρεσις
757 1165 800 1203 ἦν.
819 1169 850 1195 'H

59 1209 111 1244 γὰρ
132 1209 288 1245 ἀνθρωπεία
308 1210 398 1244 φύσις,
419 1210 662 1247 ὑπερφρονουμένη
679 1212 738 1247 μὲν,
762 1213 851 1240 ἀπαυ-

61 1254 210 1286 θαδιάζεται
221 1255 289 1290 (19),
304 1256 351 1282 καὶ
364 1257 403 1287 είς
415 1256 579 1290 φιλονεικίαν
594 1257 640 1283 καὶ
652 1259 850 1293 νεωτερισμοὺς

60 1298 233 1326 καθίσταται·
251 1300 422 1327 ἀπολαύουσα
433 1300 461 1327 δὲ
474 1301 528 1327 τῶν
539 1301 614 1336 ἴσων,
628 1302 784 1337 μετριάζειν
802 1304 849 1330 καὶ

60 1344 104 1370 ἐπὶ
119 1344 172 1371 τῶν
186 1346 276 1372 αὐτῶν
291 1346 381 1381 μένειν
395 1346 474 1380 φιλεῖ.

901 259 980 286 fauos
1013 259 1137 287 homines
1164 265 1216 286 nec
1247 258 1334 286 sacris
1358 258 1413 285 illis
1446 257 1569 284 initiatos
1608 257 1682 284 totas

900 306 975 333 abire
989 305 1130 340 iussisset,
1147 313 1197 333 nec
1208 305 1304 341 junior
1318 303 1496 340 Apollinaris,
1514 311 1563 332 nec
1579 303 1682 334 senior,

900 359 951 379 nec
976 352 1048 379 ullus
1076 352 1189 379 omnino
1219 359 1253 379 ex
1280 350 1444 378 Christianis
1478 350 1524 384 qui
1558 350 1682 380 aderant,

900 397 1026 425 discessit
1036 405 1069 424 ex
1084 397 1230 425 auditorio.
1243 396 1271 424 Id
1285 403 1347 423 cum
1360 395 1517 424 rescivisset
1527 395 1683 422 Theodotus

900 443 1055 477 episcopus,
1071 442 1191 477 graviter
1205 445 1360 469 commotus
1371 445 1423 468 est.
1439 440 1478 467 Ac
1489 440 1607 475 reliquis
1622 439 1684 473 qui-

900 489 960 515 dem
982 488 1029 522 qui
1047 495 1079 515 ex
1093 487 1172 522 plebe
1194 491 1282 520 erant,
1299 487 1393 514 leviter
1412 486 1562 520 objurgatis
1577 485 1683 512 veniam

900 532 1053 562 concessit;
1079 535 1227 565 utrumque
1252 534 1344 557 autem
1368 530 1552 565 Apollinarem
1577 529 1685 563 publice

900 576 1055 604 convictum
1091 575 1214 604 Ecclesia
1238 575 1330 610 ejecit.
1355 575 1440 603 Erant
1463 576 1535 603 enim
1564 575 1683 602 clerici:

902 626 978 657 pater
989 622 1099 657 quidem
1111 621 1263 657 presbyter,
1278 620 1348 648 tilius
1365 628 1429 649 vero
1445 621 1530 648 lector
1543 627 1684 648 sacrarum

902 668 1118 703 Scripturarnm.
1135 667 1282 702 Aliquanto
1295 671 1357 702 post
1369 670 1492 700 tempore
1504 667 1609 700 elapso,
1622 674 1683 694 cum

901 713 928 740 in
950 713 1078 749 lacrymis
1094 720 1126 739 ac
1145 712 1259 748 jejuniis
1289 711 1479 747 pcenitentiam
1508 711 1607 738 delicto
1634 718 1685 737 suo

900 763 1093 794 congruentem
1109 759 1239 793 egissent,
1254 756 1411 784 Theodotus
1423 764 1471 783 eos
1485 756 1576 783 denuo
1592 763 1684 783 susce—

899 803 949 838 pit.
974 803 1023 831 Ubi
1042 811 1108 831 vero
1119 803 1253 838 Georgius
1268 802 1458 838 episcopatum
1477 801 1553 828 illum
1571 801 1686 829 sortitus

899 854 951 882 est,
967 854 993 877 et
1008 849 1186 884 Apollinaris,
1203 852 1234 876 ut
1244 849 1302 884 jam
1321 848 1391 879 dixi,
1411 854 1593 881 congressum
1609 846 1685 872 illum

900 894 995 922 habuit
1014 902 1077 921 cum
1097 893 1258 925 Athanasio,
1278 901 1295 919 ο
1309 891 1503 920 communione
1516 899 1578 918 eum
1593 890 1686 918 exclu-

900 940 936 968 sit
955 940 1099 974 Georgius,
1119 943 1146 966 et
1161 939 1279 966 alienum
1299 938 1333 965 ab
1348 937 1471 965 Ecclesia
1488 935 1685 972 pronuntiavit.

900 985 934 1012 Et
953 984 1122 1020 Apollinaris
1145 983 1254 1018 quidem
1278 990 1465 1018 saepenumero
1488 989 1563 1009 eum.
1577 987 1688 1015 rogasse

900 1031 1012 1061 dicitur,
1031 1035 1060 1058 ut
1074 1030 1101 1057 in
1115 1029 1339 1057 communionem
1353 1028 1531 1062 reciperetur.
1554 1025 1608 1053 Sed
1624 1033 1686 1052 cum

900 1085 962 1105 eum
989 1076 1097 1104 ﬂectere
1115 1083 1169 1102 non
1191 1079 1292 1110 posset.
1310 1073 1390 1109 252
1413 1074 1508 1101 dolore
1530 1075 1686 1106 superatus,

902 1121 1050 1149 Ecclesiam
1063 1120 1184 1151 turbare,
1200 1123 1227 1146 et
1244 1118 1402 1153 dogmatum
1417 1116 1573 1146 novitatem,
1592 1122 1687 1149 supra-

901 1167 1004 1194 dictam
1024 1166 1150 1193 videlicet
1175 1165 1313 1196 lmresitn,
1329 1163 1460 1190 inducere
1470 1168 1617 1197 aggressus
1626 1164 1685 1188 est:

900 1220 931 1240 ca
961 1216 1020 1240 arte
1046 1219 1098 1247 qua
1119 1211 1267 1246 plurimum
1293 1209 1419 1241 valebat,
1442 1207 1552 1235 dicendi
1583 1205 1687 1234 scilicet

901 1257 1046 1288 facultate.
1068 1257 1209 1284 inimicum
1229 1255 1388 1288 ulciscens,
1403 1258 1430 1282 et
1455 1252 1529 1288 quod
1549 1251 1685 1279 hominem

900 1303 928 1330 in
951 1311 1093 1331 sacrarum
1126 1302 1292 1329 Litterarum
1320 1301 1444 1329 doctrina
1467 1299 1683 1335 praestantiorem

902 1349 961 1383 ipse
979 1348 1092 1376 inferior
1107 1347 1294 1382 deposuisset,
1311 1346 1489 1381 redarguens.
1515 1345 1555 1371 lta
1576 1343 1687 1380 privata:

61 1391 128 1418 inter
139 1391 412 1426 clericosiuimicitize
430 1393 577 1420 Ecclesiam
603 1393 720 1422 subinde
748 1395 867 1423 maximo
904 1394 1068 1422 detrimento
1088 1394 1252 1426 affecerunt,
1277 1397 1303 1420 ct
1322 1392 1505 1420 Christianam
1528 1391 1685 1426 religionem

60 1437 194 1484 variasrin
215 1441 306 1484 sectas
328 1439 509 1467 disciderunt.
529 1440 615 1475 Cujus
632 1441 670 1468 rei
696 1446 886 1476 argumentum
921 1441 984 1469 hinc
1022 1442 1142 1476 suppetit
1165 1452 1171 1469 :
1192 1441 1259 1468 Nam
1298 1441 1321 1468 si
1346 1439 1481 1475 Georgius
1505 1439 1682 1474 poenitentem

59 1483 224 1518 suscepisset
250 1483 443 1519 Apollinarem,
470 1486 583 1520 perinde
610 1494 642 1513 ac
667 1486 836 1520 Theodotus,
855 1487 968 1514 haeresis
988 1487 1033 1514 illa
1053 1494 1115 1522 quae
1138 1487 1171 1514 ab
1191 1487 1252 1522 ejus
1288 1486 1399 1514 nomine
1423 1488 1579 1519 nuncupata
1614 1488 1674 1516 est,

59 1527 136 1555 hodie
162 1533 192 1556 ut
221 1530 319 1564 opinor
346 1538 400 1558 non
428 1534 558 1559 exstaret.
583 1531 686 1560 Natura
722 1533 795 1561 enim
823 1534 862 1561 ita
894 1534 1045 1568 comparati
1059 1539 1124 1563 sunt
1141 1534 1278 1566 homines,
1293 1537 1322 1560 ut
1343 1533 1464 1568 despecti
1480 1531 1589 1567 quidem
1607 1531 1678 1558 inso-

59 1573 171 1605 lescant,
182 1578 210 1601 et
224 1575 391 1603 contentioni
405 1583 438 1603 ac
447 1577 531 1605 rebus
543 1577 622 1605 novis
635 1579 780 1606 studeant:
796 1579 840 1606 ubi
861 1585 926 1606 vero
939 1585 1047 1614 aequum
1061 1579 1151 1615 adepti
1168 1582 1242 1612 sunt,
1265 1577 1404 1606 moderate
1419 1584 1448 1605 se
1461 1580 1556 1612 gerant
1587 1579 1614 1604 et
1646 1573 1674 1602 in

59 1618 150 1646 eodem
161 1623 236 1647 statu
251 1628 440 1656 permaneant.

340 1669 464 1697 ΚΕΦΑΛ.
491 1671 563 1704 Kq'.

59 1710 124 1744 Περὶ
131 1712 282 1746 Εὐνομίαν
292 1714 340 1740 καὶ
353 1714 405 1741 τοῦ
416 1715 601 1743 διδασκάλου
611 1718 705 1744 αὐτοῦ
716 1719 828 1746 Ἀετίου
838 1728 844 1734 ·

90 1745 198 1792 ﬁsi?
209 1745 273 1792 5413'
284 1749 405 1792 αὺτίξὺςτ
420 1750 468 1776 καὶ
482 1751 512 1792 τί
525 1750 724 1792 ἐδοτμᾴζιξον,
738 1754 788 1780 καὶ
803 1755 847 1782 ὅτι

91 1784 199 1814 πρῶτοι
225 1784 313 1821 οὗτοιΔ
324 1784 398 1817 μίαν
419 1784 586 1813 κατάδυσιν
606 1786 654 1813 ἐπὶ
676 1788 727 1816 τοῦ
738 1790 847 1821 ,ϐαπτι-

90 1823 205 1850 σματος
221 1818 404 1852 ἐπενόησαν.

96 1861 179 1897 ’Δμφὶ
205 1862 234 1889 δὲ
260 1864 353 1890 τοῦτον
375 1864 420 1890 τὸν
447 1865 541 1900 χρόνον
567 1866 707 1902 Εὑνόμιος,
732 1869 761 1901 ὃς
787 1870 848 1896 ἀντὶ

63 1904 198 1932 Ἐλευσίου
222 1906 271 1942 τὴν
293 1908 322 1933 ὲν
350 1909 462 1944 Κυζίκῳ
479 1909 640 1946 Ἐκκλησίαν
663 1915 782 1948 κατεῖχε,
799 1915 848 1950 τῆς

63 1949 164 1984 Ἀρείου
191 1951 326 1986 αἱρέσεως
347 1953 554 1988 προϊστάμενος,
575 1955 671 1990 ἑτέραν
693 1958 768 1993 παρὰ
786 1949 849 1985 ταυ-

56 2003 101 2029 την
116 1997 300 2032 εἰσηγήσατο-
330 1998 364 2034 ἢν
380 1999 404 2025 ot
421 1999 469 2034 μὲν
487 1999 534 2026 ἀπ’
555 2001 636 2028 αὐτοῦ
654 2003 830 2038 ὀνομάζουσιν
841 2025 847 2037 ,

55 2040 78 2066 οἱ
101 2040 129 2067 δὲ
159 2041 210 2077 τὴν
235 2041 289 2069 τῶν
307 2043 452 2079 Ἀνομοίων
476 2045 598 2072 καλοῦσι.
621 2046 689 2074 Φασὶ
711 2048 740 2075 δέ
764 2058 846 2081 τινες,

56 2085 161 2120 πρῶτον
178 2085 274 2113 τοῦτον
292 2087 423 2124 Εὐνόμιον
439 2089 576 2125 τολμῆσαι
595 2092 804 2127 εισηγήσασθαι,
819 2095 848 2121 ἐν

58 2132 105 2166 μιᾷ
125 2131 271 2158 καταδύσει
289 2133 386 2169 χρῆναι
403 2135 535 2162 ἐπιτελεῖν
552 2137 599 2171 τὴν
616 2138 689 2164 θείαν
709 2138 847 2173 βάπτισιν,

58 2177 101 2203 καὶ
126 2179 321 2214 παραχαράξαι
348 2179 397 2216 τὴν
425 2181 478 2207 ἀπὸ
507 2182 560 2208 τῶν
580 2183 734 2211 ἀποστόλων
764 2185 848 2212 εἰσέτι

57 2222 101 2249 νῦν
115 2224 144 2250 ἐν
159 2225 228 2251 πᾶσι
251 2225 454 2261 φυλαττομένην
476 2227 635 2263 παράδοσιν,
655 2231 702 2257 καὶ
728 2231 766 2262 ὡς
785 2231 845 2258 ὲπί-

58 2277 124 2300 παν,
154 2269 254 2305 ἑτέραν
279 2270 340 2296 τινὰ
364 2271 414 2306 τῆς
436 2272 517 2298 αὑτοῦ
536 2272 699 2310 Ἐκκλησίας
728 2276 848 2312 ἐξευρεῖν

56 2315 177 2351 ἀγωγὴν,
193 2316 338 2352 σεμνότητι
359 2318 406 2345 καὶ
421 2319 548 2356 ἀκριϐείᾳ
568 2320 670 2348 πλείονι
690 2321 738 2357 τὴν
758 2323 848 2350 καινό-

1194 1669 1271 1697 CAP.
1292 1668 1387 1696 XXVI.

899 1721 937 1748 Dc
956 1719 1096 1751 Eunomia,
1114 1721 1138 1745 et
1150 1717 1182 1744 de
1197 1716 1325 1750 magistro
1340 1715 1396 1749 ejus
1416 1713 1502 1741 Aetio.
1521 1713 1586 1751 Quae
1606 1713 1686 1751 fuerit

935 1756 1071 1789 utriusque
1090 1748 1165 1789 itaita,
1185 1756 1210 1778 et
1235 1748 1292 1785 (iam
1311 1748 1494 1789 dogmata...”
1514 1749 1584 1789 quod
1607 1748 1686 1783 primi

935 1784 1040 1817 unicam
1053 1789 1080 1815 in
1095 1788 1224 1821 baptismo
1237 1784 1391 1812 inersionem
1407 1784 1571 1811 induerint.

935 1867 1036 1895 Eodem
1051 1866 1108 1894 fere
1125 1871 1244 1900 tempore
1258 1863 1421 1896 Eunomitts,
1435 1862 1482 1897 qui
1501 1861 1603 1890 Eleusii
1625 1863 1685 1889 loco

899 1914 1060 1949 Cyzicenam
1094 1911 1205 1946 regebat
1236 1909 1401 1941 Ecclesiam,
1431 1915 1493 1935 cum
1521 1907 1685 1933 Arianorum

899 1964 981 1988 sectae
1007 1960 1146 1994 praeesset,
1172 1962 1268 1982 novam
1295 1954 1409 1988 insuper
1431 1951 1557 1979 haeresim
1583 1950 1686 1977 invexit

899 2012 982 2041 quam
1005 2003 1052 2030 alii
1074 2001 1184 2037 quidem
1199 2007 1231 2028 ex
1249 2000 1310 2034 ejus
1324 1998 1446 2031 nomine,
1461 1996 1506 2024 alii
1529 2003 1595 2024 vero
1610 1996 1684 2023 Ano-

901 2057 1033 2077 mmorum
1048 2047 1185 2083 appellant
1198 2047 1218 2074 '.
1236 2046 1320 2072 Aiunt
1337 2051 1418 2080 porro
1431 2043 1505 2070 hunc
1522 2042 1683 2069 Eunomium

900 2097 1016 2132 primum
1034 2094 1157 2121 omnium
1181 2099 1278 2119 ausum
1305 2098 1366 2119 esse
1385 2096 1523 2121 asserere,
1541 2088 1613 2123 quod
1641 2095 1685 2116 sa-

899 2149 977 2169 crum
998 2140 1134 2175 baptisma
1154 2137 1234 2166 unica
1257 2136 1395 2164 mersione
1419 2133 1603 2170 peragendum
1627 2134 1683 2161 sit:

899 2193 925 2215 et
943 2186 1121 2222 apostolicam
1138 2183 1314 2212 traditionem
1334 2189 1396 2218 quae
1409 2181 1560 2210 etiamnum
1584 2179 1685 2214 ubique

900 2236 1038 2264 servatur,
1056 2229 1232 2265 corrupisse:
1249 2229 1331 2255 aliam
1349 2228 1468 2262 denique
1484 2227 1615 2254 Ecclesiae
1629 2234 1685 2253 sine

899 2279 1073 2314 disciplinam
1097 2276 1234 2312 plerisque
1256 2274 1283 2302 in
1307 2274 1389 2302 rebus
1407 2273 1607 2314 introduxisse,
1625 2279 1685 2307 qua:

898 2310 1035 2360 gravitate
1056 2310 1261 2350 acrseveritate
1287 2310 1413 2354 quadam.
1432 2318 1580 2345 novitatem
1607 2325 1683 2344 suam

55 2368 122 2395 τητα
139 2362 376 2397 περιπέττουσαν.
398 2364 521 2398 Ἐγένετο
545 2366 574 2392 δὲ
597 2367 644 2394 καὶ
666 2368 790 2404 τεχνίτης
810 2369 847 2395 λό-

902 2371 1049 2404 obtegeret.
1068 2367 1128 2394 Fuit
1140 2369 1231 2393 autem
1246 2364 1431 2400 peritissimus
1443 2362 1552 2390 dicendi
1572 2362 1682 2392 artifex,

56 2415 119 2439 γων,
136 2408 184 2434 καὶ
198 2408 335 2443 ὲριστικὺς
345 2428 352 2440 ,
366 2410 412 2436 καὶ
423 2410 609 2446 συλλογισμοῖς
623 2413 726 2449 χαίρων
737 2422 743 2429 ·
757 2414 846 2441 τοιού-

898 2419 925 2442 ct
946 2412 1178 2448 disputationibus
1194 2414 1275 2445 atque
1293 2409 1462 2445 argumentis
1484 2408 1683 2437 delectabatur.

55 2461 116 2484 τους
143 2453 173 2480 δὲ
201 2455 265 2485 τοὺς
293 2455 407 2487 πολλοὺς
430 2456 484 2483 τῶν
509 2457 543 2484 τὰ
569 2458 649 2485 αὐτοῦ
677 2460 846 2495 φρονούντων

902 2461 978 2488 Certe
1007 2460 1153 2494 plerosque
1180 2464 1277 2485 eorum
1299 2455 1346 2491 qui
1366 2455 1437 2482 hanc
1469 2458 1570 2481 sectam
1599 2453 1665 2488 proi‘|

56 2497 127 2523 ἔστιν
144 2498 219 2524 ἰδεῖν.
235 2498 272 2524 οὑ
292 2499 391 2533 μᾶλλον
412 2500 466 2536 γὰρ
489 2501 626 2529 ἐπαινοῦσι
645 2502 701 2537 βίον
713 2504 814 2538 ἀγαθὸν
829 2504 845 2539 ἢ

902 2511 1006 2538 tentur,
1042 2505 1177 2540 ejusmodi
1210 2503 1319 2538 ingenio
1356 2501 1485 2537 praeditos
1524 2500 1586 2527 licet
1623 2507 1684 2527 cer-

55 2542 164 2577 τρόπον,
179 2543 195 2578 ἧ
213 2543 258 2569 τὸν
282 2545 344 2579 περὶ
359 2546 422 2576 τοὺς
446 2546 588 2581 δεομένους
606 2547 689 2580 ἔλεον,
712 2549 735 2575 εί
755 2549 792 2584 μὴ
815 2549 847 2576 τὰ

902 2559 975 2580 nere.
997 2550 1091 2586 Neque
1101 2550 1173 2577 enim
1191 2549 1252 2576 vitae
1271 2554 1433 2582 morumque
1456 2546 1618 2580 probitatem
1630 2564 1637 2576 ,
1657 2549 1684 2571 et

55 2588 123 2614 αὐτὰ
148 2588 300 2621 δοξάζοιεν·
325 2590 387 2618 ὅσον
409 2591 496 2623 εἴτις
518 2592 661 2628 ἐριστικῶς
687 2594 845 2629 διαλέγοιτο,

902 2597 930 2624 ίη
946 2601 1057 2632 egentes
1079 2595 1296 2624 misericordiam
1317 2597 1423 2620 tantum
1445 2591 1556 2619 laudant
1584 2591 1611 2618 in
1636 2591 1684 2617 ali-

54 2633 101 2660 καὶ
120 2636 233 2670 κρατεῖν
249 2635 339 2671 δοκοίη
364 2636 598 2672 συλλογιζόμενος·
616 2640 630 2665 ὁ
650 2638 768 2670 τοιοῦτος
793 2641 847 2676 γὰρ

902 2649 966 2677 quo,
982 2641 1033 2668 nisi
1048 2640 1118 2667 forte
1134 2640 1158 2668 is
1169 2643 1277 2674 sectam
1298 2638 1420 2672 ipsorum
1438 2641 1578 2670 sequatur,
1597 2641 1684 2668 quan-

41 2704 47 2733 Ξ
94 2693 102 2708 ¹
120 2692 190 2720 Socr
217 2693 264 2720 lib.
278 2702 314 2727 iV,
330 2702 354 2722 c.
367 2695 382 2721 7
400 2699 465 2728 etv,
481 2703 505 2722 c.
521 2696 564 2725 2A.

41 2743 47 2761 ι
657 2751 793 2779 VALESII
810 2752 1088 2781 ANNOTATIONES.

73 2795 148 2839 [93)
162 2797 255 2839 ζ’ίῖἴιερ
266 2795 405 2839 ῄδύψτέξ
419 2797 476 2824 Νοιι
490 2797 585 2839 “Philo
598 2797 663 2839 futili
675 2797 848 2839 audiendum
940 2800 1000 2839 (19).
1018 2797 1284 2839 ’Λπςιιέθαδεάζέζαμ
1301 2795 1436 2839 Iuncodjlcc
1448 2793 1597 2821 Fuketiano
1612 2794 1683 2839 sc-ri-

58 2830 92 2871 sit
107 2831 133 2857 in
154 2830 340 2871 dativoﬁinep
354 2832 479 2871 ἠδύνατο.
507 2830 654 2869 Αιηιιοίὶιιι
680 2833 799 2861 Savilius
816 2833 847 2860 ad

904 2830 978 2868 ptum
989 2830 1085 2861 inveni
1096 2832 1316 2871 ἀπαυθαδίςεται.
1333 2830 1454 2858 Similem
1469 2835 1588 2857 errorem
1603 2831 1681 2856 antea

59 2865 130 2893 latus
143 2865 187 2894 sui
204 2865 310 2894 codicis
322 2865 494 2895 emendaret.
551 2865 558 2869 ’
903 2865 1013 2904 quoque
1025 2872 1121 2897 notare
1138 2867 1258 2895 memini.
