1896 3074
204 122 273 150 1565

933 124 1106 152 8οΖοΜΕΝ1

199 186 256 209 tum
267 180 378 209 laudare
395 182 495 214 solent,
512 183 535 209 si
555 183 617 217 quis
636 183 663 209 in
684 181 848 217 disputando
867 188 980 209 conten-

1068 183 1147 218 σεϐὴς
1174 182 1248 217 παρὰ
1281 183 1382 213 πάντας
1411 181 1569 217 νομίζεται.
1604 181 1647 212 Ὡς
1673 181 1764 212 ἄλλοις
1787 182 1821 208 δο-

199 228 288 255 tiosus
300 227 393 259 fuerit.
406 233 433 255 et
445 228 620 256 adverSarios
638 228 830 256 ratiocinando
852 236 983 263 superare

199 273 341 305 videatur;
361 269 516 308 hujusinodi
531 274 603 301 enim
633 275 674 301 vir
695 282 749 309 pra
766 275 878 310 reliquis
894 275 982 302 omni-

200 319 250 346 bus
276 319 340 353 pius
362 319 397 346 ab
416 319 471 346 illis
490 319 675 348 existimatur.
704 321 756 347 Alii
784 328 849 348 vero
878 320 983 353 dicunt,

200 372 269 398 quos
294 364 403 398 quidem
424 365 530 391 veriora
556 365 648 393 dicere
672 366 803 399 arbitror,
824 366 984 401 Theophro-

200 411 273 436 nium
297 409 497 444 Cappadocem,
522 414 552 438 et
581 411 755 446 Eutychium,
772 412 853 440 istius
871 412 984 440 lneresis

200 455 358 482 defensores
372 456 534 487 acerrimos,
554 457 696 492 sequentis
715 458 891 492 imperatoris
908 458 984 493 prin-

199 500 301 535 cipatu,
318 508 379 528 cum
401 509 430 529 se
447 502 482 529 ah
499 501 632 530 Eunomio
645 503 830 538 abrupissent,
856 509 912 532 tum
929 505 983 531 alia

199 554 231 573 ex
250 546 375 575 Eunomii
390 547 519 581 decretis,
532 552 589 575 tum
601 556 632 576 ea
646 557 706 584 quae
724 550 757 576 ad
769 557 878 577 sacrum
897 550 984 584 bapti-

200 599 286 618 sunnn
294 593 432 627 pertinent
440 593 598 625 innovasse,
608 600 762 623 asserentes
772 595 860 622 nonin
867 595 985 622 Trinita-

200 642 263 670 tem,
281 638 361 674 253
382 639 430 667 sed
456 639 484 666 in
498 639 600 667 Christi
616 644 729 668 mortem
757 641 889 676 baptizari
906 648 985 676 opor-

200 688 266 711 tere.
290 684 454 712 Eunomium
469 689 546 714 certe
562 686 629 713 nihil
648 687 699 714 hac
718 686 744 713 in
772 691 849 721 parte
866 694 984 715 navasse

200 731 347 761 allirmant,
372 730 420 758 sed
434 731 469 758 ab
481 731 559 758 initio
577 731 688 766 quidem
709 731 831 766 opinioni
852 732 910 758 Arii
933 732 984 759 ad-

200 776 328 808 haesisse,
346 781 374 803 ct
389 776 416 804 in
435 784 466 804 ea
481 785 671 812 perseverasse
689 787 695 805 :
714 781 810 813 postea
836 786 902 806 vero
919 786 982 805 cum

200 821 346 856 episcopus
362 822 452 858 Cyzlci
474 822 564 850 factus
579 823 690 856 fuisset,
707 829 863 851 accusatum
879 832 940 852 esse
969 832 983 850 a

1034 230 1076 255 κεί
1085 229 1151 263 (20),
1159 228 1364 264 τάληθέστερον,
1374 226 1398 254 οἱ
1402 236 1459 262 μαι,
1470 228 1548 262 λέγον
1553 235 1604 259 σιν,
1618 227 1656 258 ὡς
1665 226 1821 262 Θεοφρόνως

1034 275 1048 300 ὸ
1069 274 1272 309 Καππαδόκης,
1297 275 1344 301 καὶ
1371 273 1511 309 Εὑτύχιος,
1534 273 1702 300 σπουδασταὶ
1729 273 1823 308 ταύτης

1033 320 1082 354 τῆς
1106 319 1248 355 αἱρέσεως,
1274 319 1456 353 ἀποτεμόντες
1479 320 1550 353 σφᾶς
1566 319 1612 345 ἐπὶ
1630 320 1680 354 τῆς
1696 318 1823 353 ἐχομένης

1035 365 1182 400 βασιλείας,
1198 366 1260 400 περί
1274 374 1304 392 τε
1319 366 1387 392 ἄλλα
1406 365 1459 392 τῶν
1479 365 1603 401 Εὐνομιῳ
1620 364 1768 397 δοξάντων,
1783 366 1824 391 καὶ

1035 411 1098 446 περὶ
1128 410 1176 445 τὴν
1204 409 1278 437 θείαν
1305 410 1432 445 βάπτισιν
1466 410 1645 446 ἐνεωτέρισαν
1673 415 1699 443 ι,
1716 410 1768 437 οὐκ
1791 411 1824 441 εἰς

1034 455 1146 490 Τριάδα,
1163 455 1232 482 ἀλλὰ
1253 457 1293 488 εις
1316 456 1361 482 τὸν
1385 455 1432 483 τοῦ
1455 456 1574 491 Χριστοῦ
1598 455 1715 483 θάνατον
1738 454 1826 489 βαπτί-

1034 501 1127 533 ζεσθαι
1147 502 1370 537 εἰσηγησάμενοι,
1391 502 1522 537 Εὐνόμιον
1549 502 1640 537 μέντοι
1661 503 1748 538 μηδὲν
1769 502 1825 537 περὶ

1035 546 1130 573 τούτου
1145 547 1201 582 (21)
1225 548 1430 582 καινοτομῆσαι,
1447 547 1504 574 ἀλλ’
1526 547 1555 580 ἐξ
1576 548 1663 583 ἀρχῆς
1686 548 1782 575 τοῦτον
1796 549 1826 575 τὰ

1042 593 1145 628 Ἀρείου
1172 593 1317 628 φρονῆσαι,
1335 594 1382 620 καὶ
1407 593 1476 620 οὕτω
1501 593 1655 628 διαμεῖναι·
1682 595 1826 621 ἐπίσκοπον

1036 639 1063 666 δὲ
1080 639 1199 671 Κυζίκου
1219 640 1373 675 γενόμενον,
1397 640 1616 675 κατηγορηθῆναι
1639 640 1695 666 ὑπὸ
1716 641 1770 666 τῶν
1785 641 1826 666 ὑπ’

1035 684 1115 710 αὐτὸν
1130 684 1277 720 κληρικῶν,
1295 685 1333 717 ὡς
1351 685 1490 718 νεωτέρων
1508 684 1650 720 δογμάτων
1668 686 1825 721 εἰσηγητήν.

1035 730 1191 764 Τηνικαῦτα
1205 730 1233 756 δὲ
1250 731 1373 763 Εὑδόξιον
1387 731 1432 758 τὸν
1447 731 1596 766 ἡγούμενον
1613 732 1642 758 ἐν
1657 732 1827 762 Κωνπταντι-

1035 776 1158 803 νουπόλει
1187 777 1236 811 τῆς
1265 777 1370 812 Ἀρείου)
1398 778 1545 812 αἱρέσεως,
1573 778 1828 813 μετακαλεσάμεγιν

1036 821 1126 854 αὑτὸν,
1152 822 1294 857 ἐπιτρέψαι
1321 822 1361 857 τῷ
1386 822 1442 858 λαῷ
1474 823 1673 859 προσομιλῆσαι
1700 824 1827 858 περὶτοῦ

200 866 308 894 clericis
323 857 395 900 suis,
414 871 545 903 tanquam
564 876 697 896 novorum
716 868 874 904 dogmatum
895 877 983 897 asser-

1065 875 1182 901 γματος·
1202 867 1239 902 μὴ
1264 868 1431 901 καταγνόντα
1457 857 1602 904 δὲνμηδὲν,
1618 857 1828 910 Ὗπροτρὲνξαςῦαι

200 915 297 939 torem.
314 912 408 947 Itaque
422 913 573 942 Eudoxium
589 915 635 950 qui
648 915 756 942 Ariana:
767 920 849 942 sectae
867 919 984 950 praeerat

200 957 435 993 Constantinopoli
448 979 454 990 ,
478 968 541 987 eum
561 968 704 993 evocasse,
719 961 893 996 jussisseqne
909 965 938 987 ut
950 961 984 988 de

200 1010 250 1030 sua
263 1003 386 1030 doctrina
399 1005 507 1039 publice
518 1005 543 1032 in
555 1006 671 1033 ecclesia
681 1006 761 1032 verba
777 1006 887 1033 faceret.
903 1006 984 1032 Cum-

199 1056 253 1083 que
268 1049 334 1076 nihil
349 1050 376 1076 in
402 1058 435 1077 eo
464 1051 637 1084 damnasset,
656 1053 795 1078 monuisse
811 1056 839 1078 ut
854 1052 982 1087 Cyzicum

200 1099 404 1130 reverteretur;
422 1096 586 1124 Eunomiutn
618 1105 684 1124 vero
701 1098 887 1133 respondisse,
913 1098 985 1124 nolle

200 1150 231 1169 se
249 1142 368 1178 amplius
387 1144 490 1171 versari
502 1152 564 1172 cum
583 1145 616 1172 iis
626 1152 695 1180 quos
706 1149 851 1180 suspectos
860 1144 984 1174 haberet.

200 1189 231 1216 Et
266 1190 338 1217 hanc
366 1191 475 1226 quidem
502 1199 613 1219 causam
639 1193 804 1220 secessionis
830 1199 888 1219 sum
907 1192 983 1219 illum

200 1235 390 1269 prztcndissc,
414 1243 509 1263 revera
536 1241 626 1263 autem
642 1237 702 1264 ideo
716 1237 882 1268 secessisse,
910 1236 983 1271 quod

199 1280 306 1308 Aetium
318 1286 515 1316 praeceptorem
541 1290 622 1309 suum
645 1283 786 1317 suscipere
814 1283 982 1310 renuissent.

200 1327 264 1354 Post
280 1328 336 1355 haec
352 1327 514 1354 Eunomium
540 1328 567 1354 in
585 1328 703 1363 propriis
716 1328 821 1356 aedibus
837 1328 983 1360 mansisse,

200 1381 251 1401 nec
265 1373 298 1401 de
313 1374 429 1408 pristina
446 1374 584 1402 sententia
602 1374 751 1409 quidquam
782 1374 894 1400 omnino
924 1381 985 1401 mu-

200 1424 283 1446 tasse.
308 1418 339 1445 Et
357 1420 415 1446 haec
427 1419 472 1445 alii
498 1419 608 1454 quidem
626 1419 678 1446 hoc
706 1419 786 1446 modo
802 1439 809 1451 ,
843 1419 889 1446 alii
921 1427 986 1446 vero

200 1464 280 1491 aliter
323 1469 446 1492 narrant.
480 1464 578 1492 Verum
609 1465 667 1492 sive
709 1464 882 1496 Eunomius.
928 1466 987 1493 sive

200 1509 247 1541 qui
293 1509 337 1535 alii
385 1510 442 1537 lure
494 1510 520 1537 in
559 1510 708 1538 traditione
743 1511 872 1546 baptismi
906 1511 987 1539 inno-

199 1555 314 1587 varint,
343 1555 494 1583 verendum
519 1559 562 1583 est
581 1556 659 1591 ipsis,
689 1564 750 1584 mea
780 1557 890 1592 quidem
923 1565 986 1586 sen-

201 1601 298 1632 tentia,
317 1609 350 1629 ne
383 1602 433 1629 soli
468 1602 601 1635 omnium,
631 1602 710 1637 juxta
743 1604 814 1630 hanc
840 1604 984 1637 rationem,

201 1651 328 1681 expertes
344 1647 416 1674 sacri
435 1648 606 1682 baptismatis
631 1655 663 1675 ex
681 1648 732 1675 hac
747 1649 805 1675 vita
830 1649 984 1676 discedant.

201 1691 268 1718 Nam
283 1693 362 1726 primi
379 1692 416 1719 illi
433 1693 479 1727 qui
493 1693 572 1727 juxta
600 1693 827 1721 consuetudinem
855 1694 891 1721 ab
907 1694 986 1722 initio

177 1752 179 1754 -
202 1739 331 1765 traditam
346 1739 478 1774 haptizati
497 1739 624 1772 fuerant,
642 1744 730 1768 semet
743 1741 795 1775 ipsi
810 1741 983 1775 rcbaptizare

201 1783 313 1811 minime
327 1787 484 1818 potuerunt.
501 1784 547 1819 qui
564 1789 654 1812 tamen
669 1785 695 1811 id
706 1785 778 1820 quod
792 1785 858 1819 ipsis
875 1786 987 1813 minime

201 1829 355 1864 obtigerat,
389 1830 517 1865 primitus
550 1830 781 1862 introduxerunt,
810 1830 893 1865 idque
924 1831 986 1858 aliis

200 1875 399 1910 praestiterunt.
414 1875 486 1910 quod
503 1883 591 1910 neque
619 1876 670 1911 ipsi
700 1875 789 1906 erant,
823 1883 911 1910 neque
939 1883 987 1910 per

202 1922 272 1949 alios
283 1922 375 1956 adepti
388 1921 507 1949 fuerant.
520 1921 644 1956 Cumque
657 1921 733 1947 nullo
748 1926 823 1948 certo
837 1922 984 1956 principio,

203 1967 249 1994 sed
266 1967 375 2002 propria
391 1967 525 1995 duntaxat
554 1968 801 2002 comprehensione
825 1967 892 1998 nixi,
910 1967 984 1994 istud

1040 913 1089 947 μὲν
1116 914 1154 943 εἱς
1177 913 1296 944 Κύζικον
1314 914 1481 941 ἐπανελθεῖν.
1496 915 1547 942 Τὸν
1566 915 1594 941 δὲ
1617 916 1716 951 φῆσαι.
1734 916 1772 952 μὴ
1794 917 1830 942 αι-

1040 957 1145 993 ρεῖσθαι
1171 958 1262 986 λοιπὸν
1293 961 1348 991 τοῖς
1376 961 1404 986 ὲν
1431 960 1542 996 ὑπονοίᾳ
1571 961 1646 996 αὐτῷ
1675 962 1830 997 γενομένοις

1040 1006 1171 1032 συνεῖναι·
1190 1005 1235 1031 καὶ
1256 1006 1392 1041 πρόφασιν
1417 1006 1517 1042 ταύτην
1540 1006 1587 1033 τοῦ
1611 1008 1759 1043 χωρισμηῦ
1779 1007 1829 1042 (‘22)

1039 1050 1213 1085 ποιήσασθαι.
1225 1051 1262 1077 Τὸ
1275 1051 1304 1077 δὲ
1311 1050 1424 1086 ἀληθὲς,
1439 1051 1479 1077 δτι
1494 1051 1596 1078 Ἀέτιον
1604 1052 1650 1078 τὸν
1661 1052 1750 1078 αὑτοῦ
1765 1052 1830 1078 διδά-

1037 1096 1135 1122 σκαλον
1155 1096 1184 1122 οὒ
1206 1096 1415 1132 προσεδέξαντο·
1441 1097 1482 1131 ἐφ’
1506 1097 1604 1124 ἑαυτοῦ
1627 1097 1657 1124 δὲ
1681 1098 1830 1132 διαμεῖναι,

1038 1142 1122 1178 μηδὲν
1137 1142 1187 1176 τῆς
1202 1142 1336 1177 προτέρας
1358 1142 1434 1178 δόξης
1455 1143 1676 1178 παραλλάξαντα.
1699 1143 1798 1170 Ταῦτα
1810 1145 1832 1170 οἱ

1039 1187 1087 1222 μὲν
1110 1184 1175 1219 ὦδε,
1204 1188 1228 1214 οἱ
1250 1188 1278 1214 δὲ
1303 1188 1403 1223 ἑτέρως
1425 1188 1558 1222 λέγουσιν.
1584 1189 1653 1215 Ἀλλ’
1678 1189 1738 1215 εἴτε
1755 1189 1834 1216 Εὐνό-

1039 1240 1111 1267 μιος,
1124 1232 1178 1259 εἴτε
1193 1232 1268 1258 ἄλλοι
1290 1233 1371 1265 τινὲς,
1391 1233 1454 1268 περὶ
1466 1233 1515 1268 τὴν
1528 1234 1676 1269 παράδοσιν
1697 1234 1750 1260 τοῦ
1786 1234 1833 1268 βαι

1038 1279 1190 1314 πτισματος
1199 1278 1285 1305 ταῦτα
1293 1279 1479 1314 ἐνεωτέρισαν,
1494 1280 1556 1314 ἐμοὶ
1567 1280 1649 1311 δοκεῖ,
1668 1280 1750 1315 μόνοι
1765 1281 1834 1307 κατὰ

1037 1324 1083 1350 τὸν
1109 1324 1189 1351 αὑτὸν
1214 1324 1292 1358 λόγον
1319 1324 1527 1356 κινδυνεύουσιν,
1551 1326 1660 1361 ἄμοιροι
1682 1326 1738 1360 τῆς
1763 1326 1836 1357 θείας

1039 1371 1190 1406 βαπτίσεως
1203 1371 1249 1398 τὸν
1263 1371 1319 1406 βίον
1333 1371 1500 1398 καταλιπεῖν.
1516 1372 1547 1398 Εἰ
1562 1372 1616 1406 γὰρ
1628 1372 1703 1398 κατὰ
1720 1372 1752 1398 τὸ
1767 1380 1837 1398 νενο-

1039 1418 1169 1452 μισμένον
1186 1417 1241 1452 (23)
1261 1416 1291 1449 ἐξ
1311 1417 1398 1452 ἀρχῆς
1415 1417 1616 1452 βαπτισθέντες,
1634 1417 1777 1452 πρότερον
1792 1418 1837 1443 αὑ-

1037 1464 1079 1490 τοὶ
1106 1464 1218 1495 ἑαυτοὺς
1246 1463 1439 1495 ἀναὸαπτίζειν
1465 1464 1514 1490 οὐκ
1529 1463 1681 1498 ἠδύναντο,
1700 1463 1725 1489 οἳ
1747 1463 1783 1490 τὸ
1804 1464 1839 1498 μὴ

1039 1518 1070 1536 συ
1075 1509 1145 1544 μὸὰν
1158 1509 1204 1536 ἐπὶ
1216 1509 1304 1536 αὐτῶν
1318 1509 1367 1541 τὴν
1382 1509 1468 1544 ἀρχὴν
1481 1509 1648 1545 εἰσηγοῦντο.
1663 1510 1721 1538 Καὶ
1734 1509 1752 1536 ὖ
1772 1510 1839 1545 μήτε

1040 1555 1116 1581 αὐτοὶ
1138 1552 1207 1590 ἦσαν
1233 1555 1301 1589 μήτε
1322 1554 1355 1580 δι’
1372 1554 1458 1582 ἄλλων
1473 1555 1607 1588 ἐγένοντο,
1622 1554 1702 1581 τοῦτο
1724 1556 1839 1591 ἑτέρους

1040 1600 1162 1627 ἐποίουν·
1182 1600 1228 1627 καὶ
1244 1600 1274 1632 ἐξ
1294 1601 1479 1627 ἀνυποστάτου
1503 1601 1574 1633 τινὸς
1597 1602 1686 1636 ἀρχῆς
1703 1602 1754 1628 καὶ
1774 1601 1840 1632 ἰδίας,

1039 1646 1216 1681 καταλήψεως
1239 1646 1318 1672 τοῦτο
1341 1647 1372 1672 τὸ
1397 1646 1484 1681 δόγμα
1510 1648 1721 1681 συστησάμενοι,
1752 1647 1773 1673 ἃ
1805 1647 1840 1681 μὴ

1039 1692 1116 1719 αὐτοὶ
1143 1693 1357 1727 παρειλήφασιν,
1382 1692 1471 1724 ἄλλοις
1496 1692 1731 1728 παραδεδώκασιν.
1749 1694 1840 1726 Ὀτεςρ

1039 1738 1133 1774 εὔηθές
1157 1739 1225 1766 ἐστι.
1253 1739 1475 1775 Συνωμολόγηται
1503 1739 1557 1774 γὰρ
1579 1739 1626 1766 καὶ
1652 1740 1719 1774 παρ’
1733 1740 1839 1767 αὐτῶν.
1887 1737 1889 1766 ἲ

1037 1785 1100 1816 τοὺς
1119 1784 1258 1820 ἀμυήτους
1276 1784 1312 1819 μὴ
1329 1784 1457 1811 δύνασθαι
1476 1784 1571 1816 ἄλλους
1598 1784 1745 1820 βαπτίζειν
1757 1794 1764 1799 -
1785 1785 1799 1810 ὁ
1814 1784 1839 1810 δὲ

1039 1830 1080 1866 τῷ
1095 1831 1188 1866 τρόπῳ
1210 1830 1261 1864 τῆς
1286 1830 1376 1857 αὐτῶν
1401 1831 1574 1866 παραδόσεως
1603 1831 1640 1866 μὴ
1662 1831 1839 1865 βαπτισθεὶς,

1039 1876 1204 1906 ἀϐάπτιστος
1219 1875 1310 1906 αὐτοῖς
1326 1872 1393 1901 εἶναι
1416 1875 1497 1908 δοκεῖ,
1513 1875 1550 1907 ὡς
1567 1875 1603 1910 μὴ
1624 1875 1744 1905 δεόντως
1771 1885 1835 1910 μυη-

1041 1921 1106 1953 θεὶς.
1123 1921 1178 1948 Καὶ
1203 1920 1384 1956 μαρτυροῦσιν
1398 1921 1483 1953 αὐτοὶ,
1509 1920 1554 1952 οὓς
1576 1921 1608 1948 ἂν
1624 1921 1760 1948 δὺνωνται
1779 1924 1840 1947 τεί-

1040 1968 1096 1994 θειν
1118 1967 1153 1993 τὰ
1174 1967 1264 1994 αὐτῶν
1279 1968 1396 2002 φρονεῖν,
1413 1967 1642 1998 ἀναὸαπτιζοντες
1657 1967 1729 2002 (ει),
1751 1969 1777 1994 εἱ
1795 1968 1839 1994 καὶ

784 2037 920 2065 VALESII
938 2037 1213 2066 ANNOTATIONES.

238 2093 294 2128 (20)
316 2093 366 2128 Ὠς
390 2092 495 2128 ἄλλοις
514 2091 605 2120 δοκεῖ.
625 2091 807 2119 Scribcndum
832 2097 875 2128 est
892 2093 988 2127 proqu

203 2126 288 2154 dubio
299 2127 386 2163 tbgﬁé
401 2127 489 2159 ἄλλοις
504 2128 586 2160 δοκεῖ,
600 2128 623 2154 τ’
636 2127 826 2163 ἀληθέστερον,
841 2126 929 2163 οἶμαι,
944 2128 988 2154 λέ-

203 2170 312 2198 γουσιν,
337 2162 507 2198 Θεοφρόνιος,
526 2167 594 2195 etc.,
617 2162 700 2198 quam
727 2162 874 2198 lectionem
901 2163 986 2190 secuti

203 2197 332 2233 videntur
353 2197 494 2233 Museulus
509 2201 536 2224 et
556 2197 836 2233 Christophorsouus.
853 2197 939 2225 Porro
954 2198 987 2225 de

1079 2093 1134 2130 (~23)
1153 2095 1192 2130 Erl,
1206 2093 1261 2130 γὰρ
1272 2093 1347 2120 κατὰ
1357 2094 1391 2120 τὸ
1408 2093 1635 2130 νενομισμένρν.
1654 2094 1717 2122 Non
1738 2096 1839 2124 dubito

1041 2129 1106 2164 quin
1129 2128 1304 2164 scribendum
1323 2130 1358 2155 sit
1373 2130 1396 2155 οῑ
1420 2128 1484 2164 γάρ,
1507 2128 1562 2156 etc.
1586 2129 1620 2156 Et
1648 2136 1710 2164 post
1740 2140 1839 2159 vocem

1041 2163 1179 2206 πρότερον*
1193 2163 1450 2206 subdistinctiouem
1460 2163 1582 2206 appono,
1595 2166 1741 2206 qpomgdp
1753 2167 1838 2206 etiam

1042 2198 1161 2226 Savilius
1173 2199 1200 2225 in
1213 2207 1264 2226 suo
1275 2199 1371 2226 codice
1383 2198 1518 2234 apposuit.
1530 2200 1556 2226 ln
1570 2198 1666 2228 codice
1680 2200 1841 2229 Fuketiano

204 2232 383 2280 Eunomianif
399 2233 446 2266 qui
469 2232 880 2280 unica'n‘t‘ersione..baptizant,
897 2238 987 2261 exstat
1002 2253 1024 2280 υ
1042 2234 1174 2273 scriptum
1192 2234 1281 2261 inveni
1299 2232 1434 2270 πρότεροί,
1450 2242 1532 2269 quam
1556 2235 1705 2263 lectionem
1725 2237 1753 2263 in
1775 2245 1839 2265 ver~

203 2275 292 2303 canon
312 2268 447 2303 septimus
463 2267 560 2303 synodi
578 2267 901 2303 Constantinopolitanae.

239 2302 295 2338 (2i)
312 2302 416 2338 Μηδὲν
430 2302 495 2336 περὶ
509 2303 625 2330 τούτου.
651 2302 766 2331 Mallem,
777 2304 900 2331 scribere
924 2304 987 2338 περὶ

203 2337 292 2364 τοῦτο.
311 2336 349 2363 Ita
363 2342 438 2364 certe
457 2338 577 2372 loquitur
591 2339 671 2372 paulo
692 2343 753 2373 post
769 2338 949 2367 Sozomenus.

238 2372 292 2407 (2'2)
322 2373 476 2407 Πρόφασιν
500 2373 598 2407 αὐτὴν
626 2372 871 2408 τοῦίχωρισμοῦ.
904 2373 987 2401 Recte

202 2408 471 2443 Chrislophorsonus
490 2409 564 2436 httnc
588 2409 676 2435 locum
695 2409 829 2435 intellexit
852 2409 886 2435 de
906 2417 986 2443 sepa-

203 2443 308 2470 ratione
322 2442 446 2470 Eunomii
462 2444 496 2471 ab
509 2444 628 2470 Arianis.
646 2444 730 2478 idque
746 2444 826 2478 plane
841 2442 987 2470 continuat

204 2479 402 2513 Philostorgius
418 2480 444 2505 in
459 2479 504 2507 lib.
524 2487 562 2511 ιχ,
582 2486 642 2514 cap.
659 2479 685 2510 4,
701 2484 728 2506 et
743 2478 822 2506 Socr.
841 2480 867 2505 in
882 2480 930 2507 lib.
948 2487 985 2512 iv,

203 2522 264 2550 cap.
280 2515 324 2545 12,
340 2522 419 2549 quctn
433 2514 504 2542 vide.

1041 2276 1119 2295 smne
1136 2277 1194 2296 mea
1211 2275 1323 2296 SCClIl-US
1339 2277 1409 2296 SUlﬂ.

1076 2304 1132 2338 (Ἡ)
1156 2302 1421 2336 Ἀναϐηπτίζοντες.
1436 2303 1601 2332 Eunomiani
1614 2305 1688 2333 istud
1704 2306 1741 2334 ab
1752 2306 1839 2334 Aria-

1041 2340 1095 2371 nis,
1122 2343 1217 2374 utpote
1246 2339 1405 2374 parentibus
1432 2340 1501 2370 suis.
1530 2346 1708 2374 acceperant.
1738 2343 1837 2369 Ariani

1040 2375 1112 2402 enim
1128 2374 1286 2410 Catholicos
1303 2374 1336 2401 ad
1353 2382 1382 2402 se
1403 2375 1544 2402 venientes
1565 2374 1790 2410 rebaptizabant.
1809 2383 1836 2404 ut

1040 2414 1135 2436 notum
1149 2413 1200 2436 est.
1214 2409 1272 2442 Qua
1288 2409 1321 2435 de
1332 2417 1361 2436 re
1373 2410 1449 2437 locus
1463 2415 1504 2437 est
1518 2409 1639 2438 illustris
1649 2411 1677 2438 in
1691 2411 1837 2439 Breviario

1040 2444 1100 2471 lidei
1126 2444 1259 2471 adversus
1280 2444 1409 2477 Arianos,
1427 2445 1500 2479 quod
1525 2446 1590 2472 olim
1606 2446 1694 2473 edidit
1710 2445 1837 2474 Iacobus

1040 2479 1225 2516 VSirmunqus:
1245 2479 1337 2516 Dicere
1353 2481 1434 2506 etiam
1451 2481 1535 2507 solent
1553 2481 1585 2506 de
1604 2481 1750 2515 baptismo,
1762 2490 1836 2516 quoa

1040 2515 1066 2541 in
1080 2523 1109 2542 eo
1127 2515 1220 2542 melius
1236 2515 1270 2541 sit
1289 2515 1404 2549 ipsorum
1420 2515 1592 2548 baptismum,
1604 2525 1686 2551 quam
1697 2515 1837 2549 nostrum;

909 2571 1102 2601 VARIORUM.

238 2622 250 2637 ι
269 2617 338 2650 Περὶ
357 2617 414 2650 τὴν
442 2616 526 2643 θείαν
538 2616 688 2649 βάπτισιν
705 2617 913 2651 ἐνεωτέρισαν,
934 2621 988 2645 etc.

203 2653 258 2680 Eos
276 2653 381 2680 scilicet
397 2652 444 2686 qui
462 2652 488 2678 in
505 2653 615 2678 nomine
635 2651 736 2683 Patris,
752 2657 779 2679 et
794 2652 866 2683 Filii,
885 2658 912 2680 et
926 2652 988 2687 Spi-

205 2693 275 2715 ritus
290 2688 379 2714 sancti
404 2687 534 2721 baptizati
555 2692 634 2719 sunt,
651 2688 729 2722 quasi
745 2688 874 2715 sctluctos
899 2689 990 2714 dcnuo

202 2723 388 2756 baptizabant,
400 2722 482 2756 idque
497 2726 600 2748 tantutu
617 2730 669 2748 una
682 2723 818 2750 mcrsioue
832 2723 857 2749 in
874 2728 988 2749 mortem

202 2757 318 2785 Christi.
336 2756 396 2785 Vid.
415 2756 503 2788 Socr.,
531 2757 578 2783 lib.
608 2765 641 2789 ν,
674 2766 734 2792 t‘tlp.
752 2758 796 2790 24,
817 2761 843 2784 ct
871 2757 986 2790 Theod.,

205 2792 279 2819 llwr.
297 2793 365 2826 fab.,
382 2792 430 2818 lib.
451 2799 487 2824 tv,
501 2799 562 2826 cap.
576 2792 602 2818 5.
619 2793 794 2818 Contrarium
807 2793 906 2820 diserte
923 2800 992 2826 pric-

203 2827 268 2860 cipit
289 2835 377 2854 canon
400 2827 569 2861 upOSlOllClIS
589 2827 846 2862 qtlinqungcslnttts.
877 2828 907 2854 Et
929 2828 991 2862 qui-

1043 2619 1105 2646 dem
1122 2618 1223 2645 trinam
1244 2618 1270 2645 in
1291 2618 1427 2653 baptismo
1447 2619 1603 2654 peragenda
1620 2620 1833 2647 immersionem

1044 2653 1196 2689 antiquitus
1222 2659 1380 2688 usurpatam
1401 2653 1496 2686 fuisse,
1517 2653 1672 2689 locupletes
1696 2656 1833 2683 habemus

1045 2693 1128 2716 testes
1144 2688 1352 2720 Tertullianum,
1369 2688 1696 2724 Atlianasitttn,CyrilIttnt
1710 2690 1832 2722 Πίονος..

1043 2724 1230 2759 Ambrosium,
1257 2724 1380 2758 aliosque
1400 2724 1495 2751 Patres
1513 2724 1624 2751 (ΙΙ-προς
1650 2724 1830 2759 Latinosque.

1044 2758 1110 2786 Vide
1130 2758 1402 2795 Guil._Bev§sectu!,
1414 2760 1511 2786 Annot.
1526 2760 1558 2795 in?
1570 2767 1707 2795 canonetn
1731 2759 1833 2795 praedi-

1042 2799 1130 2825 ctum,
1158 2798 1185 2820 et
1208 2793 1235 2819 in
1263 2792 1357 2821 Codice
1386 2803 1515 2821 canonum
1535 2793 1663 2821 Ecclesia-
1688 2792 1833 2828 pri-mirice

1043 2830 1189 2859 illustruto,
1206 2828 1252 2855 lib.
1273 2835 1302 2860 ll,
1319 2837 1376 2862 cap.
1395 2830 1419 2861 6,
1440 2830 1476 2856 De
1493 2830 1564 2856 trina
1581 2830 1712 2856 mcrsione

1759 125 1819 153 last
1861 43 1868 163 l
