1896 3074
110 132 126 158 1
136 132 194 161 369

602 131 765 160 HISTORIA
784 131 1058 161 ECCLESIASTICA.
1079 149 1114 153 —
1132 133 1196 161 LIB.
1218 132 1261 160 VI.

1686 132 1698 158 1
1705 130 1755 160 570

107 198 185 226 τητι
205 190 289 222 πάθος
312 189 455 224 δέξασθαι,
482 190 528 217 καὶ
549 190 578 217 ὲν
602 191 635 226 τῇ
661 191 804 228 τριημέρῳ
824 191 915 229 ἐκείνῃ

989 201 1078 221 assum
1099 200 1177 225 esse;
1200 196 1228 220 et
1252 191 1278 218 in
1293 191 1422 219 triduana
1450 191 1495 219 illa
1519 190 1643 226 corporis
1669 195 1756 217 morte

109 236 257 271 νεκρώσει
278 235 325 262 τοῦ
347 236 482 272 σώματος,
504 238 551 264 καὶ
573 237 622 272 τὴν
649 236 764 272 θεότητα
799 246 917 264 συναπο-

110 281 294 317 νεκρωθῆναι
308 281 346 318 τῷ
362 282 483 318 σώματι·
499 282 546 309 καὶ
564 281 635 309 οὕτω
658 283 733 318 παρὰ
747 283 793 310 τοῦ
810 284 917 319 Πατρὺς

113 326 207 353 πάλιν
221 327 275 353 ἀπὸ
287 326 334 353 τοῦ
348 327 462 354 θανάτου
477 327 664 362 διαναστῆναι.
680 328 720 355 Τὰ
742 328 771 355 δὲ
787 328 855 356 ἄλλα
868 328 918 356 ὅσα

114 373 286 409 προστίθησι
311 375 370 405 ταῖς
392 373 532 406 τοιαύταις
555 374 690 406 ἀτοπίαις,
707 375 812 410 μακρὸν
827 375 860 402 ἃν
875 376 917 412 εἴη

114 418 261 451 διεξιέναι.
275 417 325 446 Οἷα
339 420 387 455 μὲν
399 418 446 447 οὗν
458 420 505 447 καὶ
521 420 595 452 ὅπως
610 420 674 456 περὶ
684 420 750 447 Θεοῦ
763 420 918 453 δοξάζουσιν

123 465 318 502 Ἀπολινάριός
344 475 375 492 τε
395 468 442 494 καὶ
465 467 608 503 Εὐνόμιος,
634 468 666 494 ὲκ
686 468 740 495 τῶν
766 468 918 504 εἰρημένων

116 511 179 547 ὅτῳ
197 512 270 547 μέλει
287 513 431 540 σκοπείτω.
449 514 480 540 Εἰ
492 514 519 540 δὲ
537 514 602 550 περὶ
616 514 734 549 μάθησιν
749 514 850 549 ἀκριδῆ
864 513 918 541 τῶν

123 558 253 585 τοιούτων
276 559 367 585 πονεῖν
391 559 520 593 ἔγνωκεν,
536 560 568 586 ἐκ
587 559 642 586 τῶν
666 560 878 596 γεγραμμένων,
900 559 917 596 ἢ

118 603 229 636 αὐτοῖς,
243 603 259 639 ἦ
271 604 374 640 ἑτέροις
387 605 450 640 περὶ
465 605 565 638 αὐτῶν,
589 605 752 642 ἐπιζητείτω
767 605 802 632 τά
819 605 916 632 πλείω·

119 649 188 675 ἐπεὶ
202 649 263 683 ἐμοὶ
278 649 340 675 οὔτε
359 649 477 676 συνιέναι
498 650 532 677 τὰ
553 649 676 684 τοιαῦτα,
699 650 762 677 οὔτε
783 651 921 686 μεταφρά-

121 693 185 726 ζειν
209 695 330 727 εύπετές.
350 695 395 727 Ὠς
416 695 488 722 ἔοικε
513 695 552 728 δὲ,
581 695 650 732 πρὸς
676 697 736 727 ταῖς
760 695 920 730 εἰρημέναις

122 740 241 772 αἰτίαις,
263 740 294 767 τὸ
318 741 355 776 μὴ
376 740 512 776 κρατῆσαι
528 741 591 768 τάδε
612 741 646 768 τὰ
668 741 789 776 δόγματα
811 741 859 767 καὶ
881 741 920 772 εἰς

123 787 244 823 ⁸πολλοὺς
258 787 409 822 προελθεῖν,
431 787 548 822 μάλιστα
565 789 621 819 τοῖς
634 787 696 814 τότε
711 788 839 823 μοναχοίς
852 787 920 821 λογι-

127 831 216 858 στέον.
235 831 330 867 Ἀπρὶξ
346 832 400 868 γὰρ
417 831 520 866 εἴχοντο
530 832 584 859 τῶν
601 833 631 858 ὲν
649 832 752 868 Νικαίᾳ
766 832 919 867 δογμάτων,

967 237 1138 265 divinitatem
1153 244 1263 271 quoque
1284 237 1308 263 ei
1330 239 1529 263 commortuam
1555 234 1657 267 fuisse;
1674 237 1756 269 atque

969 282 1005 308 ita
1020 282 1128 309 demum
1146 281 1235 309 Patris
1249 281 1382 308 beneficio
1394 288 1427 308 ex
1440 284 1528 308 morte
1545 280 1580 307 ad
1595 280 1679 307 vitam
1694 287 1756 306 esse

968 331 1135 354 revocatam.
1149 326 1252 354 Caetera
1267 333 1328 361 qua:
1346 325 1505 360 hujusmodi
1522 324 1650 352 absurdis
1664 331 1755 351 asser-

969 371 1089 398 tionibus
1117 370 1258 408 adjpngit,
1285 371 1396 405 longum
1421 369 1503 397 fuerit
1528 375 1754 396 commemorare.

968 416 1098 449 Quisnam
1115 416 1199 451 igitur
1215 419 1241 443 et
1260 415 1353 451 qualia
1372 415 1406 442 de
1422 415 1476 442 Deo
1497 414 1634 442 senserint
1656 413 1754 448 Apolli-

969 463 1046 490 naris
1061 466 1087 489 el
1103 462 1265 495 Eunomius,
1283 470 1316 490 ex
1329 462 1372 489 his
1388 469 1449 497 qum
1461 461 1593 492 diximus,
1606 460 1757 495 intelligere

968 508 1081 547 poterit,
1094 508 1142 543 qui
1163 508 1245 535 volet.
1267 507 1345 541 Quod
1365 507 1386 534 si
1403 507 1466 542 quis
1480 509 1639 533 accuratam
1656 504 1754 539 hujus-

970 553 1043 582 modi
1067 561 1158 580 rerum
1187 552 1313 580 notitiam
1341 552 1488 583 desiderat,
1513 551 1598 579 ex-iis
1613 558 1673 585 qum
1693 549 1755 584 ipsi,

970 600 1012 627 vel
1037 607 1099 634 qua:
1127 598 1172 625 alii
1197 599 1231 626 de
1250 597 1317 633 ipsis
1343 598 1532 632 scripserunt,
1556 597 1633 632 plura
1658 595 1756 631 poterit

970 652 1137 681 cognoscere
1151 654 1157 672 :
1171 652 1260 679 neque
1271 644 1344 671 enim
1358 643 1423 670 mihi
1442 643 1522 670 facile
1535 647 1577 670 est
1592 647 1638 669 aut
1656 641 1755 669 intelli.

971 698 1034 725 gere
1056 691 1120 722 ista,
1137 694 1185 717 aut
1204 696 1351 724 exponere.
1374 688 1510 716 Czsterum
1534 687 1606 722 quod
1631 687 1757 722 dogmata

971 736 1025 764 ista
1052 742 1107 762 non
1132 734 1344 770 prmvaluerint,
1365 740 1416 761 nec
1438 733 1472 760 ad
1493 733 1594 760 multos
1615 740 1760 767 permana-

971 781 1038 812 rint,
1056 785 1216 817 praetereas
1229 786 1329 807 causas
1347 786 1416 814 quas
1436 785 1518 812 supra
1530 777 1597 811 dixi,
1615 777 1759 805 monachis

971 826 1146 862 potissimum
1177 831 1207 854 ut
1239 825 1358 852 arbitror
1385 823 1579 852 ascribendum
1610 828 1660 850 est.
1691 822 1758 850 Nam

125 877 155 903 οῖ
168 878 236 911 τεηέν
255 877 338 913 Συρίᾳ
363 878 411 904 καὶ
436 878 628 913 Καππαδοκίᾳ,
652 878 700 905 καὶ
722 877 801 912 πέριξ
819 877 922 904 τούτων

992 875 1107 906 uotquot
1121 871 1148 898 in
1172 870 1252 906 Syria
1276 873 1305 898 et
1329 869 1518 904 Cappadocia,
1537 871 1564 896 et
1593 867 1761 895 circulnsitis

128 922 347 958 φιλοσοφοῦντες.
364 923 396 950 Ἥ
412 923 462 958 μὲν
476 924 530 959 γὰρ
548 923 620 956 Ἕως
635 923 701 958 (‘28),
723 923 777 950 άπὸ
804 923 922 950 Κιλίκων

129 967 283 1004 ἀρξαμένη,
302 968 382 1004 μέχρι
399 969 531 996 Φοινίκων
545 969 716 996 ἐκινδύνευσε
736 969 861 1003 γενέσθαι
874 968 923 1003 τῆς

137 1014 325 1050 ’Λπολιναρίου
340 1014 471 1050 αἱρέσεως
485 1014 540 1050 (29)
550 1023 556 1029 ·
570 1015 702 1050 Εὑνομίου
723 1014 751 1041 δὲ
776 1013 830 1040 ἀπὸ
848 1012 922 1040 Κιλί-

130 1069 198 1090 κων,
215 1060 261 1087 καὶ
275 1060 380 1094 Ταύρου
398 1059 445 1086 τοῦ
457 1059 554 1095 ὅρους,
577 1059 623 1087 καὶ
639 1059 721 1095 μέχρι
744 1057 791 1085 τοῦ
817 1057 925 1093 Ἑλλησ-

130 1105 229 1132 πόντου
255 1106 302 1132 καὶ
325 1106 374 1140 τῆς
401 1104 720 1137 Κωνσταντινουπόλεως·
752 1104 852 1140 ῥᾳδίως
870 1102 925 1138 γάρ

131 1151 263 1187 ἑκάτερος
278 1151 341 1187 παρ’
356 1149 396 1183 οἷς
408 1151 535 1186 διέτριϐε,
550 1151 672 1183 καὶτοὺς
687 1150 781 1181 πέλας,
796 1150 829 1176 τά
842 1147 924 1175 αὑτοῦ

133 1199 241 1233 φρονεῖν
252 1197 353 1224 ἔπειθε.
368 1197 561 1232 Παραπλήσιον
571 1196 600 1223 δέ
614 1204 672 1227 πως
684 1196 739 1226 τοῖς
749 1195 795 1221 ἐπὶ
807 1194 924 1230 Ἀρείου,

134 1243 182 1270 καὶ
205 1243 250 1269 ἐπὶ
275 1243 380 1274 τούτοις
409 1242 581 1277 συμϐέϐηκε·
604 1241 635 1268 τὸ
655 1241 710 1276 γὰρ
726 1240 789 1276 τῇδε
813 1238 924 1281 πλῆθος,

133 1289 198 1320 τοὺς
223 1288 393 1324 δηλωθέντας
413 1288 545 1322 μοναχοὺς
564 1287 613 1322 τῆς
639 1286 739 1322 ἀρετῆς
759 1285 812 1312 τῶν
837 1284 926 1320 ἔργων

134 1335 318 1369 ὲκθαυμάζον,
341 1334 428 1370 ὀρθῶς
449 1334 547 1365 αὐτοὺς
567 1332 688 1366 δοξάζειν
711 1332 854 1358 ἐπίστευε·
878 1329 927 1357 καὶ

134 1380 198 1411 τοὺς
214 1379 301 1411 ἄλλως
326 1378 500 1414 φρονοῦντας,
525 1377 569 1405 οἷά
592 1387 624 1412 γε
651 1377 688 1413 μὴ
714 1376 926 1412 καθαρεύοντας,

135 1425 220 1451 νόθων
245 1425 387 1459 δογμάτων
415 1424 625 1460 ἀπεστρέφοντο.
651 1423 758 1458 Ὥσπερ
783 1422 927 1456 Αἰγύπτιοι

135 1471 192 1501 τοῖς
209 1471 272 1505 παρ’
288 1470 378 1500 αὐτοῖς
392 1470 518 1505 μοναχοῖς
543 1468 681 1504 ἑπόμενοι,
704 1466 832 1499 ἐναντίως
855 1464 928 1502 εἶχον

136 1515 204 1551 πρὸς
220 1516 282 1547 τοὺς
303 1515 417 1552 Ἀρείου.

974 917 1124 953 provinciis
1142 916 1326 944 monasticam
1351 914 1553 950 philosophiam
1571 913 1760 944 sectabantur,

974 962 1089 990 Niczenaz
1124 961 1221 997 synodi
1254 959 1371 988 decretis
1407 957 1548 986 mordicus
1575 955 1761 983 adhaerebant.

974 1007 1074 1035 Parum
1086 1010 1159 1035 certe
1171 1005 1259 1034 abfuit
1274 1005 1340 1040 quin
1353 1003 1474 1031 Orientis
1489 1009 1586 1030 omnes
1602 999 1761 1036 provinciae,

975 1061 990 1080 a
1005 1052 1100 1081 Cilicia
1117 1059 1206 1087 usque
1223 1051 1257 1078 ad
1275 1049 1436 1082 Phccnicen,
1452 1047 1620 1083 Apollinaris
1635 1045 1761 1073 hicresim

975 1099 1215 1134 amplecterentur.
1232 1096 1360 1124 Eunomii
1385 1099 1477 1122 autem
1495 1092 1619 1125 haeresis,
1636 1100 1650 1119 a
1667 1090 1762 1119 Cicilia

975 1148 1002 1172 et
1027 1147 1120 1171 monte
1134 1143 1227 1170 Tauro
1244 1141 1276 1169 ad
1292 1140 1496 1176 Hellespontum
1521 1139 1602 1174 256
1626 1145 1712 1173 usque
1735 1140 1763 1164 et

975 1189 1254 1224 Constantinopolim,
1273 1192 1372 1216 cuncta
1391 1185 1588 1222 propemodum
1608 1183 1763 1219 occupavit.

977 1234 1096 1270 Uterque
1112 1234 1186 1262 enim
1203 1238 1260 1261 tum
1274 1240 1322 1261 eos
1336 1232 1407 1268 apud
1420 1239 1489 1267 quos
1500 1230 1690 1261 morabantur,
1706 1233 1762 1256 tum

975 1288 1070 1308 eorum
1095 1280 1238 1313 ﬁnitimos,
1262 1280 1289 1306 in
1308 1287 1385 1306 suam
1413 1278 1577 1306 sententiam
1598 1276 1679 1304 facile
1703 1283 1764 1310 per-

977 1327 1124 1355 duxerunt.
1149 1325 1222 1353 Idem
1249 1332 1333 1360 porro
1357 1325 1417 1352 istis
1440 1324 1555 1356 accidit,
1582 1323 1654 1359 quod
1681 1326 1761 1349 antea

977 1371 1086 1400 Arianis
1101 1370 1252 1398 acciderat.
1265 1370 1387 1405 Populus
1395 1369 1468 1397 enim
1484 1369 1512 1396 in
1528 1369 1582 1395 illis
1597 1367 1764 1403 regionibus,

977 1425 1041 1446 cum
1059 1416 1212 1444 monachos
1236 1424 1307 1450 quos
1323 1423 1406 1451 supra
1425 1415 1557 1447 diximus,
1581 1414 1616 1441 ob
1638 1413 1764 1440 virtutem

977 1467 1059 1498 atque
1075 1469 1156 1497 opera
1174 1461 1252 1489 valde
1268 1462 1464 1494 admiraretur,
1490 1465 1563 1487 recte
1583 1460 1645 1487 illos
1664 1459 1766 1486 sentire

978 1508 1154 1537 existimabat
1165 1515 1171 1533 ι
1182 1514 1230 1534 eos
1245 1514 1311 1534 vero
1323 1506 1370 1541 qui
1387 1506 1465 1533 aliter
1475 1505 1618 1537 sentirent,
1635 1508 1765 1539 tanquam

136 1549 298 1589 adulterinis
336 1549 522 1595 opinionibus
557 1560 736 1595 inquinatos.
773 1557 983 1586 aversabantur.
1028 1552 1262 1586 Quemadmodum
1307 1551 1372 1580 olim
1407 1550 1529 1587 Egyptii
1570 1549 1767 1577 monachorum

138 1613 251 1634 suorum
265 1605 418 1633 doctrinam
437 1605 541 1638 scenti,
565 1604 675 1631 Arianis
692 1604 802 1631 fortiter
820 1602 988 1630 restiterant.

427 1652 553 1679 ΚΕΦΑΛ.
574 1652 641 1678 KH’.
945 1652 967 1680 C

810 1694 929 1730 μισάν-

137 1699 208 1733 Περὶ
227 1699 284 1725 τῶν
300 1698 375 1725 κατὰ
392 1697 463 1733 {aig-
479 1697 601 1731 καιροὺς
622 1695 811 1733 ἐκείνους-,ἀι

174 1731 233 1760 των
248 1734 338 1768 ἀγίωνζ
352 1731 470 1766 ἀνδρῶν
489 1733 523 1768 ἐξ·
538 1732 686 1766 Αἰγύπτῳ,
705 1731 930 1768 ῘΙωάνῖ-οοῇᾮρ,

180 1766 280 1803 Ἇμὼνί¹
298 1767 407 1803 Βήνου,
423 1767 530 1803 Oeam-6,
554 1768 683 1800 Κύπρου,
705 1766 809 1799 Ἑλλή,
835 1766 930 1798 Ἠλία,

181 1802 335 1833 Ἀπελλοῦ,
357 1802 518 1836 ‘Imb‘dipov,
547 1802 749 1835 Σεραπίωνος,
768 1802 932 1835 Διοσκόρου

176 1839 225 1865 καὶ
243 1838 402 1871 Erum-Iov.

175 1883 222 1914 Εἰς
245 1882 339 1918 καιρὸν
355 1881 384 1908 δέ
406 1890 451 1916 μοι
474 1882 558 1915 δοκεῖ,
580 1881 780 1917 ἐπιμνησθέντα
797 1881 850 1908 τῶν
872 1880 931 1908 τότε

1019 1886 1071 1920 Sed
1080 1885 1191 1922 quando
1206 1885 1234 1913 in
1246 1886 1413 1913 mentionem
1431 1884 1515 1912 incidi
1530 1891 1624 1911 eorum
1639 1884 1686 1919 qui
1703 1887 1770 1910 tunc

139 1929 170 1954 ὲν
189 1927 395 1963 Χριστιανισμῷ
412 1927 637 1962 φιλοσοφούντων,
651 1928 729 1959 ὅσους
749 1927 782 1954 ἂν
800 1927 931 1962 δυναίμην

989 1932 1115 1967 Lemporis
1139 1931 1211 1959 inter
1227 1930 1402 1967 Christianos
1421 1929 1605 1964 philosophati
1627 1933 1705 1960 sunt.
1725 1936 1771 1964 op-

141 1973 294 2006 διεξελθεῖν.
321 1972 437 2008 Πλείστη
463 1974 517 2008 γὰρ
544 1974 605 2000 κατ’
628 1974 715 2000 ἐκεῖνο
741 1972 837 2007 καιροῦ
863 1972 931 2007 φορὰ

989 1983 1133 2015 portunum
1157 1978 1277 2005 arbitror
1305 1965 1487 2011 quoscunque
1517 1983 1592 2003 nunc
1619 1975 1770 2009 potuerim,

142 2019 274 2054 θεοφιλῶν
289 2019 393 2054 ἀνδρῶν
409 2018 530 2054 ἐπήνθει.
546 2019 682 2054 Διέπρεπε
698 2018 726 2044 δὲ
742 2018 811 2045 κατὰ
824 2017 931 2048 τούτους

989 2031 1211 2053 commemorare.
1236 2022 1274 2049 Ea
1295 2022 1368 2050 enim
1392 2025 1553 2056 tempestate
1574 2021 1670 2055 ingens
1691 2021 1770 2056 copia

142 2062 180 2092 ὧν
203 2066 282 2100 ἴσμεν
303 2065 333 2091 ὲν
351 2064 480 2100 Αἰγύπτῳ
498 2064 640 2100 Ἰωάννης,
664 2062 686 2098 ᾧ
711 2065 742 2090 τὸ
770 2063 864 2099 μέλλον
888 2063 931 2090 καὶ

989 2070 1125 2098 hominum
1137 2069 1192 2096 Deo
1203 2068 1364 2095 dilectorum
1377 2066 1506 2094 eﬂloruit.
1518 2065 1557 2093 Ex
1572 2066 1607 2093 iis
1623 2074 1686 2093 vero
1701 2074 1771 2100 quos

143 2111 231 2142 ἄλλοις
255 2110 351 2145 ἄδηλον
374 2111 387 2136 ό
410 2110 476 2142 Θεὸς
504 2110 648 2145 ἐδήλωσεν,
673 2111 723 2145 οὺχ
748 2109 828 2146 ἦττον
848 2109 931 2144 ἢτοῖς

989 2116 1013 2143 in
1044 2115 1163 2151 [Egypto
1189 2113 1292 2141 vixisse
1327 2113 1501 2148 accepimus,
1528 2111 1685 2146 praecipuus
1719 2112 1772 2138 fuit

143 2157 233 2188 ἄλλοις
255 2156 338 2183 πάλαι
358 2156 527 2191 προφήταις·
549 2156 596 2183 καὶ
617 2155 702 2191 δῶρον
723 2155 821 2182 ἔδωκεν
845 2155 931 2195 ἰᾶσθαι

989 2161 1115 2194 Ioannes,
1139 2159 1183 2188 cui
1201 2159 1274 2187 Deus
1293 2166 1347 2187 non
1363 2158 1455 2186 minus
1471 2166 1554 2194 quam
1566 2157 1705 2186 veteribus
1717 2156 1772 2185 illis

1247 1643 1338 1678 ,CAP.
1364 1643 1481 1671 XXVIII.

983 1694 1019 1722 De
1046 1691 1235 1726 sanctisiviris
1259 1691 1304 1726 qui
1332 1696 1394 1726 tunc
1417 1691 1452 1726 ir:
1468 1689 1588 1726 IEgyplq
1603 1689 1766 1726 ﬂoruerunt,

1015 1728 1129 1758 Joanne,
1148 1725 1195 1756 ον,
1216 1723 1311 1758 Anton,
1327 1725 1410 1755 Beno,
1432 1723 1548 1757 morm.
1568 1724 1661 1755 Come,
1683 1723 1764 1756 Melle,

1019 1763 1094 1794 Elia,
1122 1761 1225 1795 Apelle,
1259 1760 1381 1793 Isidoro,
1399 1759 1559 1795 Serapione,
1585 1759 1713 1786 Dioscoro
1745 1767 1769 1788 et

1018 1797 1140 1832 Eulogia.

143 2204 207 2235 τοὺς
217 2203 336 2233 ἀνιάτοις
351 2202 449 2229 πάθεσι
462 2202 510 2228 καὶ
523 2202 611 2234 νόσοις
625 2202 788 2237 κάμνοντας.
803 2202 856 2228 Καὶ
873 2202 933 2237 Ὢρ,

143 2249 173 2281 ὃς
186 2249 219 2275 ὲκ
231 2248 290 2275 νέου
306 2247 437 2283 διέτριόεν
452 2249 480 2274 ὲν
496 2249 618 2284 ἐρήμοις,
633 2248 677 2275 ἀεὶ
695 2248 725 2275 τὺ
735 2248 812 2275 Θεῖον
831 2247 933 2282 ὑμνῶν.

151 2293 296 2329 Ἑτρέφετο
319 2293 348 2320 δὲ
370 2293 495 2329 βοτάναις
517 2293 564 2320 καὶ
587 2293 676 2329 ῥίζαις
696 2293 776 2320 τισίν.
797 2292 888 2328 ’Υδωρ
906 2292 935 2318 δὲ

145 2340 236 2366 ἔπινεν
250 2338 277 2365 εί
289 2347 326 2375 πη
344 2336 431 2375 εὗρεν.
455 2339 530 2366 Ἐπεὶ
553 2339 581 2366 δὲ
597 2339 685 2374 γέρων
705 2336 749 2374 ἦν,
765 2338 837 2366 κατὰ
859 2337 934 2364 θείαν

145 2385 294 2422 πρόσταξιν
307 2384 488 2420 μετοικισθεὶς
502 2386 542 2417 εἰς
553 2384 684 2420 Θηδαῖδα,
697 2384 831 2411 πλείστων
842 2385 934 2420 ἠγεῖτο

147 2431 351 2467 μοναστηρίων,
374 2431 427 2458 οὐδ’
445 2431 525 2462 αὐτὸς
552 2430 631 2458 θείων
655 2430 779 2466 πράξεων
802 2430 934 2466 ἀμοιρῶν.

145 2478 235 2505 Μόνον
249 2477 302 2513 γὰρ
320 2477 475 2512 εὐχόμενος,
500 2476 594 2507 νόσους
614 2476 661 2503 καὶ
684 2476 813 2511 δαίμονας
825 2476 934 2510 ῆλαυνε.

146 2524 203 2550 Καὶ
225 2524 377 2559 γράμματα
404 2523 441 2559 μὴ
467 2522 569 2558 μαθὼν,
585 2523 634 2549 οὐκ
659 2523 742 2549 ἐδεῖτο
763 2523 872 2558 βιϐλίων
896 2523 937 2554 εἰς

146 2568 298 2603 ἀνάμνησιν
308 2576 314 2582 ·
330 2568 397 2595 ἀλλὰ
412 2568 465 2594 πᾶν
479 2568 547 2603 ὅπερ
561 2567 656 2594 ἐλαϐεν
670 2569 710 2599 εἰς
728 2568 799 2600 νοῦν,
815 2569 935 2603 κρεῖττον

985 2207 1142 2244 prophetis,
1161 2206 1315 2234 futurarum
1337 2204 1547 2239 abditarumque
1571 2211 1660 2231 rerum
1680 2203 1774 2238 cogni-

986 2254 1087 2280 tionem
1105 2252 1255 2279 donaverat
1270 2257 1278 2277 :
1292 2257 1395 2284 eosque
1417 2249 1464 2284 qui
1483 2248 1683 2277 insanabilibus
1702 2255 1773 2275 mor—

986 2298 1029 2327 bis
1060 2297 1221 2325 laborabant
1246 2296 1362 2324 curandi
1393 2295 1507 2323 dederat
1534 2298 1707 2330 potestatem.
1736 2293 1773 2322 0r

987 2347 1128 2379 praeterea,
1141 2342 1188 2377 qui
1209 2341 1244 2369 ab
1263 2341 1376 2369 ineunte
1388 2345 1466 2368 aetate
1483 2340 1551 2368 vixit
1568 2339 1596 2366 in
1612 2339 1772 2370 solitudine,

986 2389 1101 2424 hymnos
1115 2387 1227 2416 assidue
1241 2387 1267 2414 in
1285 2386 1331 2414 Dei
1350 2386 1458 2413 laudem
1474 2393 1586 2413 canens.
1602 2384 1772 2412 Vescebalur

985 2438 1077 2462 autem
1109 2432 1209 2469 plantis
1237 2433 1404 2468 quibusdam
1430 2439 1461 2458 ac
1486 2431 1635 2459 radicibus.
1668 2431 1772 2465 Aquam

985 2488 1051 2508 vero
1069 2480 1188 2511 bibebat,
1209 2479 1298 2506 sicubi
1319 2479 1469 2505 invenerat.
1494 2477 1546 2510 Qui
1571 2484 1633 2504 cum
1656 2476 1710 2511 jam
1740 2476 1772 2502 ad

986 2526 1099 2554 senilem
1114 2525 1236 2553 venisset
1254 2529 1375 2556 aetatem,
1391 2523 1445 2551 Deo
1458 2522 1583 2558 iubente,
1604 2522 1724 2557 migrans
1747 2522 1772 2548 in

986 2568 1163 2601 Thebaidem,
1178 2568 1305 2604 plurimis
1328 2567 1383 2595 illic
1401 2567 1577 2595 monasteriis
1594 2566 1720 2601 praefuit,
1738 2573 1773 2592 ne

146 2611 232 2648 λήθης
244 2612 385 2648 ἐτύγχανε.
406 2613 474 2648 Περὶ
488 2613 517 2640 δὲ
531 2613 608 2640 τοῦτο
624 2613 654 2640 τὸ
673 2613 758 2648 κλίμα
781 2613 931 2647 ἐφιλοσόφει

989 2614 1034 2641 ille
1048 2613 1157 2649 quidem
1179 2612 1373 2640 miraculorum
1391 2620 1499 2647 expers.
1523 2611 1631 2640 Morbos
1649 2611 1722 2639 enini
1741 2618 1773 2637 ac

747 2701 881 2730 VALESII
899 2702 1174 2730 ANNOTATIONES.
1397 2706 1402 2721 δ

186 2771 241 2807 (‘28)
269 2772 300 2799 Ἡ
315 2771 374 2806 μὲν
394 2772 446 2807 γὰρ
462 2772 526 2805 ἔως.
540 2771 567 2798 In
588 2771 681 2798 codice
703 2771 852 2807 Fnkctiano
870 2771 937 2798 scri-

151 2811 226 2868 pturn
251 2807 343 2834 inveni
369 2807 416 2841 ἕω,
442 2808 512 2842 quod
539 2806 650 2834 minime
677 2806 865 2841 negligendum
886 2814 935 2841 pu-

166 2849 219 2867 avz.

1027 2771 1082 2803 (“29)
1117 2770 1172 2803 Τῆς
1201 2770 1410 2806 Ἀπολιναρίου
1440 2769 1588 2806 αἱρέσεως.
1620 2767 1655 2806 ln_
1680 2765 1774 2805 codice

991 2801 1311 2867 F|ukctianulsrriptum
1342 2801 1392 2833 ἐει
1422 2801 1547 2840 μερίδος,
1584 2801 1656 2838 quod
1689 2801 1774 2836 magis

992 2849 1008 2875 p
1021 2849 1067 2867 acc
1083 2860 1089 2868 .
