1896 3074
99 112 175 142 4375

602 105 765 134 HISTORIA
784 103 1065 133 ECCLLSIASTICA.
1082 117 1117 124 -—
1134 102 1200 130 LIB.
1213 101 1258 130 Vl.

1668 103 1737 130 1574

97 180 203 207 γνωσιν
228 169 373 206 ἐσχηκέναι
389 169 438 204 τῆς
464 168 517 196 τῶν
542 167 708 204 προσιόντων
731 167 834 207 ἑννοίας
849 166 895 193 ἐπὶ

971 164 1046 192 ηεεείι
1060 168 1152 191 autem
1168 166 1303 198 tempore,
1320 161 1409 197 pretio
1424 161 1553 190 conducti
1570 160 1661 197 fruges
1678 170 1736 189 tne-

96 216 238 247 τοσοΰτον,
255 215 292 247 ὡς
307 216 354 242 καὶ
372 215 406 242 τὰ
424 213 607 250 ἡμαρτημένα
626 213 720 248 σαφῶς
735 212 893 247 διελέγχειν,

96 263 150 290 καὶ
164 262 198 288 τὰ
212 261 281 288 κατὰ
295 261 356 288 νοῦν
373 260 479 295 ἑκάστῳ
500 260 677 296 κρυπτόμενα
696 259 811 294 ὲφοειοᾷν⁸
831 259 894 290 τοὺς

96 306 149 334 οὖν
167 307 260 338 κακῶς
275 306 460 341 πεπραχότας,
474 306 491 340 ἢ
509 304 573 340 περί
586 313 658 336 τινος
671 303 772 338 φαύλου
789 303 896 338 βουλευ-

99 351 248 386 σαμένους,
261 350 331 380 τέως
345 346 419 384 εἶργε
435 349 480 375 τοῦ
496 348 701 384 θυσιαστηρίου,
717 347 800 383 δήλην
815 348 895 381 ποιή-

99 400 153 424 σας
163 392 212 427 τὴν
222 391 360 427 ἁμαρτίαν
370 398 376 405 ·
391 390 556 426 μεταμελείᾳ
567 390 594 417 δὲ
610 389 795 425 καθαρθέντας
814 389 896 417 πάλιν

100 439 245 473 προσίετο.

945 211 1058 241 tebaut,
1080 212 1108 236 et
1127 209 1295 236 frumentum
1312 207 1387 242 quod
1411 207 1463 235 sibi
1487 207 1623 235 suﬂiceret
1640 214 1738 235 recon-

945 256 1057 286 debam.
1073 258 1101 282 et
1123 255 1185 282 aliis
1207 254 1351 282 monachis
1368 254 1454 288 gratis
1478 253 1593 281 dabant.
1612 253 1736 281 Dioscori

948 309 1012 329 vero
1035 301 1108 328 haud
1142 300 1238 336 plures
1265 308 1347 335 quam
1374 303 1484 327 centum
1503 304 1582 327 erant
1599 299 1736 333 discipuli.

948 347 1000 380 Qui
1023 354 1086 374 cum
1105 350 1177 374 esset
1200 346 1356 382 presbyter,
1375 352 1483 373 summa
1508 352 1570 372 cum
1597 343 1738 379 diligentia

957 392 1130 421 sacerdotale
1156 399 1257 419 munus
1282 391 1431 426 implebat;
1454 398 1502 418 eos
1522 390 1571 425 qui
1595 390 1628 417 ad
1659 396 1738 417 sacra

952 438 1083 474 mysteria
1104 438 1280 469 accederent,
1295 437 1455 465 examinans
1472 440 1500 464 et
1522 439 1651 464 accurate
1666 435 1734 470 diju-

99 483 200 511 tlicans
216 492 223 510 :
240 483 278 510 ita
293 487 323 510 ut
340 486 430 510 mente
448 486 530 509 antea
547 484 726 517 perpurgata,
760 489 811 509 nec
846 482 931 511 ullius
949 484 1065 512 admissi
1086 484 1199 512 sceleris
1227 483 1334 511 conscii
1360 482 1542 510 accederent.
1569 480 1667 508 Adhuc
1692 481 1738 508 illo

100 530 228 558 severior
239 530 267 557 in
288 530 377 558 sacris
396 529 534 565 mysteriis
552 528 741 564 impertiendis
757 528 808 556 fuit
828 535 884 557 tum
904 530 1035 567 Eulogius
1047 531 1206 567 presbyter;
1225 539 1305 566 quem
1324 531 1425 562 ferunt,
1449 537 1511 557 cum
1532 536 1589 556 rem
1617 528 1738 556 divinam

100 579 227 609 faceret,
258 575 447 603 accedentium
481 574 666 610 cogitationes
698 582 787 610 usque
826 575 895 603 adeo
913 577 1092 611 praenovisse,
1104 582 1133 604 ιιι
1145 577 1243 604 delicta
1255 583 1350 603 eorum
1380 575 1536 602 certissime
1565 579 1738 609 ooargneret,

101 627 133 650 ct
151 630 212 658 quae
228 622 327 657 singuli
365 622 475 656 penitus
501 621 528 648 in
556 625 648 649 mente
671 621 815 649 recondita
849 622 1006 657 habebant,
1036 624 1220 659 perspiceret.
1241 623 1293 649 Eos
1323 622 1405 657 igitur
1431 621 1479 656 qui
1501 621 1564 648 mali
1589 620 1730 656 quidpiam

100 671 322 704 perpetrassent,
337 672 385 694 aut
400 671 510 702 patrare
524 667 722 700 decrevissent,
734 667 893 702 aliquandiu
914 670 1029 697 arcebat
1049 670 1083 697 ab
1094 669 1187 704 altari,
1201 668 1301 696 delicta
1317 675 1413 696 eorum
1432 667 1460 694 in
1493 670 1620 702 apertum
1651 666 1740 701 prole'

101 722 181 742 rens.
196 713 294 741 Postea
308 720 372 741 vero
382 713 543 748 pmnitentia
559 717 689 749 purgatos
701 714 734 741 ad
746 714 876 749 mysteria
895 714 1069 743 admittebat.

390 770 517 797 ΚΕΦΑΛ.
538 770 603 797 ΚΘ’.

328 826 447 860 Θηϐαΐδι
469 827 620 862 μοναχῶν,
642 828 784 861 Ἀπολλὼ,
804 830 896 862 Δωρο-

139 861 220 893 θέου,
253 861 436 896 Πιάμμωνος,
460 860 607 894 Ἰωάννου,
629 860 780 897 Μάρκου,
796 860 897 890 Μακα-

135 897 224 930 ρίου,
247 897 470 928 Ἀπολλωνίου,
494 897 632 931 Μωσέως,
655 899 776 926 Παύλου
796 899 848 926 τοῦ
863 899 898 926 ἐν

140 931 250 966 Φέρμῃ,
269 930 385 966 Παχὼν,
400 932 554 966 Στεφάνου
570 933 619 960 καί
635 933 722 967 Πίωρ.

142 978 221 1005 Κατὰ
237 976 348 1009 τούτους
361 977 389 1004 δὲ
406 978 452 1004 καὶ
474 977 608 1010 ’Δπολλὼς
627 979 655 1005 ἐν
670 978 784 1012 Θηϐαίδι
800 978 898 1014 διέτρι-

103 1023 165 1055 6εν,
180 1022 209 1055 ὃς
231 1023 298 1058 ήὸᾷν
316 1022 476 1058 ἀρχόμενος,
498 1023 701 1059 ἐφιλοσόφησεν.
723 1024 784 1050 Ἐπ)⁸
797 1032 896 1051 τεσσα-

105 1068 227 1104 ράκοντα
242 1069 270 1095 δὲ
288 1068 335 1104 ἐτη
355 1068 405 1104 τὴν
422 1068 523 1103 ἔρημον
545 1069 670 1105 οἰκήσας,
695 1069 827 1105 σπήλαιον
847 1069 900 1096 ὑπὸ

105 1113 138 1139 τὸ
155 1113 215 1148 ὅρος
231 1113 344 1148 πλησίον
367 1114 416 1148 τῆς
439 1114 612 1150 οἰκουμένης,
634 1115 681 1142 τοῦ
699 1115 766 1142 Θεοῦ
783 1116 901 1150 χρήσαν-

105 1167 165 1189 τος,
180 1158 337 1185 κατέλαὸεν.
356 1158 422 1185 ’Υπδ
441 1159 469 1185 δὲ
484 1158 604 1194 πλήθους
621 1159 855 1196 θαυματουργιῶν,
871 1161 900 1187 ἐν

106 1203 193 1238 ὀλίγῳ
206 1204 340 1240 ἐπίσημος
352 1204 469 1239 ἐγένετο,
483 1205 529 1231 καὶ
545 1204 656 1241 ἡγεμὼν
672 1205 805 1232 πλείστων
821 1214 901 1241 μονα-

107 1249 177 1284 χῶν.
191 1247 245 1276 Ἦν
265 1250 319 1285 γὰρ
340 1250 387 1277 καὶ
415 1251 475 1282 ταῖς
497 1250 682 1282 διδασκαλίαις
706 1251 745 1282 είς
768 1251 901 1285 ὠφέλειαν

108 1295 265 1330 ἑπαγωγός.
279 1295 350 1322 Ἀλλ’
366 1296 410 1332 οἵᾳ
423 1296 473 1331 μὲν
494 1296 589 1332 ἀγωγῇ
610 1297 718 1332 ἐχρῆτο,
737 1297 784 1323 καὶ
801 1296 902 1332 ἡλίκων

106 1340 146 1376 ἦν
157 1342 237 1369 θείων
251 1341 297 1368 καὶ
311 1342 468 1377 παραδόξων
481 1343 653 1378 πραγμάτων
665 1343 790 1378 ποιητὴς,
803 1343 904 1378 ἱστορεῖ

108 1388 243 1423 Τιμόθεος
266 1389 281 1415 ό
306 1389 355 1423 τὴν
377 1388 572 1424 ’Δλεξανδρέων
601 1389 763 1424 Ἐκκλησίαν
791 1390 903 1425 ἐπιτροι

110 1434 216 1466 πεύσεις
226 1442 233 1449 ·
248 1431 277 1461 εὖ
292 1434 364 1469 μάλα.
380 1434 472 1467 αὑτοῦ,
491 1434 538 1461 καλ¹
549 1434 653 1461 πολλῶν
667 1431 704 1461 ὧν
717 1434 902 1469 ἐπεμνήσθην,

100 826 176 860 Περὶ
193 825 251 853 τῶν
270 826 304 852 ἐν

54 1514 57 1516 Π
111 1481 162 1506 καὶ
185 1480 271 1507 ἄλλων
288 1480 406 1516 δοκίμων
425 1480 550 1516 μοναχῶν
569 1481 633 1512 τοὺς
653 1479 727 1515 βίους
750 1479 903 1513 διεξελθών.

119 1526 165 1552 Ἐν
181 1525 209 1552 δὲ
225 1526 264 1561 τῷ
280 1526 340 1554 τότε
367 1526 460 1553 πολλοὶ
475 1526 522 1553 καὶ
535 1525 632 1561 ἀγαθοὶ
650 1526 800 1558 σπουδαίως
816 1526 906 1561 ὲφιλο-

113 1572 215 1606 σόρουν
229 1573 279 1599 ἀνὰ
289 1573 338 1608 τὴν
354 1572 567 1608 Ἀλεξάνδρειαν,
585 1573 657 1609 ἀμφὶ
676 1573 799 1608 δισχίλιοι
813 1573 888 1604 ὄντες
898 1580 905 1587 ·

111 1614 151 1643 ὧν
165 1617 189 1642 οἱ
202 1617 250 1652 μὲν
276 1618 305 1644 ἐν
320 1619 375 1649 τοῖ;
390 1618 567 1653 καλουμένοις
580 1619 629 1654 ὲρη
635 1619 723 1653 μικοῖς
739 1618 793 1653 (53)
807 1617 905 1654 ᾤκουν·

112 1664 138 1689 οῖ
152 1663 180 1689 δὲ
213 1664 276 1698 περὶ
293 1663 338 1690 τὸν
355 1664 508 1700 Μαρεώτην
525 1665 572 1691 καὶ
587 1665 650 1696 τοὺς
669 1665 701 1690 ὲκ
716 1664 844 1698 γειτόνων
859 1663 907 1690 Λί-

114 1710 193 1741 6υας.
219 1710 380 1746 Ὑπερφυῶς
408 1710 436 1737 δὲ
469 1711 498 1738 ἐν
524 1711 630 1743 τούτοις
661 1711 792 1746 διέπρεπε
817 1710 907 1745 Δωρό-

115 1756 177 1788 θεος
189 1756 255 1790 (54),
265 1757 383 1792 Θηϐαῖος
396 1757 426 1783 τὸ
436 1757 523 1791 γένος,
545 1754 567 1791 ᾧ
580 1757 636 1792 βίος
648 1755 692 1792 ἦν,
705 1758 734 1784 ὲν
744 1757 835 1792 ἡμέρᾳ
848 1757 907 1792 μὲν,

115 1802 171 1828 ἀπὸ
187 1802 234 1837 τῆς
249 1802 333 1833 πέλας
350 1802 488 1838 θαλάσσης
503 1803 592 1835 λίθους
607 1803 755 1837 συλλέγειν,
773 1804 819 1829 καὶ
833 1802 909 1834 ἔτους

114 1847 233 1873 ἑκάστου
248 1847 358 1874 οἰκίδιον
378 1847 603 1880 κατασκευάζειν,
618 1848 665 1874 καὶ
683 1847 782 1874 διδόναι
799 1848 854 1879 τοῖς
872 1847 909 1882 μὴ

114 1892 276 1927 δυναμένοις
289 1893 396 1924 ἑαυτοῖς
410 1893 575 1928 οἰκοδομεῖν·
592 1893 700 1929 νύκτωρ
719 1893 748 1920 δὲ
768 1895 807 1925 εἰς
827 1893 909 1920 αὑτοῦ

115 1938 265 1981 διατροφὴν
281 1940 312 1965 ὲκ
327 1939 455 1973 φοινίκων
479 1939 584 1974 φύλλων
603 1940 696 1975 σειρὰς
711 1939 828 1972 πλέκων,
843 1948 911 1965 σπυ-

116 1985 195 2021 ρίδας
215 1984 366 2020 εἰργάζετο.
389 1985 483 2021 Τροφὴ
499 1985 527 2012 δὲ
546 1984 580 2021 ἦν
600 1985 674 2020 αὑτῷ
698 1985 781 2020 ἄρτου
803 1985 911 2019 οὑγκίαι

116 2032 159 2063 ἓξ,
176 2031 222 2058 καὶ
237 2031 344 2058 λεπτῶν
359 2031 483 2066 λαχάνων
501 2032 579 2066 δέμα,
596 2032 643 2059 καὶ
663 2031 735 2065 ὕδωρ
752 2032 842 2058 πότον.
864 2031 911 2058 Ἐκ

116 2077 181 2105 νέου
200 2077 228 2104 δὲ
243 2077 330 2109 οὕτως
348 2078 483 2113 ἀσκήσας,
507 2078 538 2104 οὐ
560 2078 663 2104 διέλιπε
684 2078 730 2104 καὶ
742 2077 830 2112 γέρων
854 2076 890 2103 ὥν
902 2084 909 2091 ·

1197 771 1280 806 253
1302 770 1379 799 CAP.
1397 769 1494 797 xx1x.

947 828 985 855 De
1022 828 1157 856 monachis
1189 828 1215 854 in
1249 827 1382 854 Thebaide
1411 825 1565 861 degentibus
1588 823 1739 861 :_.§pollo,

981 863 1124 894 Dorotheo,
1148 863 1313 893 Piammoue,
1339 858 1459 894 Joanne:
1487 860 1592 890 Marco.
1609 858 1740 894 Macario,

983 898 1141 933 Apollonio,
1158 897 1243 930 Noae,
1260 897 1346 925 Paulo
1374 896 1524 928 Fcrmensi,
1546 894 1667 927 Paohou,
1683 893 1743 921 Ste-

982 932 1069 968 phano
1083 939 1108 960 et
1126 932 1204 960 Pior.

983 979 1087 1008 Horum
1124 979 1294 1013 temporibus
1328 978 1444 1014 aequalis
1480 976 1593 1012 Apollos
1618 975 1687 1003 vixit
1715 975 1742 1002 in

949 1025 1099 1054 Thebaide.
1126 1025 1178 1059 Qui
1203 1033 1265 1053 cum
1288 1026 1443 1060 pubescere
1475 1023 1568 1051 adhuc
1597 1021 1743 1056 inciperet,

949 1073 1137 1109 philosophari
1152 1072 1291 1104 instituit;
1313 1078 1432 1105 cumque
1447 1069 1475 1096 in
1492 1068 1646 1097 solitudine
1665 1074 1744 1094 man-

949 1121 1031 1148 sisset
1055 1126 1104 1154 per
1118 1126 1206 1146 annos
1224 1117 1422 1152 quadraginta,
1450 1114 1561 1142 tandem
1584 1114 1743 1149 speluncam

950 1165 984 1193 ad
1002 1164 1108 1192 radices
1122 1164 1225 1192 montis
1237 1164 1329 1196 sitam,
1343 1163 1416 1190 haud
1434 1161 1531 1196 procul
1550 1161 1584 1188 ab
1602 1160 1744 1189 hominum

950 1210 1115 1242 domiciliis,
1146 1210 1240 1238 divino
1275 1208 1398 1236 monitus
1435 1206 1550 1235 oraculo
1586 1205 1744 1240 occupavit.

952 1256 1004 1285 Ubi
1031 1264 1087 1292 prae
1110 1256 1305 1283 miraculorum
1330 1253 1506 1282 multitudine
1531 1252 1606 1279 brevi
1635 1251 1745 1285 conspi-

951 1310 1021 1330 cuus
1042 1306 1070 1329 et
1091 1300 1273 1335 complurium
1303 1298 1502 1327 monachorum
1532 1296 1613 1323 Pater
1638 1295 1744 1328 evasit;

951 1352 1015 1372 nam
1041 1348 1067 1372 et
1095 1344 1208 1372 utilibus
1237 1342 1410 1384 docum‘entis
1436 1349 1532 1369 omnes
1557 1340 1591 1368 ad
1615 1341 1746 1367 virtutem

953 1391 1101 1419 alliciebat.
1121 1389 1221 1418 Verum
1245 1396 1371 1425 quaenam
1394 1388 1478 1415 fuerit
1494 1388 1554 1421 ejus
1572 1385 1681 1413 vivendi
1701 1393 1746 1412 ra—

918 1448 940 1479 c
956 1438 1005 1470 tio,
1028 1441 1054 1464 et
1071 1440 1175 1472 quanta
1197 1443 1335 1471 quamque
1355 1434 1449 1462 divina
1467 1433 1601 1461 miracula
1619 1437 1748 1467 patrave-

957 1485 1003 1516 rit,
1035 1483 1196 1510 Timotheus
1221 1481 1414 1509 Alexandrinae
1446 1480 1574 1507 Ecclesia:
1598 1479 1743 1514 episcopus

957 1531 1173 1558 commemorat:
1192 1527 1238 1563 qui
1258 1530 1286 1554 et
1307 1527 1390 1561 hujus
1408 1526 1471 1558 viri,
1497 1530 1525 1553 et
1541 1525 1657 1552 aliorum
1681 1531 1746 1558 quo-

956 1583 1018 1604 rum
1033 1579 1114 1602 antea
1129 1575 1297 1602 mentionem
1316 1573 1379 1606 ieci,
1395 1573 1478 1599 vitam
1495 1571 1598 1599 litteris
1617 1570 1747 1606 prodidit.

958 1622 1043 1649 Porro
1061 1626 1126 1648 tunc
1149 1619 1283 1655 temporis
1319 1619 1399 1646 multi
1425 1618 1488 1645 boni
1505 1618 1558 1645 viri
1583 1619 1609 1644 in
1634 1617 1750 1644 Alexan-

958 1667 1102 1695 drinorum
1126 1667 1239 1701 regione
1268 1665 1365 1694 sedulo
1390 1664 1670 1700 philosophabantur,
1697 1670 1750 1689 nu-

958 1720 1035 1740 mero
1060 1711 1172 1739 circiter
1197 1712 1238 1739 bis
1255 1711 1341 1739 mille.
1366 1710 1489 1744 Quorum
1506 1709 1553 1736 alii
1570 1709 1703 1743 degebant
1724 1708 1750 1734 iit

959 1758 1028 1786 locis
1044 1765 1105 1793 qua:
1129 1757 1247 1784 eremica
1268 1757 1419 1784 dicuntur:
1445 1755 1491 1782 alii
1509 1754 1584 1782 circa
1612 1752 1751 1780 Mareotcn

959 1807 987 1830 et
1002 1803 1111 1831 vicinos
1133 1802 1233 1838 Libyas
1263 1802 1429 1831 incolebant.
1446 1801 1520 1828 lnter
1541 1807 1611 1835 quos
1635 1799 1752 1825 maxime

960 1849 1059 1877 enituit
1086 1847 1254 1881 Dorothens,
1283 1848 1370 1883 patria
1398 1846 1534 1874 Thebaeus
1557 1855 1564 1872 :
1593 1845 1672 1879 cujus
1693 1844 1750 1871 haec

961 1895 1013 1922 fuit
1036 1894 1146 1921 vivendi
1164 1894 1252 1926 ratio,
1274 1897 1304 1920 ut
1330 1892 1450 1920 interdiu
1478 1890 1591 1927 quidem
1610 1898 1643 1918 ex
1660 1890 1752 1917 vicino

961 1939 1030 1967 mari
1045 1938 1152 1973 lapides
1167 1938 1320 1972 colligeret,
1336 1941 1364 1964 et
1376 1937 1526 1972 quotannis
1543 1935 1670 1963 eellnlam
1686 1943 1752 1963 con-

961 1988 1093 2017 strueret,
1112 1990 1229 2018 eamque
1246 1983 1363 2010 donaret
1376 1982 1410 2010 iis
1425 1981 1472 2016 qtti
1490 1981 1542 2008 sibi
1555 1980 1607 2015 ipsi
1617 1980 1753 2007 aediﬁcare

961 2039 1016 2059 non
1035 2033 1166 2066 possent,
1188 2032 1271 2056 noctu
1284 2035 1347 2056 vero
1362 2036 1395 2056 ex
1409 2027 1563 2063 palmarum
1583 2026 1658 2053 foliis
1679 2025 1753 2052 l'uni-

962 2078 1042 2104 culos
1065 2080 1173 2107 texens,
1195 2073 1336 2110 sportulas
1357 2073 1390 2100 ad
1413 2071 1567 2108 parandum
1586 2071 1639 2098 sibi
1651 2071 1752 2097 victum

117 2124 181 2152 οὐδέ
194 2133 258 2152 ποτε
272 2125 364 2160 ὡράθη
386 2126 432 2152 ἐπὶ
452 2125 529 2160 ῥιπὸς
548 2125 565 2160 ἢ
585 2124 677 2160 κλίνης
696 2123 904 2160 καθευδήσας,ῆ

971 2126 1078 2154 'aceret.
1094 2125 1181 2152 Cibus
1209 2127 1269 2151 erat
1293 2123 1334 2150 illi
1360 2122 1440 2158 panis
1458 2120 1567 2156 quidem
1586 2119 1675 2147 uncias
1694 2126 1752 2149 sex.

117 2171 184 2202 τοὺς
209 2171 290 2202 πόδας
316 2171 437 2202 ἐκτείνας
462 2171 561 2203 ἀνέσει,
584 2171 600 2205 ἢ
626 2170 695 2197 ἑκὼν
718 2169 794 2205 ὕπνῳ
818 2169 913 2196 ἑαυτὸν

121 2216 227 2248 ἐκδούς.
248 2217 320 2252 Πλὴν
336 2217 397 2244 ὅσον
421 2216 605 2252 ἐργαζόμενος
630 2217 647 2251 ἦ
670 2216 779 2248 ἐσθίων,
794 2215 913 2250 βιασθεὶς

122 2261 176 2288 ὑπὸ
188 2262 237 2297 τῆς
253 2262 369 2296 φύσεως,
385 2262 469 2297 ἔμυσε
489 2262 552 2294 τοὺς
572 2261 741 2297 ὀφθαλμούς·
763 2261 801 2292 ὡς
815 2259 915 2287 πολλά-

122 2317 167 2340 κις
176 2308 352 2340 νυστάζοντος
366 2309 395 2335 ἐν
409 2308 446 2343 τῷ
459 2308 569 2340 ἐσθίειν,
582 2309 709 2334 ἐκπεσεῖν
719 2307 765 2334 τοῦ
781 2307 913 2342 στόματος

122 2355 172 2389 τὴν
185 2355 299 2390 τροφήν.
310 2354 379 2381 Ποτὲ
390 2355 454 2389 γοῦν
466 2355 506 2386 εἰς
520 2355 603 2390 ἄκρον
612 2353 758 2390 κρατηθεὶς
769 2353 808 2389 τῷ
823 2353 909 2388 ὕπνῳ,

123 2400 218 2426 ἔλαθεν
231 2400 277 2425 ἐπὶ
288 2398 335 2426 τοῦ
348 2399 425 2435 ῥιπὸς
437 2399 538 2426 πεσών·
552 2399 599 2425 καὶ
610 2398 759 2435 περίλυπος
770 2398 816 2424 ἐπὶ
825 2397 912 2433 τούτῳ

123 2437 253 2480 γεγονὼς,
266 2445 356 2481 ἡρέμα
370 2445 433 2481 ἔφη,
443 2445 473 2472 Ei
484 2445 546 2477 τοὺς
559 2445 690 2479 ἀγγέλους
703 2445 806 2476 πείσεις
813 2444 913 2471 καθεύ-

123 2492 308 2524 δειν,’πείσεις
318 2491 372 2526 ,καὶ
383 2490 426 2518 τὸν
446 2490 603 2518 σπουδαῖον
617 2491 747 2526 ὑπεδήλου
763 2491 791 2517 δὲ
806 2490 912 2521 ἑαυτὸν,

963 2176 992 2199 et
1019 2171 1190 2198 minutorum
1216 2169 1321 2196 olerum
1355 2167 1519 2200 fasciculus,
1549 2168 1632 2200 potus
1662 2167 1752 2190 autem

964 2225 1045 2252 aqua.
1066 2216 1191 2251 Cumque
1208 2215 1261 2242 hoc
1279 2222 1366 2249 genus
1387 2213 1562 2241 abstinentia:
1585 2211 1620 2238 ab
1642 2211 1754 2237 ineunte

965 2267 1045 2291 :etate
1060 2262 1243 2293 exercuisset,
1267 2268 1300 2287 ne
1321 2267 1405 2287 senex
1422 2258 1531 2293 quidem
1554 2256 1621 2284 illud
1639 2255 1752 2282 dimisit.

966 2308 1021 2337 Nec
1037 2315 1159 2343 unquam
1175 2306 1253 2334 visus
1267 2310 1310 2334 est
1326 2312 1410 2340 super
1432 2308 1554 2332 stoream
1573 2307 1620 2330 ant
1639 2302 1666 2329 in
1684 2301 1754 2328 lecto

964 2353 1095 2384 dormire,
1113 2359 1163 2380 nec
1183 2352 1288 2388 quietis
1310 2358 1395 2378 causa
1425 2350 1508 2384 pedes
1525 2348 1685 2380 extendere,
1705 2353 1756 2373 nec

965 2407 1015 2427 sua
1031 2402 1129 2434 sponte
1144 2404 1273 2426 somnum
1290 2400 1392 2432 petere.
1413 2394 1467 2422 Sed
1487 2394 1553 2421 dum
1569 2401 1639 2428 opus
1655 2393 1756 2420 taceret

966 2449 1012 2473 aut
1026 2446 1191 2474 comederet.
1211 2447 1331 2478 cogente
1344 2449 1446 2468 natura
1457 2440 1596 2475 tantisper
1611 2438 1757 2467 claudebat

967 2491 1061 2519 oculos
1075 2501 1081 2518 :
1097 2491 1168 2518 adeo
1187 2493 1216 2517 ut
1235 2494 1423 2524 saepenumero
1445 2487 1518 2514 inter
1532 2484 1669 2514 edendum
1690 2483 1755 2510 dor-

728 2581 865 2609 VALESII
885 2581 1167 2609 ANNOTATIONES.

165 2649 220 2685 (5'5)
247 2649 297 2685 Ἐν
307 2649 368 2682 τοῖς
392 2648 590 2684 καλουμένοις
607 2648 736 2685 ἐρήμοις.
750 2647 862 2685 Rectius
872 2648 914 2685 Ain

126 2682 224 2713 codice
250 2684 399 2711 Fuketiano
440 2682 571 2719 scriptum
607 2687 648 2711 est
681 2682 915 2719 épngtxoi‘ngic

127 2721 202 2748 enim
211 2720 373 2747 dicebantur
388 2727 418 2746 ea
431 2717 503 2750 loca,
518 2719 638 2753 quinqtte
651 2717 786 2753 passuum
796 2717 915 2753 millibus

127 2755 226 2782 dissita
243 2756 277 2782 ab
299 2755 366 2782 urbe
390 2752 563 2784 Alexandria.
581 2759 610 2780 nt
631 2752 749 2780 toslatur
777 2752 915 2779 Palladius

128 2793 157 2817 in
173 2797 233 2824 cap.
248 2790 265 2816 2
283 2790 409 2816 Historia:
434 2790 572 2817 [.ausirtcw
591 2799 599 2815 .'
624 2788 730 2824 Ἐξάγει
752 2788 792 2824 μὲν
804 2787 855 2819 ἔξω
868 2789 915 2822 τῆς

130 2823 234 2856 πόλεως
257 2826 296 2856 είς
317 2826 350 2851 τὰ
374 2825 503 2860 lay/ipa:
533 2824 662 2860 Ξργλμικᾶι,
684 2823 736 2850 ἀπὸ
762 2823 839 2848 πέντε
866 2830 913 2856 ση-

1008 2649 1064 2676 ίων.
1078 2654 1132 2676 etc.

970 2657 1230 2744 μείὲᾜῗὲἐπρεπε
1256 2682 1411 2716 Δωρόθεος.
1427 2678 1457 2706 1η
1483 2678 1578 2706 codice
1606 2675 1757 2704 Fuketiano

970 2719 1105 2744 Θεόδωρος
1137 2720 1218 2744 icitur
1240 2718 1283 2744 hic
1300 2717 1460 2744 monachus.
1478 2713 1646 2744 Epiphanius
1666 2715 1757 2738 tamen

969 2713 1105 2753 Θεόδωρος
1116 2713 1218 2745 dicitur
1240 2718 1283 2745 hic
1296 2713 1460 2744 inonaehus.
1478 2713 1646 2753 Epiphanius
1666 2715 1757 2753 tamen

969 2759 996 2780 et
1023 2747 1192 2788 Nit‘t-phm'us
1221 2753 1384 2780 Dorotltetun
1411 2747 1564 2788 nominant.
1590 2748 1643 2776 Nec
1678 2747 1758 2773 aliter

971 2787 1108 2815 Palladius
1126 2791 1150 2817 in
1166 2788 1308 2819 Laus-inca.
1325 2796 1383 2822 cap.
1403 2787 1429 2813 2.
