1896 3074
160 96 227 124 1575

161 154 267 181 mitanti
302 152 381 181 cibus
411 161 443 181 ex
481 160 529 181 ore
559 153 710 180 excideret.
742 152 864 188 Contigit
894 153 979 182 ιιι-Α

160 199 270 234 quando
282 203 323 231 ut.
337 207 419 234 supra
434 199 545 226 modqu
563 205 664 225 somno
672 205 833 234 oppressus,
848 199 875 226 in
892 203 949 226 sto-

161 253 234 272 ream
255 245 416 281 impmdens
436 245 588 273 decideret.
611 245 698 278 Quam
718 245 754 273 ob
769 253 879 274 causam
898 247 948 274 do-

161 291 218 318 lore
232 291 357 324 aﬂectus,
378 291 518 318 submissa
532 298 602 318 voce
617 290 688 318 dixit
701 300 707 318 :
723 291 752 319 Si
778 292 882 327 angelis
893 300 951 327 per-

161 338 282 365 suaseris
303 340 332 364 ut
348 337 496 368 dormiam,
522 336 708 371 persuadebis
730 337 812 364 etiam
829 338 950 366 studiose

161 383 376 418 pbilosopbanti.
398 383 525 417 Seipsum
541 388 634 410 autem
651 383 824 418 designabat,
836 384 879 412 his
890 392 950 412 ver-

162 429 205 455 bis
229 435 357 455 somnum
390 427 479 462 ipsum
509 428 630 456 fortasse
649 429 805 464 alloquens,
824 434 872 457 aut
894 430 950 457 dte-

161 481 271 501 nmnem
298 473 378 501 bonis
405 474 514 501 actibus
540 474 744 502 adversantem.
773 474 860 502 Porro
888 483 951 503 cum

161 523 249 546 totae
267 519 352 546 tantis
371 527 402 547 se
424 519 565 547 laboribus
588 525 754 552 maceraret,
781 520 894 556 quidam
918 521 952 548 ad

161 573 222 593 eum
245 565 391 597 accedens.
428 565 496 598 Cur,
521 565 624 601 inquit,
642 573 746 602 corpus
763 570 841 594 tuum
862 571 953 594 tanto-

162 619 227 646 pere
239 612 359 639 enecas?
376 611 426 639 Cui
441 612 487 639 ille
498 632 506 644 ,
523 612 595 645 Quia
609 620 652 640 me
671 612 762 647 ipsum
784 616 891 646 enecat,
909 620 953 640 re-

162 657 285 693 spondit.
300 657 443 684 Piammon
458 662 591 692 praeterea
606 662 633 685 et
646 657 768 686 Joannes
777 658 857 693 juxta
878 658 953 686 Diol-

162 711 226 730 cum
254 703 377 740 Egypti,
405 703 587 732 nobilissimis
614 704 791 732 monasteriis
815 704 899 740 259
922 712 955 732 eo

163 755 286 784 tempore
312 749 498 784 praefuerunt:
524 753 552 778 et
574 758 637 778 cum
660 755 757 779 essent
785 751 954 786 presbyteri,

163 803 272 823 summa
288 803 354 822 cura
376 799 402 823 et
424 796 559 831 gravitate
573 795 746 824 sacerdotale
760 803 863 824 munus
877 796 954 824 obie-

163 845 240 869 runt.
268 841 300 868 Et
323 841 465 869 Piammon
489 841 612 877 quidem,
637 850 700 870 cum
726 842 877 878 aliquando
895 850 954 870 rem

164 887 286 914 divinam
304 886 417 920 laceret,
433 887 557 914 divinum
579 888 708 922 angelum
721 888 827 916 vidisse
841 888 953 921 dicitur,

164 935 282 959 stantem
312 931 389 966 juxta
411 939 521 959 sacrum
548 932 655 966 altare,
681 933 728 968 qui
754 933 954 961 monachorum

164 977 274 1012 quidem
308 977 483 1012 praesentium
514 978 628 1005 nomina
659 978 687 1005 in
712 978 834 1014 quodam
861 979 956 1007 libello

164 1024 358 1059 perscriberet,
378 1024 505 1052 absentes
528 1029 621 1052 autem
641 1030 821 1060 expungeret.
848 1024 953 1053 Joanni

164 1076 230 1096 vero
245 1072 348 1096 tantam
368 1069 423 1096 vim
445 1076 477 1096 ac
491 1073 660 1104 potestatem
675 1069 702 1097 in
718 1070 830 1098 morbos
848 1077 880 1098 ac
894 1071 955 1098 lan-

164 1121 266 1149 guores
292 1113 364 1142 Deus
394 1113 520 1146 indulsit,
545 1118 576 1141 ut
602 1115 704 1143 multos
732 1115 832 1150 pedum
862 1114 956 1143 dolore

163 1163 279 1187 vexatos
304 1163 332 1187 et
346 1160 514 1196 paralyticos
533 1164 655 1188 sanaret.
670 1160 769 1188 [isdem
785 1161 956 1196 temporibus

163 1206 310 1241 Beniamin
333 1213 417 1234 senex
437 1206 512 1234 circa
533 1205 636 1234 Scetim
655 1206 756 1234 eximie
777 1207 954 1242 philosopha-

163 1257 210 1281 tus
222 1256 265 1281 est
278 1262 285 1280 :
302 1253 345 1280 cui
360 1252 433 1280 Deus
449 1253 478 1280 id
499 1254 594 1288 gratiae
606 1257 794 1286 concesserat,
811 1257 841 1280 ut
853 1254 958 1289 absque

164 1298 230 1325 ullis
261 1298 492 1330 medicamentis,
520 1299 582 1326 solo
615 1306 713 1326 manus
744 1302 886 1332 contactu,
911 1303 957 1326 aut

165 1345 226 1372 oleo
256 1344 328 1379 quod
358 1345 522 1380 precatione
547 1353 597 1374 sua
631 1345 828 1379 benedixerat,
858 1346 958 1381 quovis

164 1389 260 1417 morbo
277 1397 366 1424 aegros
382 1389 524 1418 liberaret.
540 1391 628 1425 Atque
652 1390 698 1418 hic
718 1394 813 1418 tantus
827 1391 879 1423 vir,
895 1399 958 1418 cum

165 1437 193 1463 in
208 1435 332 1463 morbum
348 1442 428 1470 aqua:
449 1435 596 1463 intercutis
615 1436 772 1468 incidisset,
788 1444 876 1471 usque
889 1437 958 1463 adeo

164 1488 281 1516 corpore
305 1481 473 1509 intumuisse
489 1481 603 1515 dicitur,
630 1485 662 1509 ut
686 1489 735 1517 per
748 1482 863 1517 ianuam
881 1482 955 1510 cellze
969 1491 989 1520 ς

165 1529 194 1555 in
206 1535 261 1563 qua
278 1527 406 1563 degebat,
425 1527 519 1555 ell‘erri
538 1535 593 1555 non
611 1529 743 1563 potuerit,
761 1528 815 1555 nisi
830 1529 955 1564 postibus

165 1573 233 1608 ipsis
250 1573 333 1601 simul
347 1580 409 1601 eum
430 1573 515 1609 ianua
528 1573 646 1601 eversis.
669 1573 755 1601 Porro
771 1574 843 1601 inter
866 1581 955 1609 aegro-

163 1619 291 1652 tandum,
309 1626 372 1646 eum
389 1619 418 1646 in
435 1619 507 1647 lecto
522 1619 689 1647 decumbere
703 1628 758 1647 non
775 1623 880 1654 posset.
894 1625 956 1648 octo

164 1665 279 1692 circiter
292 1665 427 1692 mensium
449 1666 539 1700 spatio
554 1665 625 1693 sedit
640 1665 668 1692 in
692 1665 760 1692 sella
779 1665 897 1700 quadam
919 1666 957 1693 la-

167 1711 284 1744 tissima,
306 1712 389 1747 agris
413 1719 488 1740 more
510 1713 594 1740 solito
616 1712 762 1740 sanitatem
786 1713 954 1745 restituens,

166 1765 216 1785 nec
236 1758 331 1793 iniquo
349 1758 441 1786 animo
462 1758 554 1786 ferens
567 1758 640 1793 quod
659 1766 709 1786 suo
725 1758 784 1793 ipse
801 1758 897 1785 morbo
910 1765 956 1785 ne-

165 1810 301 1838 quaquam
333 1796 514 1837 liberaretur;
541 1804 607 1839 quin
640 1803 732 1839 potius
761 1803 957 1831 consolabatur

165 1857 212 1877 eos
231 1849 278 1885 qui
304 1850 393 1885 ipsum
419 1851 553 1883 viserent,
574 1851 744 1886 rogabatque
760 1855 789 1877 ut
804 1858 853 1885 pro
868 1849 957 1885 ipsius

166 1896 258 1923 anima
289 1897 428 1931 supplices
458 1897 542 1924 Deum
568 1901 691 1924 orarent.
720 1895 852 1931 Corporis
883 1896 956 1923 enim

167 1942 268 1969 nullam
285 1942 337 1970 sibi
363 1949 458 1969 curam
481 1950 544 1970 esse
562 1943 664 1970 aiebat.
688 1942 795 1977 Quippe
814 1941 891 1972 dum,
917 1941 958 1969 in-

970 823 992 852 B

165 1989 237 2023 quit,
259 1989 329 2016 bene
342 1988 458 2019 valeret,
484 1988 554 2015 nihil
578 1988 644 2014 milii
670 1987 799 2023 profuit:
831 1991 859 2014 et
883 1993 958 2014 nunc

165 2034 236 2061 male
260 2034 365 2061 habens
401 2033 469 2060 nihil
495 2033 653 2061 detrimenti
679 2033 780 2060 attulit.
807 2031 860 2060 Per
885 2031 957 2060 idem

167 2083 274 2114 tempus
289 2079 407 2107 celebris
425 2079 472 2107 ille
483 2080 602 2112 Marcus,
621 2084 649 2107 et
674 2079 811 2108 Macarius
837 2079 943 2115 iunior,

165 2129 194 2152 et
217 2125 394 2159 Apollonius,
410 2129 438 2152 et
457 2125 548 2153 Moses
574 2125 703 2160 Ethiops
725 2125 827 2153 Scetim
855 2126 958 2154 incole-

166 2171 242 2198 bant.
263 2170 297 2197 Et
313 2170 434 2198 Marcum
451 2171 562 2206 quidem
589 2173 624 2199 ab
640 2173 750 2200 ineunte
769 2172 956 2200 adolescentia
975 2162 996 2190 D

166 2215 315 2243 admodum
333 2216 428 2243 mitem
443 2223 475 2243 ac
487 2220 684 2252 temperantem
703 2217 787 2246 fuisse
801 2218 955 2253 perhibent,

895 94 1065 123 SOZOMENI

1732 95 1798 125 I376

994 154 1061 189 πρὸς
1071 154 1115 182 τὺν
1128 154 1209 182 ὕπνον
1220 155 1285 187 ἴσως
1300 154 1355 191 (55)
1367 155 1610 190 ἁποτεινόμενος,ἢ
1626 153 1673 181 rev
1684 154 1799 189 δαίμονα

999 200 1045 226 τὸν
1057 199 1182 235 ἐμποδὼν
1193 201 1335 236 γενόμενον
1346 202 1406 232 ταῖς
1417 200 1575 231 σπουδαίαις
1586 197 1798 235 πράξεσιν.⁷Ωδε

999 246 1027 273 δὲ
1040 245 1115 282 αὺτῷ
1130 246 1272 282 μοχθοῦντι
1286 246 1442 282 προσελθών
1460 255 1503 278 τις
1525 246 1593 282 ἔφη·
1615 247 1650 273 Τί
1668 245 1702 272 τὸ
1721 246 1801 281 σῶμα

999 292 1030 318 τὸ
1053 292 1098 318 σὺν
1121 292 1291 324 ἀποκτείνεις
1317 292 1461 324 τυσοῦτον;
1479 293 1541 319 ’Ὀτι
1567 302 1601 328 με
1622 292 1801 322 ἀποκτείνει.

1000 338 1177 374 ἀπεκρίνατο.
1202 338 1256 364 Καὶ
1283 339 1418 374 Πιάμμων
1440 338 1469 364 δὲ
1492 339 1539 365 καὶ
1569 339 1700 373 Ἰωάννης
1728 346 1802 372 τηνι-

1001 383 1088 410 καῦτα
1102 383 1164 419 περὶ
1176 383 1284 410 Διολκὺν
1294 383 1349 418 (36)
1361 384 1411 418 τῆς
1423 384 1560 417 Αἰγύπτου
1587 382 1803 417 ἐπισημοτάτων

1001 430 1164 465 προίσταντο
1177 429 1375 465 μοναστηρίων.
1390 429 1612 464 Ἑπιμελέστατά
1623 437 1652 455 τε
1667 428 1717 454 καὶ
1727 427 1804 462 μάλα

1003 475 1110 511 σεμνῶς
1124 475 1305 511 πρεσόύτεροι
1327 475 1412 507 ὅντες,
1428 474 1479 511 τὴν
1494 474 1633 510 ἱερατείαν
1650 474 1802 509 μετῄεσαν.

1002 521 1119 555 Λέγεται
1135 521 1164 548 δέ
1182 529 1246 547 ποτε
1261 521 1308 547 τὸν
1321 520 1477 556 Πιάμμωνα
1492 519 1643 555 ἱερωμένον
1652 519 1724 555 (57),
1742 519 1805 545 θεά-

1004 567 1102 594 σασθαι
1132 568 1197 602 περὶ
1224 566 1273 602 τὴν
1300 567 1377 602 ἱερὰν
1409 566 1549 602 τράπεζαν
1579 565 1653 592 θετον
1683 565 1804 600 ἄγγελον

1003 613 1119 645 ἑστῶτα,
1136 613 1183 639 καὶ
1198 612 1252 639 τῶν
1265 612 1391 648 μοναχῶν
1412 613 1474 644 τοὺς
1491 612 1632 648 παρόντας
1646 612 1806 646 ἐγγράφειν

1006 659 1089 694 βίϐλῳ
1098 659 1151 686 τινί
1167 667 1173 674 ·
1190 659 1252 691 τοὺς
1268 659 1297 685 δὲ
1311 659 1431 690 ἀπόντας
1454 658 1628 693 ἀπαλείφειν,
1641 658 1759 693 Ἰωάννῃ
1777 657 1806 684 δὲ

1005 706 1139 741 τοσαύτην
1155 706 1310 742 ἐδωρήσατο
1317 705 1432 741 δύναμιν
1443 706 1457 732 ὸ
1467 705 1534 737 Θεδς
1548 705 1621 732 κατὰ
1636 705 1737 731 παθῶν
1757 705 1806 731 καὶ

1006 752 1180 788 νοσημάτων,
1191 751 1230 783 ὡς
1243 751 1358 783 πολλοὺς
1369 751 1496 779 ἰάσασθαι
1506 751 1660 785 ποδαλγοὺς
1672 750 1746 786 (58),
1759 751 1807 777 καὶ

1006 799 1040 826 τὰ
1065 798 1154 834 ἄρθρα
1174 797 1393 833 διαλελυμένους.
1409 797 1452 824 Ἐν
1473 796 1560 832 τούτῳ
1585 796 1613 823 δὲ
1640 796 1691 823 καὶ
1707 795 1807 822 Βενια-

1008 845 1054 880 μὶν
1073 844 1130 881 (59)
1147 839 1280 879 γηραλέος
1298 840 1328 870 εὖ
1352 843 1426 878 μάλα
1440 842 1576 878 λαμπρῶς
1592 842 1645 868 ἀνὰ
1660 841 1712 877 τὴν
1731 842 1807 875 Σκῆ-

1004 899 1047 918 τιν
1059 890 1226 926 ἐφιλοσόφει,
1247 889 1334 925 δῶρον
1352 888 1422 924 ἔχων
1438 888 1514 922 παρὰ
1529 887 1597 913 Θεοῦ
1615 886 1679 921 δίχα
1691 886 1809 921 φαρμά-

1005 944 1061 964 κων
1079 936 1171 971 ἐπαφῇ
1188 934 1256 970 μόνῃ
1270 933 1370 970 χειρὸς,
1386 933 1493 968 ἢέλαίῳ
1509 929 1532 966 ᾧ
1544 931 1692 967 ὲπηύχετο,
1712 931 1809 965 πάσης

1006 982 1189 1010 ἀπαλλάσσειν
1205 980 1283 1007 νόσου
1296 979 1359 1011 τοὺς
1369 978 1534 1013 κάμνοντας.
1552 976 1604 1003 Τὸν
1618 976 1651 1011 δὴ
1669 975 1806 1006 τοιοῦετον,

1005 1029 1084 1063 λόγος
1101 1028 1187 1063 ὑδέρῳ
1202 1025 1394 1061 περιπεσόντα,
1409 1022 1536 1050 τοσοῦτον
1545 1022 1651 1057 οίδῆσαι
1666 1022 1699 1047 τὸ
1713 1021 1807 1056 σῶμα,

1005 1075 1042 1107 ὡς
1063 1075 1099 1111 μὴ
1119 1073 1268 1110 δυνηθῆναι
1282 1071 1326 1098 διὰ
1345 1070 1399 1097 τῶν
1414 1069 1504 1104 θυρῶν
1528 1068 1576 1095 τοῦ
1602 1068 1762 1102 οἰκήματος
1780 1069 1808 1093 ἑν

1005 1118 1028 1156 ᾧ
1053 1121 1145 1156 διῆγεν
1169 1117 1377 1154 ἐκκομισθῆναι,
1402 1117 1427 1143 εὶ
1448 1115 1486 1150 μὴ
1500 1116 1549 1142 σὺν
1564 1115 1625 1146 ταῖς
1640 1113 1745 1148 θύραις
1762 1114 1808 1140 καὶ

1006 1167 1055 1198 τὰς
1069 1163 1247 1202 παραστάδας
1257 1161 1392 1190 καθεῖλον.
1415 1160 1459 1188 Ἐν
1474 1160 1501 1186 δὲ
1514 1159 1553 1195 τῷ
1567 1160 1668 1190 νοσεῖν,
1684 1159 1714 1185 ὲν
1726 1157 1807 1192 κλίνῃ

1007 1212 1115 1240 κεῖσθαι
1131 1210 1168 1246 μὴ
1194 1209 1352 1245 δυνάμενος,
1369 1208 1442 1243 ἀμφὶ
1460 1207 1524 1238 τοὺς
1542 1204 1616 1233 ὀκτὼ
1639 1206 1733 1240 μῆνας
1761 1204 1809 1230 ἐπὶ

1006 1258 1101 1293 δίφρου
1116 1255 1286 1283 πλατυτάτου
1303 1253 1452 1286 ἐκαθίζετο,
1464 1251 1586 1287 συνήθως
1600 1251 1666 1282 τοὺς
1681 1251 1808 1285 κάμνον-

1008 1313 1057 1337 τας
1084 1303 1208 1338 ἰώμενος,
1239 1300 1321 1331 αὐτὸς
1348 1299 1432 1335 μηδὲν
1453 1296 1596 1333 δυσφορῶν
1625 1297 1667 1323 ὅτι
1691 1296 1732 1331 μὴ
1755 1295 1807 1329 τῆς

1008 1348 1125 1385 ἐχούσης
1147 1346 1228 1374 αὑτὸν
1245 1345 1324 1372 νόσου
1340 1342 1539 1378 ἀπηλλάττετο.
1561 1341 1670 1368 Μᾶλλον
1690 1338 1806 1385 μὲνοῦν

1008 1396 1056 1422 καὶ
1083 1395 1146 1425 τοὺς
1170 1392 1292 1428 ὁρῶντας
1319 1388 1514 1425 παρεμυθεῖτο,
1536 1388 1583 1414 καὶ
1606 1386 1735 1422 ἐλιπάρει
1758 1386 1806 1412 τὸν

1008 1441 1074 1469 Θεὸν
1087 1437 1218 1466 ἱκετεύειν
1229 1436 1299 1471 ὑπὲρ
1319 1435 1368 1469 τῆς
1387 1433 1469 1461 αὑτοῦ
1492 1433 1591 1468 ψυχῆς.
1620 1431 1755 1467 Σώματος
1790 1433 1804 1459 ὲ

1006 1485 1080 1520 αὑτῷ
1096 1483 1178 1519 μηδὲν
1196 1481 1287 1517 μέλειν
1306 1487 1313 1495 ³
1328 1479 1408 1506 Ἐπεὶ
1434 1477 1481 1504 καὶ
1510 1476 1650 1509 εὑεκτοῦν,
1668 1476 1746 1503 οὐδέν
1769 1485 1805 1510 με

1007 1530 1122 1564 ὤνησεν,
1140 1526 1204 1560 ἔφη,
1221 1524 1269 1551 καὶ
1284 1523 1378 1554 κακῶς
1395 1522 1509 1557 πάσχον,
1530 1521 1579 1547 οὐκ
1594 1521 1706 1554 ἕὸλαψε.
1733 1521 1805 1547 Κατ’

1007 1577 1093 1602 ἐκεῖνο
1122 1573 1150 1600 δὲ
1173 1570 1269 1606 καιροῦ
1295 1570 1324 1597 ὲν
1352 1569 1450 1604 Σκήτει
1471 1567 1588 1603 διέτριϐε
1613 1567 1730 1602 Μάρκος
1744 1575 1775 1592 τε
1792 1567 1807 1592 ὁ

1006 1620 1136 1655 ἀοίδιμος,
1153 1606 1201 1644 καὶ
1216 1615 1358 1651 Μακᾶριος
1371 1615 1385 1641 ό
1397 1614 1467 1646 νέος,
1481 1614 1529 1640 καὶ
1553 1612 1743 1643 Ἀπολλώνιος,
1756 1613 1806 1637 καὶ

1006 1665 1110 1700 Μωσῆς
1134 1665 1148 1691 ὁ
1173 1661 1281 1696 Αἰθίοψ.
1309 1661 1380 1687 Φασὶ
1398 1660 1427 1687 δὲ
1445 1659 1560 1695 Μάρκον
1582 1658 1644 1694 μὲν,
1655 1658 1702 1684 καὶ
1720 1658 1749 1683 ἐν
1762 1657 1805 1691 τῷ

1007 1711 1059 1746 νέῳ
1075 1710 1124 1745 τῆς
1141 1708 1250 1744 ἡλικίας
1260 1707 1300 1738 είς
1309 1707 1380 1740 ἄγαν
1407 1705 1495 1740 πρᾶον
1514 1704 1562 1730 καὶ
1590 1703 1730 1738 σώφρονα,
1753 1702 1805 1728 καὶ

1009 1758 1134 1793 μνήμονα
1156 1754 1243 1790 ιερῶν,
1259 1752 1375 1789 Γραφῶν
1405 1751 1532 1786 γενέσθαι
1546 1757 1554 1765 ⁶
1577 1749 1691 1784 θεοφιλῆ
1707 1748 1737 1775 δὲ
1752 1749 1804 1775 ἐπὶ

1006 1804 1144 1836 τοσοῦτον,
1158 1803 1196 1834 ὼς
1213 1800 1398 1837 ἰσχυρίζεσθαι
1417 1799 1560 1833 Μακάριον
1576 1797 1623 1824 τὸν
1638 1796 1721 1823 αὑτὸν
1734 1804 1803 1830 πρε-

1008 1850 1138 1885 σϐύτερον
1156 1848 1221 1875 ὄντα
1233 1846 1287 1873 τῶν
1303 1845 1426 1872 Κελλίων
1436 1844 1504 1879 (ιο),
1519 1843 1586 1878 μηδὲ
1604 1842 1715 1869 πώποτε
1734 1842 1801 1876 παρ’

1007 1895 1089 1923 αὑτοῦ
1102 1894 1194 1922 λαϐεῖν
1209 1892 1227 1920 ἃ
1243 1892 1322 1927 θέμις
1336 1890 1440 1926 ἱερεῦσι
1457 1889 1558 1916 διδόναι
1581 1890 1639 1920 τοῖς
1656 1887 1803 1924 μεμυημέ-

1007 1950 1063 1973 νοις
1094 1940 1159 1976 περὶ
1183 1939 1233 1974 τὴν
1255 1937 1331 1973 ἱερὰν
1352 1937 1509 1972 τράπεζαν·
1530 1935 1647 1969 ἄγγελος
1671 1934 1700 1960 δὲ
1725 1933 1803 1968 αὑτῷ

1008 1987 1104 2020 ἐδίδου,
1121 1983 1151 2013 οὖ
1162 1985 1211 2020 τὴν
1219 1985 1299 2020 χεῖρα
1314 1983 1395 2019 μέχρι
1407 1982 1455 2009 τοῦ
1478 1980 1586 2017 καρποῦ
1615 1981 1698 2016 μόνου
1722 1980 1802 2013 ελεγι

1008 2033 1120 2068 Θεωρεῖν
1147 2031 1214 2067 (ιι).
1243 2029 1380 2065 Μακαρίῳ
1407 2028 1435 2054 δὲ
1457 2027 1535 2062 ἐδόθη
1547 2027 1630 2062 χάρις
1652 2026 1706 2053 ὑπὸ
1719 2025 1800 2057 θεοῦ,

1009 2078 1190 2115 ὑπερφρονεῖν
1209 2076 1264 2103 τῶν
1276 2075 1422 2110 δαιμόνων.
1455 2073 1578 2107 Ἐγένετο
1601 2073 1631 2099 δὲ
1653 2072 1732 2107 αὐτῷ
1752 2072 1803 2106 τὴν

1008 2124 1095 2161 ἀρχὴν
1125 2123 1262 2159 πρόφασις
1289 2121 1340 2156 τῆς
1367 2118 1536 2154 φιλοσοφίας,
1561 2117 1690 2149 ἀκούσιος
1711 2117 1801 2151 φόνος.

1010 2170 1071 2197 Ἔτι
1087 2170 1142 2204 γὰρ
1159 2167 1272 2204 βούπαις
1288 2166 1337 2198 ὣν,
1359 2165 1484 2201 πρόὸατα
1499 2163 1578 2198 ἔνεμε
1596 2163 1661 2198 περὶ
1674 2163 1726 2198 τὴν
1743 2163 1803 2190 Md-

1011 2223 1086 2252 ρειαν
1095 2216 1205 2250 λίμνην,
1218 2214 1264 2241 καὶ
1278 2212 1384 2245 παίζων
1397 2210 1458 2238 τινὰ
1472 2209 1525 2236 τῶν
1535 2209 1677 2244 ὁμηλίκων
1703 2208 1802 2235 ἀνεῖλε.

766 2273 903 2302 YALESII
919 2272 1199 2301 ANNOTATIONES.

202 2319 258 2356 (35)
272 2321 348 2355 Πρὸς
360 2320 413 2348 τὸν
426 2321 524 2348 ὕπνον
539 2321 622 2354 ἴσως.
637 2321 776 2350 Palladius
789 2323 816 2350 in
834 2322 955 2350 Historia

167 2355 311 2387 Lausiaca.
325 2364 384 2391 cap.
405 2356 436 2393 72,
461 2357 507 2384 ubi
529 2357 581 2383 hoc
595 2356 722 2393 θοι-ριὴεὶ
752 2358 954 2393 apoplithegma

166 2395 373 2433 commemorat,
395 2392 496 2432 diserte
515 2396 633 2433 testatur
647 2391 815 2433 Derotheum
827 2393 883 2420 haec
895 2391 954 2420 sibi

167 2426 354 2461 respondisse,
368 2434 432 2454 cum
446 2427 503 2462 ipse
516 2427 541 2455 ei
558 2428 725 2462 persuadere
743 2427 822 2455 vellet
834 2433 864 2455 ut
883 2435 955 2456 som-

167 2469 232 2489 num
240 2462 484 2502 _brcvem_(_:aperet.
493 2462 763 2502 Ex.quo_colligit_ur._
772 2463 953 2502 Spemnennm

168 2505 222 2524 non
240 2496 339 2531 legisse
355 2497 503 2524 Historiam
527 2496 688 2525 Lausiacani
708 2497 833 2532 Palladii,
847 2497 895 2525 sed
920 2505 954 2526 ex

167 2532 222 2559 alio
239 2532 373 2566 scriptore
391 2533 442 2560 ista
455 2532 594 2561 hausisse.

203 2567 271 2608 (56)"
283 2567 522 2608 [Is-phaquer
546 2567 818 2608 Huiusmmonasterii
853 2568 954 2595 mentio

169 2603 197 2629 tit
208 2601 235 2638 in
250 2601 392 2638 Breviario
405 2602 536 2638 Liberali,
551 2601 613 2638 cap.
629 2602 673 2638 18.

202 2637 258 2672 (57)
296 2638 478 2673 ἰερωμένον.
507 2637 690 2666 Scribendum
718 2641 761 2666 cst
779 2637 825 2665 hic
846 2645 955 2672 qunque

168 2676 274 2709 mutato
290 2677 405 2700 accentu
420 2673 577 2709 ἱερώμενον.

279 2707 464 2748 Ποδαλγούῤ.
487 2707 654 2748 Podagrieos
673 2707 955 2748 gertitEpiplia-nius

202 2717 258 2770 (πρ
279 2717 464 2744 ηοσαλγους.
488 2717 654 2770 γοαςιὲιιεοε
681 2717 953 2748 verut_t:.pupnamus

169 2742 241 2770 Scho
253 2744 369 2774 asticus,
392 2752 446 2771 non
465 2744 545 2770 male.
576 2745 642 2770 ‘erte
671 2743 810 2770 Palladius
838 2751 864 2769 In
886 2742 953 2769 Lau-

168 2778 241 2805 siaca
259 2787 319 2813 cap.
336 2779 380 2810 73,
397 2779 442 2805 ubi
459 2779 492 2806 de
509 2779 559 2805 hoc
573 2778 676 2805 Joanne
692 2778 756 2813 agit,
775 2778 854 2805 habet
873 2777 953 2804 ποδα-

169 2813 262 2850 γρηὺε.
294 2812 360 2841 Mihi
385 2820 459 2841 certe
486 2822 540 2841 non
569 2813 674 2840 videtur
698 2812 758 2840 csse
783 2813 877 2840 Grzeca
905 2821 955 2840 rex

1007 2321 1175 2355 ποδαλγούς,
1198 2327 1284 2355 quare
1304 2316 1474 2352 Nicephorus
1494 2315 1591 2343 maluit
1613 2314 1710 2342 dicere
1741 2317 1802 2346 τοὺς

1006 2357 1090 2388 πόδας
1105 2355 1267 2389 ἀλγοῦντας,
1307 2388 1316 2390 _
1407 2387 1424 2390 __
1482 2384 1502 2390 _
1523 2385 1530 2390 _
1562 2384 1578 2390 ν,

1042 2385 1098 2425 (39)
1122 2384 1274 2425 Βενιαμίν.
1307 2388 1337 2416 In
1365 2387 1461 2415 codice
1482 2384 1636 2413 Fuketiano
1667 2385 1801 2413 scribitur

1006 2427 1146 2461 Βενιαμίς.
1281 2459 1286 2461 _
1360 2457 1386 2461 η,
1509 2456 1516 2461 ,
1556 2454 1562 2460 .

1042 2436 1175 2496 ἴὶῧῗὲςῶν
1192 2459 1338 2497 Κεαῖᾼίων.
1359 2457 1406 2485 Sic
1418 2454 1563 2497 emendavi
1578 2463 1613 2497 ex
1625 2454 1800 2497 _codi_t;eFu-

1007 2490 1130 2528 keiiano,
1147 2503 1197 2530 pro
1210 2494 1339 2531 κελλίνων
1354 2493 1427 2531 quod
1435 2497 1514 2531 antea
1527 2490 1681 2531 legebatur.
1696 2490 1798 2531 Estan-

1005 2537 1060 2559 tem
1079 2526 1180 2558 Κελλῖα
1194 2532 1269 2558 locus
1289 2530 1317 2556 in
1340 2526 1500 2565 solitudine,
1511 2526 1688 2565 septuaginta
1706 2526 1799 2565 stadiis

1007 2568 1113 2595 distans
1153 2575 1166 2592 a
1201 2565 1308 2597 Nitria,
1342 2568 1373 2591 ut
1395 2564 1476 2591 docet
1506 2562 1679 2597 Siozomenus
1708 2560 1796 2597 intra,

1008 2610 1070 2637 cap.
1092 2601 1136 2629 51.
1155 2600 1284 2636 Eiusdem
1301 2595 1351 2627 loci
1370 2599 1493 2627 meminit
1515 2595 1658 2624 Palladius
1675 2597 1703 2623 in
1728 2595 1797 2623 Lau-

1008 2645 1093 2664 staca.

1044 2673 1100 2708 (Ill)
1130 2672 1239 2708 flat/tere
1255 2670 1383 2708 θεωρεῖις.
1412 2669 1579 2708 Epiphanius
1609 2666 1795 2708 Scholasticus

1008 2702 1065 2734 haec
1080 2702 1114 2734 de
1130 2707 1191 2742 ipso
1209 2702 1374 2733 Marco'dici
1395 2702 1570 2737 existimavit,
1593 2703 1681 2742 quasi~
1690 2702 1795 2729 Marcus

1011 2742 1104 2770 dicere
1120 2739 1219 2770 solitus
1241 2746 1325 2772 esset,
1342 2750 1371 2768 se
1388 2747 1499 2777 manum
1523 2739 1610 2777 angeli
1635 2739 1794 2777 quisaeram

1012 2777 1211 2813 Eucharistiam
1244 2776 1508 2813 ipsihperrigebatn
1526 2775 1659 2813 duntaxat
1696 2772 1792 2798 videre.

1011 2812 1124 2841 Praestat
1140 2817 1230 2840 tamen
1250 2812 1282 2840 de
1299 2810 1420 2839 Macario
1438 2810 1598 2845 presbytero
1612 2810 1637 2835 id
1663 2814 1792 2842 θερινοῖς,
