1896 3074
87 162 150 190 1377

535 161 697 189 HISTORIA
717 161 1019 190 ECCCLESIASTICA.
1040 178 1073 183 —
1094 163 1158 190 LIB.
1181 164 1225 191 Vl.

1637 168 1703 196 ιδτδ
1736 203 1743 209 η,

85 221 172 251 δείσας
183 227 211 245 τε
228 219 318 245 δοῦναι
329 219 417 255 δίκην,
434 219 534 254 ἔφυγεν
551 221 589 251 είς
600 220 648 256 τὴν
671 220 799 256 ἐρημίαν.
821 221 866 247 Αί-

921 224 944 248 et
960 228 1045 249 sacrae
1059 220 1210 256 Scriptum
1226 222 1311 250 libros
1333 223 1463 249 memoria
1488 223 1610 250 tenuisse
1624 233 1629 250 ε
1650 223 1704 250 Deo

87 265 157 300 θριος
173 265 200 290 δὲ
215 264 261 290 ἐπὶ
274 264 337 299 τρία
357 264 404 299 ἔτη
431 265 500 300 μετὰ
522 266 609 292 ταῦτα
641 266 750 300 διάγων,
773 267 866 293 αὐτόθι

87 310 191 337 οἰκίδιον
212 309 308 344 μικρὸν
336 310 424 345 ἑαυτῷ
450 311 661 344 κατεσκεύασεν,
686 313 715 338 ὲν
737 309 759 346 ᾧ
779 312 865 338 εἴκοσι

87 357 132 383 καὶ
156 355 234 381 πέντε
259 355 305 391 έτη
333 356 479 392 διέτριψεν.
499 357 611 391 Ἔλεγον
634 358 662 384 δὲ
691 359 718 385 οῖ
737 367 769 393 γε
783 358 866 385 αὐτοῦ

88 402 256 436 ἀκηκόεισαν,
270 401 307 433 ὼς
321 401 421 436 πολλὴν
431 402 566 437 ὡμολόγει
583 404 662 438 χάριν
679 405 712 439 τῇ
727 404 864 440 συμφορᾷ,

88 447 132 473 καὶ
148 447 279 481 σωτήριον
298 447 431 473 ἀπεκάλει
448 447 493 474 τὸν
505 448 631 475 ἀκούσιον
646 449 737 483 φόνον,
758 450 866 484 φιλοσο-

87 493 148 527 φίας
162 492 208 519 καὶ
229 493 365 528 μακαρίου
386 493 444 528 βίου
471 493 557 521 αἴτιον
581 495 656 530 αὐτῷ
673 496 865 531 γεγενημένον.

93 538 264 570 Ἀπολλώνιος
281 539 319 572 δὲ,
335 539 381 566 τὸν
397 539 475 567 ἄλλον
489 540 584 576 χρόνον
597 541 730 576 ἐμπορίαν
756 542 865 576 μετιὼν,

87 583 134 618 ήδη
151 583 217 618 πρὸς
227 583 315 618 γῆρας
330 583 460 616 ἐλαύνων,
475 585 522 611 ἐπὶ
535 585 584 620 τὴν
601 586 700 621 Σκῆτιν
721 584 797 622 ἦλθε.
815 587 866 613 Λο-

87 628 227 663 γισάμενος
242 628 270 655 δὲ
284 629 323 660 ὡς
337 629 399 656 οὔτε
416 630 543 666 γράφειν,
559 630 621 657 οὔτε
633 631 716 666 ἄλλην
742 631 803 659 τινὰ
820 633 866 658 τέ-

87 681 149 707 χνην
165 672 260 707 μαθεῖν
274 670 329 705 οἷός
344 673 374 700 τέ
389 674 447 700 ἐστι
465 674 508 700 διὰ
521 674 570 709 τὴν
593 674 711 709 ἡλικίαν,
734 675 868 702 παντοδαο

88 717 143 744 πῶν
153 717 305 752 φαρμάκιον
322 717 378 753 εἴδη
404 718 451 744 καὶ
471 718 626 753 ἐδεσμάτων
642 718 801 753 ἐπιτηδείων
811 718 867 749 τοῖς

87 763 229 798 κάμνουσιν
256 763 286 796 ἐξ
314 763 422 790 οἰκείων
458 764 608 799 χρημάτων
628 763 791 798 ὠνούμενος.
815 763 867 790 ἀνὰ

87 808 201 842 ἑκάστην
216 807 303 843 θύραν
321 808 485 843 μοναστικὴν
500 808 606 843 περιῄει
639 809 734 844 μέχρις
755 809 866 843 ὲννάτης

86 851 164 886 ὥρας,
181 851 287 887 ἐφορῶν
302 853 364 883 τοὺς
379 853 534 884 νοσοῦντας.
558 853 730 888 Ἐπιτηδείαν
749 853 778 879 δὲ
801 852 867 879 ταύ-

85 906 133 933 την
157 897 231 932 αὑτῷ
256 898 306 933 τὴν
327 898 444 934 ἄσκησιν
466 897 564 934 εὑρὼν,
591 895 642 925 ὦδε
664 898 864 925 ἐπολιτεύσατο.
883 887 903 914 Β

86 943 192 970 Μέλλων
209 943 238 969 δὲ
251 943 390 979 τελευτᾷν,
406 943 478 979 ἄλλῳ
494 943 659 978 παραδοὺςᾶ
671 942 753 979 εἶχεν,
768 943 866 971 ἐνετεί-

86 988 146 1015 λατο
158 987 190 1015 τὰ
202 988 273 1015 αὐτὰ
289 989 385 1015 ποιεῖν.
403 988 505 1023 Μωσῆς
526 989 554 1015 δὲ
570 989 662 1020 δοῦλος
677 989 725 1020 ὢν,
750 989 793 1016 διὰ
819 998 866 1024 μο-

86 1033 196 1068 χθηρίαν
221 1033 340 1069 ἐξηλάθη
363 1033 412 1069 τῆς
437 1034 526 1065 οὶκίας
549 1034 595 1061 τοῦ
618 1035 786 1070 κεκτημένου
800 1042 806 1050 ·
820 1035 867 1062 καὶ

86 1081 122 1111 εὶς
135 1079 259 1115 λῃστείας
280 1081 405 1115 τραπεὶς,
434 1079 579 1116 λῃστρικοῦ
607 1080 746 1115 τάγματος
763 1081 865 1115 ἡγεῖτο.

86 1125 197 1157 Πολλοὺς
215 1125 245 1152 δὲ
266 1125 458 1161 κακουργήσας
477 1125 544 1161 (42),
569 1126 617 1153 καὶ
637 1125 750 1158 πολλοὺς
771 1126 867 1160 φόνους

85 1172 226 1207 τολμήσας,
238 1172 270 1198 ὲκ
280 1171 453 1207 περιπετείας
463 1171 534 1202 τινὸς
543 1171 588 1197 τὸν
601 1171 740 1206 μοναδικδν
751 1170 867 1206 μετῆλθε

86 1218 156 1252 βίον,
180 1219 227 1245 καὶ
249 1218 346 1254 ἁθρόον
368 1218 407 1249 είς
428 1217 529 1252 ἀρετὴν
548 1217 705 1251 φιλοσοφίας
721 1217 866 1243 ἐπέδωκεν.

91 1265 163 1291 Ἐπεὶ
174 1265 240 1300 γοῦν
255 1266 287 1291 ἐκ
299 1265 348 1299 τῆς
362 1265 498 1300 προτέρας
510 1264 616 1298 διαίτης
631 1262 721 1298 εὐεξίᾳ
737 1263 804 1294 ζέων
821 1262 868 1289 καὶ

85 1311 149 1346 πρὸς
162 1311 314 1346 φαντασίας
331 1310 432 1346 ἡδονῶν
454 1310 628 1344 κινούμενος,
653 1308 763 1344 μυρίαις
780 1308 867 1342 ἀσκή-

85 1365 141 1383 σεσι
156 1357 186 1383 τὸ
206 1357 288 1392 σῶμα
303 1356 435 1391 κατέτηξε
447 1365 454 1371 ·
482 1356 520 1391 πῆ
546 1355 595 1390 μὲν
617 1355 678 1389 δίχα
702 1354 767 1390 ὄψου
785 1355 867 1389 ὀλίγῳ

83 1403 155 1439 ἄρτῳ
169 1403 351 1439 ἀρκούμενος,
379 1402 418 1437 πῆ
435 1402 463 1428 δὲ
477 1402 601 1428 πλεῖστον
617 1401 696 1436 ἔργον
710 1401 809 1432 ἀνύων,
820 1400 867 1427 καὶ

84 1449 265 1484 πεντηκοστὸν
279 1448 433 1483 εὐχόμενος,
460 1447 498 1482 πῆ
510 1447 538 1473 δὲ
554 1447 600 1473 ἐπὶ
612 1446 642 1479 ἓξ
657 1446 744 1474 ἔτεσιν
756 1445 868 1480 ὀλόκλη-

84 1504 128 1530 ρον
150 1496 269 1531 ἑκάστην
283 1495 368 1522 νύκτα
389 1493 485 1526 ἑστὼς,
511 1494 690 1529 προσηύχετο,
716 1493 784 1528 μήτε
802 1492 867 1526 γόνυ

83 1541 189 1573 κλίνων,
207 1542 277 1577 μήτε
293 1541 355 1572 τοὺς
370 1539 524 1575 ὀφθαλμοὺς
543 1539 618 1575 μύων
631 1540 671 1571 εἰς
686 1539 779 1566 ὕπνον.
802 1538 866 1564 Ἀλ-

83 1586 140 1613 λοτε
152 1587 180 1613 δὲ
197 1587 306 1622 νύκτωρ
325 1586 440 1622 περιιὼν
454 1585 504 1616 τὰς
518 1585 637 1620 οἰκήσεις
655 1584 709 1611 τῶν
729 1584 864 1620 μοναχῶν,

83 1631 166 1666 λάθρα
184 1631 235 1667 τὴν
251 1631 365 1658 ἑκάστου
382 1631 476 1665 ὑδρίαν
497 1630 617 1665 ἐπλήρου
640 1629 744 1661 ὓδατος.
763 1628 817 1656 Ἷιν
838 1628 867 1655 δὲ

82 1676 158 1704 τοῦτο
180 1676 241 1704 λίαν
263 1675 390 1711 ἐργῶδες.
414 1676 474 1702 Τῶν
507 1675 556 1710 μὲν
574 1675 628 1710 γὰρ
652 1675 767 1706 σταδίοις
789 1673 865 1707 δέκα,

82 1723 134 1751 τῶν
145 1723 185 1756 δὲ,
203 1724 308 1754 εἰκοσι,
334 1723 389 1749 τῶν
410 1722 450 1754 δὲ,
472 1722 519 1748 καὶ
539 1722 694 1757 τριάκοντα,
717 1721 764 1747 καὶ
786 1720 867 1748 πλέον

82 1768 227 1805 διειστήκει
242 1770 256 1795 ὸ
269 1768 352 1800 τόπος
377 1767 437 1795 ὅθεν
460 1766 612 1802 ὑδρεύοντο.
640 1766 762 1800 Διέμεινε
778 1765 806 1791 δὲ
821 1765 868 1791 ἐπὶ

82 1813 147 1841 πολὺ
161 1813 212 1849 τὴν
233 1813 367 1849 προτέραν
380 1813 456 1847 ίσχὺν
469 1812 548 1847 έχων,
571 1811 671 1846 καίπερ
685 1812 744 1842 ταῖς
758 1809 868 1842 πολλαῖς

83 1859 214 1895 ἀσκήσεσι
227 1858 352 1885 καθελεῖν
369 1858 469 1893 ταύτην
484 1857 653 1889 σπουδάζων,
672 1856 720 1882 καὶ
739 1856 769 1882 τὸ
788 1855 868 1890 σῶμα

81 1906 138 1937 ταῖς
157 1904 358 1938 ταλαιπωρίαις
376 1903 485 1935 πιέζων.
505 1903 621 1936 Λέγεται
646 1900 711 1935 γοῦν
733 1909 798 1928 ποτε
822 1901 868 1936 λῃ-

83 1951 146 1983 στὰς
162 1950 389 1986 καταδραμόντας
407 1950 452 1976 τὸν
471 1950 552 1976 τόπον
567 1950 595 1976 ἐν
609 1945 632 1983 ᾧ
646 1949 725 1984 μόνος
747 1947 868 1982 ἐφιλοσό-

82 2007 135 2033 φει,
160 1996 342 2025 συλλαϐέσθαι
366 1997 469 2027 πάντας
484 1997 530 2023 καὶ
544 1996 641 2030 δῆσαι,
663 1995 710 2022 καὶ
734 1995 868 2028 τέσσαρας

82 2043 161 2075 ὂντας
182 2043 241 2074 τοῖς
263 2041 349 2078 ὤμοις
371 2041 515 2073 ἐπιθεῖναι,
539 2040 586 2067 καὶ
601 2041 639 2072 είς
655 2040 705 2075 τὴν
721 2039 868 2074 ἐκκλησίαν

83 2091 207 2126 ἀγαγεῖν,
224 2090 271 2116 καὶ
285 2089 506 2124 συμμονάζουσιν
523 2087 666 2123 ἐπιτρέψαι
685 2087 719 2114 τὰ
738 2087 802 2122 περὶ
820 2087 869 2114 αὐ-

83 2135 145 2168 τῶν,
161 2136 200 2167 ὡς
217 2135 255 2170 μὴ
270 2134 379 2170 θεμιτὸν
394 2134 468 2169 αὺτῷ
484 2134 523 2160 ἔτι
545 2133 646 2169 μηδένα
663 2132 755 2164 κακῶς
770 2134 866 2159 ποιεῖν.

82 2181 148 2208 Φασὶ
164 2181 220 2216 γὰρ
243 2181 297 2208 ἀπὸ
321 2180 420 2211 κακίας
443 2180 483 2211 εἰς
504 2178 603 2215 ἀρετὴν
620 2178 713 2214 μηδενὶ
734 2177 868 2213 τοσαύτην

918 274 982 293 vero
996 266 1032 293 ita
1049 267 1163 294 charum
1179 267 1264 295 fuisse
1275 288 1283 300 ,
1298 271 1328 295 ut
1343 268 1480 296 Macarius
1497 269 1544 303 qui
1566 269 1703 296 Cellarum

918 311 1062 346 presbyter
1086 312 1150 344 fuit,
1175 320 1248 348 saepe
1267 313 1452 346 allirmaverit,
1478 314 1598 341 Marcum
1627 322 1702 340 nun—

917 364 998 391 quam
1014 357 1049 384 ab
1065 357 1126 392 ipso
1148 359 1288 393 accepisse
1307 366 1369 394 qua:
1400 360 1558 387 sacerdotes
1578 359 1703 388 ﬁdelibus

917 402 950 430 ad
966 402 1053 430 altare
1069 403 1189 438 prazbere
1208 403 1254 438 jus
1274 404 1370 439 fasque
1387 409 1429 432 est
1444 414 1450 432 :
1473 405 1520 433 sed
1535 406 1664 440 angelum
1679 406 1702 433 ei

916 448 1080 483 praebuisse,
1107 449 1189 483 cujus
1221 457 1333 477 manum
1362 450 1397 478 ad
1427 451 1587 485 juncturam
1618 458 1702 486 usque

917 494 1053 522 duntaxat
1079 503 1109 522 se
1125 495 1229 523 vidisse
1246 495 1365 523 dicebat.
1389 495 1510 524 Macario
1532 504 1598 524 vero
1615 496 1702 524 dona-

919 546 975 568 tum
992 541 1044 568 fuit
1064 549 1078 568 a
1098 541 1171 574 Deo,
1189 546 1218 568 ιιι
1239 541 1376 569 dmmones
1400 547 1598 569 contenuieret.
1619 541 1702 568 Octa-

918 587 1021 614 sionem
1037 594 1121 622 porro
1135 587 1344 622 philosophandi
1356 587 1380 614 ei
1394 587 1510 621 primum
1527 587 1639 621 praebui:
1652 594 1705 613 car.

917 633 966 661 des
982 633 1094 660 fortuito
1110 637 1273 667 perpetrata.
1287 632 1352 658 Nam
1366 639 1426 658 cum
1439 636 1511 659 esset
1524 632 1702 663 adolescens,

917 687 982 707 oves
1002 679 1131 714 pascebat
1153 678 1226 705 circa
1250 677 1427 705 Mareoticum
1453 677 1559 710 lacum;
1585 685 1704 712 einnque

918 726 989 752 inter
1004 724 1151 752 ludendum
1176 723 1320 758 quemdam
1333 732 1364 750 ex
1380 723 1531 758 mqualibus
1546 724 1604 750 suis
1620 724 1704 751 inter-

919 771 1041 804 fecisset,
1065 771 1172 798 veritus
1195 778 1229 797 ne
1246 777 1344 805 poenas
1363 769 1451 802 daret,
1475 769 1502 796 in
1526 769 1702 796 solitudinem

917 825 948 845 se
963 818 1076 852 recepit.
1095 817 1151 844 lllie
1167 816 1277 844 triclinii
1300 815 1390 850 spatio
1411 815 1462 842 sub
1483 815 1547 842 divo
1570 818 1702 844 moratus.

918 871 1029 898 parvam
1058 863 1110 890 sibi
1144 862 1240 889 cellam
1270 861 1370 888 ibidem
1400 860 1565 893 construxit,
1597 859 1623 887 in
1650 867 1703 894 qua

917 909 1038 943 quinque
1061 911 1088 934 et
1103 906 1200 942 viginti
1217 913 1307 932 annos
1329 905 1430 939 exegit.
1452 904 1664 938 Narrabantque
1685 903 1702 930 ii

917 954 962 989 qui
979 961 1010 980 ex
1034 953 1094 987 ipso
1118 952 1146 979 id
1178 950 1333 983 audierant,
1363 949 1451 984 ipsum
1487 948 1637 976 calamitati
1665 947 1704 974 illi

916 999 1019 1034 gratias
1032 997 1134 1025 referre
1149 996 1272 1026 solitum,
1287 999 1311 1021 et
1330 994 1431 1021 caedem
1444 993 1517 1020 illam
1535 993 1650 1019 fortuito
1663 991 1704 1018 fa-

917 1048 989 1072 ctam
1024 1043 1173 1071 salutarem
1202 1040 1367 1076 appellasse,
1392 1046 1453 1073 qum
1475 1038 1653 1072 philosophia!
1673 1045 1705 1063 ac

917 1091 1002 1118 beat-.2
1032 1089 1097 1115 vitae
1144 1086 1320 1115 occasionem
1359 1085 1411 1120 ipsi
1450 1085 1597 1116 attulisset.
1625 1083 1705 1118 260

917 1135 1078 1171 Apollonius
1095 1136 1197 1163 autem,
1218 1139 1280 1158 cum
1295 1133 1423 1157 anteacto
1445 1133 1569 1163 tempore
1596 1136 1704 1155 merca-

917 1185 1007 1208 turam
1024 1179 1147 1210 fecisset,
1163 1178 1219 1212 jam
1232 1178 1261 1204 in
1281 1177 1389 1204 senium
1403 1183 1530 1210 vergens,
1547 1174 1581 1201 ad
1599 1174 1702 1205 Sectim

917 1234 948 1255 se
971 1225 1098 1253 contulit.
1119 1224 1244 1258 Cumque
1267 1222 1470 1252 consideraret,
1495 1228 1526 1248 se
1554 1219 1589 1247 ob
1612 1220 1704 1254 ingra-

917 1275 1071 1300 vescentem
1086 1273 1194 1297 aetatem
1220 1276 1271 1296 nec
1287 1266 1426 1296 scribendi
1442 1269 1540 1298 artem,
1557 1272 1607 1293 nec
1622 1265 1703 1292 ullam

918 1317 999 1345 aliam
1014 1323 1095 1351 pOSse
1113 1314 1266 1346 addiscere,
1289 1312 1380 1340 varias
1397 1311 1504 1347 species
1520 1309 1704 1338 medicamen-

917 1366 1007 1389 torum
1021 1364 1048 1389 et
1062 1360 1188 1387 ciborum
1209 1358 1256 1393 qui
1277 1356 1414 1385 commodi
1431 1359 1495 1383 sunt
1510 1354 1705 1390 mgrotantibus

918 1416 968 1436 sua
992 1407 1108 1442 pecunia
1133 1412 1276 1436 coemens,
1297 1403 1422 1437 singulas
1447 1401 1643 1429 monachorum
1663 1400 1705 1435 ja-

899 1472 901 1474 -
918 1461 988 1482 nues
1004 1452 1146 1484 circuibat,
1163 1450 1195 1478 ad
1211 1450 1307 1478 horam
1323 1456 1410 1483 usque
1422 1455 1521 1474 nonam
1536 1454 1623 1481 aegros
1636 1445 1705 1472 invi-

919 1507 992 1527 sens.
1010 1497 1087 1532 Quod
1107 1496 1216 1532 quidem
1234 1493 1442 1523 exercitationis
1458 1500 1545 1528 genus
1566 1499 1629 1519 cum
1652 1490 1705 1518 sibi

918 1544 1092 1573 commodum
1119 1542 1276 1577 reperisset,
1307 1540 1344 1567 ita
1370 1539 1499 1574 deinceps
1525 1541 1705 1565 conversatus

917 1594 960 1617 est
974 1599 982 1623 ;
1000 1594 1027 1616 et
1044 1596 1106 1616 cum
1120 1587 1271 1615 moriturus
1288 1588 1371 1616 esset,
1388 1591 1559 1619 quacunque
1576 1582 1704 1614 habebat,

917 1635 998 1662 alteri
1012 1633 1134 1666 tradens,
1151 1631 1292 1659 mandavit
1316 1634 1346 1657 ut
1366 1630 1437 1657 idem
1452 1628 1570 1655 officium
1589 1635 1702 1655 exerce-

917 1684 968 1707 ret.
983 1679 1072 1707 Moses
1091 1685 1157 1706 vero
1169 1684 1231 1705 cum
1249 1680 1323 1704 esset
1338 1682 1446 1707 servus,
1467 1679 1581 1710 propter
1601 1675 1705 1708 impro-

917 1725 1030 1753 bitatem
1047 1732 1081 1752 ex
1095 1724 1200 1751 aedibus
1212 1722 1313 1750 domini
1330 1722 1373 1749 sui
1391 1721 1508 1756 ejectus,
1525 1724 1551 1747 et
1568 1719 1602 1746 ad
1619 1720 1705 1746 latro-

918 1770 1241 1804 cinandum‘convcrsus,
1265 1768 1369 1803 agmini
1399 1768 1539 1794 latronum
1556 1766 1653 1793 ducem
1677 1773 1707 1793 se

918 1815 1045 1850 praebuit.
1061 1814 1189 1846 Quicum
1204 1812 1290 1839 multa
1310 1812 1414 1840 scelera
1428 1811 1621 1842 commisisset,
1638 1809 1708 1837 mul-

917 1866 1018 1896 tasque
1030 1860 1118 1888 caedes
1135 1861 1282 1894 patrasset,
1300 1865 1366 1885 casu
1382 1857 1502 1892 quodam
1519 1856 1553 1883 ad
1575 1855 1708 1883 monasti-

918 1915 977 1936 cam
996 1907 1080 1935 vitam
1098 1905 1248 1934 translatus
1265 1907 1318 1936 est,
1334 1911 1366 1931 ac
1379 1907 1491 1937 repente
1506 1902 1539 1928 ad
1561 1909 1702 1929 summum

919 1951 1098 1988 philosophia;
1113 1949 1253 1984 fastigium
1280 1948 1378 1976 evasit.
1401 1946 1469 1974 Nam
1486 1945 1617 1981 quoniam
1634 1945 1706 1972 bona

918 1998 1044 2033 Corporis
1069 1995 1243 2025 habitudine,
1268 2000 1350 2028 quam
1374 2000 1407 2020 ex
1433 1992 1524 2027 priore
1543 1991 1617 2018 victu
1638 1998 1706 2018 con-

919 2046 1050 2073 traxerat,
1067 2041 1157 2068 adhuc
1179 2039 1300 2070 fervens,
1321 2038 1355 2066 ad
1376 2036 1559 2072 cogitationes
1581 2035 1658 2064 Red-,e
1674 2035 1706 2062 li-

919 2089 1022 2118 hidinis
1050 2086 1229 2117 incitabatur,
1257 2085 1332 2112 omni
1358 2082 1555 2118 philosophica
1575 2081 1708 2109 exercita—

919 2135 1004 2163 tionis
1017 2139 1116 2169 genere
1125 2139 1226 2164 corpus
1242 2137 1323 2158 suum
1339 2128 1498 2161 maceravit,
1525 2135 1597 2154 nunc
1610 2127 1708 2162 exiguo

919 2188 990 2217 pane
1006 2179 1136 2207 victitans
1152 2177 1212 2204 sine
1229 2175 1356 2208 obsonio,
1387 2181 1461 2201 nunc
1481 2173 1629 2208 plurimum
1644 2179 1708 2205 ope—

83 2227 202 2261 ύπάρξαι
231 2225 400 2261 μεταὸολήνο
427 2225 498 2252 ὥστε
529 2225 615 2260 ἄκρου
645 2223 693 2259 μὲν
720 2222 866 2257 ἐπιψαῦσαι

921 2216 958 2255 ris
974 2225 1087 2255 faciens,
1100 2229 1239 2258 oransque
1260 2219 1457 2256 quinquagies;
1476 2217 1611 2244 interdum
1626 2216 1708 2243 etiam

85 2273 249 2307 μοναστικῆς
265 2271 421 2306 φιλοσοφίας
433 2291 440 2303 ,
463 2270 580 2304 ἐξαίσιον
594 2270 622 2296 δὲ
637 2269 719 2304 φόϐον
741 2271 797 2301 τοῖς
812 2269 869 2296 δαί-

85 2327 161 2352 μοσιν
175 2318 334 2353 ἐμποιῆσαι,
357 2317 404 2344 καὶ
419 2316 603 2352 πρεσϐύτερον
625 2315 750 2350 γενέσθαι
772 2315 825 2342 τῶν
840 2316 869 2343 ὲν

84 2364 182 2399 Σκήτει
209 2363 342 2399 μοναχῶν.
365 2363 393 2389 '0
416 2363 466 2398 μὲν
489 2361 536 2390 οὖν
553 2361 673 2393 τοιοῦτος
689 2361 737 2392 ὢν,
756 2361 868 2392 πολλοὺς

84 2411 210 2445 ἀρίστους
224 2409 347 2445 μαθητὰς
369 2408 537 2442 καταλιπὼν,
552 2409 624 2444 ἀμφὶ
638 2407 672 2434 τὰ
684 2406 869 2442 ἑϐδομήκοντα

85 2456 130 2482 καὶ
147 2456 229 2482 πέντε
241 2455 288 2491 ἐτη
309 2455 428 2490 γεγονὼς
442 2454 627 2489 ἐτελεύτησεν.
647 2454 709 2480 Ἐπὶ
724 2453 825 2488 ταύτης
841 2452 871 2478 δὲ

84 2503 132 2537 τῆς
149 2502 287 2537 βασιλείας
302 2502 409 2536 ἐγένετο
424 2500 528 2532 Παῦλος
542 2500 590 2526 καὶ
607 2499 714 2535 Παχὼν,
738 2497 871 2533 Στέφανός

84 2557 114 2574 τε
129 2549 176 2574 καὶ
189 2548 302 2582 Μωσῆς,
317 2548 401 2582 ἄμφω
413 2545 522 2578 Λίϐυες,
539 2545 586 2572 καὶ
600 2545 675 2580 Πίωρ
685 2546 699 2571 ὀ
712 2544 869 2578 Αἰγύπτιος.

88 2595 184 2628 ᾭκουν
201 2593 240 2626 δὲ,
258 2593 363 2625 Παῦλος
381 2593 430 2628 μὲν
445 2593 476 2618 ὲν
491 2592 586 2627 Φέρμῃ
598 2600 606 2608 ο
630 2591 692 2626 ὅρος
705 2591 733 2617 δὲ
745 2590 825 2617 τοῦτο
839 2590 869 2616 ὲν

86 2639 194 2673 Σκὴτει·
218 2638 249 2665 οὺ
266 2638 359 2673 μείους
373 2636 557 2664 πεντακοσίων
573 2635 695 2671 ἁσκητὰς
715 2634 783 2670 ἔχων
799 2634 865 2670 (45).

922 2271 1037 2307 singulis
1053 2269 1180 2297 noctibus
1202 2271 1289 2299 stans,
1315 2273 1364 2301 per
1389 2273 1435 2293 sex
1458 2263 1604 2291 continuos
1621 2269 1709 2288 annos

922 2306 1028 2346 orabat,
1043 2321 1092 2342 nec
1107 2321 1195 2348 genua
1208 2311 1331 2342 flectens,
1348 2318 1399 2337 nec
1419 2309 1516 2336 oculos
1530 2307 1660 2345 clauderLs
1674 2306 1708 2332 ad

923 2367 1048 2389 somnum
1078 2356 1251 2392 capiendum.
1282 2354 1484 2388 Nonnunquam
1508 2351 1707 2379 monachorum

923 2406 1005 2434 cellas
1021 2408 1101 2432 noctu
1120 2401 1298 2433 circumiens,
1315 2399 1426 2436 hydrias
1452 2397 1621 2432 singulorum
1637 2396 1708 2423 clam

925 2459 996 2487 aqua
1011 2450 1151 2485 implebat.
1179 2447 1259 2481 Quod
1274 2447 1384 2482 quidem
1407 2443 1575 2472 laboriosum
1592 2445 1650 2469 erat
1666 2443 1709 2468 in-

924 2496 1032 2532 primis.
1053 2495 1095 2523 Ab
1109 2494 1171 2521 aliis
1195 2493 1269 2521 enim
1286 2492 1380 2519 decem
1393 2510 1400 2523 ,
1427 2490 1461 2517 ab
1485 2489 1545 2516 aliis
1563 2487 1677 2522 viginti,
1693 2494 1708 2514 a

924 2542 1088 2578 quibusdam
1102 2547 1167 2568 vero
1183 2538 1295 2574 triginta
1313 2540 1339 2565 et
1354 2535 1473 2570 amplius
1495 2534 1592 2562 stadiis
1613 2533 1709 2560 aberat

922 2577 999 2616 locus
1017 2587 1074 2619 ille,
1087 2585 1157 2613 unde
1173 2591 1272 2620 aquam
1288 2581 1461 2609 hauriebant.
1478 2579 1527 2607 Diu
1543 2583 1633 2606 tamen
1652 2577 1708 2612 pri-

921 2634 1023 2662 stinum
1035 2633 1121 2660 robur
1135 2629 1266 2663 retinuit,
1286 2628 1350 2656 licet
1361 2627 1487 2663 plurimis
1498 2623 1706 2654 exercitationi-

685 2711 819 2740 VALESI]
837 2708 1111 2738 ANNOTATIONES.

120 2761 176 2796 (t2)
192 2761 330 2794 Πολλοὺς
352 2759 392 2796 δὲ
402 2759 622 2796 κακουργήσας.
640 2757 745 2796 Melius,
761 2761 796 2796 _ut
811 2757 870 2796 opi-

87 2792 148 2826 nor,
166 2792 333 2823 scriberetur
353 2795 448 2827 πολλά,
469 2792 699 2830 quemadmodum
717 2792 816 2830 legisse
831 2792 871 2830 vi-

86 2831 165 2857 detur
181 2830 363 2865 Nicephorus.
388 2830 434 2857 Sic
458 2827 531 2858 enim
547 2829 604 2856 haec
625 2827 768 2865 sozunieni
788 2827 870 2853 verba

88 2867 221 2900 expressit
238 2863 370 2893 ιἸΓοεῖστα
384 2865 411 2892 δὲ
424 2865 518 2892 ἀνόσια
530 2863 718 2900 εἰργασμένος,
730 2865 782 2888 ctr.

959 2753 1015 2789 (45)
1049 2752 1197 2789 Ἀσ-κητὰς
1215 2751 1304 2789 ἔχων.
1323 2749 1491 2789 Epiphanius
1519 2745 1707 2789 §eliolasticqs

923 2793 950 2817 et
961 2780 1304 2822 ‘Cliristophoisonus'hmc
1317 2780 1398 2813 ve'rlia
1415 2784 1448 2812 de
1463 2783 1545 2822 Paulo
1557 2782 1615 2822 ipso
1628 2780 1707 2806 intel-

926 2825 998 2851 lexit.
1017 2817 1083 2858 Ego'
1093 2829 1156 2858 vero
1174 2821 1234 2856 ἔχον
1264 2821 1291 2858 in
1315 2824 1411 2858 neut_r_o
1438 2817 1705 2858 scribeprllliit_plll:'o,

926 2849 1107 2886 iit—referatur
1121 2856 1154 2884 ad
1170 2849 1263 2884 vacem
1279 2855 1351 2890 ιρος.
1371 2853 1453 2890 quue
1467 2852 1608 2880 confirmat
1623 2849 1709 2876 Palla-
