1896 3074
233 156 303 185 1379

225 217 277 245 bus
290 215 358 244 iliud
375 215 501 250 frangere
527 213 690 245 studuisset,
708 216 735 240 et
760 210 880 239 assiduis
898 211 1018 238 vexatio—
1032 213 1055 242 Α

226 261 308 290 nibus
330 269 430 296 corpus
454 263 594 288 attereret.
615 258 704 286 Porro
729 265 792 285 cum
819 258 941 286 latrones
965 258 1016 284 ali-

225 307 336 343 quando
366 307 393 334 in
420 306 515 333 cellam
546 305 573 331 in
603 311 657 339 qua
680 304 757 331 solus
769 303 1016 339 pbilosophabatur

225 353 403 389 irrupissem,
428 350 487 386 ipse
511 353 629 378 cunctos
657 349 900 384 comprehendisse
925 356 958 376 ac
983 349 1017 376 li-

227 407 308 434 gasse
321 399 439 429 dicitur,
456 400 483 424 et
498 395 626 431 quamvis
640 399 760 431 quatuor
781 403 897 423 numero
911 399 1015 429 essent,

226 443 347 471 humeris
366 443 426 470 suis
453 442 599 477 impositos
625 441 723 469 tulisse
748 441 782 468 ad
805 441 963 475 ecclesiam,
984 448 1016 469 ac

224 488 339 523 reliquis
353 487 497 514 monachis
512 486 672 522 permisisse
687 492 717 514 ιιι
730 486 765 514 de
778 486 837 514 illis
852 490 1015 518 statuerent,

224 535 335 569 quando
357 533 410 569 ipsi
431 533 488 568 jam
504 531 582 560 nefas
596 536 670 561 esset
692 539 857 568 quemquam
874 532 947 560 malo
961 531 1018 559 a-

225 589 297 609 cere.
314 580 399 607 Aiunt
415 579 489 607 enim
507 579 610 607 nemini
629 585 750 614 unquam
770 578 898 606 talem.ac
913 582 1017 606 tantam

226 630 406 658 mutationem
422 637 456 656 ex
476 629 542 656 vitio
558 628 590 656 ad
603 628 734 656 virtutem
752 626 913 661 contigisse,
929 632 1018 661 quan-

226 679 281 702 tam
299 675 364 702 isti:
384 675 486 710 quippe
507 674 555 709 qui
572 675 605 701 ad
622 673 731 701 culmen
759 671 918 700 monasticae
933 670 1019 706 philo-

226 721 328 756 sophiae
351 720 527 756 pervenerit,
549 724 576 747 et
599 719 772 747 damonibus
793 719 944 751 maximum
961 721 1018 744 ter-

227 773 317 793 rorem
349 765 519 795 incusserit,
553 768 580 791 et
611 763 792 790 Scetiensium
820 760 1018 788 monachorum

226 812 369 846 presbyter
386 810 474 838 factus
491 810 537 837 sit.
560 809 648 844 Atque
667 808 712 835 hic
727 807 838 843 quidem
854 809 948 834 tantus
963 805 1017 837 vir,

227 863 314 884 annos
336 856 447 884 circiter
465 855 638 890 septuaginta
661 854 783 889 quinque
805 857 899 885 natus,
924 858 1020 880 exces-

227 902 263 928 sit
286 909 300 929 e
324 901 398 933 vita.
420 901 515 928 multis
538 899 733 935 praestantibus
752 897 896 933 discipulis
912 900 1018 932 postse
1033 890 1055 919 Β

226 946 341 973 relictis.
356 945 457 973 Eodem
488 945 654 979 imperatore
673 948 807 980 regnante
828 943 897 971 vixit
916 942 1019 970 Paulus

226 997 254 1020 et
285 991 426 1023 Pacbon;
461 991 620 1025 Stephanus
651 991 715 1018 item
743 997 776 1017 ac
802 989 902 1022 Moses,
937 989 1018 1016 ambo

227 1037 384 1073 Libyes;ct
401 1037 464 1064 Pior
487 1036 642 1072 Egyptius.
666 1036 705 1063 Ac
723 1035 825 1063 Paulus
838 1035 955 1070 quidem
966 1034 1014 1062 de-

225 1084 307 1118 gebat
331 1083 359 1110 in
381 1081 498 1114 Ferme,
526 1081 572 1116 qui
602 1088 681 1108 mons
698 1085 741 1108 est
769 1080 798 1108 in
821 1079 918 1112 Sceti;
945 1079 1019 1106 haud

227 1129 371 1163 pauciores
398 1127 556 1163 quingentis
583 1126 736 1154 monachos
759 1125 875 1153 habens.
908 1124 1018 1152 Nullum

225 1173 304 1209 261
325 1173 370 1201 hic
393 1181 461 1209 opus
487 1173 615 1205 iaciebat.
642 1179 694 1200 nec
722 1171 758 1200 ab
782 1172 838 1199 ullo
866 1171 1021 1206 accipiebat

225 1220 389 1255 quidquam,
416 1223 514 1254 pra-ter
541 1226 622 1254 quam
643 1219 717 1254 quod
738 1225 837 1247 esurus
854 1221 934 1246 esset.
952 1217 1021 1244 Ora-

227 1266 294 1293 tioni
321 1270 428 1293 tantum
457 1265 583 1298 vacabat,
611 1269 749 1293 trecentas
769 1265 920 1296 orationes.
946 1263 1021 1291 velut

226 1311 359 1339 tributum
375 1311 525 1347 quoddam,
537 1311 660 1346 quotidie
673 1311 832 1346 persolvens
847 1309 913 1337 Deo.
932 1309 971 1336 Ac
985 1316 1020 1336 ne

226 1357 297 1385 forte
313 1358 455 1385 aberraret
470 1357 505 1384 ab
517 1357 622 1392 integro
636 1363 761 1388 numero,
775 1355 907 1383 trecentis
919 1354 1019 1389 lapillis

226 1403 253 1432 in
268 1403 358 1432 sinum
379 1410 460 1432 suum
476 1403 625 1438 congestis,
648 1402 682 1430 ad
700 1401 826 1437 singulas
846 1401 1019 1436 precationes

226 1450 349 1485 singulos
370 1449 532 1485 projiciebat
549 1449 667 1483 lapillos.
689 1447 850 1482 Absumptis
867 1447 960 1481 itaque
979 1446 1020 1473 la-

227 1495 313 1530 pillis,
330 1495 442 1530 planum
467 1493 549 1521 ﬂebat
569 1494 709 1521 orationes
732 1499 846 1519 numero
864 1491 1018 1526 lapillorum

228 1541 346 1575 mquales
361 1540 417 1575 jam
437 1539 588 1574 completas
608 1545 679 1566 esse.
697 1537 809 1564 Pachon
824 1543 935 1571 quoque
952 1540 1018 1562 tunc

228 1586 360 1621 temporis
375 1587 402 1613 in
421 1585 495 1613 Sceti
509 1585 627 1613 celebris
647 1584 708 1611 luit.
727 1584 778 1617 Qui
796 1590 858 1611 cum
872 1582 906 1609 ab
926 1581 1018 1609 adolc-

229 1633 334 1660 scentia
356 1639 444 1667 usque
467 1631 500 1659 ad
521 1631 645 1659 ultimam
670 1633 838 1659 senectutem
856 1629 973 1656 vixisset
989 1628 1017 1655 in

227 1679 385 1711 solitudine,
402 1682 492 1705 tamen
514 1685 563 1705 nec
580 1678 651 1704 bona
672 1676 797 1711 corporis
812 1675 954 1705 habitudo,
967 1681 1017 1701 nec

227 1723 395 1759 perturbatio
415 1722 510 1753 animi,
522 1729 572 1748 ncc
593 1721 712 1752 dzcmon,
729 1720 805 1747 circa
823 1719 1016 1746 abstinentiam

225 1777 322 1797 eorum
339 1776 354 1795 a
367 1768 467 1804 quibus
482 1767 674 1802 philosophum
689 1765 829 1792 abstinere
846 1764 934 1796 decet.
954 1771 1016 1791 eum

227 1823 347 1850 unquam
371 1814 498 1849 ignavum
519 1811 710 1848 deprehendit.
732 1810 793 1838 lam
816 1818 882 1837 vero
899 1809 1016 1845 Stepha-

227 1869 280 1888 nus
307 1860 381 1888 circa
412 1859 560 1886 Mareotcm
591 1857 744 1891 habitabat,
775 1856 847 1883 haud
878 1856 973 1890 procul
1001 1862 1016 1882 a

227 1906 397 1933 Marmarice.
412 1905 462 1938 Qui
480 1912 542 1932 cum
558 1911 654 1932 severa
671 1911 703 1930 ac
716 1902 918 1938 perfectissima
935 1901 1016 1929 disci-

226 1952 299 1988 plina
316 1960 377 1979 scse
400 1951 572 1978 exercuisset
590 1957 638 1986 per
660 1956 747 1976 annos
768 1949 924 1984 sexaginta,
943 1947 1016 1975 cele-

225 1999 362 2026 berrimus
383 1996 490 2025 exstitit
517 1995 681 2026 monachus,
714 1999 741 2022 et
770 2001 870 2029 magno
896 1992 1016 2020 Antonio

226 2043 381 2072 familiaris.
409 2042 471 2069 Fuit
503 2047 593 2068 autem
625 2041 700 2068 luitis
725 2044 752 2068 et
779 2039 926 2066 admodum
950 2046 1015 2073 pru-

225 2089 305 2122 dens,
338 2090 363 2115 in
378 2088 528 2123 colloquiis
543 2087 635 2114 suavis
653 2090 736 2122 atque
759 2086 845 2117 utilis,
860 2089 887 2112 et
902 2085 935 2111 ad
955 2085 1013 2111 ani-

227 2144 286 2163 mos
307 2143 401 2162 corum
426 2135 472 2169 qui
493 2134 587 2161 dolore
608 2132 697 2160 alfecti
718 2136 820 2164 essent,
839 2131 1013 2166 permulcen-

226 2180 278 2207 dos
296 2183 323 2206 et
338 2179 370 2204 ad
384 2179 506 2205 laetitiam
531 2177 716 2204 traducendos
732 2176 902 2211 aptissimus,
916 2181 1013 2210 quam-

227 2228 268 2253 vis
298 2225 376 2252 dolor
393 2231 489 2251 eorum
516 2231 634 2258 prorsus
662 2223 836 2250 necessarius
862 2221 1011 2248 videretur.
1027 2233 1052 2263 η

226 2271 286 2306 lpse
301 2277 410 2305 quoque
426 2269 463 2296 ita
480 2268 592 2296 aﬂectus
605 2272 663 2296 erat
675 2269 702 2295 in
720 2268 778 2295 suis
797 2266 1011 2294 calamitatibus.

226 2317 294 2344 Nam
313 2324 375 2344 cum
392 2323 474 2351 grave
496 2315 632 2350 quoddam
658 2318 684 2342 et
707 2313 860 2341 insanabile
887 2312 967 2339 ulcus
987 2311 1012 2338 ei

226 2363 406 2397 contigisset,
437 2365 567 2396 corrupta
595 2360 720 2395 corporis
746 2359 868 2386 membra
894 2356 1012 2384 secanda

225 2408 339 2436 medicis
367 2407 496 2442 praebuit,
526 2408 584 2442 ipse
618 2406 729 2433 interim
756 2412 826 2440 opus
852 2404 1012 2436 faciens,ct

226 2454 377 2489 palmarum
392 2452 457 2480 folia
470 2453 598 2480 manibus
617 2451 676 2478 suis
693 2455 797 2478 texens.
819 2449 1010 2483 Suadebatque

1031 1564 1052 1593 C

225 2498 411 2530 adstantibus,
431 2505 466 2525 ne
483 2498 519 2525 ob
537 2498 624 2532 ipsius
647 2496 716 2524 mala
737 2503 853 2523 mwrore
871 2496 1010 2522 adiceren-

224 2549 279 2578 tur,
290 2551 358 2572 neve
377 2543 449 2570 aliud
464 2543 614 2579 quidquam
630 2543 792 2578 cogitarent,
810 2549 891 2576 quam
905 2549 935 2568 ea
949 2548 1010 2576 qua:

224 2599 241 2618 a
255 2590 310 2618 Deo
324 2593 402 2623 bunt,
422 2589 525 2618 bonum
546 2596 653 2625 semper
668 2589 771 2616 exitum
790 2587 884 2615 sortiri
902 2597 908 2614 :
924 2587 1009 2621 idque

954 149 1068 178 502οΜ
1071 149 1126 177 EN!

1791 150 1857 178 l3“0

1070 209 1220 245 Είργάζετο
1245 209 1272 236 δε
1296 208 1382 242 οὐδὲν,
1407 209 1467 236 οὐδὲ
1490 209 1627 244 ἐλάμϐανέ
1652 218 1679 236 τι
1707 207 1789 244 παρά
1808 217 1864 242 του,

1067 255 1136 290 πλὴν
1151 255 1213 281 ὅσον
1244 254 1347 290 ἤσθιεν.
1373 255 1479 290 Εὖχετο
1498 256 1527 282 δὲ
1550 256 1642 290 μόνον,
1659 255 1760 292 ὥσπερ
1788 256 1866 290 φόρον

1065 300 1127 327 τινὰ
1138 300 1296 336 τριακοσίας
1308 300 1391 336 εὐχὰς
1407 301 1526 336 ἑκάστης
1542 301 1651 336 ἡμέρας
1669 301 1820 331 ἀποδιδοὺς
1832 300 1866 335 τῷ

1065 347 1136 382 Θεῷ.
1161 347 1219 374 Ἵνα
1249 347 1278 374 δι
1309 347 1346 382 μὴ
1368 347 1457 374 λαθὼν
1485 347 1624 382 διαμάρτῃ
1650 347 1701 374 τοῦ
1730 346 1865 382 ἀριθμοῦ,

1065 394 1225 430 τριακοσίας
1237 393 1358 429 ψηφίδας
1377 392 1416 428 τῷ
1429 392 1522 428 κόλπῳ
1539 393 1696 428 ἐμϐάλλων,
1721 393 1788 420 καθ’
1808 394 1866 419 ἑκά-

1068 447 1133 475 στην
1149 439 1232 474 εὐχὴν
1254 438 1359 473 ψηφίδα
1376 438 1513 473 ὲκρίπτει.
1535 437 1748 464 ’Δναλωθέντων
1766 437 1798 463 δὲ
1818 438 1867 464 τῶν

1066 484 1158 517 λίθων,
1175 484 1253 520 δῆλον
1272 484 1380 517 ἐγένετο
1398 483 1448 515 τὰς
1465 483 1627 519 ἰσαρίθμους
1642 485 1702 515 τοῖς
1718 483 1810 514 λίθοις
1829 484 1868 509 εὑ-

1067 529 1117 565 χὰς
1131 528 1338 564 πεπληρῶσθαι.
1355 529 1410 556 Καὶ
1423 528 1522 564 Παχὼν
1533 528 1561 555 δὲ
1572 528 1635 554 τότε
1653 528 1682 554 ὲν
1698 528 1808 562 Σκήτει
1834 527 1867 553 6-.-

1073 575 1205 611 έπρεπεν,
1225 575 1255 601 ὃν
1270 575 1303 601 ὲκ
1330 573 1391 600 νέου
1407 574 1489 609 μέχρι
1512 574 1605 609 γήρως
1619 573 1867 607 πολιτευσάμενον,

1067 621 1130 648 οὒτε
1147 621 1227 657 σῶμα
1241 619 1270 648 εὖ
1288 620 1368 655 ἔχων,
1382 619 1445 646 οὔτε
1459 619 1545 652 πάθος
1556 619 1659 655 ψυχῆς,
1671 619 1739 645 οὔτε
1753 619 1867 654 δαίμων,

1068 667 1198 701 ἄνανδρον
1212 666 1337 702 ὲφώρασε
1353 666 1418 702 περὶ
1430 666 1480 701 τὴν
1496 667 1673 701 ἐγκράτειαν,
1693 662 1734 693 ὧν
1747 666 1791 692 δεῖ
1805 674 1868 700 κρα-

1067 715 1125 740 τεῖν
1137 713 1181 741 τὸν
1196 713 1351 748 φιλόσοφον.
1370 713 1506 747 Στέφανος
1523 713 1551 739 δὲ
1565 712 1633 748 περὶ
1646 712 1695 739 τὸν
1713 711 1869 747 Μαρεώτην

1068 760 1119 796 τὴν
1131 760 1237 796 οῐκησιν
1253 757 1337 795 εἶχεν,
1352 759 1401 786 οὐκ
1416 759 1526 786 ἄπωθεν
1542 759 1592 794 τῆς
1605 758 1821 794 Μαρμαρικῆς.
1835 759 1868 784 Δι’

1069 806 1200 842 ἀκριϐοῦς
1213 806 1242 833 δὲ
1257 807 1304 832 καὶ
1318 805 1490 840 τελειοτάτης
1504 805 1632 841 χωρήσας
1649 805 1817 840 ἀσκήσεως,
1828 804 1869 830 ἐπὶ

1070 852 1202 888 ἑξήκοντα
1228 851 1332 884 ἐτεσιν,
1359 850 1575 887 εὐδοκιμώτατος
1595 850 1713 884 ἐγένετο
1743 850 1867 885 μοναχδς,

1069 899 1117 925 καὶ
1147 898 1280 934 Ἀντωνίῳ
1305 897 1344 933 τῷ
1370 897 1481 933 μεγάλῳ
1504 896 1654 933 γνώριμος.
1689 896 1824 930 Ἐγένετο
1845 896 1868 921 δὲ

1070 945 1166 980 πρᾶος,
1182 945 1228 971 καὶ
1242 944 1323 980 σοφὸς
1340 945 1380 976 είς
1392 943 1472 978 ἄγαν,
1487 944 1535 970 καὶ
1548 943 1578 969 ὲν
1591 943 1652 975 ταῖς
1668 942 1801 978 ὁμιλίαις
1810 942 1868 976 ήδὺς

1069 991 1115 1017 καὶ
1129 989 1278 1025 ὠφέλιμος,
1305 990 1352 1016 καὶ
1376 989 1467 1020 ίκανδς
1482 988 1531 1021 τὰς
1545 989 1600 1015 τῶν
1614 988 1806 1023 λυπουμένων
1824 988 1868 1022 $1:-

1069 1036 1118 1072 χὰς
1135 1036 1237 1071 κηλεῖν,
1254 1035 1301 1062 καὶ
1316 1035 1362 1062 ἐπὶ
1378 1035 1408 1062 τδ
1423 1034 1540 1070 εὔθυμον
1558 1034 1759 1070 μεταὸἁλλειν.
1785 1035 1810 1060 εί
1826 1034 1864 1060 καί

1069 1082 1232 1116 ἀναγκαίαις
1257 1081 1356 1112 λύπαις
1404 1081 1674 1116 προκατειλημμένοι
1707 1080 1865 1115 ἐτύγχανον.

1069 1127 1196 1159 Τοιοῦτος
1205 1127 1234 1154 δὲ
1247 1125 1281 1162 ἦν
1296 1127 1343 1154 καὶ
1359 1126 1423 1162 περὶ
1436 1125 1485 1158 τὰς
1497 1126 1600 1158 οἰκείας
1612 1126 1777 1161 συμφοράς.
1794 1125 1864 1159 Ἀμέ-

1068 1173 1109 1200 λει
1122 1172 1241 1209 χαλεποῦ
1257 1173 1305 1200 καὶ
1327 1173 1436 1200 ἀνιάτου
1453 1171 1556 1203 πάθους
1575 1171 1773 1206 ἐνσκήψαντος
1786 1170 1863 1204 αὐτῷ,

1068 1219 1104 1246 τὰ
1119 1218 1303 1254 διεφθαρμένα
1317 1218 1385 1254 μέλη
1399 1219 1455 1249 τοῖς
1469 1218 1570 1252 ἰατροῖς
1586 1216 1702 1252 τέμνειν
1717 1215 1863 1252 παραδοὺς,

1069 1264 1213 1301 είργάζετο
1230 1266 1291 1297 ταῖς
1309 1265 1386 1300 χερσὶ
1406 1264 1494 1299 φύλλα
1513 1263 1642 1298 φοινίκων
1663 1263 1791 1290 πλέκων.
1816 1263 1864 1289 Kal

1069 1312 1126 1342 τοῖς
1142 1310 1261 1347 παροῦσι
1279 1309 1452 1336 συνεσούλευε
1471 1309 1508 1345 μὴ
1522 1309 1667 1344 δυσφορεῖν
1683 1309 1734 1335 ἐπὶ
1749 1309 1807 1340 τοῖς
1820 1308 1865 1334 αὖε

1069 1356 1117 1383 τοῦ
1132 1356 1240 1389 πάθεσι,
1261 1355 1328 1392 μηδὲ
1343 1355 1407 1383 ἄλλο
1422 1364 1448 1383 τι
1463 1355 1636 1387 διανοεῖσθαι,
1651 1355 1726 1390 πλὴν
1740 1355 1784 1381 ὅτι
1800 1355 1865 1389 πρὸς

1068 1401 1145 1434 τέλος
1156 1401 1273 1438 χρηστὸν
1289 1402 1408 1434 πάντως,
1421 1401 1439 1428 ἃ
1452 1402 1525 1427 ποιεῖ
1537 1402 1551 1427 ὁ
1565 1401 1642 1435 Θεὸς,
1657 1401 1785 1428 ἐκϐαίνει
1798 1409 1805 1416 ·
1822 1401 1866 1427 καὶ

1069 1447 1144 1484 αὐτῷ
1171 1448 1303 1475 συνοίσειν
1327 1447 1455 1475 τοιούτων
1478 1448 1646 1484 πειραθῆναι
1679 1448 1794 1479 παθῶν,
1822 1448 1865 1474 καὶ

1070 1493 1140 1529 ὑπὲρ
1156 1493 1363 1529 ἁμαρτημάτων
1381 1493 1455 1525 ἴσως,
1478 1490 1521 1520 ὦν
1530 1493 1624 1519 ἕνεκεν
1637 1493 1754 1528 ἄμεινον
1773 1493 1865 1519 ἐνθάδε

1070 1539 1168 1565 διδόναι
1187 1538 1275 1574 δίκην,
1290 1539 1306 1574 ἢ
1323 1539 1392 1574 μετὰ
1409 1539 1459 1574 τὴν
1473 1538 1565 1574 βιοτήν
1581 1539 1695 1574 ταύτην.
1720 1539 1827 1573 Μωσῆς
1839 1538 1864 1564 δὲ

1069 1583 1203 1618 πραότητι
1218 1584 1265 1610 καὶ
1278 1584 1373 1619 ἀγάπῃ
1386 1583 1532 1618 ὑπερφυῶς
1547 1583 1761 1619 εὐδοκιμηκέναι
1779 1592 1865 1618 παρα-

1067 1628 1182 1660 δέδοται,
1197 1629 1244 1655 καὶ
1263 1629 1350 1656 liceat
1374 1629 1468 1656 παθῶν
1485 1630 1553 1665 εὐχῇ
1568 1630 1818 1665 κατορθουμέναις.
1837 1632 1864 1658 '0

1067 1673 1095 1700 δὲ
1109 1674 1185 1709 “imp
1200 1675 1231 1700 ὲκ
1241 1675 1301 1700 νέου
1315 1674 1469 1708 φιλοσοφεῖν
1480 1674 1619 1709 ἐγνωκὼς.
1632 1675 1717 1710 ήνίκα
1731 1675 1778 1702 διὰ
1789 1675 1865 1702 τοῦτο

1067 1720 1114 1746 τοῦ
1138 1719 1264 1755 πατρῴου
1290 1720 1366 1746 οἴκου
1390 1720 1494 1755 ἐξῆλθε.
1517 1720 1644 1747 συνέθετο
1664 1722 1705 1755 τῷ
1729 1721 1802 1756 Θεῷ,
1819 1722 1862 1748 τοῦ

1044 1779 1047 1782 ·
1067 1765 1162 1792 λοιποῦ
1191 1765 1292 1801 μηδένα
1303 1765 1356 1792 τῶν
1368 1766 1475 1792 οἰκείων
1490 1765 1604 1800 δψεσθαι
1616 1774 1624 1781 ·
1640 1766 1712 1801 μετὰ
1724 1766 1753 1792 δὲ
1766 1768 1862 1801 πεντή-

1067 1820 1149 1838 κοντα
1172 1811 1218 1846 ἐτη
1246 1811 1362 1838 ἐπύθετο
1385 1811 1466 1838 αὑτὸν
1492 1812 1508 1846 ή
1532 1811 1635 1846 ἀδελφὴ
1659 1811 1721 1846 ζῇν.
1743 1812 1815 1838 Ὑπὸ
1837 1813 1860 1838 δὲ

1067 1859 1154 1893 χαρᾶς
1171 1858 1290 1894 ἀμέτρου
1308 1858 1463 1892 παραλόγου
1481 1857 1624 1893 μηνύσεως
1640 1858 1859 1892 καταπλαγεῖσα,

1067 1903 1180 1938 ἠρεμεῖν
1201 1903 1251 1930 οὐκ
1265 1903 1389 1937 ἠδύνατο,
1414 1904 1438 1929 εί
1466 1903 1504 1939 μὴ
1528 1903 1657 1930 θεάσαιτο
1672 1904 1721 1930 τδνι
1737 1905 1858 1939 ἀδελφὸν.

1072 1947 1291 1984 Ὀλοφυρομένην
1302 1949 1330 1975 δὲ
1342 1950 1390 1975 καὶ
1405 1948 1600 1976 ἀντιδολοῦσαν
1613 1951 1643 1976 ὲν
1657 1950 1734 1985 γήρα
1747 1950 1859 1985 ἐλεήσας

1065 1996 1079 2021 ὁ
1093 1994 1158 2029 παρ’
1169 1994 1259 2026 αὐτοῖς
1272 1995 1430 2026 ἐπίσκοπος,
1443 1995 1544 2031 ἔγραψε
1557 1997 1614 2028 τοῖς
1626 1996 1796 2031 ἡγουμένοις
1809 1997 1860 2023 τῶν

1066 2041 1094 2066 ὲν
1109 2040 1204 2075 ἐρήμῳ
1218 2039 1353 2074 μοναχῶν,
1370 2040 1509 2075 ἐκπέμψαι
1522 2041 1568 2067 τὸν
1585 2042 1673 2077 Πίωρ.
1692 2042 1817 2069 Ἀπιέναι
1834 2044 1858 2068 5‘;

1066 2086 1256 2121 προσταχθεὶς,
1277 2086 1327 2112 οὐκ
1344 2085 1414 2120 ἔχων
1431 2087 1568 2113 ἀντειπεῖν
1580 2096 1586 2102 ·
1609 2088 1641 2114 οὑ
1655 2088 1710 2122 γὰρ
1724 2088 1806 2123 θέμις
1820 2091 1859 2114 ΑΞ-

1065 2133 1192 2166 γυπτίοις.
1204 2134 1340 2167 μοναχοῖς,
1358 2129 1434 2167 οἶμαι
1446 2132 1474 2159 δὲ
1488 2133 1534 2159 καὶ
1551 2135 1607 2165 τοῖς
1622 2133 1726 2166 ἄλλοις,
1738 2134 1857 2161 ἀπειθεῖν

1064 2179 1119 2208 τοῖς
1140 2178 1361 2213 ἐπιταττομένοις
1374 2187 1382 2195 ν
1406 2178 1571 2213 παραλαϐών
1590 2188 1662 2212 τινα,
1685 2181 1804 2214 ἀφίκετο
1823 2182 1857 2211 εἰς

1064 2223 1113 2258 τὴν
1130 2224 1266 2259 πατρίδα·
1291 2224 1338 2251 καὶ
1362 2224 1426 2256 στὰς
1451 2224 1504 2260 πρὸ
1527 2225 1576 2260 τῆς
1602 2225 1739 2261 πατρῴας
1761 2227 1854 2257 οξκίας,

1062 2270 1196 2304 ἐμήνυσεν
1223 2268 1390 2304 ἐληλυθέναι.
1427 2270 1503 2296 Ἐπεὶ
1524 2269 1552 2296 δὲ
1575 2270 1675 2304 ψοφεῖν
1699 2271 1753 2306 τὴν
1777 2271 1854 2306 θύραν

1061 2315 1169 2350 ᾔσθετο,
1184 2315 1271 2350 μύσας
1282 2316 1344 2346 τοὺς
1354 2315 1520 2350 ὀφθαλμοὺς,
1531 2317 1664 2352 ὀνομαστὶ
1676 2317 1730 2352 τὴν
1744 2318 1856 2352 ἀδελφὴν

1062 2360 1227 2396 προσειπὼν,
1257 2360 1338 2395 Ἐγὼ,
1363 2361 1425 2396 εφη,
1442 2362 1518 2397 Πίωρ
1542 2363 1556 2388 ὸ
1581 2362 1628 2394 σὸς
1649 2363 1783 2397 ἀδελφός·
1797 2363 1858 2390 ἀλλὰ

1061 2407 1122 2433 ὅσον
1144 2406 1248 2440 βούλει,
1271 2407 1406 2433 κατανόει.
1426 2407 1458 2433 Ἦ
1482 2408 1531 2443 μὲν
1545 2406 1592 2435 οὖν
1615 2409 1754 2444 ἡσθεῖσα,
1784 2410 1857 2445 χάριν

1063 2452 1196 2487 ὡμολόγει
1213 2451 1251 2487 τῷ
1264 2452 1323 2488 Θεῷ
1337 2461 1344 2469 ·
1366 2454 1380 2479 ὁ
1394 2453 1422 2479 δὲ
1438 2454 1512 2490 παρὰ
1532 2453 1580 2489 τὴν
1592 2454 1682 2489 θύραν
1699 2456 1854 2491 εὐξάμενος,

1062 2498 1226 2533 ἀνέστρεψεν
1243 2500 1283 2530 εἰς
1293 2499 1339 2525 τὸν
1356 2499 1437 2526 τόπον
1451 2501 1480 2526 ἐν
1495 2497 1517 2535 ᾧ
1530 2500 1606 2536 ᾤκει.
1622 2501 1712 2528 Ἔνθα
1725 2502 1760 2537 δὴ
1773 2503 1855 2537 φρέαρ

1062 2543 1172 2578 ὀρύξας,
1193 2545 1290 2579 πικρὸν
1311 2541 1373 2579 εὗρε
1392 2545 1422 2572 τδ
1444 2545 1526 2582 ὕδωρ.
1550 2546 1606 2573 Καὶ
1628 2547 1713 2582 μέχρι
1730 2547 1853 2581 τελευτῆς

1063 2589 1192 2624 ὑπέμεινε
1211 2590 1267 2625 (44)
1288 2590 1374 2626 τούτῳ
1387 2591 1565 2626 κεχρημένος.
1593 2591 1624 2619 '0
1640 2593 1672 2619 δὲ
1693 2593 1765 2619 ιιετά
1775 2592 1851 2619 ταίτι

801 2677 936 2706 VALESII
953 2678 1221 2707 AN‘NOTATIUNES

225 2755 287 2794 dius
298 2755 326 2783 in
342 2755 484 2794 Lausiaca
489 2764 551 2794 cap.
562 2756 692 2794 ΞὸιὌρος
704 2758 732 2784 ὲν
745 2759 778 2794 τῇ
792 2757 921 2792 Αἰγύπτῳ
933 2758 1006 2784 ἐστὶν

222 2792 328 2829 ἀπᾴγον
345 2792 390 2829 ἐπὶ.
401 2791 450 2829 τῂν
465 2791 584 2829 Σκήτην,
598 2793 612 2820 ὃ
629 2791 750 2829 καλεῖται
764 2791 912 2829 mpm-ei
922 2793 1007 2829 τούτῳ

223 2826 262 2860 τῷ
273 2827 331 2863 ὄρει
341 2825 556 2863 καθέζοπςαινώς
569 2828 741 2863 πεντακόσιοι
761 2825 857 2863 ἄνδρες
869 2825 1006 2863 ἀσκούμελ

224 2857 273 2887 νόι·
287 2857 315 2886 ἐν
334 2857 374 2892 οἷς
390 2861 436 2887 καλ¹
450 2860 554 2892 nam;
566 2869 606 2893 τις
623 2862 748 2896 μοναχός,
767 2857 820 2890 etc'.

1097 2758 1152 2792 (44)
1166 2756 1260 2798 Μέχρι
1273 2756 1415 2798 τελευτῆς
1429 2757 1527 2798 ἔπινε...
1538 2756 1716 2798 Νοιι-εξιὼὶιο
1724 2758 1789 2798 quin
1803 2756 1844 2782 So-

1062 2800 1194 2820 znmcnus
1209 2792 1348 2827 scripserit
1358 2792 1496 2827 ἐπέμεινε.
1507 2793 1588 2819 Certe
1595 2792 1772 2827 Nioeplrorus
1781 2792 1842 2818 hunc

1063 2828 1206 2854 Sozomeni
1217 2828 1304 2854 locum
1317 2827 1512 2855 describeusin
1523 2835 1585 2855 can.
1597 2827 1642 2855 37.
1659 2829 1709 2855 lib.
1726 2836 1756 2855 ιι.
1773 2828 1842 2853 halat

1065 2835 1206 2854 bozomem
1217 2835 1304 2859 locum
1317 2835 1512 2855 ucscrmeustn
1523 2835 1585 2862 cap.
1597 2835 1642 2858 al,
1659 2835 1709 2855 nu.
1726 2836 1756 2859 ιι.
1773 2835 1842 2853 nam

1065 2862 1272 2898 mpéuavsﬁec
1285 2863 1364 2890 aliter
1375 2862 1514 2890 Palladius
1525 2864 1550 2890 iu
1562 2863 1715 2896 Lausiaca,
1730 2871 1787 2898 cap.
1803 2861 1842 2888 Si.
