1896 3074
80 170 141 198 εδει
191 190 195 192 .

557 163 718 192 HISTORIA
737 160 1016 191 ECCLESIASTICA.
1036 176 1071 181 -—
1090 160 1154 188 LIB.
1176 160 1220 188 Vl.

1631 160 1698 188 I382

76 231 182 268 χρόνος,
201 227 232 254 τὸ
251 225 419 263 ὑπερϐάλλον
443 226 567 260 ἀπέδειξε
586 227 635 261 τῆς
658 223 739 252 αὑτοῦ
760 226 857 260 ἐγκρα-

947 222 966 250 )ἰ
987 221 1052 249 utile
1077 220 1147 253 fore,
1167 219 1242 256 quod
1260 224 1336 247 tanta
1355 218 1532 248 sustinuisset
1551 219 1621 246 mala
1634 240 1642 253 ,
1665 227 1698 248 ac

76 277 155 307 Ιτείας.
176 273 252 300 Ἐπεὶ
269 272 322 309 γὰρ
338 273 508 308 ἐτελεύτησε,
530 272 634 299 πολλῶν
650 271 858 299 σπουδασάντων

75 322 102 348 ἐν
115 319 152 356 τῷ
168 317 240 353 αὐτῷ
257 317 332 353 τόπῳ
349 316 515 352 φιλοσοφεῖν,
538 317 625 348 οὐδεὶς
650 315 765 351 ὑπέστη.
787 314 859 350 Ἐγὼ

75 367 101 393 δὲ
119 366 155 397 ὡς
181 362 297 399 ὲμαυτδν
320 363 417 396 πείθω,
440 363 464 389 ει
489 362 525 399 μὴ
546 363 593 390 καὶ
607 362 693 397 τούτῳ
710 361 749 397 τῷ
765 361 859 398 τρόπῳ

75 410 224 446 φιλοσοφεῖν
239 408 367 443 ἔγνωκεν,
393 408 423 435 οὐ
445 408 563 444 χαλεπὸν
575 406 610 443 ἦν
628 407 703 442 αὐτῷ
716 406 858 442 εὐξαμένῳ

76 456 231 494 μεταδαλεῖν
244 455 274 482 τὸ
289 455 362 491 ὕδωρ
376 455 416 486 είς
431 454 524 489 γεῦσιν
535 454 663 489 γλυκεῖαν
678 462 684 469 ·
700 454 800 488 ὄπουγε
812 453 859 480 καὶ

75 503 110 538 μὴ
133 502 162 529 δν
180 501 353 528 παντάπασιν
376 499 675 534 ἀναϐλύσαιὲποίησεν.
699 498 805 534 Ἀμέλει
816 507 858 525 τοι

75 547 176 583 λέγεταί
189 555 254 573 ποτε
270 546 299 573 τὸ
312 546 400 582 φρέαρ
411 545 574 581 ὀρύσσοντας
586 546 648 576 τοὺς
663 545 733 580 ἀμφὶ
744 545 856 577 Μωσέα,

75 593 139 628 μήτε
152 593 199 627 τῆς
216 590 442 627 προσδοκωμένης
462 589 570 625 φλεϐὸς,
588 590 656 625 μήτε
671 589 744 621 τινὸς
761 588 858 624 βάθους

73 638 101 665 τὸ
113 637 181 671 ὕδωρ
197 635 375 668 ἀναδιδόντος,
396 635 503 671 μέλλειν
519 635 549 662 τὸ
567 635 646 671 ἔργον
665 635 856 671 ἀπαγορεύειν.

79 681 237 709 Ἐπιστάντα
251 680 280 707 δὲ
292 680 383 711 αὐτοῖς
398 680 473 715 παρὰ
487 680 574 715 μέσην
590 680 697 716 ἡμέραν
711 680 755 707 τὸν
770 680 856 716 Πίωρ,

74 728 116 756 καὶ
129 727 261 763 πρότερον
275 727 480 762 ἀσπασάμενον,
494 727 621 754 ὀνειδίσαι
635 727 794 754 δυσπιστιαν
812 728 858 756 καὶ

75 773 259 809 μικροψυχίαν·
277 772 443 800 κατελθόντα
455 773 484 800 δὲ
497 774 536 805 είς
548 773 597 809 τὴν
606 775 708 809 τάφρον
717 773 856 808 εὖξασθαι,

73 820 116 846 καὶ
139 819 213 855 δρυγι
236 820 329 855 τρίτον
352 819 453 855 πλῆξαι
473 819 523 855 τὴν
547 821 610 855 γῆν.
633 820 809 855 Παραχρῆμα
828 820 858 847 δὲ

73 863 215 891 ἀναϐλύσαι
242 864 272 890 τὸ
299 863 391 899 ὕδωρ,
419 864 467 891 καὶ
491 864 540 899 τὴν
566 863 669 899 τάφρον
702 863 855 899 πληρῶσαι.

912 268 1032 296 fortasse
1046 274 1095 303 pro
1112 267 1234 303 peccatis
1251 266 1321 299 suis,
1357 273 1407 301 pro
1423 265 1525 301 quibus
1543 265 1587 292 hie
1602 273 1698 301 pinnas

912 312 979 340 dare
999 312 1087 340 satius
1114 311 1207 344 fuerit,
1231 318 1314 347 quam
1332 315 1394 346 post
1411 311 1482 337 hanc
1496 310 1590 338 vitam.
1610 310 1699 340 Moses

911 365 977 386 vero
994 357 1208 385 mansuetudine
1224 360 1252 384 et
1267 356 1411 389 charitate,
1427 360 1454 384 et
1472 356 1634 391 languorum
1653 363 1701 383 cu-

911 404 1068 432 rationibus
1083 411 1154 439 quos
1170 403 1294 431 oratione
1308 403 1366 431 sola
1379 402 1506 437 pellebat,
1523 409 1579 436 prae
1594 401 1699 429 caeteris

912 450 1079 478 inclaruisse
1096 452 1277 477 memoratur.
1301 449 1337 476 At
1351 447 1425 480 Pior,
1446 455 1509 475 cum
1529 447 1564 475 ab
1587 447 1700 475 ineunte

911 499 993 523 aetate
1009 495 1203 531 philosophari
1219 494 1398 526 decrevisset,
1419 494 1478 529 ejus
1493 493 1532 521 rei
1546 500 1629 521 causa
1651 500 1700 528 pa-

911 541 1001 570 ternis
1013 541 1119 569 :edibus
1144 548 1284 576 egressus,
1312 541 1461 575 spopondit
1478 539 1544 572 Deo,
1569 546 1599 567 se
1623 539 1700 566 dein-

911 596 977 624 ceps
995 589 1135 616 neminem
1158 596 1192 616 ex
1209 588 1374 623 propinquis
1395 587 1520 615 visurum
1544 593 1618 614 esse.
1635 585 1700 613 Post

912 635 1114 671 quinquaginta
1130 643 1195 663 vero
1209 642 1308 666 annos,
1326 641 1405 662 soror
1420 634 1517 669 ipsius,
1540 640 1602 660 cum
1622 631 1700 659 audi-

910 684 998 712 visset
1015 691 1078 711 eum
1098 683 1200 715 vivere,
1218 690 1273 718 prae
1289 682 1471 710 immoderato
1493 681 1592 717 gaudio
1608 681 1701 715 inspe—

911 730 964 756 rati
982 729 1071 757 nuntii
1092 729 1245 764 stupefacta
1260 749 1267 761 ,
1283 728 1427 763 quiescere
1441 735 1495 754 non
1512 730 1630 761 poterat,
1644 725 1698 753 nisi

911 773 1024 802 fratrem
1045 774 1162 802 videret.
1180 774 1268 808 Quam
1295 775 1321 801 in
1345 774 1428 801 senili
1453 777 1532 801 aetate
1550 773 1701 800 lamentan-

911 823 964 847 tem
988 828 1020 847 ac
1038 821 1239 855 supplicantem
1256 819 1405 847 miseratus
1425 819 1484 854 ejus
1507 818 1626 854 regionis
1642 817 1700 852 epi-

911 872 1023 900 scopus,
1043 866 1154 901 scripsit
1172 866 1205 893 ad
1222 865 1353 901 prmsidcs
1369 865 1566 893 monachorum
1584 865 1612 891 in
1627 863 1700 892 Sceli

78 909 150 935 Ἐπεὶ
177 908 204 936 δὲ
238 909 387 945 εὐξάμενος
413 909 516 945 ἀπῄει,
544 909 678 944 δεομένων
709 910 764 937 τῶν
787 910 857 945 ἀμφὶ

947 911 1079 946 gentium,
1095 915 1125 939 ut
1143 911 1250 939 Piorem
1269 912 1419 939 mitterent.
1436 911 1488 944 Qui
1507 911 1699 945 abirejussus,

73 956 167 983 Μωσέα
195 955 346 990 γεύσασθαι
381 955 446 991 παρ’
477 955 588 987 αὐτοῖς,
624 955 674 982 οὐκ
711 955 857 990 ἠνέσχετο,

947 965 971 984 ιιι
991 957 1128 992 refragari
1153 965 1209 984 non
1240 956 1354 984 auderet
1372 965 1380 984 :
1407 956 1485 984 nefas
1507 956 1580 983 enim
1600 956 1702 983 habent

72 1001 155 1036 φήσας
178 1000 214 1037 μὴ
225 1001 282 1028 ,επὶ
300 1000 387 1036 τούτῳ
399 1000 578 1034 ἀπεστάλθαι,
604 999 720 1036 ὴνύσθαι
736 1000 765 1027 δὲ
778 1000 820 1035 ἐφ’
837 997 857 1034 ᾧ

948 1002 1045 1038 gyptii,
1060 1002 1164 1037 aliique
1181 1010 1287 1034 omnes,
1304 1005 1334 1029 ut
1352 1002 1462 1036 opinor,
1484 1001 1625 1034 monachi,
1638 1001 1701 1035 jus-

73 1045 141 1082 ἦλθε.
910 1048 949 1075 sis
971 1055 1025 1075 non
1041 1048 1233 1083 obtemperare
1253 1057 1260 1075 :
1282 1047 1413 1083 adjuncto
1434 1047 1487 1075 sibi
1513 1047 1614 1075 comite
1638 1054 1702 1081 per-

72 1095 175 1122 rexitin
193 1096 324 1130 patriam.
343 1094 467 1130 Cumque
501 1102 551 1130 pro
570 1094 678 1122 foribus
697 1097 877 1130 paternarum
916 1095 1015 1122 aedium
1040 1098 1135 1128 staret,
1164 1095 1302 1122 nuntiavit
1330 1103 1360 1122 se
1386 1094 1492 1122 adesse.
1514 1094 1583 1122 Cum
1610 1097 1701 1120 autem

71 1143 208 1177 strepitum
224 1143 318 1178 januae
330 1143 478 1176 sensisset,
495 1142 600 1170 clausis
620 1142 719 1176 oculis,
754 1149 877 1170 sororem
912 1143 1074 1170 nominatim
1103 1143 1264 1170 allocutus:
1296 1141 1362 1178 Ego,
1396 1142 1495 1177 inquit,
1527 1149 1588 1169 sum
1616 1140 1703 1167 frater

71 1191 147 1222 tuus;
178 1189 368 1225 contemplare
398 1197 441 1216 me
459 1193 595 1224 quantum
619 1188 765 1224 placuerit.
800 1188 848 1215 Illa
881 1189 983 1224 ingenti
1012 1189 1112 1224 gaudio
1136 1189 1267 1224 perfusa,
1294 1189 1397 1224 gratias
1427 1187 1482 1214 Deo
1498 1186 1565 1221 egit.
1593 1185 1629 1214 At
1655 1186 1702 1214 ille

70 1235 142 1270 juxta
160 1238 274 1272 januam
299 1237 426 1264 oratione
443 1236 536 1268 facta,
555 1244 570 1264 e
585 1236 704 1272 vestigio
728 1243 857 1264 reversus
876 1239 919 1264 est
939 1237 972 1264 ad
1005 1237 1096 1265 locum
1132 1236 1158 1264 in
1183 1244 1236 1271 quo
1258 1236 1385 1271 degebat.
1410 1234 1450 1263 lbi
1480 1234 1580 1263 eﬁ‘osso
1607 1237 1701 1270 puteo,

71 1283 147 1319 262
164 1290 263 1318 aquam
281 1290 402 1310 amaram
425 1282 538 1317 reperit,
555 1289 643 1317 eaque
667 1285 747 1309 utens
771 1290 858 1317 usque
876 1282 910 1309 ad
929 1282 1032 1311 exitum
1047 1282 1110 1310 vitae
1125 1281 1322 1317 perseveravit.
1344 1281 1430 1308 Porro
1464 1280 1524 1315 ejus
1556 1279 1702 1307 abstinen-

72 1328 115 1354 tiae
131 1328 289 1363 magnitudo
310 1327 466 1362 insequenti
490 1331 612 1362 tempore
640 1326 779 1354 declarata
804 1331 856 1355 est.
876 1326 943 1354 Nam
978 1333 1038 1363 post
1058 1328 1119 1362 ejus
1150 1328 1267 1359 obitum,
1288 1334 1352 1354 cum
1373 1326 1452 1353 multi
1476 1326 1503 1353 in
1519 1326 1615 1354 eodem
1640 1325 1702 1352 loco

72 1373 256 1409 philosophari
283 1373 456 1406 ambiissent,
480 1373 573 1400 nullus
599 1372 626 1400 id
650 1373 793 1400 sustinuit.
827 1372 930 1400 Verum
946 1378 976 1401 ut
989 1373 1048 1408 ipse
1065 1373 1130 1400 mihi
1153 1373 1319 1408 persuadeo,
1342 1371 1557 1407 haudquaquam
1591 1371 1617 1399 ei
1652 1370 1703 1397 dif.

72 1419 139 1447 ﬁcile
155 1425 215 1447 erat
237 1427 337 1455 aquam
356 1419 383 1446 in
407 1418 515 1446 dulcem
540 1425 667 1453 saporem
686 1422 857 1450 convertere,
877 1417 932 1446 nisi
955 1418 1008 1445 hoc
1045 1418 1127 1446 modo
1161 1416 1350 1453 philosophari
1374 1416 1569 1444 decrevisset:
1601 1415 1704 1451 quippe

71 1467 114 1502 qui
142 1474 222 1500 eam,
243 1474 305 1494 cum
329 1469 410 1494 antea
437 1473 494 1493 non
527 1469 616 1498 esset,
641 1465 778 1493 scaturire
804 1464 919 1493 fecerat.
942 1464 1021 1492 Certe
1057 1464 1190 1492 traditum
1214 1468 1257 1493 est
1281 1464 1431 1492 monachos
1450 1464 1497 1499 qui
1531 1470 1593 1491 cum
1627 1462 1703 1490 Mose

71 1517 156 1545 erant,
182 1519 246 1540 cum
275 1513 423 1547 aliquando
450 1516 562 1547 puteum
590 1511 726 1543 foderent,
750 1515 777 1539 et
804 1519 856 1539 nec
888 1519 958 1538 vena
989 1519 1051 1546 quae
1074 1511 1251 1546 sperabatur,
1285 1518 1337 1538 nec
1369 1510 1486 1538 altitudo
1513 1510 1569 1537 ulla
1604 1515 1703 1544 aquam

75 1557 261 1592 profunderet,
288 1557 410 1583 animum
440 1556 655 1592 despondentes,
675 1563 745 1590 opus
767 1555 905 1583 dimittere
923 1556 1063 1584 voluisse:
1097 1556 1206 1584 Piorem
1240 1562 1307 1583 vero
1333 1555 1408 1583 circa
1440 1554 1581 1583 meridiem
1605 1561 1705 1588 super-

71 1603 190 1637 venisse;
212 1606 240 1630 et
272 1601 399 1629 salutatis
423 1601 541 1636 primum
565 1600 722 1634 monachis,
748 1599 926 1627 diﬂideutiam
956 1604 984 1628 et
1015 1600 1146 1635 pusillum
1171 1600 1295 1628 animum
1316 1599 1516 1635 exprobrasse,
1542 1598 1642 1626 deinde
1675 1598 1702 1625 in

73 1649 169 1677 fossam
197 1647 408 1676 descendentem
434 1654 542 1678 orasse,
569 1647 741 1681 humumque
784 1647 876 1681 ligone
911 1650 954 1674 ter
978 1647 1157 1681 percussisse.
1181 1646 1242 1679 Quo
1265 1646 1340 1674 facto
1363 1645 1458 1674 statim
1482 1653 1555 1681 aqua
1578 1645 1704 1680 erupisse

70 1693 168 1721 dicitur
184 1698 212 1721 et
237 1692 341 1720 fossam
360 1691 551 1726 complcvisse.
581 1692 670 1718 Porro
697 1698 760 1718 cum
796 1690 862 1718 Pior
897 1692 1024 1720 oratione
1046 1692 1117 1719 facta
1136 1692 1302 1725 discederet,
1325 1696 1438 1727 rogatus
1452 1699 1468 1719 a
1485 1691 1626 1720 monachis
1652 1691 1699 1724 qui

72 1746 129 1766 cum
145 1738 219 1766 Mose
236 1742 316 1766 erant
332 1741 362 1765 ut
386 1737 458 1772 apud
480 1738 555 1773 ipsos
581 1737 711 1772 jeutaret,
738 1745 793 1764 non
810 1739 1033 1773 obtemperavit:
1057 1738 1268 1774 haudquaquam
1300 1738 1362 1773 eius
1393 1738 1433 1767 rei
1468 1746 1552 1767 causa
1586 1738 1701 1767 missum

72 1792 99 1812 se
112 1792 172 1812 esse
207 1784 315 1816 dicens,
355 1783 382 1810 id
410 1790 476 1817 vero
501 1786 612 1818 propter
633 1783 707 1817 quod
733 1787 856 1816 venerat,
877 1783 1033 1811 confectum
1048 1791 1121 1812 esse.

365 1827 492 1855 ΚΕΦΑΛ.
513 1829 552 1855 A’.
872 1832 894 1862 ο

72 1873 136 1908 Περὶ
151 1874 212 1900 τῶν
223 1874 258 1900 ἐν
275 1873 381 1906 Σκήτει
400 1871 553 1907 μοναχῶν,
579 1872 757 1907 Ὠριγένονυς,
776 1873 860 1900 Διδύ-

101 1907 178 1943 μου,
212 1909 400 1943 Κρονίωνος,
438 1907 607 1940 Ὀρσισίου,
634 1908 858 1939 ιιουτουϐάτου,

111 1944 286 1977 Ἀρσίωνος,
312 1942 609 1977 ἈμμὼνηΕῠσε-ϐίου
628 1943 674 1968 κα)
699 1943 859 1976 Διοσκόρου

103 1976 162 2005 τῶν⁵
187 1977 344 2011 ἀδελφῶν,
370 1977 418 2003 καὶ
441 1976 570 2011 Μακρῶν
596 1979 782 2012 λεγομένων,
811 1977 860 2004 καί

103 2014 251 2048 Εὑαγρίου
264 2011 316 2039 τοῦ
328 2013 510 2047 φιλοσόφου.

1211 1827 1288 1856 CAP.
1312 1827 1398 1855 XXX.

913 1873 950 1901 De
971 1873 1147 1901 Scetiensibus
1169 1873 1316 1909 monachis,
1336 1873 1458 1909 Origene,
1482 1873 1607 1908 Didyme,
1634 1873 1701 1901 Cro-

947 1909 1034 1940 niune,
1064 1908 1189 1940 Orseaio,
1218 1908 1368 1940 Putubate,
1387 1908 1515 1942 ’Arsione,
1547 1908 1699 1941 Ammanio,

947 1943 1060 1970 Eusebio
1076 1948 1099 1971 et
1115 1943 1241 1981 Qioscoro
1253 1944 1392 1981 fratribus,
1404 1945 1449 1979 qui
1463 1943 1556 1981 Magni
1569 1943 1700 1972 uacaban-

950 1985 992 2005 tur
1006 1987 1015 2005 :
1030 1985 1055 2005 et
1072 1980 1104 2006 de
1118 1979 1233 2013 Evagrio
1247 1979 1411 2013 philosopho.

111 2059 154 2085 ‘Ev
167 2046 255 2093 τούτῳ
275 2058 303 2084 δὲ
323 2046 407 2084 εἰσέτι
431 2057 575 2098 διέπρεπον
599 2046 628 2084 ἐν
654 2058 711 2089 τοῖς
734 2059 860 2093 Σκήτεως

75 2104 272 2139 μοναστηρίοις,
293 2103 428 2139 γηραλέος
451 2103 501 2138 μὲν
515 2103 582 2138 (45),
608 2104 749 2139 Ὠριγένης
762 2105 793 2131 ἐκ
808 2104 861 2131 τῶν

74 2148 200 2184 μαθητῶν
223 2148 367 2175 Ἀντωνίου
390 2147 437 2174 τοῦ
465 2148 582 2183 μεγάλου
610 2149 860 2184 περιλελειμμένος,

73 2194 118 2220 καὶ
138 2193 253 2229 Δίδυμος
266 2213 273 2226 ,
295 2193 342 2220 καὶ
365 2194 500 2228 Κρονίων,
516 2193 588 2228 ἀμφὶ¹
609 2194 672 2224 τοὺς
694 2195 789 2220 ἑκατὸν
814 2194 861 2220 καὶ

73 2238 135 2265 δέκα
156 2239 296 2269 ἐνιαυτοὺς
324 2239 462 2274 γεγονώς·
493 2240 538 2266 καὶ
564 2241 578 2266 ὁ
595 2239 681 2275 μέγας
705 2239 874 2282 ’Δρσίσιοςκ

73 2285 118 2310 καὶ
139 2285 340 2323 Πουτουῆάτης,
381 2285 430 2312 καὶ
450 2285 576 2320 Ἀρείων,
596 2285 642 2311 καὶ
662 2286 813 2321 Σεραπίων,
836 2287 860 2313 οἳ

73 2331 118 2357 καὶ
134 2332 211 2358 αὐτοὶ
232 2332 376 2367 σύγχρονοι
395 2332 531 2366 ’Δντωνίῳ
547 2331 585 2366 τῷ
602 2332 712 2367 μεγάλῳ
726 2333 859 2366 ἐγένοντο.

73 2377 336 2414 Καταγεγηρακότες
353 2377 381 2403 δὲ
403 2378 432 2403 ὲν
447 2377 485 2412 τῷ
507 2377 675 2411 φιλοσοφεῖν,
699 2379 860 2414 προῖσταντο

73 2422 130 2448 τότε
142 2423 195 2449 τῶν
208 2423 269 2458 τῇδε
285 2423 482 2458 μοναστηρίων.
497 2422 555 2448 Τῶν
567 2423 588 2449 δ’
598 2421 630 2449 αὖ
643 2423 705 2450 νέαν
717 2424 763 2450 καὶ
775 2424 860 2459 μέσην

74 2468 178 2502 ἠλικίαν
193 2469 324 2503 ἀγόντων,
341 2468 434 2494 πολλοὶ
449 2468 526 2494 καλοί
540 2476 569 2494 τε
584 2469 630 2494 καὶ
642 2468 739 2502 ἁγαθοὶ
752 2470 801 2496 σὺν
815 2470 860 2496 αὐ-

947 2057 1047 2096 Eodem
1071 2062 1193 2092 tentpore
1221 2057 1248 2084 in
1279 2057 1457 2085 monasteriis
1479 2056 1567 2086 Sectis
1590 2059 1699 2087 clarue-

912 2107 986 2135 runt,
1005 2110 1086 2131 scncs
1107 2103 1228 2138 quidem,
1247 2103 1389 2138 Origenes,
1408 2104 1455 2138 qui
1472 2112 1506 2131 ex
1531 2105 1623 2140 magni
1643 2106 1700 2133 An-

912 2148 978 2174 tonii
996 2147 1143 2182 discipulis
1165 2148 1255 2175 adhuc
1271 2154 1435 2183 supererat:
1459 2154 1486 2177 et
1506 2149 1648 2186 Didymus,
1672 2156 1700 2179 et

911 2194 1044 2227 Cronion,
1061 2201 1148 2222 annos
1178 2199 1257 2222 natus
1285 2195 1378 2222 dccem
1404 2202 1489 2230 supra
1512 2200 1622 2223 centum
1643 2206 1649 2224 :
1673 2201 1700 2224 et

911 2248 1027 2276 magnus
1046 2241 1092 2268 ille
1112 2240 1249 2273 Orsisius,
1267 2245 1294 2269 et
1318 2241 1469 2270 Putubates
1509 2247 1535 2270 et
1549 2242 1647 2271 Arsion
1668 2251 1700 2271 ac

912 2286 1044 2322 Serapion
1066 2288 1137 2323 :qui
1153 2292 1180 2315 et
1207 2289 1259 2323 ipsi
1280 2289 1371 2323 magni
1395 2289 1505 2316 Antonii
1529 2289 1700 2324 temporibus

910 2334 1030 2368 aequales
1047 2333 1169 2360 fuerunt.
1184 2334 1307 2369 Cumque
1318 2335 1344 2361 in
1357 2335 1509 2362 monastica
1526 2335 1699 2370 philosophia

910 2379 1131 2411 consenuissent,
1149 2383 1216 2406 tunc
1233 2380 1364 2414 temporis
1377 2379 1552 2407 monasteriis
1566 2379 1623 2407 illic
1636 2380 1697 2407 sitis

910 2429 1056 2459 praeerant.
1074 2424 1113 2452 Ex
1137 2425 1296 2459 junioribus
1323 2432 1387 2452 vero
1401 2429 1428 2452 ct
1450 2425 1478 2452 in
1497 2425 1586 2452 media
1609 2425 1699 2453 adhuc

911 2475 990 2497 aetate
1010 2471 1181 2503 constitutis,
1205 2471 1281 2497 multi
1308 2471 1386 2504 probi
1408 2474 1491 2505 atque
1515 2470 1624 2498 honesti
1645 2471 1698 2498 Viri

73 2500 126 2545 τοῖς
139 2500 315 2549 ἐγνωρίζοντο
326 2522 333 2528 ·
363 2514 410 2540 καὶ
425 2513 579 2548 Ἀμμώνιος
599 2514 644 2539 καὶ
662 2500 791 2546 Εὐσέϐιος
811 2515 857 2541 καὶ

952 2524 967 2543 a
990 2524 1052 2543 cum
1076 2517 1268 2552 superioribus
1293 2517 1348 2543 illis
1374 2515 1520 2549 ﬂorebant,
1537 2516 1608 2544 inter
1628 2524 1700 2552 quos

73 2559 224 2595 Διόσκορος,
242 2561 288 2592 οὓς
303 2560 431 2594 ἀδελφοὺς
444 2559 568 2593 ἀλλήλοις
580 2559 668 2591 ὄντας,
684 2560 814 2595 Μακρῡὺς
827 2562 859 2587 ὲκ

73 2604 120 2639 τῆς
136 2606 243 2640 ἡλικίας
259 2605 409 2641 ὠνόμαζον.
429 2604 544 2651 Δέγείται
564 2604 592 2630 δὲ
613 2604 707 2631 τοῦτον
728 2605 774 2631 τὸν
791 2606 858 2641 ’Δμρ

910 2562 1086 2594 Ammonius.
1102 2562 1238 2590 Eusebius
1255 2569 1286 2589 ac
1307 2561 1456 2589 Dioscorus
1472 2571 1478 2588 ε
1493 2563 1540 2596 qui
1562 2570 1625 2589 cunt
1642 2563 1698 2588 l'ra—

912 2611 969 2635 tres
981 2611 1085 2640 essent,
1106 2608 1141 2635 ob
1155 2611 1269 2635 staturae
1291 2607 1485 2643 proceritatem
1507 2607 1598 2643 Magni
1616 2615 1699 2635 voea-

675 2683 811 2711 VALESII
829 2686 1104 2716 ANNOTATIONES.

108 2729 162 2764 (#5)
180 2731 332 2766 Γηραλέος
345 2730 412 2765 μέν.
435 2729 532 2766 Scribe
545 2737 607 2766 meo
629 2729 752 2765 periculo
768 2738 855 2766 γηρα-

75 2763 126 2800 λέοι
144 2766 203 2798 μέν,
223 2763 278 2792 etc.
304 2763 368 2799 Quae
388 2765 552 2798 emendatio,
567 2763 638 2792 licet‘
652 2765 741 2800 pritna
765 2763 855 2793 fronte

76 2798 140 2835 levis
161 2808 222 2827 esse
247 2801 381 2833 videatur,
404 2801 493 2835 magni
522 2803 614 2827 tamen
643 2798 773 2827 momenti
801 2804 852 2828 est.

75 2832 163 2860 Primo
177 2835 248 2862 enim
263 2837 324 2863 loco
336 2832 505 2862 Sezomehus
518 2843 598 2862 senes
616 2835 765 2862 monachos
779 2842 856 2861 cum-

76 2874 224 2904 memorat;
253 2871 352 2899 deinde
369 2871 468 2898 transit
490 2869 522 2897 ad
537 2870 674 2905 juniorcs,
705 2871 752 2904 qui
767 2870 856 2898 adhuc

908 2733 1012 2769 tirones
1031 2739 1120 2762 erant.
1147 2733 1246 2761 Subdit
1268 2734 1340 2761 enim
1361 2733 1442 2769 paulo
1465 2736 1537 2769 post,
1550 2731 1604 2759 τῶν
1621 2731 1648 2758 δὲ
1662 2729 1696 2759 αὖ

908 2767 971 2795 νέαν
988 2769 1034 2794 καὶ
1047 2769 1134 2804 μέσην
1150 2769 1258 2804 ἠλικίαν
1269 2767 1607 2804 ἀγόντὼνλεξιυξΝοειτθιιι
1623 2774 1698 2794 certe

908 2802 1131 2866 Epiriigiationem
1148 2802 1229 2840 plane
1242 2804 1387 2832 continuat
1401 2803 1574 2839 Nicephorus
1592 2802 1618 2829 in
1633 2809 1695 2837 cap.

972 2847 978 2866 ι
1002 2846 1024 2866 rt
1045 2843 1132 2866 Citati.
