1896 3074
215 145 285 174 1595

951 143 1122 173 ΞΟΖΟΜΕΝΙ

1798 145 1859 173 1398

215 205 309 239 fuere,
331 211 384 232 non
405 203 522 240 alicujus
539 203 633 235 urbis,
652 203 699 230 sed
727 202 841 230 honoris
868 203 999 230 duntaxat

1076 205 1103 240 ἧς
1120 204 1176 239 (62)
1194 204 1287 241 ὥσπερ
1303 204 1357 231 τῶν
1374 205 1465 238 αὐτοῖς
1488 205 1756 240 πεπολιτευμένων,
1774 212 1857 239 χειν,-

215 258 316 282 causa,
334 255 464 286 tanquam
481 250 514 278 ad
535 250 706 285 repensanda
728 250 858 284 praaclara
877 250 999 285 ipsorum

216 296 356 328 facinora,
372 296 399 323 in
416 296 473 324 suis
489 295 667 323 monasteriis
688 295 806 323 ordinati
824 297 843 322 ι.
861 295 921 329 Quo
936 296 999 330 qui—

215 342 276 370 dem
292 342 374 369 mod'o
389 342 470 369 etiam
484 341 605 369 Lazarus
616 361 623 373 ,
637 342 673 369 de
686 349 740 376 quo
757 349 840 377 supra
853 341 908 369 dixi
918 363 926 375 ,
943 342 1001 376 epi-

216 394 318 421 scopus
333 387 394 414 fuit.
410 385 442 412 Et
458 394 490 414 ex
508 386 649 414 monachis
664 387 775 421 quidem
789 387 837 422 qui
854 392 909 413 tum
928 386 999 421 apud

217 432 300 468 Syros
312 454 319 465 ,
337 437 394 459 tum
412 432 483 467 apud
501 423 600 460 Persas
622 431 699 468 Syris
715 432 846 460 ﬁnitimos
871 432 1001 459 nobiliter

215 478 400 514 philosophati
415 483 496 512 sunt,
510 479 555 507 isti
571 478 604 505 ad
620 479 747 506 notitiam
764 482 885 505 nostram
907 486 1001 513 pervc-

216 528 327 551 nerunt.
348 523 496 559 Disciplina
514 532 578 552 vero
596 524 750 551 communis
773 524 829 551 haec
853 523 903 550 fuit
930 531 999 558 pene

216 569 365 598 omnibus:
391 571 488 597 animae
511 570 620 605 quidem
645 571 809 605 prtecipnam
838 577 932 596 curam
957 578 1002 604 ge-

214 623 292 648 rere,
321 624 438 651 eamque
462 617 494 644 ad
521 616 702 651 relinquenda
732 616 814 650 hujus
843 616 906 643 vita:
930 616 1001 643 bona

214 666 371 697 promptam
392 669 424 690 ac
447 667 570 697 paratam
592 661 723 693 reddere,
750 662 853 689 orando
877 662 1001 694 scilicet,

211 705 384 740 jcjunando,
401 714 433 734 ac
448 706 557 735 divinos
573 707 690 743 hymnos
705 706 829 734 canendo
843 715 850 739 ;
869 711 897 734 et
913 707 940 734 in
959 707 1002 735 his

214 751 325 786 quidem
341 752 425 780 rebus
448 753 595 780 maximam
618 753 750 788 temporis
773 759 878 788 partem
899 760 1000 780 consu-

215 805 301 830 mere,
321 799 467 833 pecuniam
483 807 549 826 vero
563 803 591 828 et
613 805 708 826 curam
732 798 854 826 civilium
878 799 1002 834 negotio-

215 849 295 875 rum,
323 843 449 879 corporis
476 844 541 872 item
570 844 710 872 mollitiem
729 849 756 871 et
787 845 892 872 cultum
923 852 1003 880 pror—

216 895 265 915 sus
290 892 477 917 contemnere.
505 890 558 917 Alii
581 897 647 917 νει-ο
669 890 702 916 ad
730 894 834 917 tantam
864 890 1002 925 progressi

215 938 281 961 sunt.
294 934 488 962 abstinentiam
500 955 507 968 ,
524 939 553 962 ut
569 935 691 963 Batthaao
705 936 815 971 quidem
837 935 872 963 ob
891 937 1004 962 nimiam

215 979 335 1007 inediam
352 989 456 1009 vermes
470 989 504 1009 ex
521 982 648 1010 dentibus
666 983 739 1010 enati
757 983 834 1016 sint;
860 983 924 1010 Alas
940 989 1005 1010 vero

215 1026 249 1052 ad
268 1033 356 1054 annos
371 1035 459 1062 usque
479 1027 620 1062 octoginta
642 1035 740 1063 panem
758 1036 812 1055 non
834 1028 1002 1060 comederit;

216 1071 382 1100 Heliodorus
407 1076 498 1100 autem
516 1073 618 1101 multas
635 1078 731 1101 noctes
749 1074 891 1102 insomnes
912 1077 1003 1101 trans-

214 1118 303 1153 egerit
312 1138 320 1150 ,
335 1123 466 1153 septenos
478 1118 538 1146 dies
549 1119 698 1147 continuos
709 1120 736 1147 in
747 1120 863 1155 jejuniis
877 1128 1004 1155 persevc-

215 1170 291 1190 rans.
309 1162 390 1199 Syria
407 1171 491 1196 vero,
509 1169 564 1192 tam
580 1173 611 1192 ea
626 1173 687 1200 quae
701 1166 776 1192 Ccele
795 1166 906 1197 dicitur,
921 1173 1003 1200 quam

214 1216 278 1244 quae
294 1217 376 1244 supra
394 1210 467 1237 illam
485 1212 573 1245 posita
598 1216 657 1244 est,
681 1215 795 1246 excepta
819 1212 888 1239 urbe
909 1212 1003 1238 Antio-

215 1255 278 1282 chia
289 1274 296 1287 ,
310 1255 399 1283 serius
413 1255 524 1290 quidem
538 1257 570 1283 ad
584 1256 687 1283 Christi
703 1257 861 1292 religionem
872 1264 1002 1284 conversa

216 1299 278 1332 fuit,
299 1299 346 1328 sed
363 1305 453 1328 tamen
470 1302 666 1329 ecclesiasticis
689 1302 862 1338 philosophis
885 1311 938 1329 non
961 1311 1004 1329 ca-

214 1346 281 1372 ruit.
309 1346 360 1378 Qui
387 1347 497 1382 quidem
521 1355 553 1374 eo
578 1348 708 1375 fortiores
731 1352 758 1375 et
783 1348 933 1375 fueruntet
951 1349 1002 1375 visi

216 1396 296 1423 sunt,
311 1399 366 1426 quo
383 1393 469 1427 magis
484 1392 565 1420 invisi
583 1397 661 1420 erant
681 1394 779 1421 incolis
799 1402 892 1421 earum
912 1395 1004 1429 regio-

217 1445 281 1465 num
293 1458 300 1467 .
317 1445 467 1473 eorumque
483 1438 588 1466 crebris
605 1439 712 1468 insidiis
727 1441 937 1475 appetebantur;
955 1441 1004 1468 iis-

216 1484 334 1518 demque
350 1484 424 1510 virili
440 1485 532 1511 animo
547 1486 725 1518 resistebant,
742 1486 824 1521 269
839 1495 892 1513 non
908 1487 962 1514 vim
977 1487 1003 1513 vi

218 1529 391 1563 repellendo,
407 1537 458 1557 nec
474 1531 638 1565 semetipsos
652 1531 811 1558 ulciscendo
823 1552 829 1563 ,
845 1532 891 1558 sed
906 1536 1004 1558 contu-

1053 251 1210 286 τονηθέντες
1228 251 1257 277 ἐν
1270 252 1326 283 τοῖς
1341 251 1416 284 ίδίοις
1433 251 1631 288 μοναστηρίοις
1646 251 1680 277 ὃν
1695 250 1805 285 τρόπον
1817 251 1858 276 καὶ

1054 295 1178 331 Λάζαρος
1193 297 1208 323 ὁ
1219 296 1359 332 δηλωθείς.
1378 297 1438 323 Οἵδε
1456 297 1506 332 μὲν
1520 297 1577 323 τῶν
1590 298 1656 324 τότε
1677 296 1856 330 φιλοσοφούν-

1054 350 1108 368 των
1129 342 1279 377 ἐπισήμως,
1302 342 1354 370 ἀνά
1376 351 1405 369 τε
1422 343 1523 378 Σύρους
1545 344 1595 369 καὶ
1611 343 1734 378 Πέρσας
1754 343 1819 372 τοὺς
1832 345 1858 368 ἐι

1055 387 1183 418 γειτόνων
1199 387 1300 420 αὐτοῖς,
1318 389 1359 419 εἰς
1376 388 1476 422 γνῶσιν
1490 388 1560 423 ἐμὴν
1572 386 1672 424 ἦλθον.
1687 387 1822 414 Πολιτεία
1835 388 1858 414 ἑὲ

1055 432 1132 468 κοινὴ
1146 433 1239 465 πᾶσιν,
1254 433 1291 465 ὡς
1306 434 1404 466 εἰπεῖν,
1414 431 1448 470 ἦν
1463 443 1470 449 ·
1487 435 1578 470 ψυχῆς
1594 434 1658 470 μὲν,
1679 434 1725 460 ὅτι
1745 433 1859 468 μάλιστέ

1055 479 1253 514 ἐπιμελεῖσθαι,
1279 480 1326 506 καὶ
1346 481 1453 516 ἕτοιμον
1471 480 1572 513 ἐθίζειν
1596 481 1671 516 πρὸς
1697 480 1859 514 ἀπαλλαγὴν

1055 524 1109 550 τῶν
1127 525 1220 551 ἐνθάδε
1233 535 1240 541 ·
1263 526 1292 551 ἐν
1318 527 1409 561 εὐχαῖς
1424 528 1517 565 τεκαὶ
1533 528 1698 563 νηστείαις,
1717 527 1770 553 καὶ
1784 526 1859 557 Oeta;

1056 569 1151 604 ὕμνοις
1163 577 1169 584 ·
1194 570 1242 596 καὶ
1261 571 1324 605 περὶ
1337 571 1424 598 ταῦτα
1438 571 1485 598 τὸν
1497 572 1584 599 πολὺν
1602 572 1776 598 ἀναλίσκειν
1792 571 1856 606 βίη-ι’

1056 616 1204 651 χρημάτων
1223 616 1310 643 δὲκαὶ
1325 617 1373 652 τῆς
1397 617 1462 653 περὶ
1484 618 1520 644 τὰ
1544 617 1680 644 πολιτικὰ
1707 618 1858 652 πράγματα

1055 662 1193 697 ἀσχολίας,
1211 661 1336 697 σώματός
1354 671 1383 689 τε
1404 663 1555 698 ῥᾳστώνης,
1571 663 1588 698 ἢ
1603 663 1778 698 ἐπιμελείας
1796 672 1857 688 παν-

1056 709 1140 740 τελῶς
1163 709 1284 744 ἀμελεῖν.
1317 710 1402 736 Ἔνιοι
1422 710 1449 736 δὲ
1476 711 1522 737 ἐπὶ
1543 710 1679 737 τοσοῦτον
1693 710 1856 744 ἐγκρατείας

1055 754 1156 791 ἦλθον,
1182 756 1224 787 ὡς
1241 755 1374 782 Βατθαίου
1402 756 1451 791 μὲν
1474 757 1525 783 ὑπὸ
1557 757 1609 793 τῆς
1634 757 1713 790 ἄγαν
1743 757 1853 786 ἀσιτίας,

1058 800 1200 837 σκώληκας
1224 803 1257 829 ὲκ
1282 803 1336 829 τῶν
1357 803 1470 829 ὀδόντων
1495 803 1602 838 ἕρπειν·
1643 802 1734 829 Ἀλᾶν
1762 802 1792 828 δὲ

1056 847 1219 882 ὀγδοήκοντα
1241 849 1390 880 ἐνιαυτοὺς,
1408 849 1490 884 ἄρτου
1505 849 1542 884 μὴ
1559 847 1719 882 γεύσασθαι
1732 856 1740 863 ·
1772 848 1816 874 τὸν
1830 848 1852 874 6‘s

1021 904 1041 931 Β
1063 893 1221 928 Ἠλιόδωρον
1243 894 1362 925 ἀΰπνους
1384 894 1433 926 τὰς
1451 894 1550 925 πολλὰς
1567 893 1797 929 διακαρτερῆσαι
1811 894 1849 920 νῦν

1056 947 1132 971 κτας,
1147 938 1297 973 ὲὸδομάδας
1313 938 1425 973 ἡμερῶν
1437 939 1465 964 ἐν
1477 938 1616 972 νηστείαις
1630 938 1853 971 ἐπισυνάψαντα.

1055 984 1140 1019 Συρία
1153 984 1191 1015 δὲ,
1206 985 1223 1020 ἦ
1237 993 1266 1011 τε
1281 984 1366 1019 Κοίλη
1383 984 1638 1019 καλουμένη,καὶ”ή
1652 984 1729 1018 ὑπὲρ
1744 983 1850 1018 ταύτην,

1055 1029 1126 1065 πλὴν
1149 1029 1327 1064 ’Δντιοχείας,
1353 1029 1462 1064 βράδιον
1480 1029 1521 1061 είς
1541 1028 1769 1064 Χριστιανισμὸν
1796 1037 1851 1063 μετ-

1055 1075 1160 1102 έϐαλον.
1187 1075 1224 1102 Οὐ
1243 1075 1296 1110 μὴν
1312 1075 1371 1102 οὐδὲ
1391 1074 1460 1110 αὕτη
1477 1075 1632 1110 φιλοσόφων
1655 1074 1845 1110 Exul-quum»

1055 1123 1110 1149 κῶν
1126 1122 1239 1158 ἄμοιρος
1256 1120 1305 1157 ἦν·
1331 1122 1417 1157 ταύτῃ
1439 1131 1471 1155 γε
1493 1122 1594 1157 μᾶλλον
1616 1122 1758 1157 ἀνδρείων
1772 1121 1853 1147 om»

1054 1178 1083 1195 τε
1098 1170 1145 1196 καὶ
1162 1169 1340 1203 φαινομένων,
1364 1169 1418 1203 ὅσῳ
1433 1176 1464 1202 γε
1479 1168 1525 1194 καὶ
1540 1168 1611 1203 πρὸς
1624 1168 1682 1194 τῶν
1707 1167 1853 1194 οίκούντων

1054 1214 1104 1249 τὴν
1123 1214 1214 1249 χώραν
1237 1214 1379 1249 ἐμισοῦντο
1398 1215 1444 1240 καὶ
1463 1213 1696 1240 ἐπεϐουλεύοντο·
1723 1214 1772 1239 καὶ
1796 1222 1851 1246 γεν-

1054 1259 1133 1291 ναίως
1149 1261 1279 1295 ἀντεῖχον.
1309 1261 1358 1286 οὐκ
1377 1260 1554 1295 ἀμυνόμενοι,
1569 1260 1633 1286 οὐδὲ
1647 1259 1731 1294 δίκην
1748 1259 1853 1293 λαμϐά-

1054 1314 1158 1337 νοντες,
1188 1306 1254 1332 ἀλλὰ
1278 1306 1427 1341 προθύμως
1458 1305 1507 1337 τὰς
1531 1305 1610 1341 παρὰ
1632 1305 1688 1331 τῶν
1719 1305 1854 1339 Ἑλλήνων

1055 1351 1147 1387 ὕϐρεις
1163 1360 1191 1378 τε
1215 1352 1261 1378 καὶ
1281 1352 1387 1386 πληγὰς
1401 1352 1594 1386 ὑπομένοντες.
1621 1351 1708 1382 Οἴους
1725 1351 1852 1384 γενέσθαι

1055 1397 1193 1432 ἐπυθόμην
1211 1397 1394 1430 Οὐαλεντῖνον,
1418 1398 1447 1423 ὃν
1461 1399 1485 1423 οἱ
1505 1397 1554 1433 μὲν
1567 1397 1597 1430 ἐξ
1621 1396 1757 1431 Ἐμέσης,
1784 1398 1809 1423 οἱ
1827 1397 1853 1423 δὲ

1055 1441 1084 1473 ἐξ
1104 1442 1266 1477 Ἀρεθούσης
1279 1442 1308 1468 τὸ
1321 1442 1399 1477 γένος
1411 1442 1482 1477 ἔχειν
1496 1442 1600 1477 ἔφασαν
1610 1451 1617 1458 '
1631 1443 1681 1468 καὶ
1692 1443 1739 1468 τὸν
1747 1442 1853 1477 ὁμώνυ-

1056 1497 1104 1522 μον
1122 1488 1166 1514 τὸν
1181 1488 1275 1520 αὑτοῦ,
1292 1488 1338 1514 καὶ
1354 1488 1501 1523 Θεόδωρον.
1517 1489 1618 1523 Ἀμφω
1632 1488 1662 1514 δέ
1679 1489 1736 1514 ἀπὸ
1749 1487 1852 1514 Trsti“

1055 1533 1101 1559 τοῦ
1122 1533 1267 1568 Ἀπαμέων
1287 1533 1369 1569 νομοῦ
1386 1534 1480 1569 ἧστην.
1514 1534 1569 1560 Καὶ⁵
1587 1533 1732 1569 Μαρώσαν
1758 1534 1806 1560 τὸν
1824 1534 1853 1559 ἐκ

217 1574 314 1601 melias
329 1580 355 1602 et
384 1576 499 1603 verbera
526 1577 577 1603 sibi
604 1585 618 1602 a
645 1577 794 1611 gentilibus
816 1578 890 1604 illata
920 1579 999 1605 alacri

1076 1580 1199 1614 ἐχεὶλων,
1213 1580 1260 1606 καὶ
1281 1580 1395 1611 Βάσσον,
1419 1581 1465 1606 καὶ
1483 1579 1641 1614 Βασσώνην⁷
1669 1580 1719 1606 καὶ
1734 1580 1851 1610 Παῦλον,

218 1621 310 1648 animo
327 1621 506 1655 perferentes.
527 1621 668 1656 Ejusmodi
691 1622 776 1651 fuisse
799 1624 892 1658 accepi
910 1623 1004 1650 Valen-

219 1667 306 1694 tinum
317 1687 324 1700 ,
343 1675 425 1702 quem
442 1668 487 1695 alii
506 1676 538 1696 ex
554 1669 620 1696 urbe
632 1669 746 1703 Emesa,
762 1670 806 1696 alii
820 1678 852 1696 ex
870 1670 1004 1698 Arethusa

217 1721 304 1747 genus
317 1714 436 1742 traxisse
451 1714 547 1742 dicunt
560 1723 568 1742 :
583 1719 610 1742 et
625 1715 740 1742 alterum
755 1717 798 1742 isti
813 1716 1004 1750 cognominem

220 1758 396 1787 Valentinum
409 1780 416 1792 .
432 1769 464 1788 ac
477 1761 664 1789 Theodorum.
681 1761 712 1788 Hi
729 1762 784 1789 duo
798 1770 830 1790 ex
845 1762 942 1793 Tittis,
959 1763 1004 1797 qui

219 1806 295 1834 vicus
310 1810 352 1833 est
367 1807 393 1834 iu
410 1807 550 1834 territorio
561 1807 757 1842 Apamensium
768 1828 775 1841 ,
791 1813 871 1836 erant
885 1809 1003 1836 oriundi.

218 1850 352 1879 Marosam
367 1856 498 1887 praeterea
513 1861 544 1880 ex
563 1852 684 1881 Nechilis
702 1859 791 1880 ortum
803 1874 810 1885 ,
828 1859 855 1881 et
869 1853 982 1882 Bassum
996 1874 1003 1885 ,

217 1900 246 1924 et
258 1896 404 1925 Bassonem
417 1918 424 1929 ,
439 1906 470 1926 ac
487 1898 601 1925 Paulum
618 1899 665 1934 qui
676 1902 714 1926 ἐκ
731 1899 792 1926 vico
808 1899 928 1926 Telmiso
945 1907 1006 1934 pro-

217 1947 333 1977 gnatus,
353 1951 415 1970 cum
437 1944 538 1972 multos
560 1945 644 1972 variis
660 1945 686 1971 in
704 1945 773 1973 locis
789 1949 1003 1980 congregasset,

217 1993 244 2014 et
258 1990 422 2024 competenti
440 1991 546 2018 ratione
561 1991 594 2018 ad
611 1992 789 2019 monasticam
806 1991 1004 2026 philosophiam

217 2033 413 2067 informassct,
428 2036 538 2062 tandem
556 2037 582 2063 in
600 2037 661 2064 loco
675 2037 721 2072 qui
744 2036 872 2072 Jugatum
893 2037 1004 2070 dicitur,

217 2081 365 2107 maximam
380 2089 413 2108 ar.
428 2083 627 2110 nobilissimam
646 2083 842 2110 monachorum
857 2091 1006 2118 congrega-

219 2126 320 2153 tionem
339 2127 467 2154 instituit.
487 2128 547 2161 Quo
559 2129 641 2155 etiam
661 2129 687 2156 in
708 2129 766 2156 loco
779 2134 904 2156 mortuus
918 2133 958 2156 est
974 2136 1006 2156 ac

218 2174 357 2207 sepultus,
372 2180 436 2200 cum
452 2174 606 2202 diutissime
623 2175 757 2207 vixisset;
780 2175 882 2210 quippe
903 2175 949 2209 qui
972 2175 1006 2202 ad

219 2222 314 2245 nostra
332 2226 419 2253 usque
438 2223 560 2253 tempora
576 2221 657 2247 vitam
673 2221 852 2256 produxerit,
875 2220 1005 2248 eximiam

218 2271 251 2290 ac
263 2271 329 2291 vere
343 2263 464 2291 divinam
488 2265 698 2300 philosophandi
723 2267 857 2295 rationem
882 2271 1005 2294 secutus.

219 2310 271 2337 Sed
287 2314 314 2337 et
330 2311 514 2346 reliqui-.quos
530 2319 613 2346 supra
630 2313 843 2340 memoravimus
861 2313 985 2340 monachi
998 2333 1006 2345 ,

218 2355 277 2383 fere
293 2364 390 2384 omnes
406 2358 452 2384 diu
469 2359 634 2392 superstites
649 2359 786 2386 vixerunt.
804 2359 843 2385 Ar.
862 2359 927 2386 mihi
945 2360 1007 2394 qui-

218 2402 279 2428 dem
297 2402 405 2430 videtur
419 2403 490 2431 Deus
503 2404 638 2439 prolixum
656 2405 718 2431 vitae
732 2405 852 2439 spatium
867 2405 900 2431 iis
916 2404 1008 2431 indul<

218 2449 303 2481 sisse,
318 2453 348 2475 ut
361 2449 458 2485 religio
474 2450 674 2478 incrementum
698 2451 843 2485 arciperct.
868 2450 906 2477 Illi
930 2451 1002 2478 enim

218 2495 254 2530 Sy
261 2503 307 2522 ros
320 2495 375 2523 fere
386 2504 494 2528 omnes.
507 2501 534 2524 et
547 2505 580 2524 ex
592 2497 686 2525 Persis
700 2505 732 2524 ac
748 2497 893 2525 Saracenis
906 2505 1003 2532 quam-

218 2541 362 2575 plurimos,
374 2542 406 2569 ad
420 2542 577 2577 religionem
590 2551 667 2570 suam
678 2543 877 2576 traduxerunt,
892 2548 918 2571 et
931 2552 944 2570 a
958 2551 1003 2571 su-

217 2585 378 2620 perstitioso
391 2587 544 2615 daemonum
559 2589 637 2616 cultu
657 2588 862 2617 abstraxerunt.
881 2589 1004 2624 Cumque

253 2643 260 2658 ¹
280 2641 339 2670 Lib.
356 2651 398 2675 ιιι,
416 2651 442 2671 c.
456 2643 500 2676 Η,
519 2644 562 2672 16.

1054 1625 1083 1657 δς
1096 1625 1150 1652 ἀπὸ
1172 1626 1220 1660 τῆς
1234 1626 1369 1661 Τελμισοῦ
1388 1627 1437 1661 τῆς
1453 1625 1550 1661 κώμης
1576 1626 1687 1660 ἐγένετο
1701 1635 1709 1641 ·
1738 1626 1853 1657 πολλοῦς

1054 1671 1082 1697 δὲ
1102 1671 1131 1698 ὲν
1145 1671 1251 1703 πολλοῖς
1265 1671 1356 1703 τόποις
1372 1671 1538 1704 συνοικίσας,
1567 1672 1614 1698 καὶ
1634 1672 1664 1698 ὃν
1682 1671 1736 1707 χρὴ
1754 1672 1853 1706 τρόπον

1056 1716 1219 1751 συναγαγὼν
1239 1718 1280 1748 είς
1300 1717 1330 1744 τὸ
1344 1718 1496 1751 φιλοσοφεῖν
1513 1718 1629 1749 εἰδέναι,
1646 1718 1678 1743 τὸ
1695 1718 1853 1743 τελευταῖον

1055 1763 1094 1794 εἰς
1114 1763 1144 1789 τὸ
1164 1763 1298 1797 Ἰουγάτον
1314 1763 1481 1798 καλούμενον
1498 1764 1597 1799 χωρίον
1614 1764 1754 1799 μεγίστην
1773 1773 1802 1790 τε
1810 1764 1853 1789 καὶ

1055 1809 1258 1844 ἐπισημοτάτην
1268 1809 1404 1836 συνοικίαν
1417 1809 1542 1844 μοναχῶν
1551 1810 1672 1844 κατεστή
1678 1818 1756 1836 σατο.
1771 1811 1777 1817 ”
1785 1809 1853 1836 Ενθα

1055 1853 1086 1889 δὴ
1101 1854 1147 1880 καὶ
1164 1854 1333 1890 ἐτελεύτησε,
1360 1856 1407 1881 καὶ
1432 1855 1477 1881 τὺν
1494 1855 1578 1889 τάφον
1602 1855 1670 1889 ἔχει.
1695 1855 1854 1890 μακροϐιώ-

1055 1908 1135 1931 τατος
1146 1899 1263 1934 γεγονώς
1280 1908 1287 1915 ·
1313 1901 1351 1932 ὡς
1365 1900 1446 1936 μέχρι
1465 1901 1512 1927 καὶ
1532 1902 1572 1932 εἰς
1595 1901 1671 1936 ἡμᾶς
1695 1901 1851 1930 ἐπιϐιῶναι,

1056 1945 1208 1980 εὑδοκίμως
1231 1945 1278 1972 καὶ
1294 1946 1372 1977 θείως
1387 1946 1581 1980 φιλοσοφήσας.
1614 1947 1670 1972 Καὶ
1691 1947 1749 1973 τῶν
1771 1946 1853 1973 ἄλλων

1055 1991 1083 2017 δὲ
1095 1991 1148 2016 τῶν
1168 1991 1341 2026 δηλωθέντων
1367 1992 1491 2027 μοναχῶν
1503 2011 1509 2023 ,
1536 1993 1630 2027 σχεδὸν
1646 1994 1754 2024 πάντες
1775 1994 1852 2019 πολιν

1056 2036 1205 2070 διεγένοντο
1230 2037 1333 2072 χρόνον.
1372 2037 1427 2063 Καί
1447 2046 1492 2072 μοι
1510 2037 1653 2072 φαίνεται,
1685 2039 1854 2073 μακροεὶονς

1057 2081 1118 2112 τοὺς
1136 2081 1235 2116 ἄνδρας
1253 2083 1266 2108 ὁ
1283 2081 1348 2113 Θεὸς
1369 2082 1506 2118 ἐποίησεν,
1527 2082 1567 2113 εἰς
1579 2082 1702 2109 ἐπίδοσιν
1726 2084 1780 2118 τὴν
1794 2084 1853 2119 θρη-

1058 2126 1151 2152 σκείαν
1169 2126 1253 2160 ἄγων.
1271 2127 1373 2162 Σύρους
1384 2136 1413 2153 τε
1428 2127 1482 2162 γὰρ
1492 2127 1529 2159 ὡς
1546 2127 1661 2158 ἐπίπαν,
1671 2128 1723 2154 καὶ
1745 2129 1853 2163 Περσῶν

1058 2172 1104 2198 καὶ
1123 2172 1290 2208 Σαρακηνῶν
1311 2172 1464 2204 πλείστους,
1483 2172 1552 2207 πρὸς
1571 2173 1602 2198 τὸ
1620 2173 1726 2199 οἰκεῖον
1753 2174 1851 2208 ἐπηγὰ-

1058 2227 1136 2252 γοντο
1158 2218 1249 2251 σέϐας,
1262 2219 1309 2245 καὶ
1323 2217 1486 2254 Ἑλληνίζειν
1502 2219 1636 2245 ἔπαυσαν.
1646 2219 1814 2254 Μοναχικῆς
1829 2228 1852 2245 τε

1059 2265 1217 2300 φιλοσοφίας
1241 2265 1335 2292 ἐνθάδε
1356 2265 1502 2300 ἄρξαντες,
1526 2264 1642 2296 πολλοὺς
1669 2266 1784 2300 ὁμοίους
1808 2267 1853 2292 ὰπ-

1058 2312 1169 2346 έφηναν.
1199 2311 1254 2337 Καὶ
1267 2311 1389 2342 Γαλάτας
1407 2311 1435 2337 δὲ
1449 2311 1496 2338 καὶ
1511 2310 1717 2343 Καππαδόκας,
1734 2312 1785 2338 καὶ
1798 2313 1852 2342 τοῦς

1057 2357 1159 2384 τούτων
1176 2357 1291 2393 ὁμόρους
1301 2378 1308 2389 ,
1331 2356 1477 2392 συμϐάλλω
1494 2356 1610 2389 πολλοὺς
1627 2357 1680 2392 μὲν
1696 2357 1747 2384 καὶ
1762 2358 1850 2388 ἄλλους

1058 2403 1203 2439 ἐσχηκέναι
1216 2403 1277 2430 τότε
1294 2403 1538 2438 ἐκκλησιαστικοὺς
1552 2403 1739 2436 φιλοσόφους,
1766 2401 1810 2430 οἶά
1823 2411 1849 2437 γε

1058 2449 1141 2476 πάλαι
1156 2449 1186 2475 τὸ
1198 2448 1285 2483 δόγμα
1301 2448 1452 2479 σπουδαίως
1465 2447 1683 2483 πρεσϐεύοντας.
1701 2448 1783 2474 Κατὰ
1799 2456 1849 2473 συν⁴

1057 2494 1146 2526 οικίας
1165 2494 1193 2521 δὲ
1216 2495 1244 2521 ἐν
1268 2494 1376 2521 πόλεσιν
1396 2493 1413 2528 ἢ
1434 2493 1541 2528 κώμαις
1566 2494 1591 2519 οἱ
1616 2494 1732 2525 πλείους
1758 2494 1846 2528 ᾤκουν.

1059 2540 1127 2567 Οὔτε
1144 2540 1199 2574 γὰρ
1222 2540 1366 2575 παραδόσει
1390 2539 1444 2565 τῶν
1466 2538 1718 2574 προγεγενημένων
1735 2538 1847 2571 εἰθίσθη-

1061 2595 1126 2613 σαν·
1151 2586 1212 2612 οὕτε
1232 2586 1284 2612 ὑπὸ
1307 2585 1489 2620 χαλεπότητος
1512 2583 1672 2620 χειμῶνος,
1703 2583 1785 2618 φύσει
1807 2582 1845 2608 τοῦ

800 2721 937 2749 VALESII
959 2720 1241 2749 ANNOTATIONES.

217 2789 302 2826 g_iur_n,
313 2788 402 2826 initio
421 2789 532 2826 quidem
550 2796 659 2817 creatos
672 2798 733 2818 esse
746 2791 890 2826 episcopos
904 2798 1005 2818 vacan-

218 2823 254 2859 tis
268 2823 321 2859 loci
347 2823 461 2852 honoris
477 2831 579 2855 causa;
595 2829 689 2859 postea
708 2823 774 2854 vero
785 2823 866 2854 sedes
881 2826 935 2853 illis
950 2830 1006 2853 tra-

217 2857 289 2886 ditas
307 2858 392 2887 fuisse
407 2866 474 2893 quas
490 2857 623 2894 regerent.
966 2872 969 2876 -

1091 2790 1147 2824 (62)
1166 2789 1364 2825 Ἀνταμοιϐῆς.
1382 2788 1564 2817 Scribendum
1576 2793 1620 2817 est
1638 2789 1761 2816 diductis
1775 2794 1840 2816 νοεὶν

1056 2826 1117 2858 bus,
1136 2825 1192 2852 ἀντ’
1210 2825 1334 2861 ἀμοιϐῆς.
1361 2854 1365 2858 _
