1896 3074
86 145 160 182 itas

567 151 725 179 HISTORIA
750 149 1029 178 ECCLESIASTICA.
1041 167 1075 171 —
1092 151 1158 179 LIB.
1178 151 1221 179 Vl.

1642 154 1653 181 ί
1660 152 1711 181 406

86 209 167 243 αὖθις
182 210 327 246 συμϐαλὼν
342 210 459 244 ἐνίκησε,
475 210 521 237 καὶ
534 210 595 241 τοὺς
613 210 686 244 ἀμφὶ
699 209 875 244 Ἀθανάριχον

932 209 1012 236 misso
1040 210 1111 236 inter
1131 217 1178 237 cos
1206 209 1314 244 proelio,
1330 209 1420 237 victus
1443 209 1632 245 Phritigernus
1657 210 1711 238 Ro-

85 257 129 289 εῐς
146 257 235 292 φυγὴν
249 255 371 291 ἔτρεψεν.
391 256 495 291 Ὠσπερ
511 255 539 282 δὲ
559 256 637 291 χάριν
652 255 792 286 ἀποδιδοὺς
811 254 878 280 Οὐά-

84 302 172 333 λεντι.
189 303 236 329 καὶ
250 302 293 329 διὰ
304 302 413 328 πάντων
428 301 504 335 φίλος
516 299 584 327 εἶναι
602 301 790 335 πιστούμενος,
807 302 877 326 ἐκοι-

83 346 193 381 νώνησε
207 347 259 381 τῆς
281 345 364 373 αὑτοῦ
376 345 522 380 θρησκείας
533 354 540 360 ⁸
557 346 603 372 καὶ
620 346 684 376 τοὺς
701 345 877 379 πειθομένους

85 392 164 427 αὺτῷ
184 392 337 427 βαρὸάρους
357 391 463 418 ἔπειθεν
479 388 530 418 ὧδε
549 392 666 426 φρονεῖν.
692 391 729 416 Οὐ
754 390 833 416 τοῦτο
848 390 877 416 δὲ

88 436 181 472 μόνον,
195 434 282 472 οἶμαι,
306 437 391 463 αἴτιον
406 435 527 470 γέγονεν,
547 437 629 462 εἰσέτι
649 435 696 462 νῦν
709 436 763 461 πᾶν
783 435 813 461 τὸ
825 435 876 469 φῦ-

85 482 135 508 λον
158 481 337 517 προστεθῆναι
358 483 414 513 τοῖς
434 481 470 508 τὰ
492 480 597 516 Ἀρείου
620 480 783 513 δοξάζουσιν.
797 479 877 507 Ἀλλὰ

86 528 145 563 γὰρ
158 527 205 554 καὶ
223 526 358 561 Οὒλφίλας
377 527 392 552 ό
409 526 473 562 παρ’
491 527 582 557 αὐτοῖς
594 526 652 552 τότε
674 526 830 562 ίερωμένος,
843 525 877 552 τὰ

88 572 143 607 μὲν
162 572 258 607 πρῶτα
277 572 351 598 οὐδὲν
376 571 515 607 διεφέρετο
531 572 598 606 πρὸς
621 572 671 606 τὴν
690 571 804 598 καθόλου
819 572 879 597 Ἐκ-

88 617 215 652 κλησίαν.
225 617 287 644 Ἐπὶ
299 617 328 644 δὲ
345 617 394 652 τῆς
406 617 595 643 Κωνσταντίου
613 616 761 651 βασιλείας,
778 617 877 652 ἀπερι-

91 664 228 696 σκέπτως,
246 662 336 698 οἶμαι,
352 663 493 698 μετασχὼν
507 664 562 694 τοῖς
586 663 658 698 ἀμφὶ
682 663 805 696 Εὺδόξιον
831 664 877 690 καὶ

87 708 218 735 Ἀκάκιον
231 709 280 743 τῆς
293 709 322 734 ἐν
334 708 618 735 Κωνσταντινουπόλει
634 708 751 740 συνόδου,
761 709 877 744 διέμεινε

86 753 227 780 κοινωνῶν
242 755 299 785 τοῖς
319 753 419 789 ἱερεῦσι
431 754 486 789 (75)
503 754 557 780 τῶν
575 754 604 780 ὲν
619 754 720 789 Νικαίᾳ
738 754 878 781 συνελθόν-

85 807 155 825 των.
171 799 215 830 Ὧς
230 798 258 825 δὲ
276 799 316 830 είς
335 797 620 825 Κωνσταντινούπολιν
633 798 754 833 ἀφίκετο,
770 798 878 832 λέγεται

86 843 286 878 διαλεχθέντων
306 843 380 878 αὺτῷ
397 844 460 879 περὶ
473 843 518 870 τοῦ
530 843 663 878 δόγματος
678 843 731 870 τῶν
742 843 877 879 προεστώ-

85 898 145 916 των
158 890 208 925 τῆς
219 890 248 916 Ἀ
255 889 363 925 ρειανῆς
377 889 516 924 αἱρέσεως,
528 890 575 916 καὶ
588 890 637 923 τὴν
648 890 794 925 πρεσϐείαν
804 889 878 925 αὑτῷ

88 934 262 970 συμπράξειν
281 935 348 969 πρὸς
374 934 483 969 βασιλέα
505 935 714 970 ὑποσχομένων,
729 936 752 961 εἰ
777 935 877 970 ὁμοίως

86 981 182 1012 αὐτοῖς
198 981 314 1014 δοξάζοι,
328 980 446 1015 βιασθεὶς
460 980 513 1007 ὑπὸ
533 981 581 1015 τῆς
601 980 703 1016 χρείας,
719 981 734 1016 ἢ
753 982 800 1008 καὶ
811 981 877 1016 ἀλη-

87 1025 146 1058 (ἰῶς
161 1026 274 1061 νομίσας
298 1026 407 1061 ἄμεινον
422 1026 493 1052 οὕτω
517 1027 580 1061 περὶ
602 1026 668 1053 Θεοῦ
685 1029 803 1062 φρονεῖν,
822 1028 878 1059 τοῖς

87 1071 195 1106 ’Λρείου
207 1072 379 1107 κοινωνῆσαι,
394 1074 439 1098 καὶ
454 1072 534 1099 αὑτὸν
545 1073 594 1099 καὶ
610 1072 640 1099 τὸ
655 1073 710 1099 πᾶν
722 1072 803 1107 φῦλον
815 1073 879 1099 ἀπο-

86 1119 183 1152 τεμεῖν
196 1118 245 1152 τῆς
259 1118 372 1144 καθόλου
385 1117 558 1153 Ἑκκλησίας.
579 1118 646 1145 ’Υπὺ
660 1118 812 1153 διδασκάλῳ
824 1118 878 1153 γὰρ

88 1163 166 1198 αὐτῷ
183 1163 373 1195 παιδευθέντες
387 1164 411 1190 οἱ
431 1164 522 1190 meat
539 1163 574 1190 τὰ
592 1164 659 1199 πρὸς
673 1164 823 1196 εὐσέὸειαν,
831 1164 879 1190 καὶ

87 1211 124 1237 δι’
139 1209 219 1236 αὑτοῦ
241 1210 419 1245 μετασχόντες
437 1210 572 1241 πολιτείας
586 1210 772 1245 ἡμερωτέρας,
790 1209 879 1235 πάντα

90 1255 192 1290 ῥᾳδίως
205 1255 278 1290 αὐτῷ
289 1255 439 1282 ἐπείθοντο·
450 1255 625 1290 πεπεισμένοι
638 1255 719 1290 μηδὲν
728 1253 796 1281 εἶναι
811 1254 879 1289 φαῦ-

89 1302 137 1327 λον
166 1301 220 1328 τῶν
244 1303 308 1337 παρ’
332 1301 414 1328 αὑτοῦ
441 1302 593 1337 λεγομένων
617 1302 635 1337 ἢ
663 1301 877 1336 πραττομένων⁵

89 1347 200 1375 ἅπαντα
213 1348 241 1375 δὲ
259 1348 393 1375 συντελεῖν
418 1349 457 1380 εἰς
474 1349 607 1383 χρήσιμον
623 1348 678 1378 τοῖς
694 1346 829 1381 ζηλοῦσιν.
841 1346 878 1372 Οὐ

92 1394 149 1429 μὴν
162 1393 228 1420 ἀλλὰ
238 1394 284 1421 καὶ
294 1394 422 1429 πλείστην
433 1394 532 1420 δέδωκε
545 1394 641 1427 πεῖραν
658 1393 707 1428 τῆς
720 1392 801 1418 αὑτοῦ
816 1394 880 1427 ἀρε-

90 1440 143 1474 τῆς
159 1447 167 1454 θ
182 1439 294 1474 μυρίους
322 1439 371 1474 μὲν
397 1439 546 1473 ὑπομείνας
570 1438 707 1469 κινδύνους
736 1438 805 1473 ὑπὲρ
833 1437 879 1464 τοῦ

90 1485 236 1519 δόγματος,
249 1484 288 1511 ἔτι
306 1484 360 1528 1’th
375 1485 526 1520 εἰρημένων
547 1484 692 1520 βαρϐάρων
716 1483 879 1518 Ἑλληνικῶς

929 264 1071 284 manarunt
1089 257 1220 284 auxilium
1242 257 1408 292 imploravit.
1424 257 1501 290 Quod
1515 265 1576 283 cum
1594 257 1712 291 impera-

928 306 971 328 lor
997 303 1179 330 concessisset
1207 303 1392 338 jussissetque
1417 308 1458 330 ut~
1483 303 1583 329 milites
1608 303 1655 337 qui
1684 304 1711 329 in

928 348 1045 376 Thracia
1061 351 1141 375 erant
1155 349 1178 375 ei
1201 348 1332 375 auxilium
1350 349 1461 379 ferrent,
1477 347 1567 375 denuo
1582 355 1711 381 congres-

928 402 986 426 sus,
997 394 1140 421 victoriam
1149 394 1246 420 retulit
1260 398 1288 420 et
1301 394 1458 421 Athanarici
1474 394 1566 428 copias
1580 393 1605 419 in
1620 392 1711 427 fugam

928 439 1021 466 vertit.
1038 438 1123 466 Porro
1142 442 1171 464 ut
1189 437 1297 465 Valenti
1315 439 1429 473 gratiam
1445 437 1570 470 rcl‘erret,
1586 445 1671 470 seque
1685 438 1711 463 in

928 485 1056 511 omnibus
1077 484 1159 510 lidum
1178 488 1260 519 atque
1279 484 1396 510 amicum
1417 484 1442 511 ei
1466 483 1523 510 fore
1546 483 1710 510 testiﬁcare-

928 535 981 562 tur,
993 536 1095 557 sectam
1110 529 1169 564 ejus
1185 537 1216 556 ac
1229 529 1448 557 communionem
1467 529 1609 563 amplexus
1620 532 1674 559 est,
1685 532 1712 553 rt

927 575 1054 602 barbaris
1071 575 1117 609 qui
1140 574 1192 602 sub
1212 575 1271 609 ipso
1288 579 1376 606 erant,
1391 577 1421 600 ut
1437 574 1508 600 idem
1525 580 1634 607 quoque
1650 580 1713 599 seu-

928 621 1022 653 tirent,
1039 620 1187 655 persuasit.
1205 619 1298 654 Neque
1321 624 1410 646 tamen
1434 619 1459 646 id
1483 619 1584 648 solum.
1601 619 1710 652 opinor.

929 666 956 692 in
973 673 1058 692 causa
1079 665 1143 697 fuit,
1158 671 1188 691 ut
1205 665 1333 692 universa
1353 664 1503 691 Gothorum
1528 672 1594 699 gens
1610 663 1642 690 ad
1662 664 1713 690 hoc

929 719 1015 746 usque
1030 716 1137 745 tempus
1153 710 1317 737 Arianorum
1337 710 1457 745 dogmati
1476 714 1606 744 perpetuo
1622 709 1714 736 adluc-

929 759 1008 784 serit.
1024 756 1090 783 Nam
1114 756 1233 791 Ulphila,
1247 756 1293 791 qui
1313 760 1378 782 tunc
1396 755 1466 789 apud
1488 755 1564 789 ipsos
1584 760 1642 781 erat
1657 755 1716 789 epi-

928 811 1038 838 scopus,
1057 803 1135 830 initio
1156 802 1264 837 quidem
1285 802 1359 829 nulla
1384 801 1410 827 in
1430 804 1508 836 parte
1532 801 1662 826 dissensit
1681 799 1715 825 ab

929 847 1050 875 Ecclesia
1075 848 1221 875 catholica.
1243 847 1365 882 Cumque
1393 850 1526 881 regnante
1554 845 1717 872 Constantio

928 895 1125 930 imprudenter,
1142 900 1171 922 ut
1192 896 1301 930 opinor,
1317 902 1369 921 una
1382 902 1444 921 cum
1462 893 1587 920 Eudoxio
1602 896 1629 919 et
1645 892 1714 918 Aca-

927 942 970 968 cio
993 941 1301 975 Constantinopolitanze
1319 940 1424 975 synodo
1442 939 1626 968 interfuisset,
1650 945 1712 963 cum

928 989 1064 1022 episcopis
1086 987 1257 1014 Nicaznorum
1282 986 1392 1013 Patrum
1416 986 1523 1012 decreta
1548 983 1715 1011 sectantibus

928 1033 1135 1061 communicare
1147 1032 1342 1068 perseveravit.
1356 1030 1420 1062 Sed,
1433 1038 1494 1057 cum
1512 1030 1630 1056 venisset
1643 1028 1715 1055 Con—

929 1079 1149 1114 stantinopolim,
1172 1083 1199 1105 et
1220 1078 1329 1104 Arianae
1345 1082 1427 1104 sectae
1451 1075 1587 1103 anlislitcs
1604 1074 1637 1101 de
1653 1073 1717 1100 reli-

928 1125 1009 1160 gione
1031 1132 1092 1151 cum
1111 1132 1144 1151 eo
1167 1123 1372 1156 disseruissent,
1388 1123 1467 1156 eique
1488 1119 1600 1156 polliciti
1624 1122 1716 1146 essent

929 1179 959 1198 se
975 1171 1136 1206 legationem
1159 1170 1234 1197 illius
1258 1169 1402 1204 adjuturos
1423 1175 1483 1194 esse
1507 1166 1576 1200 apud
1598 1165 1716 1199 impera-

929 1220 1025 1249 torem,
1037 1215 1118 1242 modo
1131 1215 1200 1243 idem
1216 1222 1278 1242 cum
1295 1214 1361 1249 ipsis
1379 1213 1481 1241 sentire
1498 1213 1598 1242 vellet,
1619 1217 1716 1237 neces-

929 1262 1009 1289 sitate
1026 1260 1194 1294 compulsus.
1208 1259 1250 1286 vel
1266 1259 1338 1293 quod
1361 1265 1420 1285 eam
1436 1257 1469 1284 de
1487 1257 1630 1283 divinitate
1652 1262 1716 1282 seu--

928 1306 1042 1333 tentiam
1067 1305 1200 1340 potiorem
1224 1311 1286 1331 esse
1308 1303 1489 1334 existimaret,
1514 1309 1575 1327 cum
1604 1300 1714 1327 Arianis

929 1351 1151 1379 communicasse
1167 1350 1279 1382 dicitur,
1295 1357 1381 1384 seque
1395 1353 1422 1376 et
1435 1348 1591 1375 universam
1605 1350 1714 1381 gentem

930 1398 964 1425 ab
980 1397 1099 1424 Ecclesia
1123 1396 1258 1423 catholica
1280 1395 1434 1429 abrupisse.
1447 1394 1525 1421 Gothi
1541 1394 1624 1424 enim,
1641 1392 1667 1418 in
1681 1392 1717 1419 iis

930 1451 990 1478 quae
1005 1430 1038 1469 rid
1058 1442 1217 1476 religionem
1233 1441 1372 1476 pertinent
1398 1440 1459 1474 ejus
1482 1438 1638 1474 magisterio
1654 1445 1718 1464 eru-

931 1489 979 1515 diti
1005 1492 1031 1515 ot
1056 1488 1089 1514 ad
1105 1486 1186 1522 274.
1211 1486 1425 1513 mansuetiorem
1451 1485 1557 1512 cultum
1583 1491 1630 1517 per
1652 1490 1716 1510 eum

92 1531 308 1566 θρησκευόντων.
322 1530 430 1565 Πρῶτος
445 1531 472 1557 δὲ
484 1531 653 1566 γραμμάτων
663 1529 775 1565 εὑρετὴς
790 1530 880 1560 αὐτοῖς

932 1533 1060 1564 traducti,
1077 1533 1184 1559 cunctis
1197 1532 1224 1558 in
1238 1531 1321 1559 rebus
1335 1531 1359 1558 ei
1376 1530 1456 1558 facile
1470 1529 1715 1564 obtemperabant:

91 1577 213 1611 ἐγένετο,
232 1578 278 1603 καὶ
294 1578 333 1608 εἰς
357 1578 406 1613 τὴν
430 1577 532 1604 οἰκείαν
550 1577 639 1612 φωνὴν
657 1577 810 1611 μετέφρασε
831 1576 880 1606 τὰς

92 1621 172 1656 ἱεράς
197 1620 317 1652 Βίῦλους.
334 1621 435 1648 Καοότι
460 1622 508 1656 μὲν
521 1619 567 1648 οὖν
585 1622 622 1652 ὡς
639 1621 739 1647 ἐπίπαν
760 1621 784 1646 οἱ
805 1620 881 1655 παρὰ

92 1666 142 1693 τὸν
152 1667 255 1702 Ἴστρον
271 1667 402 1702 βάρϐαροι
419 1667 452 1693 τὰ
469 1667 572 1702 ’Λρείου
591 1667 728 1701 φρονοῦσι,
746 1666 880 1702 πρόφασις

93 1713 153 1748 ἥδε.
169 1714 235 1739 Κατ’
249 1715 335 1740 ἐκεῖνο
349 1714 376 1740 δὲ
393 1712 500 1748 καιροῦ,
515 1713 615 1747 πλῆθος
628 1712 682 1739 τῶν
697 1713 750 1739 ὑπὸ
763 1712 808 1739 τὸν
818 1713 881 1745 Φρι-

93 1758 222 1794 τιγέρνην
237 1759 280 1785 διά
296 1759 413 1793 Χριστὸν
433 1758 641 1793 μαρτυροῦντες,
656 1757 837 1793 ἀνῃρέθησαν.
852 1758 880 1783 '0

94 1803 151 1839 γὰρ
165 1803 345 1839 Ἀθανάριχος
371 1803 417 1829 καὶ
443 1803 505 1833 τοὺς
532 1802 577 1828 ὑπ’
593 1803 666 1837 αὐτῷ
687 1802 879 1837 τεταγμένους,

94 1848 217 1883 octona
228 1848 375 1879 πείθοντος,
388 1847 588 1883 Χριστιανίζειν
599 1847 770 1881 ἀγανακτῶν,
783 1847 820 1878 ὡς
831 1847 880 1882 τῆς

93 1894 225 1930 πατρῴας
243 1894 389 1929 θρησκείας
403 1893 659 1927 καινοτομουμένης,
679 1892 792 1924 πολλοὺς
816 1892 880 1919 πυλ-

94 1941 155 1972 λαῖς
170 1940 316 1975 τιμωρίαις
334 1939 461 1966 ὑπέϐαλε.
485 1939 538 1965 Καὶ
555 1940 616 1970 τοὺς
639 1939 687 1973 μὲν
712 1939 750 1969 εἰς
767 1937 881 1969 εὐθύνας

94 1986 220 2020 ἀγαγὼν,
230 1985 501 2020 παῤῥησιασαμένους
511 1984 637 2019 ἀνδρείως
651 1984 718 2017 ὑπὲρ
726 1983 772 2009 τοῦ
782 1983 881 2018 δόγμα-

94 2038 156 2062 τος·
176 2031 238 2061 τοὺς
264 2030 290 2056 δὲ
309 2029 376 2064 μηδὲ
390 2029 469 2062 λόγου
486 2028 625 2064 μεταδοὺς,
649 2027 746 2054 ἀνεῖλε.
766 2027 881 2060 Λέγεται

95 2076 152 2111 γὰρ
168 2075 206 2106 ὥς
226 2084 252 2100 τι
271 2074 363 2106 ξόανον
378 2074 419 2108 ἐφ’
433 2073 599 2109 ἁρμαμάξης
617 2071 711 2103 ἑστὼς,
722 2072 748 2098 oi'
761 2080 792 2106 γε
803 2072 896 2114 τοῦτο.

96 2121 185 2148 ποιεῖν
199 2120 251 2146 ὑπὸ
264 2119 441 2155 Ἀθαναρίχου
454 2118 686 2153 προσετάχθησαν,
697 2118 756 2143 καθ’
764 2117 881 2152 ἑκάστην

97 2166 200 2201 σκηνὴν
220 2165 397 2199 περιάγοντες
417 2165 471 2191 τῶν
486 2157 686 2200 Χριστιανίζειν
702 2163 882 2197 καταγγελλο-

932 1588 980 1614 pro
1004 1585 1079 1606 certo
1103 1578 1235 1605 habentes
1259 1577 1327 1604 nihil
1352 1585 1446 1604 eorum
1470 1584 1530 1611 quae
1552 1576 1584 1602 ah
1605 1575 1653 1601 illo
1670 1576 1718 1601 aut

931 1626 1084 1654 dicerentur
1101 1628 1147 1650 aut
1164 1624 1269 1656 ﬁerent,
1286 1623 1442 1658 improbum
1464 1629 1535 1654 csse,
1554 1621 1599 1647 scd
1617 1624 1717 1647 cuncta

930 1669 964 1696 ad
994 1670 1141 1696 utilitatem
1173 1676 1268 1695 eorum
1302 1668 1349 1701 qui
1382 1667 1440 1694 zelo
1472 1666 1517 1692 Dcl
1549 1665 1719 1692 ducerentur

930 1719 1065 1748 spectare.
1088 1714 1159 1746 Quin
1185 1717 1213 1740 et
1238 1713 1349 1740 virtutis
1366 1720 1423 1740 sua:
1441 1711 1582 1745 multiplex
1608 1710 1717 1745 experi-

930 1764 1050 1786 mentum
1074 1759 1159 1786 dedit.
1177 1758 1283 1794 Quippe
1306 1759 1352 1793 qui
1377 1766 1426 1793 pro
1442 1757 1545 1784 Christi
1566 1757 1618 1784 ﬁde
1634 1756 1717 1782 innu-

931 1812 1002 1832 mera
1018 1804 1134 1832 subierit
1153 1804 1285 1838 pericula,
1301 1804 1364 1830 dum
1388 1803 1500 1830 Barbari
1521 1803 1610 1829 adhuc
1628 1801 1718 1836 genti—

930 1850 995 1876 lium
1020 1849 1072 1875 ritu
1092 1849 1222 1875 siniulcra
1245 1848 1377 1875 colerent.
1394 1847 1558 1881 Primusque
1577 1847 1649 1882 apud
1669 1853 1716 1874 eos

931 1895 1056 1922 inventor
1082 1894 1187 1921 exstitit
1207 1894 1370 1925 litterarum,
1394 1897 1422 1920 et
1447 1901 1541 1920 sacros
1566 1893 1663 1919 Libros
1688 1892 1716 1918 in

931 1940 1049 1976 patrium
1062 1947 1215 1967 sermonem
1232 1940 1379 1966 convertit.
1392 1939 1424 1965 Et
1437 1939 1495 1965 lizec
1509 1938 1616 1972 quidem
1631 1944 1716 1964 causa

931 1986 993 2016 fuit,
1007 1993 1057 2012 cur
1074 1985 1196 2019 plerique
1218 1993 1249 2011 ex
1272 1984 1399 2011 barbaris
1414 1984 1459 2018 qui
1477 1984 1509 2010 ad
1526 1983 1625 2010 Istrum
1641 1982 1718 2009 habi~

931 2035 1003 2062 tant,
1017 2031 1173 2065 opinionem
1190 2029 1404 2057 Ariiscctenlur.
1417 2028 1503 2056 Porro
1514 2036 1544 2055 ea
1558 2031 1718 2062 tempestate

932 2075 1008 2102 multi
1034 2082 1066 2101 ex
1093 2074 1126 2101 iis
1149 2074 1196 2108 qui
1225 2073 1403 2108 Phritigerno
1432 2073 1576 2107 parebant.
1603 2076 1717 2106 propter

932 2119 1033 2145 Christi
1049 2118 1251 2145 confessionem
1264 2117 1354 2144 necati
1367 2122 1441 2144 sunt.
1452 2116 1518 2143 Nam
1532 2116 1718 2142 Athanaricus

933 2164 1060 2191 subditos
1074 2172 1183 2198 quoque
1201 2172 1266 2191 suos
1276 2185 1283 2197 ,
1300 2171 1383 2191 suasu
1404 2163 1519 2197 Ulphila:
1533 2161 1716 2189 Christianam

98 2212 198 2247 μένων,
214 2211 338 2238 ἐκέλευον
351 2209 429 2237 τοῦτο
443 2210 615 2245 προσκυνεῖν,
628 2209 672 2235 καὶ
686 2208 769 2236 θύειν.
783 2209 842 2236 Τῶν
852 2209 879 2234 δὲ

932 2210 1089 2244 religionem
1113 2209 1238 2243 amplecti
1264 2216 1334 2244 zegre
1354 2208 1456 2240 ferens,
1481 2212 1610 2242 tanquam
1636 2206 1716 2233 inno-

97 2257 341 2293 παραιτουμένων,
358 2257 405 2284 σὺν
422 2257 514 2287 αὐτοῖς
538 2255 690 2291 ἀνθρώποις
707 2255 755 2287 τὰς
780 2255 882 2290 σκηνὰς

935 2255 1006 2282 vatis
1028 2254 1164 2288 majorum
1189 2254 1372 2285 czeremoniis,
1394 2254 1496 2281 multus
1514 2259 1610 2280 eorum
1632 2251 1718 2279 variis

695 2346 831 2374 VALESll
843 2346 1124 2375 ANNOTATIONES.

135 2407 191 2439 (75)
220 2406 348 2440 Διέμεινε
365 2406 515 2432 κοινωνῶν
527 2406 590 2438 τοῖς
615 2406 735 2439 ἱερεῦσι.
761 2405 882 2433 Pessime

96 2443 173 2470 hunc
187 2442 273 2468 locum
288 2441 368 2468 vertit
381 2441 710 2476 Christopltorsonus.Sic
722 2441 793 2467 enim
808 2448 884 2467 acce-

97 2478 140 2513 pit
154 2477 211 2503 haec
218 2476 311 2513 verba,
323 2476 400 2509 quasi
411 2475 551 2513 Eudoxius
561 2476 714 2513 e_l_rAcacius
728 2476 842 2513 fuissent
849 2483 883 2502 ex

97 2510 213 2540 numero
220 2511 409 2545 episcoporum
415 2511 459 2545 qui
469 2510 686 2545 synodoNicaenaa
693 2511 884 2538 interfuerunt.

97 2547 178 2580 Quod
197 2550 285 2572 tamen
302 2550 344 2572 est
361 2545 548 2578 falsissimum,
580 2553 642 2572 cum
660 2545 777 2573 Aeacius
791 2545 884 2572 multis

97 2579 181 2609 annis
197 2585 258 2615 post
275 2580 409 2616 synodpm
425 2579 562 2616 Nictenam
579 2580 665 2607 factus
681 2581 715 2616 sit
729 2581 885 2616 cpiscopus,

98 2621 210 2644 mortuo
230 2614 333 2642 scilicet
356 2614 473 2650 Eusebio
487 2615 663 2650 Caesariensis
684 2615 810 2642 Ecclesia:
825 2614 886 2650 'epi-

98 2659 194 2686 scopo.
216 2650 242 2676 Id
255 2651 339 2684 igitur
350 2650 415 2686 dicit
431 2649 761 2686 δοζοιηθιιιιςη[Ῑίριιὶιιιιιι
772 2650 885 2686 Gotho-

100 2684 160 2713 rum
172 2685 340 2720 episcopum,
353 2685 431 2718 initio
443 2685 548 2719 quidem
566 2684 706 2711 catholicae
718 2684 778 2711 iidei
795 2685 886 2711 adlim-

100 2721 190 2753 sisse;
214 2725 308 2754 postea
328 2727 404 2750 vero,
418 2724 547 2754 regnante
573 2720 745 2749 Constantio,
763 2727 812 2754 per
835 2720 887 2746 im-

101 2756 274 2791 prudentiatn
292 2754 449 2791 interfuisse
460 2754 564 2791 synodo
578 2754 887 2791 Constantinopolitana;

101 2789 156 2818 ima
174 2798 236 2817 cum
253 2790 374 2817 Eudoxio
390 2795 417 2817 et
430 2790 531 2816 Acacio
546 2789 682 2817 hmreticis
698 2796 769 2816 anno
783 2789 886 2815 Christi

101 2826 155 2853 559
172 2835 177 2852 :
195 2825 371 2852 nihilominus
385 2829 474 2852 tamen
493 2832 553 2852 cum
565 2821 717 2860 'ca'tholicis
749 2824 886 2857 episcopis

102 2860 203 2888 Nicaeni
212 2860 319 2887 concilii
328 2861 511 2888 assertoribus
522 2858 739 2887 communionem
749 2865 884 2886 servasse.

935 2403 1055 2430 Tandem
1073 2410 1138 2430 vero
1166 2409 1239 2435 cum,
1256 2401 1412 2436 principatu
1437 2398 1560 2436 Yalentis
1577 2398 1715 2436 _Augu_sti,

937 2439 1040 2472 legatus
1050 2438 1136 2473 gentis
1145 2433 1294 2473 Gothorum
1309 2433 1428 2473 venisset
1439 2433 1716 2473 Gonstantinopolim,

936 2468 1081 2500 collatione
1097 2473 1188 2500 habita
1204 2479 1265 2498 cum
1280 2470 1391 2498 Arianis
1404 2469 1550 2504 episcopis,
1560 2468 1717 2504 adrillorunt

938 2514 1078 2544 partesise
1101 2507 1284 2544 transtulisse.
1310 2505 1360 2532 Hic
1378 2502 1428 2531 est'
1445 2502 1543 2544 sensus
1560 2503 1641 2544 hujus
1666 2502 1716 2542 loci

937 2537 1017 2577 quem
1035 2542 1175 2570 Musculus
1191 2550 1223 2569 ex
1238 2544 1314 2574 parte
1327 2544 1469 2577 assecutus
1486 2542 1546 2577 _es_t.
1567 2537 1716 2577 lltecheuitu

936 2571 1030 2610 verba,
1044 2578 1081 2609 ὡς
1093 2578 1121 2604 δὲ
1135 2578 1174 2608 εἰς
1189 2571 1470 2610 Κωνσταντινούπολιν
1480 2573 1604 2610 deiicere,
1620 2572 1658 2610 ita
1675 2571 1717 2597 in-

936 2606 1104 2648 terpretatus
1118 2606 1181 2639 esti:
1198 2610 1231 2637 Ut
1247 2606 1717 2648 autempouslattlinopolim'lcgalus

936 2641 1081 2676 Goiltormn
1095 2648 1215 2677 venisset,
1228 2649 1296 2676 etc.,
1313 2643 1428 2678 adjectis
1442 2643 1474 2678 de
1487 2649 1537 2669 suo
1551 2641 1657 2678 duabus
1669 2648 1718 2666 vo-

936 2675 1024 2715 cibus,
1036 2682 1108 2718 quod
1120 2675 1230 2718 quidem
1252 2679 1330 2718 valde
1343 2675 1441 2718 probo.
1455 2677 1535 2718 Certe
1550 2675 1718 2718 Si);0gtti‘ll|is

936 2709 1111 2754 paulo'zi‘ntea
1130 2709 1406 2754 'scribit1_l_llphi'lani
1436 2713 1551 2754 legatum
1580 2709 1717 2754 amGothis

936 2744 1055 2780 nussum
1070 2752 1155 2778 fuisse
1170 2751 1202 2777 ad
1232 2744 1372 2777 Valentem
1393 2744 1555 2782 Augustum.
1581 2744 1626 2782 Bis
1645 2751 1717 2782 ergo

936 2778 1199 2820 constantinopolim
1215 2785 1289 2812 venit
1304 2783 1410 2819 Ulphila
1421 2778 1562 2820 {primum
1573 2779 1630 2820 sub
1642 2778 1716 2820 (Ιοιιτ

935 2823 1046 2854 stantia,
1060 2827 1089 2849 ut
1102 2817 1206 2854 svnodo
1215 2817 1523 2853 Constantiuopolitame
1547 2817 1692 2842 interesset
1705 2819 1715 2839 ι

936 2858 1034 2885 deinde
1051 2858 1102 2885 sub
1118 2856 1243 2884 Valente.
