1896 3074
96 171 163 199 1409

594 165 758 196 utsromA
775 151 1058 194 ECCLIL'SIASTICA.
1078 184 1113 188 _
1131 169 1194 196 LIB.
1217 171 1261 198 γι.

1657 173 1728 204 Η,ἒο

94 228 227 255 Φοινίκων
241 228 289 255 καὶ
309 226 497 254 Παλαιπινῶν
520 225 629 257 πόλεις,
649 225 728 261 μέχρι
747 225 793 251 καὶ
807 223 877 256 Ᾱὶγυ

945 225 1072 257 vastavit,
1089 226 1122 253 ad
1138 226 1283 262 ﬂgyptios
1300 235 1388 263 usque
1406 236 1551 264 progressa
1569 230 1614 264 qui
1638 231 1727 265 regio—

95 275 192 305 πτίων,
206 273 387 307 ἔξευωνύμων
400 271 564 298 ἀναπλέοντι
575 271 620 297 τὸν
636 271 741 303 Νεῖλον,
757 270 786 298 τὸ
805 268 884 305 Ἀρά’

94 320 152 346 ϐιον
169 318 340 354 καλούμενον
369 317 453 352 κλίμα
479 317 635 343 οἰκούντων.
655 314 708 343 Ἦν
727 316 755 342 δὲ
770 317 819 351 οὐχ
831 313 887 346 οἷος

93 365 257 401 νομίζεσθαι
285 365 379 400 ῥᾴδιος
405 365 419 390 ὁ
437 364 573 398 πόλεμος·,
588 364 626 395 ὡς
656 363 732 399 παρὰ
758 363 887 397 γυναικὸς

93 411 384 448 παρασκευαζόμενος.
401 410 546 446 Καρτερὰν
558 411 612 445 γὰρ
621 410 671 436 καὶ
686 409 887 443 δυσκαταγώνι-

79 459 157 485 .στόν
171 467 240 492 φασι
267 457 395 491 γενέσθαι
411 456 557 492 Ῥωμαίοις
585 456 688 490 ταύτην
709 455 759 490 τὴν
776 455 865 491 μάχην
878 464 884 471 ·

92 504 131 535 ὡς
143 504 191 529 καὶ
210 503 258 529 τὴν
272 503 394 538 ἡγεμόνα
411 502 464 529 τῶν
477 503 506 529 ὲν
518 502 628 537 Φοινίκῃ
646 500 829 536 στρατιωτῶν,
847 502 886 531 είς

95 548 257 583 συμμαχίαν
273 546 487 574 ἐπικαλέσασθαι
499 547 545 572 τὸν
567 546 720 581 στρατηγὸν
735 546 824 580 πάσης
837 545 886 580 τῆς

93 595 144 620 ἀνὰ
156 593 206 629 τὴν
218 593 276 620 Ἕω
293 592 408 627 ἱππικῆς
428 601 458 618 τε
466 592 513 619 καὶ
527 591 613 626 πεζῆς
626 592 765 626 στρατιᾶς.
782 591 834 617 Τὸν
845 591 884 620 δὲ.

93 639 209 674 γελάσαι
225 639 275 673 μὲν
286 639 335 674 τὴν
355 638 452 672 κλῆσιν
463 659 471 670 ,
490 638 536 664 καὶ
554 638 696 672 ἀπόμαχον
712 637 824 672 ποιῆσαι
840 637 886 664 τὸν

90 687 260 715 καλέσαντα.
283 685 515 722 Παραταξάμενον
544 685 572 712 δὲ
595 685 664 721 πρὸς
687 685 794 712 Μανίαν
813 685 887 712 ἀντι-

95 733 314 769 στρατηγοῦσαν,
325 733 472 767 τραπῆναι,
485 731 533 759 καὶ
548 731 624 767 μόλις
634 731 798 766 διασωθῆναι
810 731 886 766 παρὰ

93 780 140 806 τοῦ
161 779 298 815 ἡγεμόνος
314 778 368 805 τῶν
389 778 576 805 Παλαιστινῶν
594 777 641 804 καὶ
656 777 786 803 Φοινίκων
803 784 885 812 στρα-

93 825 209 852 τιωτῶν.
237 825 282 857 Ὠς
305 824 359 860 γὰρ
373 821 444 851 εἶδεν
466 824 547 850 αὑτὸν
568 823 777 855 κινδυνεύοντα,
794 823 885 859 μένειν

93 870 172 902 ἐκτὸς
187 870 240 905 τῆς
264 869 353 905 μάχης
367 869 438 896 κατὰ
452 869 502 904 τὴν
519 869 601 896 αὐτοῦ
627 870 775 905 πρόσταξιν
789 869 885 905 εὔηθες

92 916 218 951 ἐνόμισε·
238 915 423 952 προσδραμών
440 924 470 942 τε
495 917 634 952 ὑπήντησε
651 917 709 947 τοῖς
725 916 883 951 βαρϐάροις,

93 963 140 989 καὶ
162 962 201 998 τῷ
231 963 283 998 μὲν
310 962 404 998 καιρὸν
425 962 526 989 ἔδωκεν
552 961 757 997 ἀσφαλεστέρας
784 962 883 996 φυγῆς,

92 1007 173 1039 αὐτὸς
190 1007 220 1034 δὲ
247 1006 434 1042 ὕπαναχωρῶν
444 1027 451 1038 ,
468 1007 496 1033 ἐν
515 1006 554 1042 τῷ
569 1006 679 1041 φεύγειν
694 1006 799 1039 ἐτόξευε
813 1027 820 1038 ,
837 1007 884 1033 καὶ

92 1052 332 1088 τοὺς,πο).εμίους
353 1052 544 1088 ἐπικειμένους
566 1052 736 1088 ἀπεκρούετο
762 1053 818 1083 τοῖς
841 1061 885 1078 τοι

93 1097 219 1133 ξεύμασι.
244 1097 336 1125 Ταῦτα
357 1097 385 1124 δὲ
400 1097 492 1124 πολλοὶ
509 1097 563 1123 τῶν
578 1097 640 1133 τῇδε
655 1097 882 1132 προσοικούντων,
904 1112 906 1115 -

92 1144 176 1170 εἰσέτι
193 1142 245 1170 νῦν
261 1143 536 1179 ἀπομνημονεύουσι·
558 1143 634 1179 παρὰ
656 1142 683 1169 δὲ
704 1143 882 1178 Σαρακηνοῖς,

91 1187 121 1213 ὲν
133 1186 215 1221 ᾠδαῖς
231 1187 316 1213 ἐστιν.
333 1186 544 1222 Ἐπιϐαροῦντος
557 1187 586 1213 δὲ
605 1187 652 1213 τοῦ
664 1187 884 1222 πολέμου,ἀναγ-

93 1233 170 1258 καῖον
187 1232 278 1259 ἐδόκει
292 1232 357 1267 περὶ
373 1232 485 1267 εἰρήνης
507 1231 726 1267 πρεσϐεύσασθαι
741 1231 810 1266 πρὸς
823 1232 883 1258 Μα-

93 1278 162 1305 νίαν.
177 1277 238 1313 Τὴν
257 1278 286 1304 δὲ
304 1278 397 1310 λόγος,
413 1279 469 1309 τοῖς
488 1278 552 1313 περὶ
572 1277 667 1304 τούτου
683 1276 883 1312 πρεσϐεύσασιν

93 1325 225 1361 ἄντικρυς
239 1326 365 1352 ἀπειπεῖν
383 1324 433 1355 τὰς
457 1323 524 1360 πρὸς
544 1323 694 1359 Ῥωμαίους
711 1323 842 1355 σπονδὰς,
859 1325 882 1350 εἰ

94 1372 131 1407 μὴ
147 1373 203 1403 τοῖς
222 1371 269 1398 ὑπ’
283 1370 367 1406 αὐτὴν
381 1369 543 1406 ἀρχομένοις
565 1369 714 1401 ἐπίσκοπος
730 1378 884 1405 χειροτονη-

93 1418 151 1453 θείη
165 1418 271 1452 Μωσῆς
293 1425 354 1449 τις,
369 1416 400 1442 ὲν
423 1417 455 1451 τῇ
476 1415 560 1447 πέλας
581 1416 678 1450 ἐρήμῳ
695 1415 821 1450 τηνικάδε
837 1424 882 1449 φι-

92 1464 214 1498 λοσοφῶν
227 1471 233 1478 ·
249 1462 318 1498 ἀνὴρ
332 1462 387 1489 ἀπὺ
408 1461 467 1497 βίου
485 1461 586 1496 ἀρετῆς
596 1481 603 1493 ,
617 1461 738 1496 σημείων
757 1469 787 1487 τε
804 1460 883 1488 θείων

92 1509 140 1535 καὶ
163 1507 326 1543 παραδόξων
351 1506 495 1542 ἐπίσημος.
519 1506 728 1541 Ἐπιτραπέντες
751 1506 779 1533 δὲ
807 1507 883 1542 παρὰ

938 273 999 294 nem
1020 269 1146 298 Arabiam
1174 273 1274 299 dictam
1303 273 1436 303 incolunt,
1458 274 1538 300 sitam
1564 274 1599 301 ad
1630 274 1726 301 laevum

937 311 1011 342 latus
1033 313 1086 343 Nili
1103 315 1220 343 adverso
1237 316 1347 344 (lt-tuine
1372 318 1524 352 naviganti.
1545 317 1639 354 Neque
1663 327 1727 346 vero

938 359 964 386 id
983 360 1083 388 bellum
1099 361 1158 389 leve
1183 362 1268 389 vndrri
1286 367 1403 397 poterat.
1426 368 1520 398 utpote
1535 365 1606 399 quod
1633 372 1647 391 τι
1665 373 1726 391 mtt-

938 405 1004 432 liere
1025 411 1177 440 gereretur.
1209 407 1284 435 Adeo
1309 409 1381 435 enim
1410 417 1537 444 asperum
1564 417 1595 437 ac
1617 410 1727 438 diuit-ile

938 450 1070 478 Romanis
1086 451 1137 479 hoc
1155 457 1295 481 certamen
1312 453 1397 482 fuisse
1413 454 1514 489 l‘crunt,
1537 461 1565 483 ut
1582 457 1636 484 dux
1655 458 1727 484 mili-

937 502 993 522 tum
1017 496 1175 529 Pbmuices,
1195 499 1356 533 magistrum
1384 500 1521 534 pedestris
1545 507 1572 529 et
1586 503 1726 536 equestris

937 542 1042 570 militiae
1059 551 1120 577 quae
1141 548 1200 570 erat
1226 544 1253 571 in
1269 544 1392 578 Oriente,
1412 547 1444 573 ad
1466 555 1545 581 opem
1565 548 1618 575 sibi
1635 549 1724 575 feren-

936 587 998 614 dam
1018 589 1166 616 vocaverit.
1188 589 1222 615 Et
1243 591 1373 626 magister
1392 592 1501 626 quidem
1529 593 1644 619 militum
1663 593 1724 620 risit

936 638 1092 666 vocantem,
1117 639 1145 661 et
1174 635 1270 669 ι)ιωίἱο
1297 644 1359 663 cum
1387 637 1520 665 interesse
1543 640 1639 666 vetuit.
1665 639 1724 674 Ipse

937 687 1002 707 vero
1029 679 1088 707 acie
1111 681 1247 708 instructa
1272 689 1439 716 congressus
1463 691 1525 710 cum
1547 684 1634 711 Maria
1663 693 1724 720 quae

936 725 1032 759 copias
1048 732 1113 752 suas
1127 733 1159 753 ex
1177 726 1294 753 adverso
1314 727 1453 760 ductabat,
1468 728 1495 755 in
1512 728 1602 763 fugam
1613 737 1721 762 versus,

935 777 1006 804 aegre
1032 774 1157 798 servatus
1181 776 1224 799 est
1247 779 1262 798 a
1287 772 1358 800 duce
1382 774 1499 800 tnilitum
1517 774 1669 803 Palaestina-
1691 784 1722 803 ac

940 815 1098 843 Pltmnices.
1112 816 1163 843 Hic
1175 817 1250 844 enim
1263 825 1326 845 cum
1342 819 1505 854 magistrum
1519 820 1546 847 in
1564 820 1723 849 discrimine

935 861 1040 888 versari
1058 867 1195 894 cerneret,
1223 864 1337 891 stultum
1357 873 1419 893 esse
1442 865 1621 897 existimavit.
1645 871 1722 894 extra

935 906 1073 940 prcelium,
1094 907 1166 937 sicut
1194 908 1241 936 ille
1269 910 1401 944 jusserat,
1424 919 1556 939 manere:
1573 913 1723 947 statimque

935 959 1101 984 accurrens,
1126 955 1253 982 barbaris
1289 964 1350 985 sese
1383 958 1502 992 objecit,
1532 966 1564 985 ac
1592 961 1722 994 iungiser

934 997 1044 1037 quidem
1077 1002 1137 1025 tuto
1169 999 1294 1035 fugiendi
1328 1003 1563 1036 opportunitatem
1595 1004 1720 1038 prmbuit.

933 1042 994 1077 lpse
1010 1050 1076 1071 vero
1090 1045 1194 1071 sensim
1209 1046 1304 1079 pedem
1317 1047 1452 1077 referens.
1473 1048 1545 1075 inter
1561 1048 1721 1083 fugiendum

933 1089 987 1116 tela
996 1089 1127 1124 jaciebat,
1140 1091 1288 1127 lmstesquc
1305 1093 1497 1122 incumbentes
1510 1096 1619 1130 sagittis
1635 1095 1722 1130 repel-

934 1135 1018 1164 lebat.
1040 1136 1103 1165 Hpec
1125 1138 1162 1165 ita
1190 1143 1266 1174 gesta
1297 1141 1375 1167 multi
1401 1149 1432 1168 ex
1459 1149 1552 1169 earum
1580 1143 1721 1177 regionum

934 1182 1033 1210 incolis
1046 1184 1197 1211 etiamnum
1215 1191 1435 1213 commemorant
1451 1195 1458 1213 :
1477 1191 1504 1214 et
1523 1188 1594 1221 apud
1609 1187 1720 1215 Sarace-

933 1235 985 1255 nos
996 1229 1078 1264 vngo
1093 1231 1222 1258 cantibus
1239 1232 1426 1259 celebrantur.
1442 1232 1527 1259 Porro
1540 1241 1603 1260 cum
1619 1234 1720 1261 bellqu

934 1273 1150 1308 ingravesceret,
1173 1276 1280 1310 legatos
1297 1277 1331 1304 de
1348 1284 1414 1311 pace
1441 1277 1474 1304 ad
1496 1277 1612 1305 Maviam
1629 1286 1722 1306 neces-

934 1319 1007 1346 sario
1025 1320 1174 1348 mittendos
1187 1329 1249 1348 esse
1270 1321 1386 1348 Romani
1403 1323 1594 1351 decreverunt.
1619 1324 1654 1350 At
1673 1325 1720 1352 illa

933 1365 1031 1400 legatis
1047 1366 1108 1401 ejus
1123 1367 1160 1393 rei
1177 1374 1262 1395 causa
1283 1368 1378 1395 missis
1396 1368 1486 1396 foedus
1502 1377 1564 1397 cum
1586 1369 1720 1398 Romanis

933 1418 1126 1445 percussuram
1154 1420 1183 1440 se
1208 1420 1333 1447 prorsus,
1352 1418 1381 1441 ut
1405 1414 1492 1446 aiunt,
1522 1417 1640 1450 negavit,
1666 1417 1719 1444 nisi

933 1458 1022 1492 gentis
1043 1465 1099 1486 sum
1120 1459 1296 1486 ordinaretur
1320 1460 1469 1495 episcopus
1487 1460 1576 1489 Moses
1593 1462 1717 1496 quidam,

933 1503 980 1538 qui
997 1508 1054 1530 tum
1071 1505 1204 1539 temporis
1225 1504 1252 1531 in
1271 1505 1361 1532 vicina
1378 1506 1529 1534 solitudine
1543 1507 1720 1542 philosopha—

92 1553 229 1589 βασιλέως
242 1554 266 1580 οἱ
288 1552 351 1580 τάδε
376 1552 545 1588 μηνύσαντες
561 1552 614 1579 τῶν
629 1551 801 1587 στρατιωτῶν
817 1553 881 1587 ἠγε-

935 1549 1031 1577 batur:
1056 1550 1099 1577 vir
1119 1554 1177 1577 tum
1205 1550 1240 1577 ob
1257 1552 1318 1578 vita:
1342 1552 1526 1583 sanctitatem,
1544 1557 1600 1579 tum
1627 1554 1662 1580 ob
1679 1554 1721 1581 di-

93 1601 192 1636 μόνες,
217 1598 437 1634 συλλαμϐάνουσι
459 1598 504 1625 τὸν
528 1598 632 1633 Μωσῆν
645 1619 652 1631 ,
677 1598 723 1624 καὶ
746 1598 821 1633 παρὰ
835 1597 881 1625 τὸν

91 1645 208 1674 Λούκιον
224 1645 346 1678 ἄγουσιν.
367 1644 396 1671 '0
405 1643 444 1676 δὲ,
456 1643 600 1679 παρόντων
613 1644 752 1679 ἀρχόντων
770 1645 818 1671 καὶ
833 1644 880 1671 τοῦ

92 1690 267 1723 συνελθόντος
283 1689 416 1725 πλήθους,
431 1689 564 1724 Ἐπίσχες,
579 1689 704 1725 ἔφη-οὑχ
715 1688 769 1722 οἷός
784 1698 814 1718 τε
827 1691 880 1726 γάρ

91 1736 149 1771 εἰμι
165 1736 260 1770 φέρειν
274 1735 426 1771 ἀρχιερέως
439 1734 523 1770 ὅνομα
534 1735 582 1762 καὶ
599 1736 682 1771 τιμὴν
698 1736 792 1769 ἀξίως.
808 1737 838 1763 Εἰ
856 1737 881 1764 δ’

93 1781 146 1816 ἀρα
167 1781 215 1808 καὶ
236 1780 282 1807 ἐπὶ
305 1779 407 1815 ἀναξίῳ
429 1779 485 1805 ὅντι
506 1787 550 1814 μοι
572 1780 651 1807 τοῦτο
669 1781 786 1808 ὲπινεύοι
803 1782 879 1814 Θεὸς,

95 1826 267 1861 μαρτύρομαι
289 1825 335 1852 τὸν
360 1825 475 1859 οὐρανοῦ
493 1825 541 1852 καὶ
563 1825 616 1861 γῆς
641 1826 823 1862 δημιουργὸν,
843 1827 881 1859 ὡς

92 1872 140 1904 τὰς
159 1872 209 1903 σὰς
224 1872 276 1898 οὐκ
288 1871 427 1904 ἐπιϐαλεῖς
439 1881 484 1907 μοι
500 1874 609 1908 χεῖρας,
620 1872 716 1907 αἵματι
731 1873 777 1900 καὶ
789 1873 880 1909 λύθρῳ

91 1918 271 1954 πεφυρμένας
290 1918 375 1953 ἁγίων
389 1918 502 1954 ἀνδρῶν.
530 1918 688 1946 Ὑπολαϐὼν
709 1919 737 1945 δὲ
754 1919 879 1951 Λούκιος,

92 1965 123 1991 Εἰ
139 1965 189 2000 μὲν
203 1964 253 1995 ἔτι,
266 1963 358 1998 φησὶν,
370 1964 476 1998 ἀγνοεῖς
488 1963 537 1999 τὴν
549 1963 617 2000 ἐμὴν
631 1964 731 1997 πίστιν,
744 1965 774 1992 σὺ
788 1965 881 1992 δίκαια

92 2011 180 2041 ποιεῖς
191 2030 199 2041 ,
217 2010 283 2044 πρὶν
301 2010 396 2044 μαθεῖν
410 2010 657 2046 ἀποστρεφόμενος.
678 2011 709 2037 Εἰ
727 2011 756 2037 δὲ
770 2011 880 2038 διαϐαλ-

92 2056 194 2082 λόντων
209 2056 307 2088 τινῶν,
329 2055 380 2090 ἄγε
395 2056 428 2089 δὴ
445 2056 492 2082 καὶ
513 2056 561 2083 νῦν
577 2056 694 2083 ἄκουσον
717 2057 782 2092 παρ’
800 2057 878 2092 ἐμοῦ,

91 2102 140 2128 καὶ
151 2102 250 2137 κριτὴς
262 2101 342 2135 γενοῦ
358 2102 413 2128 τῶν
430 2101 595 2138 λεγομένων.
617 2102 687 2128 Ἀλλ’
699 2102 793 2137 ἔμοιγε
805 2123 812 2134 ,
827 2102 879 2138 ἔφη

92 2148 212 2182 Μωσῆς,
222 2147 280 2174 λίαν
295 2147 383 2183 σαφὴς
401 2148 525 2182 φαίνεται
542 2149 560 2183 η
575 2147 609 2183 σὴ
622 2148 714 2180 πίστις
725 2157 731 2163 ·
751 2149 798 2175 καὶ
814 2157 880 2184 μαρ-

91 2193 219 2228 τυροῦσιν
234 2193 314 2220 ὁποία
325 2193 367 2225 τίς
387 2194 445 2220 ἐστι
457 2214 464 2225 ,
488 2194 633 2221 ἐπίσκοποί
648 2202 677 2220 τε
696 2194 743 2220 καὶ
762 2194 880 2230 πρεσϐύ-

935 1596 997 1623 vina
1014 1597 1093 1631 signa
1117 1600 1202 1631 atque
1216 1597 1349 1624 miracula
1372 1598 1499 1626 illustris.
1522 1598 1615 1634 Itaque
1635 1600 1721 1627 duces

934 1643 1051 1670 militum
1067 1643 1113 1678 qui
1133 1643 1191 1671 haec
1206 1644 1363 1679 imperatori
1380 1645 1591 1678 nttntiaverant,
1609 1650 1721 1681 accepta

934 1689 968 1716 ab
983 1697 1016 1716 eo
1034 1693 1179 1724 potestate,
1196 1689 1298 1717 Mosem
1325 1689 1400 1716 illico
1419 1690 1670 1724 comprehendunt,
1693 1694 1722 1718 et

933 1734 966 1761 ad
980 1734 1094 1762 Lucium
1108 1735 1274 1771 perducunt.
1291 1735 1380 1763 Moses
1397 1735 1479 1770 276
1496 1743 1562 1763 vero
1579 1737 1721 1770 praesenti-

933 1780 986 1808 bus
1006 1781 1214 1816 magistratibus
1233 1786 1259 1810 et
1289 1782 1366 1817 plebe
1393 1790 1454 1817 quae
1476 1781 1656 1814 conﬂuxerat,
1679 1783 1720 1810 sic

933 1826 1048 1854 Lucium
1060 1827 1196 1854 allocutus
1205 1831 1248 1856 est
1262 1836 1269 1854 :
1284 1827 1413 1861 Sustine;
1436 1835 1525 1862 neque
1535 1828 1608 1855 enim
1619 1829 1720 1863 dignus

932 1879 994 1900 sum
1024 1873 1071 1907 qui
1097 1873 1219 1908 episcopi
1246 1881 1348 1901 nomen
1375 1880 1407 1900 ac
1429 1873 1588 1908 dignitatem
1615 1881 1734 1909 geram»

933 1917 1010 1950 Quod
1023 1918 1045 1945 si
1062 1918 1128 1944 mihi
1149 1919 1276 1953 quamvis
1297 1919 1420 1954 indigno,
1438 1926 1538 1946 munus
1553 1919 1607 1946 hoc
1626 1919 1720 1953 injun—

934 1965 973 1998 git
990 1963 1072 1996 Deus,
1093 1968 1181 1990 testor
1195 1969 1349 1992 creatorem
1370 1965 1431 1992 οωιὶ
1446 1973 1478 1992 ac
1498 1971 1587 1997 terrm,
1604 1971 1630 1993 te
1647 1974 1718 1992 nun-

933 2015 1014 2043 qualn
1031 2015 1130 2035 manus
1151 2009 1236 2037 hasce
1257 2010 1332 2038 caede
1353 2018 1384 2038 ac
1407 2011 1540 2045 sanguine
1562 2016 1718 2038 sanctorum

932 2054 1054 2080 virorum
1081 2054 1247 2087 maculatas,
1276 2055 1343 2082 mibi
1370 2056 1578 2091 impositurum.
1601 2057 1650 2084 Cui
1676 2065 1720 2084 rc-

932 2099 1072 2134 spomlens
1093 2099 1194 2126 Lucius
1213 2108 1221 2126 :
1240 2099 1269 2126 Si
1293 2108 1382 2127 meam
1404 2101 1495 2134 ﬁdem,
1520 2103 1619 2137 inquit,
1642 2103 1721 2138 igneo

933 2153 990 2177 ras,
1007 2145 1108 2180 injuste
1124 2146 1196 2181 agis,
1213 2146 1259 2180 qui
1284 2153 1326 2173 me
1346 2153 1492 2181 antequam
1515 2150 1626 2176 noveris
1642 2156 1721 2175 aver-

933 2191 1014 2218 seris.
1047 2190 1124 2224 Quod
1166 2191 1190 2218 si
1223 2199 1238 2218 a
1270 2191 1433 2226 quibusdam
1473 2194 1719 2223 calumniatoribus

94 2247 178 2274 τεροι,
193 2240 239 2266 καὶ
255 2239 391 2272 διάκονοι,
408 2242 437 2267 ἐν
456 2239 616 2276 ὑπερορίαις
644 2242 754 2275 φυγαῖς,
767 2241 815 2267 καὶ
832 2250 879 2276 με-

935 2237 1076 2272 accepisti,
1097 2237 1161 2264 audi
1182 2245 1256 2265 uuuc
1276 2245 1310 2265 ex
1334 2246 1378 2265 me
1402 2239 1474 2273 ipso,
1498 2244 1526 2265 el
1550 2239 1633 2274 iudex
1659 2245 1720 2269 esto

94 2283 202 2315 τάλλοις
210 2284 384 2320 ταλαιπωρού
389 2293 475 2320 μενοι.
490 2285 582 2312 Ταῦτα
596 2283 643 2312 οὖν
656 2286 719 2321 περὶ
728 2285 796 2312 Θεοῦ
804 2286 880 2321 νομι-

92 2328 149 2361 ζεις
160 2330 217 2364 (77)
231 2330 265 2356 τὰ
280 2330 469 2366 γνωρίσματα,
480 2330 499 2357 ἃ.
515 2331 653 2363 παντελῶς
665 2333 739 2358 ἐστιν
752 2332 878 2368 ἀλλότρια

931 2291 1026 2311 eorum
1055 2291 1116 2318 qua)
1145 2284 1286 2312 dicuntur.
1316 2283 1385 2311 Tum
1415 2283 1534 2312 Moses:
1557 2286 1593 2312 At
1628 2287 1720 2319 enim,

932 2329 1031 2364 inquit,
1054 2330 1124 2357 satis
1149 2329 1297 2359 manifesta
1321 2329 1388 2357 mihi
1411 2329 1522 2357 videtur
1551 2330 1620 2358 ﬁdes
1646 2336 1718 2360 tua:

675 2416 813 2445 VALESII
828 2419 1106 2448 ANNOTATIONES.

131 2486 187 2520 ('17)
210 2485 307 2512 Ταῦτα
323 2484 380 2514 οὖν
395 2486 462 2521 περὶ
480 2481 555 2513 Θεοῦ
576 2485 714 2521 νομίζεις.
729 2485 792 2514 Haec
805 2488 887 2514 vetba

114 2529 144 2548 er
171 2521 413 2556 interrogationem
441 2522 563 2556 legenda,
581 2529 644 2549 esse
671 2523 776 2556 putavit
805 2522 886 2549 etiam

114 2529 144 2548 er
171 2528 413 2556 interrogationem
441 2528 555 2556 tegenda
581 2529 644 2549 esse
671 2528 776 2556 putavit
805 2528 885 2549 etiam

94 2528 276 2591 git-ephorus.
300 2556 345 2583 Sic
361 2557 434 2584 enim
452 2556 527 2583 hunc
551 2555 698 2584 Sozomeni
723 2557 819 2591 locum
837 2565 885 2584 ex-

96 2589 236 2626 pressttrin
256 2599 315 2626 cap.
331 2591 375 2623 46,
390 2591 441 2626 lib,
455 2599 473 2618 η
487 2601 493 2617 :
512 2591 571 2626 Καί
579 2600 611 2625 γε
622 2590 655 2617 σὺ
676 2591 778 2624 ἐκεῖνα,
793 2589 881 2626 οἴμαι,

96 2625 212 2662 Χριστοῦ
225 2625 404 2662 γνωρίσματα
415 2625 476 2658 οἴει,
489 2630 542 2662 etc.
558 2625 616 2662 Ego
627 2633 692 2653 vero
708 2626 780 2654 hunc
792 2625 882 2654 locum

95 2661 198 2697 absque
226 2660 443 2697 interrogatione
470 2660 648 2690 scribendum
670 2669 732 2689 esse
749 2661 879 2690 existimo

936 2487 987 2514 hoc
999 2486 1080 2513 modo
1099 2495 1105 2512 :
1122 2485 1214 2512 Ταῦτα
1229 2484 1267 2513 ὧν
1288 2486 1352 2521 περὶ
1367 2483 1435 2512 Θεοῦ
1452 2485 1574 2521 νομίζεις
1597 2485 1633 2521 τὰ
1647 2494 1719 2519 γνω-

937 2522 1067 2557 ρίσματα.
1085 2521 1112 2548 Id
1127 2526 1180 2552 est.
1203 2521 1268 2549 Haec
1285 2519 1347 2557 quin
1360 2521 1460 2557 indicia
1478 2519 1530 2547 tua:
1545 2520 1578 2557 (te
1593 2519 1646 2547 Deo
1662 2523 1720 2555 ορί-

935 2555 1023 2584 ὶιίθὴίε
1035 2562 1112 2592 atque
1121 2556 1275 2592 sententia.
1288 2556 1344 2592 Nec
1355 2556 1450 2592 dubito
1463 2556 1531 2592 quin
1549 2555 1721 2592 solo-uenus

936 2593 973 2619 ita
996 2590 1151 2627 scripserit.
1172 2591 1254 2627 Certe
1273 2591 1383 2626 vulgata
1408 2591 1489 2619 lectio
1512 2590 1576 2627 ferri
1597 2597 1650 2617 non
1670 2599 1720 2627 po-

934 2631 1002 2689 ἕξειζ
1020 2625 1114 2662 Neque
1131 2627 1204 2654 enim
1219 2625 1313 2654 Graece
1324 2625 1434 2654 ’dicitur
1449 2625 1627 2662 γνωρίσματα
1656 2625 1721 2661 τεερι

958 2671 1014 2689 εου.

958 2671 1014 2690 εου.

813 2751 1006 2782 VARIORUM.

97 2819 202 2847 circiter
216 2827 288 2846 anno
300 2819 353 2847 37$
368 2823 486 2854 gestum,
500 2822 527 2846 et
544 2823 606 2854 post
618 2818 760 2847 Athanasii
773 2819 879 2848 obitum

99 2862 148 2888 pax
180 2855 266 2886 inim,
305 2859 330 2881 rt
355 2854 442 2881 Mavis
473 2854 565 2889 regina
593 2854 879 2889 lidemVChristian-am

99 2889 229 2923 atuplexa.
242 2890 317 2925 (Aut.
329 2889 390 2925 Pagi
402 2889 435 2917 ad
447 2897 548 2917 annum
560 2889 623 2924 372,
634 2897 660 2918 n.
675 2888 733 2925 22.)
752 2890 789 2918 De
800 2889 879 2918 Sara-

933 2822 1010 2849 cenis
1021 2842 1028 2854 ,
1046 2821 1092 2857 qui
1110 2825 1203 2856 postea
1227 2820 1290 2857 sub
1303 2819 1458 2857 Maltumete
1482 2821 1719 2857 pseudopropheta

933 2855 1329 2889 maxime’innotuerunt,vide
1346 2855 1514 2889 Hoﬂmanu.,
1531 2855 1718 2890 Lexic.,’Bau-

934 2891 1046 2925 drand.,
1063 2890 1155 2927 Gaog.,
1172 2894 1227 2920 etc.
