1896 3074
109 142 178 170 1413

607 145 767 175 HISTORIA
784 128 1068 178 ECCLES'ASTICA.
1089 167 1122 172 -
1140 152 1204 180 LIB.
1227 154 1269 182 γι.

1677 159 1745 186 NH

104 202 259 236 ρακηνοτς,
287 198 362 237 οἶμαι
388 202 415 228 δὲ
448 203 496 230 καὶ
522 203 589 230 πᾶσι
616 204 773 241 βαρϐάροις.
802 206 832 233 '0
858 200 888 229 δὲ

978 206 1039 242 ujus
1064 211 1236 247 imperatoris
1261 217 1385 249 tempora
1409 213 1490 249 cujus
1516 223 1560 243 res
1586 220 1678 251 gestas
1697 217 1744 244 dc-

104 247 220 282 θαρῤεἳν
237 249 531 284 παρακελευσάμενος,
547 250 648 286 ηὔξατο
663 253 710 279 καὶ
724 252 900 288 ἀπέπεμψεν,

104 292 176 325 ἕξειν
206 294 289 320 αὑτὸν
312 295 369 321 υἱὸν
392 295 594 332 ὑποσχόμενος,
619 299 644 324 εί
670 299 841 326 πιστεύσειεν
860 299 901 330 είς

105 339 233 374 Χριστόν.
260 341 335 366 Ἐπεὶ
359 340 386 367 δὲ
409 340 475 373 Θεὸς
496 341 570 378 ἔργῳ
586 343 635 379 τὴν
663 345 810 380 ὑπόσχεσιν
838 345 900 372 ἐϐει

104 384 206 411 ϐαίωσε
221 405 228 417 ,
249 387 296 413 καὶ
317 386 416 422 ἐτέχθη
436 387 511 422 αὐτῷ
525 389 590 420 παῖς
602 408 609 420 ,
629 390 711 422 αὑτός
734 400 764 417 τε
780 392 899 427 Ζόκομος

103 431 211 466 ἐμυήθη
227 451 234 463 ,
257 432 302 458 καὶ
315 433 378 463 τοὺς
402 433 448 460 ὑπ’
462 433 542 460 αὑτὸν
559 435 605 461 ἐπὶ
625 435 703 462 τοῦτο
718 436 830 470 ἤγαγεν.
854 437 898 470 Ἐξ

102 476 209 502 ἐκείνου
223 485 254 502 τε
274 477 376 513 ταύτην
392 478 442 514 τὴν
464 479 550 514 φυλὴν
564 480 690 514 γενέσθαι
706 482 787 516 φασὶν
806 483 895 510 εὐδαί-

104 531 173 557 μονα
187 523 234 549 καὶ
252 523 475 559 πολυάνθρωπον,
490 525 609 560 Πέρσαις
623 535 654 553 τε
671 528 719 554 καὶ
732 529 788 560 τοῖς
805 528 895 560 ἄλλοις

102 569 292 604 Σαρῤακηνοίς
304 569 487 605 φοϐεράν,“ον
502 571 553 606 μὲν
567 571 599 607 δὴ
612 572 713 608 τρόπον
723 574 895 610 Σαρρακηνοὶ

102 615 151 650 τὴν
181 615 270 650 ἀρχὴν
297 617 338 647 είς
357 617 570 653 Χριστιανισμὸν
595 619 752 653 μετέϐαλον,
782 618 895 648 καὶόἷα

102 661 166 696 περὶ
178 661 226 688 τοῦ
241 661 349 696 πρώτου
366 663 431 698 παρ’
443 663 535 695 αὐτοῖς
549 665 784 700 ὲπισκοπήσαντος
796 675 893 703 παρει-

102 707 238 743 λήφαμεν,
254 705 304 742 ᾧδε
323 708 390 743 ἔχει.

953 253 1114 284 scribimus.
1137 256 1265 285 Traducti
1286 264 1350 286 sunt
1363 263 1457 297 autem
1482 260 1515 287 ad
1532 260 1610 288 iidem
1630 261 1743 293 Christi,

951 301 1098 337 colloquiis
1126 305 1299 332 sacerdotum
1328 311 1355 333 ct
1374 307 1592 339 monachorum,
1618 309 1664 342 qui
1696 317 1745 343 per

952 348 1085 377 finitimas
1124 351 1192 385 ipsis
1227 352 1391 380 solitudines
1419 354 1601 388 philosophiae.
1632 363 1743 389 operam

949 395 1063 427 dabant,
1079 397 1195 432 vitaeque
1214 399 1397 426 sanctimonia
1415 404 1441 427 et
1464 401 1605 428 miraculis
1622 401 1745 436 refulge-

951 440 1028 468 bant.
1057 441 1154 469 Fertur
1182 443 1264 470 etiam
1290 443 1425 479 integram
1451 453 1545 472 eorum
1573 445 1673 472 tribum
1711 453 1744 473 eo

951 491 1074 521 tempore
1102 488 1135 515 ad
1161 487 1265 516 Christi
1294 489 1454 524 religionem
1478 490 1645 522 transiisse,
1681 499 1743 529 qum

950 532 1086 560 Zocomus
1102 540 1197 559 eorum
1214 533 1385 569 phylarchus
1403 534 1566 568 baptismum
1585 534 1743 569 hujusmodi

948 578 985 605 ob
999 585 1112 605 causam
1133 578 1310 613 suscepisset.
1337 578 1386 605 llic
1409 579 1495 606 orbus
1517 587 1580 606 cum
1601 583 1686 610 esset,
1708 581 1741 605 ad

951 623 1115 650 monachum
1127 623 1284 660 quemdam,
1306 624 1377 650 fama
1393 625 1467 652 illius
1483 624 1630 657 adductus,
1648 632 1742 652 acces-

951 668 998 699 sit,
1027 674 1056 695 ut
1083 676 1144 695 eum
1169 676 1203 695 eo
1232 669 1437 703 colloqueretur
1462 679 1468 696 :
1493 678 1627 705 suamque
1655 670 1742 704 ipsius

958 714 1144 741 calamitatem
1162 714 1307 749 deplorare
1327 715 1421 750 ccepit.
1439 715 1545 750 Quippe
1568 716 1640 751 apud
1658 716 1742 743 Sara-

103 758 244 786 cenos,et
269 755 341 789 apud
376 755 497 791 reliquos
526 764 631 788 omnes,
653 762 684 784 ut
715 759 824 793 opinor,
865 756 1001 787 barbaros
1033 761 1125 796 magni
1152 761 1181 788 ﬁt
1211 761 1361 788 liberorum
1393 762 1558 796 procreatio.
1592 762 1742 790 Monachus

105 808 169 827 vero
196 800 274 827 illum
305 801 377 828 bono
402 802 493 829 aninto
516 810 577 830 esse
609 804 712 838 jussit,
737 809 764 832 et
789 805 915 833 oratione
953 806 1041 838 facta,
1067 807 1205 834 hominem
1236 807 1360 839 dimisit,

1401 807 1541 842 pollicitus
1572 807 1656 834 lilium
1690 807 1743 842 ipsi

104 848 275 876 nasciturum
301 856 378 881 esse,
405 850 428 876 si
452 850 481 876 in
508 850 647 878 Christum
670 853 750 880 vellet
770 853 893 880 credere.
932 853 1032 881 Postea
1059 862 1124 881 vero
1147 862 1213 881 cum
1237 854 1309 882 Deus
1345 855 1512 889 promissum
1535 862 1563 882 re
1583 854 1642 888 ipsa
1662 854 1742 881 exiti.

105 893 221 925 huisset.
246 899 273 921 et
299 895 370 922 lilius
395 894 513 922 Zocomo
544 900 625 925 natus
649 903 732 931 esset,
754 903 811 925 tum
839 899 898 933 ipse
935 907 1137 927 sacramentum
1161 901 1291 935 baptismi
1317 902 1434 935 accepit,
1460 905 1487 928 et
1513 900 1639 927 subditos
1675 908 1742 928 suos

102 938 134 965 ad
155 939 228 966 idem
258 939 608 974 suscipiendnmadduxit.
632 943 721 977 Atque
755 952 787 971 ex
821 953 854 972 eo
889 949 1011 980 tempore
1035 947 1136 974 tribum
1167 947 1241 973 illam
1257 946 1368 974 felicem
1396 954 1428 973 ac
1456 954 1632 974 numerosam
1654 946 1742 974 fuisse

108 986 274 1022 perhibent,
303 987 450 1022 Persisque
479 996 511 1015 ac
543 989 656 1024 reliquis
695 990 840 1020 Saracenis
875 992 1086 1020 formidabilem.
1109 993 1168 1026 Quo
1202 993 1286 1028 igitur
1314 993 1395 1020 modo
1425 993 1555 1020 Saraceni
1581 994 1614 1021 ad
1638 993 1741 1020 Christi

110 1033 272 1069 religionem
300 1035 418 1069 primum
454 1036 581 1062 conversi
601 1041 676 1069 sunt,
697 1040 724 1064 et
748 1037 781 1065 de
808 1039 896 1073 printo
915 1039 989 1066 illius
1014 1039 1102 1073 gentis
1123 1040 1264 1075 episcopo,
1282 1040 1340 1067 haec
1360 1043 1424 1066 sunt
1438 1046 1497 1074 qua:
1524 1039 1692 1073 accepimus.

395 1081 520 1108 ΚΕΦΛΛ.
534 1082 595 1108 ΑΘΖ

98 1126 167 1163 ’Ότι
178 1125 358 1153 ἐπανελθὼν·
371 1126 483 1161 Πέτρος
497 1128 531 1154 ἐκ
550 1127 664 1162 Ῥώμης
676 1148 684 1160 ,
704 1129 756 1162 τὰς
778 1129 836 1163 τῆς
847 1132 896 1157 ΑΙ-

133 1161 252 1200 τιξπτοι)
265 1162 594 1200 Ἑκκλησίαςικαςέσχε
607 1183 614 1200 ,
632 1161 763 1200 Λουκίου
778 1161 896 1200 ἀναχω-

132 1196 290 1234 ρήσαντος
300 1205 306 1211 ·
316 1197 375 1234 καὶ
395 1197 533 1234 περὶ-τῆς
544 1196 618 1226 nam
633 1198 755 1225 Σκυθῶν
771 1196 896 1234 ἐκστρα-

134 1232 216 1264 τείας
241 1233 285 1264 εἱς
306 1233 400 1259 Λύσιν
415 1232 594 1266 Οὐάλεντος.

134 1279 166 1304 Ol.
177 1278 206 1304 δὲ
217 1278 293 1305 κατὰ
311 1278 389 1305 πόλιν
404 1278 433 1305 τὺ
451 1279 539 1314 δόγμα
551 1281 602 1315 τῆς
617 1280 645 1306 ὲν
664 1280 766 1316 Νικαίᾳ
787 1281 895 1308 συνόδου

101 1323 263 1358 ζηλοῦντες,
285 1323 366 1351 πάλιν
390 1324 560 1360 ἀνεθάρρουν
574 1345 581 1358 ,
594 1325 641 1352 καὶ
655 1326 772 1361 μάλιστα
796 1327 819 1353 οἱ
835 1327 895 1353 κατ’

101 1369 239 1404 Αἴγυπτον
259 1369 454 1405 ’Λλεξανδρείς.
474 1370 662 1398 Ἑπανελθόντι
677 1372 705 1398 δὲ
721 1373 781 1399 τότε
798 1373 895 1409 Πέτρῳ

102 1415 153 1441 ἀπὺ
167 1416 215 1451 τῆς
224 1415 336 1451 Ῥώμης
357 1415 426 1451 μετὰ
437 1417 609 1452 γραμμάτων
625 1418 764 1453 Δαμάσου,
776 1419 811 1445 τά
823 1427 852 1445 τε
866 1421 894 1446 ἐν

103 1462 204 1497 Νικαίᾳ
220 1462 333 1494 δόξαντα
346 1482 353 1495 ,
368 1462 415 1488 καὶ
429 1463 479 1498 τὴν
495 1463 578 1489 αὐτοῦ
598 1464 766 1499 χειροτονίαν
782 1465 895 1501 κυρούν-

103 1517 174 1539 των,
204 1508 368 1544 παρέδωκαν
397 1508 446 1540 τὰς
472 1508 645 1545 Ἐκκλησίας.
676 1510 704 1536 ὐ
728 1510 756 1536 δὲ
781 1511 895 1543 Λούκιος

103 1552 239 1585 ἐξελαθεὶς
251 1573 258 1586 ,
275 1554 321 1580 ἐπὶ
336 1554 384 1589 τὴν
404 1555 694 1583 Κωνσταντινούπολιν
709 1556 892 1585 ἀπέπλευσεν.

103 1599 208 1636 Οὐάλης
224 1601 252 1627 δὲ
265 1601 278 1627 ό
292 1599 419 1635 βασιλεὺς
432 1621 439 1633 ,
462 1602 499 1634 ὡς
516 1602 589 1634 είκὺς
599 1623 606 1636 ,
628 1603 657 1629 ὲν
680 1603 803 1638 φροντίσι
817 1604 895 1637 γενό-

105 1652 201 1678 μενος,
215 1645 352 1678 ἐπεξιέναι
367 1645 472 1677 τούτοις
489 1646 587 1682 σχολὴν
602 1646 652 1672 οὐκ
667 1644 734 1682 ἦγεν
747 1655 753 1662 ·
767 1647 826 1682 ἅμα
841 1648 894 1683 γὰρ

100 1687 168 1725 ἧκεν
183 1692 222 1723 είς
241 1691 291 1727 τὴν
303 1692 591 1719 Κωνσταντινούπολιν
602 1712 609 1724 ,
634 1693 662 1719 ὲν
677 1693 790 1728 ὑπονοίᾳ
809 1694 893 1729 πολλῇ

103 1738 148 1763 καὶ
167 1738 242 1773 μίσει
260 1738 368 1773 ἐγένετο
383 1738 458 1773 παρὰ
474 1738 513 1773 τῷ
531 1738 620 1774 δήμῳ.
642 1739 673 1766 Oi
688 1739 742 1774 γὰρ
760 1739 892 1776 βάρϐαροι

102 1783 150 1819 τὴν
163 1784 276 1820 Θρᾴκην
298 1784 470 1819 δῃώσαντες,
488 1785 534 1811 καὶ
556 1786 636 1820 μέχρι
651 1786 705 1812 τῶν
722 1787 892 1821 προαστείων

101 1828 149 1863 ήδη
166 1829 357 1865 προελθόντες,
367 1830 413 1856 καὶ
428 1831 519 1862 αὐτοῖς
531 1831 633 1865 τείχεσι
647 1832 761 1867 μηδενὸς
775 1833 893 1859 κωλύον-

101 1883 145 1906 τος
160 1875 311 1910 προσϐάλλε
318 1884 341 1902 ιν
358 1876 528 1913 ἐπεχείρουν.
537 1877 600 1904 Ἐπὶ
611 1878 714 1909 τούτοις
725 1879 752 1905 δὲ
767 1879 894 1913 χαλεπῶς

102 1921 211 1955 ἡπόλις
225 1921 323 1957 ἔφερε·
341 1922 388 1948 καὶ
412 1923 456 1948 τὸν
478 1922 610 1957 βασιλέα,
636 1924 676 1950 ὃτι
699 1924 736 1959 μὴ
757 1925 891 1960 ἀντεξῄει,

102 1966 158 1992 ἀλλ’
175 1967 338 1994 ἀνεϐάλλετο
355 1968 483 2003 πολεμεῖν
493 1990 500 2002 ,
516 1960 547 1995 ’ὲν
563 1970 637 2006 αἰτίᾳ
661 1970 801 1997 ἐποιοῦντο
813 1979 819 1985 ·
845 1973 893 1998 καὶ

101 2011 295 2046 ἐλογοποίουν,
320 2013 357 2045 ὡς
384 2014 466 2045 αὐτὸς
492 2015 555 2046 τοὺς
577 2015 726 2050 πολεμίους
753 2016 890 2050 ἐπάγοιτο.

103 2059 286 2091 Τελευτῶντες
298 2059 336 2092 δὲ,
359 2060 406 2086 καὶ
421 2060 449 2087 ἐν
463 2060 631 2096 ἱπποδρομίᾳ
648 2061 789 2096 θεώμενοι,
806 2062 846 2093 είς
861 2062 893 2089 τὸ

103 2106 218 2141 φανερὸν
238 2105 321 2132 αὐτοῦ
349 2106 487 2134 κατεϐόων
501 2128 508 2140 ,
526 2106 563 2138 ὡς
579 2107 613 2134 τὰ
634 2107 712 2134 κοινὰ
741 2108 892 2144 πράγματα

101 2152 283 2188 περιορῶντος
294 2173 301 2185 ,
318 2152 366 2180 καὶ
378 2153 448 2179 ὅπλα
461 2152 542 2189 ᾔτουν
553 2173 560 2185 ,
575 2153 611 2186 ὡς
628 2154 706 2181 αὐτοὶ
722 2154 891 2190 πολεμήσον-

100 2205 157 2229 τες.
183 2197 214 2224 '0
240 2197 268 2224 δὲ
300 2198 407 2233 Οὐάλης
431 2198 589 2234 ὑϐρισθεὶς,
611 2199 811 2235 ἐπεστράτευσε
836 2201 893 2232 τοῖς

105 2242 256 2279 βαρϐάροις
268 2252 275 2259 ·
291 2244 423 2279 ἠπείλησε
441 2245 470 2270 δὲ
486 2245 520 2280 ἢν
536 2245 705 2281 ὑποστρέψῃ,
725 2246 892 2281 τιμωρήσειν

103 2288 175 2323 αὐτῷ
190 2295 213 2322 ο,
232 2289 286 2316 τῶν
297 2299 326 2316 τε
342 2289 446 2325 ὕϐρεων
461 2289 507 2316 τοῦ
522 2291 621 2326 δήμου,
638 2292 684 2318 καὶ
700 2292 740 2318 ὅτι
760 2292 892 2327 πρότερον

105 2334 249 2371 Προκοπίῳ
263 2336 301 2371 τῷ
315 2337 442 2373 τυράννῳ
456 2336 631 2372 προσέθεντο.

1231 1085 1307 1113 CAP.
1330 1085 1452 1112 XXXIX.

945 1130 1087 1164 Quomodo
1104 1131 1201 1170 Petrus
1219 1131 1308 1170 Romo
1325 1140 1455 1170 reversus,
1479 1132 1613 1170 Ecclesia:
1630 1130 1741 1170 κείρω]ιί

984 1173 1085 1227 multo“;
1099 1166 1183 1193 Lucio
1198 1168 1310 1194 ιὺιῑιιιιὶι
1326 1174 1334 1194 ;
1350 1172 1374 1194 et
1389 1168 1422 1193 de
1443 1168 1560 1195 lalcntis
1577 1166 1741 1200 expeditione

984 1209 1008 1227 171
1036 1207 1072 1227 .ot
1084 1211 1133 1227 tos.

982 1209 1008 1228 111
1025 1207 1133 1230 Gal/105.

982 1278 1119 1306 Cmteruut
1136 1279 1166 1305 in
1188 1279 1306 1313 singulis
1321 1278 1491 1310 civitatibus,
1520 1278 1546 1305 hi
1563 1279 1608 1313 qui
1624 1277 1741 1305 Nicena:

947 1326 1045 1361 synodi
1082 1326 1236 1353 doctrinam
1269 1325 1436 1357 tuebantur,
1462 1325 1570 1352 animos
1596 1332 1757 1353 resumere

948 1376 1091 1406 coeperunt
1103 1378 1110 1397 :
1126 1371 1264 1406 prmcipue
1276 1379 1340 1398 vero
1353 1371 1380 1398 in
1396 1370 1516 1406 {Egypto
1530 1371 1738 1398 Alexandrini‘.

948 1417 1012 1450 Qui,
1037 1425 1099 1444 cum
1114 1417 1185 1444 forte
1208 1417 1306 1444 Petrus
1323 1425 1355 1445 eo
1371 1421 1494 1452 tempore
1511 1417 1545 1444 ab
1561 1417 1630 1443 urbe
1651 1416 1740 1443 Roma

951 1471 1081 1491 reversus
1105 1467 1180 1491 esset
1207 1471 1269 1490 cum
1297 1463 1398 1490 litteris
1425 1463 1553 1497 Damasi,
1583 1464 1684 1498 quibus
1712 1469 1740 1490 et

945 1509 1048 1537 Nicmni
1065 1510 1176 1537 concilii
1199 1509 1320 1542 decreta,
1337 1514 1363 1537 et
1389 1509 1529 1537 ordinatio
1554 1509 1642 1543 ipsius
1669 1516 1738 1536 con-

947 1555 1118 1589 ﬁrmabatur,
1137 1556 1270 1584 ecclesias
1290 1555 1315 1583 ei
1340 1555 1524 1583 tradiderunt.
1551 1555 1653 1584 Lucius
1672 1564 1737 1584 vero

945 1602 1010 1629 inde
1024 1602 1168 1637 expulsus.
1184 1601 1452 1636 Constantinopolim
1475 1603 1622 1638 navigavit.
1640 1602 1738 1630 Verum

946 1647 1098 1682 imperator
1117 1648 1219 1676 Valens
1239 1649 1300 1676 aliis
1319 1649 1395 1676 curis
1419 1648 1568 1680 diSIentus,
1595 1652 1625 1675 ut
1649 1649 1738 1676 credi-

945 1694 999 1721 bile
1027 1698 1087 1726 est.
1116 1695 1180 1722 istis
1206 1694 1379 1722 vindicandis
1404 1694 1619 1729 haudquaquam
1642 1702 1739 1721 vacare

945 1739 1044 1774 potuit.
1072 1739 1139 1766 Nam
1162 1739 1245 1767 simul
1269 1744 1352 1774 atque
1368 1740 1444 1766 venit
1458 1740 1737 1774 Constantinopolim,

948 1785 1064 1819 populus
1097 1792 1161 1812 eum
1191 1788 1350 1820 suspectum
1383 1789 1465 1820 atque
1491 1785 1609 1811 invisum
1641 1785 1739 1812 habere

946 1831 1040 1865 coepit.
1060 1830 1166 1865 Quippe
1183 1831 1303 1862 barbari,
1325 1831 1442 1858 Thracia
1463 1835 1581 1862 vastata,
1597 1839 1684 1866 usque
1703 1831 1737 1858 ad

947 1877 1105 1904 suburbana
1123 1878 1204 1912 regia:
1221 1877 1298 1904 urhis
1311 1877 1463 1911 progressi,
1479 1877 1536 1912 jam
1560 1878 1662 1904 mwnia
1677 1877 1737 1912 ipsa

947 1930 1108 1958 oppugnare
1130 1923 1238 1950 nemine
1262 1923 1413 1950 obsistente
1432 1923 1672 1958 aggrediehantur.
1697 1923 1738 1949 0b

946 1969 1004 1996 haec
1026 1969 1122 1996 civitas
1134 1968 1436 2003 278indignahatur,
1452 1972 1479 1995 et
1499 1968 1692 2003 imperatorem
1710 1969 1737 1996 in

945 2015 1048 2041 crimen
1064 2014 1191 2045 vocabat.
1204 2013 1276 2048 quod
1296 2013 1429 2041 adversus
1443 2013 1536 2041 hostes
1555 2013 1664 2040 obviam
1682 2021 1737 2040 non

946 2060 1078 2095 prodiret,
1090 2060 1138 2087 sed
1150 2060 1251 2092 bellum
1264 2059 1400 2093 diﬂ‘erret;
1430 2067 1609 2094 rumoresque
1624 2066 1738 2094 sparge-

947 2107 1023 2137 hant,
1047 2106 1141 2133 hostes
1168 2106 1202 2133 ab
1229 2105 1275 2132 illo
1299 2110 1429 2133 evocatos
1451 2105 1639 2140 adductosque
1663 2113 1734 2132 esse.

945 2151 1068 2185 Denique
1088 2158 1150 2178 cum
1173 2149 1321 2178 Circenses
1347 2149 1428 2178 ludos
1453 2155 1620 2185 spectarent,
1644 2155 1737 2185 aperte

945 2201 1042 2223 contra
1070 2203 1131 2223 eum
1156 2195 1300 2223 vociferati
1329 2199 1412 2227 sunt.
1437 2197 1510 2230 quod
1537 2197 1736 2231 rempublicam

946 2243 1082 2278 neglectui
1100 2242 1232 2270 haberet:
1247 2247 1274 2270 et
1294 2249 1371 2269 arma
1393 2243 1445 2270 sibi
1464 2242 1524 2269 dari
1538 2239 1735 2278 poposcerunt,

948 2293 1078 2323 tanquam
1105 2288 1156 2322 ipsi
1177 2295 1240 2315 cum
1267 2288 1392 2315 hostibus
1412 2289 1568 2324 pugnaturi.
1589 2287 1636 2315 His
1653 2288 1737 2322 igitur

947 2334 1122 2362 contumeliis
1152 2333 1269 2361 affectus
1298 2333 1418 2367 Valens,
1445 2334 1579 2361 adversus
1602 2334 1736 2360 barbarus

104 2381 179 2415 signa
198 2383 295 2414 movit,
320 2383 496 2417 ininatusque
513 2387 556 2409 est
568 2391 608 2414 se,
626 2384 649 2411 si
675 2382 786 2415 rediret,
811 2391 906 2419 pmnas
924 2383 958 2410 de
980 2381 1079 2417 populo
1103 2385 1277 2416 sumpturum
1303 2389 1376 2414 esse,
1402 2385 1457 2408 tum
1474 2381 1509 2408 ob
1547 2381 1608 2409 illas
1633 2386 1731 2408 contn-

105 2428 210 2460 melias,
234 2431 291 2454 tum
312 2428 385 2463 quod
402 2432 481 2455 antea
499 2428 624 2464 Procopii
643 2430 752 2464 tyranni
770 2431 895 2464 partibus
914 2436 975 2455 sese
991 2426 1194 2462 adiunxissent.

408 2476 532 2503 ΚΕΦΑΛ.
550 2475 595 2503 M'.

105 2522 171 2556 Περὶ
191 2522 244 2548 τοῦ
264 2522 349 2557 ἁγίου
368 2522 522 2558 Ἰσααῆιίου
530 2523 684 2557 μοναχοῦ,
708 2523 761 2550 τοῦ
777 2531 892 2558 προφη-

139 2558 303 2594 τεύσαντος
334 2557 383 2594 διὰ
403 2557 558 2594 Οῷάλεντα
579 2558 664 2594 ’,καὶ
700 2559 740 2591 ὡς
774 2557 893 2594 φεύγων

140 2593 257 2625 Οὐάλης
268 2614 275 2625 ,
290 2593 325 2618 ἐν
341 2591 472 2628 ἀχυρῴνι
486 2592 632 2620 εἰσελθὼν
642 2591 808 2628 κατεκαύΰη
819 2614 826 2627 ,
837 2591 891 2620 ’καὶ

140 2628 229 2660 οὕτως
244 2628 394 2661 ἀπέρῤηξε
413 2627 471 2661 τὴν
492 2628 608 2662 ψυχήν.

143 2673 293 2706 Ἐξελοόντι
320 2673 348 2700 δὲ
380 2673 455 2708 αὐτῷ
484 2673 533 2708 τῆς
561 2674 890 2707 Κωνσταντινουπόλέως,

106 2718 258 2751 προσελθὼν
288 2718 421 2749 Ίσαάκιος
447 2718 516 2753 ἀνὴρ
543 2718 680 2754 μοναχὺς,
708 2720 742 2746 τά
768 2728 798 2746 τε
824 2720 891 2747 ἄλλα

142 2775 150 2790 ¹
167 2776 244 2803 Socr.
261 2776 310 2803 lib.
323 2784 358 2808 tv,
373 2784 398 2803 c.
415 2775 460 2807 57,
480 2775 524 2802 58.

1263 2473 1339 2502 CAP.
1362 2473 1417 2501 XL.

947 2520 986 2548 De
1007 2525 1100 2548 sancto
1120 2519 1228 2547 Isaucio
1249 2521 1388 2548 nionacho.
1410 2520 1456 2554 qui
1484 2519 1600 2546 Valentis
1623 2525 1734 2546 mortem

982 2556 1107 2591 prwdiarit
1127 2561 1173 2583 :et
1193 2555 1324 2591 quomodo
1357 2555 1450 2582 Valens
1475 2555 1589 2588 fugiens,
1616 2563 1675 2581 cum
1702 2556 1734 2591 riu

984 2592 1107 2618 horreum
1127 2591 1211 2625 paleis
1240 2592 1365 2625 refertum
1390 2599 1417 2617 se
1438 2591 1586 2624 recepisset,
1613 2590 1734 2617 incendio

981 2632 1151 2660 consumptus
1170 2627 1280 2653 interiit.

978 2673 1065 2701 Porro
1083 2681 1147 2700 cum
1168 2672 1409 2708 Constantinopoli
1425 2672 1581 2704 excederet,
1599 2670 1734 2698 accedens

943 2719 977 2746 ad
996 2728 1058 2748 eum
1084 2719 1204 2748 lsaacius
1224 2720 1336 2755 quidam
1364 2719 1514 2746 monachus
1527 2738 1535 2752 ,
1550 2718 1592 2746 vir
1615 2721 1672 2744 tum
1697 2717 1734 2744 ob

829 2821 1023 2851 VARIORUM.

142 2870 352 2906 εΤιμωρήο-ειν
381 2870 471 2903 αὐτῷ.
504 2869 576 2905 Lege
607 2868 716 2901 αὐτούς.
745 2867 787 2896 W.
824 2869 937 2897 Lowru.
