1896 3074
172 138 174 140 ’
215 156 283 185 ιιιο

215 218 270 244 que
293 210 483 244 vastantibus,
506 210 689 238 resistendum
718 216 780 238 esse
802 217 808 236 :

216 257 374 286 Occidentis
401 257 557 292 provincias
585 256 730 291 praesentia
761 263 812 283 sua
840 255 1004 282 necessario

218 304 352 339 indigere,
369 311 431 330 cum
452 302 594 329 Alamanni
612 302 750 337 praecipue
769 301 873 328 Callias
891 300 1005 328 infesta-

220 355 297 382 rent,
317 350 344 377 in
373 349 442 376 urbe
467 347 569 375 Sirmio
586 347 714 383 positus,
729 347 916 375 Theodosium
939 354 1006 374 con-

219 401 320 424 sortem
347 395 455 430 imperii
483 394 536 422 sibi
566 393 710 429 adjunxit,
735 401 769 421 ex
802 393 931 428 Hispanis
959 392 1005 428 qui

220 441 377 477 Pyrenaeum
406 445 528 468 montem
557 440 685 468 accolunt
717 439 882 472 oriundum;
916 439 1004 466 virum

220 487 306 514 nubili
321 486 408 521 stirpe
422 486 538 519 editum,
552 490 578 514 et
597 486 644 522 qui
661 486 689 513 in
706 485 780 513 bello
800 486 883 513 rebus
898 485 1006 513 fortiter

219 532 303 568 gestis
327 531 426 566 saepius
452 531 632 565 inclaruerat,
668 532 738 558 adeo
775 536 804 558 ut
833 531 917 558 etiam
944 536 1006 558 ante

221 577 364 613 imperium
377 597 384 609 ,
401 578 524 605 omnium
539 577 728 605 Romanorum
750 577 868 612 judicio,
890 577 1006 604 idoneus

221 623 337 658 imperio
368 623 563 650 censeretur‘.
590 621 642 650 Per
669 622 741 648 idem
773 626 880 656 tempus
910 621 1005 647 Ariani

221 676 316 696 omnes
335 667 456 696 Orientis
486 669 618 696 ecclesias
633 668 721 695 adhuc
737 667 906 699 obtinebant,
927 673 1006 693 exce-

220 715 275 750 ptis
293 714 502 750 Hicrosolymis.
519 714 708 742 Macedoniani
729 721 805 747 vero,
820 713 971 748 praesertim
989 712 1006 739 ii

221 760 267 794 qui
293 758 530 794 Constantinopoli
555 759 708 794 degebant,
731 762 794 794 post
822 759 917 785 initam
944 764 1006 784 eum

222 805 330 833 Libet-io
351 805 522 840 pactionem,
548 805 582 832 ab
597 806 632 833 iis
654 805 700 841 qui
727 805 882 832 doctrinam
905 803 1007 831 Νίσαθηί

221 850 331 877 concilii
343 850 536 885 sequebantur,
547 849 620 878 haud
633 857 798 885 magnopere
811 850 986 877 dissidebant
997 858 1004 877 :

221 894 268 922 sed
286 902 348 922 cum
366 895 419 922 illis
440 895 517 930 quasi
541 895 635 923 eadem
652 896 835 923 sentientibus
849 895 1004 923 misceban-
1021 883 1042 910 Β

221 944 276 974 tur,
303 946 329 968 et
353 944 448 968 mutuo
473 941 543 968 inter
570 949 599 969 se
627 941 876 969 eommunieabant.
904 941 1003 968 Verum

221 990 283 1021 post
309 986 394 1022 legem
422 993 437 1013 a
462 986 593 1014 Gratiano
616 987 717 1020 latam,
742 987 852 1022 quidam
878 994 911 1013 ex
930 987 1005 1014 illius

221 1036 302 1060 sectae
320 1031 456 1066 episcopis
473 1031 610 1059 licentiam
634 1033 724 1064 nacti,
747 1031 879 1059 ecclesias
903 1039 964 1066 qua:
990 1039 1005 1057 τι

223 1078 334 1106 Valente
348 1077 416 1113 ipsis
434 1078 568 1112 adempta:
585 1077 694 1105 fuerant
709 1081 890 1112 occuparunt,
907 1081 933 1104 et
950 1078 1005 1104 An-

220 1124 330 1152 tiochiae
349 1125 376 1150 in
400 1123 482 1151 Caria
499 1123 667 1158 congregati,
690 1122 787 1150 Filium
808 1131 863 1150 non
886 1123 1006 1150 consul)-

220 1170 391 1202 stantialem,
412 1170 459 1197 sed
478 1169 575 1196 similis
600 1177 662 1196 cum
680 1169 760 1196 Patre
783 1169 957 1202 subst‘antim,
976 1172 1004 1196 ut

220 1220 309 1248 antea,
322 1214 467 1242 dicendum
482 1222 545 1242 esse
565 1214 758 1241 decreverunt.
775 1213 814 1240 Ει
828 1221 860 1241 eo
877 1217 1001 1248 tempore

219 1261 265 1288 alii
279 1261 386 1295 quidem
401 1259 547 1295 segregati,
561 1267 689 1287 seorsum
702 1260 832 1287 collectas
845 1267 934 1294 egere,
958 1259 1003 1286 alii

220 1313 294 1338 vero,
320 1305 449 1333 damnata
477 1305 656 1332 contentione
677 1308 704 1331 et
729 1304 884 1339 pervicacia
909 1311 1004 1332 eorum

219 1352 266 1388 qui
292 1353 343 1380 ista
360 1353 553 1384 decreverant,
574 1351 608 1379 ab
629 1351 682 1379 illis
705 1355 894 1383 secesserunt,
916 1355 943 1378 et
963 1351 1005 1378 his

219 1398 267 1434 qui
286 1397 441 1425 doctrinam
464 1397 579 1424 Nicmnae
600 1397 698 1433 synodi
716 1397 913 1432 sequebantur,
937 1404 1005 1423 con-

219 1444 337 1471 stantius
364 1443 547 1470 adhaaserunt.
574 1442 709 1470 Caeterum
734 1451 766 1470 ex
794 1443 932 1478 episcopis
957 1442 1003 1477 qui

217 1489 295 1525 juxta
320 1493 485 1524 przcceptum
513 1488 635 1516 Gratiani
663 1491 729 1516 tunc
750 1489 852 1516 reversi
879 1492 944 1515 sunt
970 1487 1005 1515 ab

218 1535 327 1566 exsilio,
340 1533 412 1569 quod
429 1533 549 1561 Valentis
565 1534 734 1569 temporibus
750 1533 872 1568 perpessi
885 1532 1003 1566 fuerant,
1018 1546 1039 1575 ο

218 1580 343 1607 nonnulli
363 1579 396 1608 de
416 1580 534 1614 primatu
561 1586 615 1606 non
642 1586 810 1614 magnopere
833 1579 1003 1606 laborarunt.

219 1626 273 1654 Sed
287 1625 374 1660 plebis
388 1625 564 1653 concordiam
576 1625 681 1659 potiore
699 1625 760 1652 loco
772 1625 914 1658 ducentes,
925 1632 1005 1660 roga-

217 1677 282 1699 runt
294 1672 402 1699 Arianze
419 1672 506 1707 partis
521 1671 660 1699 antistites
670 1691 678 1703 ,
699 1679 733 1698 ne
748 1672 822 1706 ipsos
835 1671 1004 1704 desererent,

218 1725 287 1746 neve
306 1716 458 1745 Ecclesiam
478 1717 580 1744 mutuis
597 1716 818 1745 dissensionibus
832 1717 1003 1749 divelierent,

217 1771 312 1799 quam,
332 1771 394 1790 cum
411 1770 426 1790 a
442 1763 551 1790 Christo
567 1767 594 1790 et
617 1763 651 1790 ab
675 1763 809 1798 apostolis
833 1771 884 1790 una
907 1763 1003 1790 relicta

216 1811 302 1840 esset,
330 1807 484 1843 pervicacia
507 1813 534 1835 et
557 1808 671 1836 ambitio
686 1808 713 1835 in
739 1809 840 1836 multas
861 1808 1002 1836 diviserat.

217 1854 274 1881 lloe
295 1855 387 1881 animo
413 1854 466 1881 fuit
492 1854 564 1881 inter
593 1859 709 1881 caeteros
737 1853 859 1882 Eulalius
885 1854 1004 1882 Amasiaa

216 1901 243 1927 in
271 1899 358 1927 l‘onto
384 1899 532 1935 episcopus
552 1911 558 1927 :
580 1900 628 1934 qui
660 1891 771 1935 quidem
797 1904 858 1935 post
884 1900 1001 1928 reditum

215 1953 315 1979 suum,
344 1945 490 1980 quemdam
518 1953 551 1973 ex
575 1946 686 1973 Arianis
713 1946 850 1981 episcopis
878 1946 1002 1974 ecclesiae

215 1999 271 2019 suae
290 1991 478 2026 praesidentem
502 1992 641 2026 reperisse
664 1992 778 2025 dicitur,
795 2001 876 2027 quem
894 2000 928 2020 ex
943 1997 1000 2020 tota

214 2036 295 2073 281
309 2037 376 2065 urbe
390 2045 426 2064 ne
437 2037 636 2072 quinquaginta
653 2038 761 2072 quidem
777 2038 904 2066 homines
917 2043 1002 2066 secta-

214 2084 324 2112 bantur.
341 2083 441 2112 Verum
459 2083 591 2117 Eulalius,
603 2085 687 2112 totius
711 2084 802 2119 populi
818 2083 916 2111 unitati
938 2087 1001 2118 pro-

215 2130 345 2165 spiciens,
366 2137 427 2157 cum
444 2129 531 2156 oravit
555 2133 585 2156 ut
605 2131 724 2164 priorem
742 2131 831 2156 locum
853 2130 998 2162 obtineret,

214 2180 242 2204 ct
257 2175 399 2203 ecclesiam
416 2182 469 2201 una
486 2182 548 2201 cum
562 2176 622 2210 ipso
635 2179 750 2210 regeret,
764 2175 881 2210 primatu
893 2175 998 2209 fruens,

945 152 1058 181 5020M
1062 152 1117 181 ENl

835 208 916 236 simul
937 216 1003 236 vero
1017 211 1040 239 Α
1053 208 1201 243 ἐπαμύνειν
1221 216 1228 222 ·
1250 207 1398 242 ἀναγκαῖον
1417 208 1446 234 δὲ
1472 207 1519 234 καὶ
1543 209 1601 240 τοῖς
1620 208 1692 243 πρὸς
1716 207 1850 243 Ἑσπέραν

1786 151 1850 178 Nil)

1056 254 1214 289 ἀρχομένοις
1225 255 1361 288 παρεῖναι,
1373 255 1421 281 καὶ
1435 254 1552 290 μάλιστα
1571 254 1754 289 Ἀλαμαννῶν
1766 260 1778 273 ο
1791 263 1850 286 τους

1056 300 1148 327 ἐνθάδε
1161 299 1283 332 Γαλάτας
1299 300 1534 336 κακουργούντων,
1552 301 1686 327 κοινωνὸν
1703 301 1851 336 ἐποιήσατο

1055 346 1104 380 τῆς
1116 345 1203 381 ἀρχῆς
1216 346 1245 372 ὲν
1255 345 1292 380 τῷ
1306 345 1415 382 Σιρμίῳ
1426 345 1575 379 Θεοδόσιον,
1592 346 1690 380 γένους
1708 346 1765 372 τῶν
1783 347 1851 381 ἀμφὶ

1056 392 1086 418 τὸ
1108 391 1261 427 Πυρηναῖον
1292 391 1355 428 ὅρος
1389 391 1501 428 Ἰϐήρων
1518 413 1525 427 ,
1551 393 1726 428 εὐπατρίδην
1752 401 1784 419 τε
1808 394 1851 419 καὶ

1056 437 1155 472 ἄριστα.
1170 437 1300 469 πολλάκις
1321 439 1350 464 ἐν
1366 437 1493 473 πολέμοις
1513 439 1711 474 διαγενόμενον
1727 447 1735 454 ·
1753 439 1794 470 ὡς
1808 440 1851 464 καὶ

1057 484 1110 519 πρὸ
1132 484 1180 518 τῆς
1197 483 1348 518 βασιλείας,
1372 484 1401 510 ὲν
1424 486 1485 516 ταῖς
1497 484 1552 510 τῶν
1569 485 1703 519 ὑπηκόων
1727 484 1851 519 γνώμας

1056 529 1207 565 ἐπιτήδειον
1231 529 1311 556 αὑτδν
1326 529 1401 562 δόξαι
1428 530 1496 565 πρὸς
1515 530 1676 566 ἠγεμονίαν.
1703 529 1750 556 Ἐν
1767 531 1850 564 τούτῳ

1055 574 1083 601 δὲ
1108 575 1178 610 πλὴν
1199 575 1404 610 Ἰεροσολύμων,
1421 575 1460 602 ἔτι
1476 576 1530 602 τῶν
1545 577 1598 603 ἀνὰ
1613 576 1664 611 τὴν
1676 576 1737 602 Ἕω
1755 576 1851 611 Exin]-

1057 619 1123 646 σιῶν
1142 620 1167 645 οι
1184 619 1218 646 τὰ
1245 620 1350 655 ’Δρείου
1372 619 1534 655 φρονοῦντες
1559 620 1707 655 ἐκράτουν.
1730 620 1850 646 Μακεδν-

1056 665 1142 691 νιανοὶ
1167 665 1204 697 δὲ,
1228 665 1276 691 καὶ
1310 665 1428 700 μάλιστα
1445 666 1470 692 οἱ
1496 666 1524 692 ἐν
1546 666 1849 695 Κωνσταντινουπῶει,

1058 710 1128 745 μετὰ
1157 711 1205 742 τὰς
1224 711 1292 746 πρὸς
1309 711 1435 746 Λιϐἐριον
1455 711 1603 747 συνθήκας,
1627 712 1659 738 οὐ
1678 712 1755 747 μέγα
1770 720 1796 737 τι
1816 711 1851 737 δι-

1057 756 1186 792 εφέροντο
1209 757 1278 792 πρὸς
1305 758 1368 789 τοὺς
1389 758 1566 790 ἐπαινοῦντας
1586 758 1616 784 τὸ
1626 758 1721 792 δόγμα
1743 758 1801 784 τῶν
1827 759 1852 784 ὲν

1057 803 1160 837 Νικαιᾳ
1176 803 1357 830 συνελθόντων
1370 812 1377 819 ·
1398 804 1436 836 ὡς
1450 804 1588 838 ὁμοδόξοις
1603 804 1644 836 δὲ,
1662 804 1741 830 κατὰ
1765 803 1852 834 πόλεις

1059 849 1238 884 ἐπεμίγνυντο
1250 868 1257 880 ,
1273 849 1321 876 καὶ
1334 849 1493 877 ἐκοινώνουν
1511 850 1650 884 ἀλλήλοις.
1666 849 1750 876 Μετὰ
1767 849 1796 874 δὲ
1812 849 1852 874 τὶν

1056 894 1168 920 τεθέντα
1193 894 1268 930 παρὰ
1295 894 1444 930 Γρατιανοῦ
1467 895 1559 929 νόμον,
1584 895 1679 925 ἀδείας
1708 894 1852 928 λαϐόμενοί

1055 948 1127 971 τινες
1142 939 1196 966 τῶν
1205 940 1362 966 ἐπισκόπων
1371 940 1471 975 ταύτης
1480 940 1530 975 τῆς
1542 940 1687 974 αἱρέσεως,
1704 939 1852 966 κατέλαϐον

1055 986 1104 1018 τὰς
1125 986 1283 1021 ἐκκλησίας,
1305 983 1342 1013 ὧν
1368 986 1415 1013 ἐπὶ
1447 986 1597 1018 Οὐάλεντος
1621 986 1783 1021 ἀφῄρηντο.
1805 987 1851 1012 Καὶ

1056 1029 1227 1062 συνελθόντες
1250 1031 1279 1057 ὲν
1308 1031 1456 1066 Ἀντιοχείᾳ
1469 1033 1518 1067 τῆς
1540 1031 1660 1066 Καρίας,
1683 1031 1853 1066 ἐψηφίσαντ’)

1057 1076 1094 1111 μὴ
1117 1077 1172 1103 δεῖν
1197 1076 1338 1111 ὁμοούσιον
1362 1077 1401 1112 τῷ
1427 1077 1514 1112 Πατρὶ
1535 1077 1581 1103 τὸν
1605 1077 1671 1103 Υἱὺν
1696 1077 1851 1112 ὀνομάζειν,

1055 1122 1112 1148 ἀλλ’
1128 1122 1306 1157 ὁμοιοούσιον,
1324 1123 1361 1154 ὡς
1377 1122 1504 1157 πρόσθεν.
1528 1123 1575 1149 Ἐκ
1588 1123 1689 1149 τούτου
1707 1123 1748 1155 δὲ,
1768 1124 1794 1149 οξ
1810 1124 1851 1157 μὲν

1055 1167 1248 1204 διακριθέντες,
1279 1169 1333 1203 ἰδίᾳ
1356 1167 1554 1203 ἐκκλησίαζον·
1583 1169 1608 1195 οί
1636 1169 1665 1196 δὲ
1687 1169 1748 1195 τῶν
1772 1169 1854 1194 tuin

1055 1214 1252 1249 ψηφισαμένων
1266 1214 1438 1248 ἐναντιότητα
1449 1215 1496 1240 καὶ
1512 1214 1684 1248 φιλονεικίαν
1702 1214 1852 1248 κατα-ράν-

1056 1268 1111 1292 τες,
1129 1260 1287 1295 ἀπέστησαν
1305 1259 1405 1292 αὐτῶν,
1421 1260 1467 1286 καὶ
1484 1260 1659 1294 βεϐαιότερον
1671 1260 1852 1295 ὼμοφρόνουν

1055 1308 1111 1338 τοῖς
1121 1306 1191 1333 κατὰ
1200 1307 1230 1333 τὸ
1237 1306 1325 1341 δόγμα
1336 1306 1386 1340 τῆς
1399 1307 1427 1332 ὲν
1441 1306 1543 1341 Νικαίᾳ
1553 1305 1664 1332 συνόδου
1681 1306 1851 1341 θρησκεύου-

1055 1360 1108 1379 σιν.
1118 1352 1164 1378 Ἐκ
1179 1351 1210 1378 δὲ
1221 1351 1274 1378 τῶν
1291 1352 1350 1378 τότε
1366 1352 1436 1378 κατὰ
1447 1352 1493 1378 τὸν
1506 1351 1658 1387 Γρατιανοῦ
1670 1352 1758 1386 νόμον
1774 1352 1851 1378 Era-rh

1055 1397 1186 1424 ελθόντων
1220 1397 1377 1424 ἐπισκόπων
1411 1397 1464 1424 ἀπὸ
1500 1397 1551 1432 τῆς
1585 1396 1737 1431 συμϐάσης
1763 1398 1850 1428 αὐτοῖς

1055 1443 1145 1479 φυγῆς
1162 1444 1207 1470 ἐπὶ
1221 1443 1269 1478 τῆς
1285 1443 1435 1474 Οὐάλεντος
1461 1442 1610 1477 βασιλείας,
1635 1443 1661 1469 οἱ
1689 1444 1742 1477 μὲν
1757 1463 1765 1474 ,
1785 1451 1849 1478 προ-

1056 1489 1146 1523 εδρίας
1176 1489 1252 1515 οὐδὲν
1282 1489 1454 1524 ἐφρόντισαν,
1478 1488 1557 1521 ἀλλὰ,
1581 1489 1631 1523 τὴν
1645 1489 1780 1524 ὁμόνοιαν
1800 1489 1849 1514 τῶν

1055 1534 1126 1560 λαῶν
1141 1535 1369 1570 προτιμήσαντες,
1387 1534 1424 1570 μὴ
1437 1533 1597 1561 καταλιπεῖν
1613 1535 1687 1569 σφᾶς
1699 1535 1848 1571 ἐδεήθησαν

1055 1579 1109 1605 τῶν
1124 1579 1177 1606 ἀπὸ
1193 1579 1242 1615 τῆς
1265 1579 1370 1616 ’Λρείου
1389 1580 1531 1615 αἰρέσεως,
1546 1580 1614 1615 μηδὲ
1629 1580 1757 1616 διχονοίᾳ
1771 1589 1848 1607 κατα-

1055 1624 1164 1659 τέμνειν
1174 1625 1222 1660 τὴν
1235 1626 1411 1661 Ἐκκλησίαν,
1427 1627 1460 1662 ἣν
1476 1626 1553 1661 παρὰ
1568 1625 1638 1652 Θεοῦ
1660 1626 1710 1653 καὶ
1736 1627 1847 1654 ἀποστό-

1055 1669 1108 1698 λων
1133 1671 1198 1706 μίαν
1219 1672 1427 1707 παραδοθεῖσαν,
1453 1671 1616 1706 φιλονεικίαι
1636 1673 1687 1699 καὶ
1719 1673 1846 1708 φιλοπρο-

1056 1717 1143 1753 εδρίαι
1158 1719 1198 1749 εἰς
1211 1717 1310 1749 πολλὰς
1326 1718 1521 1753 κατεμέρισαν.
1533 1718 1642 1753 Ταύτης
1657 1719 1688 1746 δὲ
1699 1719 1753 1754 τῆς
1769 1728 1847 1745 σπου-

1053 1764 1101 1798 δῆς
1113 1763 1221 1797 ἐγένετο
1244 1764 1290 1791 καὶ
1306 1763 1435 1796 Εὑλάλιος
1455 1765 1469 1791 ὁ
1486 1766 1516 1791 ὲν
1536 1765 1657 1800 Ἀμασίᾳ
1679 1766 1713 1800 τῇ
1729 1765 1799 1800 πρὸς
1813 1765 1847 1799 τῷ

1054 1809 1147 1844 Πόντῳ
1166 1810 1314 1841 ἐπίσκοπος
1330 1817 1337 1824 ”
1361 1809 1468 1843 λέγεται
1482 1810 1547 1844 γοῦν
1561 1810 1632 1845 μετὰ
1651 1810 1701 1846 τὴν
1718 1811 1845 1837 ἐπάνοδον

1053 1857 1143 1891 εὑρεῖν
1155 1856 1248 1890 ἓτερον
1263 1856 1462 1891 προϊστάμενον
1474 1856 1524 1891 τῆς
1539 1856 1622 1883 αὑτοῦ
1633 1857 1785 1892 ἐκκλησίας
1794 1857 1844 1891 (85)

1052 1902 1106 1928 τῶν
1127 1903 1231 1937 Ἀρείου
1249 1902 1407 1928 ἐπισκόπων
1424 1911 1430 1917 ·
1449 1900 1519 1929 εἶναι
1537 1902 1566 1928 δὲ
1581 1903 1645 1934 τοὺς
1667 1903 1843 1938 πειθομένους

1052 1948 1126 1982 αὐτῷ
1145 1949 1174 1974 ὲν
1188 1950 1220 1983 τῇ
1235 1948 1322 1981 πόλει,
1341 1949 1396 1975 οὐδ’
1411 1948 1487 1980 ὅλους
1501 1949 1674 1984 πεντήκοντα
1688 1957 1696 1964 ·
1715 1950 1842 1985 προνοού-

1053 2001 1133 2028 μενον
1153 1993 1181 2019 δὲ
1196 1992 1246 2026 τῆς
1262 1992 1369 2020 πάντων
1393 1993 1527 2025 ἑνώσεως,
1546 1993 1728 2028 ἀντιϐολῆσαι
1753 1994 1841 2021 τοῦτον

1052 2039 1217 2073 πρωτεύειν,
1236 2039 1283 2065 καὶ
1303 2040 1379 2074 κοινῇ
1399 2039 1448 2074 τὴν
1467 2039 1618 2075 ἐκκλησίαν
1634 2040 1748 2072 ίθύνειν,
1766 2038 1841 2067 ἆθλον

1052 2085 1097 2111 ἐπὶ
1111 2086 1144 2120 τῇ
1169 2084 1280 2120 ὁμονοίᾳ
1295 2085 1342 2119 τὴν
1368 2085 1516 2120 προεδρίαν
1531 2085 1639 2120 ἔχοντα.
1672 2086 1746 2112 Ἀλλ’
1764 2088 1778 2113 ὁ
1795 2086 1839 2120 μὲν

1053 2130 1089 2164 μὴ
1105 2129 1239 2161 πεισθεὶς
1253 2130 1302 2156 οὐκ
1322 2132 1362 2162 εἰς
1378 2131 1487 2165 μακρὰν
1506 2131 1619 2166 ἔμελλεν
1633 2131 1695 2158 οὐδὲ
1717 2129 1756 2158 ὧν
1774 2129 1839 2166 εἶχεν

1050 2175 1147 2209 ὀλίγων
1159 2174 1320 2210 ἡγήσεσθαι,
1339 2176 1531 2211 προσθεμένων
1546 2178 1604 2208 τοῖς
1618 2178 1722 2209 ἄλλοις.

215 2227 346 2256 tanquam
364 2220 475 2255 prazmio
488 2224 601 2247 servatae
615 2221 779 2248 concordiae.
795 2220 843 2248 llic
855 2228 918 2248 vero
931 2228 993 2248 cum
1013 2221 1199 2248 conditionem
1224 2220 1303 2247 istam
1328 2222 1519 2256 repudiasset,
1541 2222 1615 2249 haud
1653 2224 1743 2251 multo
1783 2227 1836 2259 post

215 2269 311 2304 paucis
324 2267 378 2295 illis
392 2275 510 2302 praeesse
523 2267 617 2300 desiit,
632 2268 682 2303 ipsi
697 2269 770 2296 enim
788 2277 817 2296 se
832 2269 945 2304 reliquis
963 2268 1162 2304 adjunxerunt.

249 2371 256 2386 ¹
279 2370 356 2397 Socr.
377 2371 396 2397 l.
413 2378 449 2403 tv,
466 2377 527 2404 cap.
547 2369 574 2396 5.

802 2459 939 2487 VALESII
958 2458 1238 2487 ANNOTATIONES.

249 2505 303 2546 ($5)
319 2505 563 2546 ""4707efta'le‘ro-1‘r
578 2506 638 2546 τῆς.
649 2506 742 2546 αὐτοῦ
753 2506 956 2546 -ἐκκέλτζσίᾳςκ
969 2506 996 2534 In

1053 2507 1196 2546 utrobique
1213 2514 1312 2534 sensus
1328 2511 1387 2546 e_st,_
1398 2506 1478 2533 modo
1495 2506 1644 2546 ecclesiam
1673 2508 1831 2543 accipiamus

213 2541 305 2567 codice
319 2540 467 2567 Fukeliano
483 2542 613 2576 scriptum
634 2541 723 2568 inveni
735 2542 784 2576 τῆς
798 2542 882 2576 αὐτῆς
898 2541 995 2576 ἐκκλη-

213 2575 282 2607 σίας,
296 2583 375 2610 quant
391 2576 554 2610 scripturam
571 2577 709 2604 meliorem
724 2581 797 2611 puto.
814 2575 885 2604 ldeiu
903 2581 993 2604 tamen

1051 2550 1100 2576 pro
1115 2542 1228 2570 basilica
1251 2549 1298 2570 seu
1310 2542 1367 2569 anle
1383 2544 1502 2576 inquam
1519 2542 1614 2570 fideles
1626 2542 1831 2570 conveniebant.

937 2663 1129 2692 VAlilORUM.

247 2720 258 2734 ο
280 2713 484 2748 Ἀλιιμαννῶν.
502 2712 657 2748 Alemanni,
681 2721 728 2740 seu
764 2713 918 2744 Alamanni,
943 2721 993 2747 po-

211 2748 266 2785 puli
285 2747 364 2785 fuere
376 2747 691 2785 Gerntaniiestepbano,
712 2749 924 2785 qui__Alamanni
937 2748 993 2774 Ma-

209 2782 302 2814 crobio
311 2789 338 2812 et
350 2783 481 2816 Sidonio;
495 2782 589 2810 Gallia:
603 2782 916 2817 Belgieze’etVindelicite
929 2791 995 2809 con-

209 2819 315 2847 termini
341 2823 430 2852 erant,
455 2826 552 2852 ttempc
565 2818 637 2844 inter
659 2818 780 2845 liltenum
806 2817 928 2849 ﬂuvium,
947 2817 995 2844 Ni-

209 2862 295 2887 uum,
316 2853 422 2886 Lieum,
445 2857 526 2888 atque
553 2852 739 2888 Brigantinum
763 2854 851 2880 laeum
874 2853 990 2885 extensi,

1043 2713 1088 2740 ubi
1102 2721 1176 2740 nunc
1193 2713 1312 2740 maxima
1325 2720 1388 2748 pars
1411 2711 1518 2739 Suevim
1534 2719 1716 2748 :quanquam
1731 2710 1762 2737 ad
1772 2710 1828 2748 Μω-

1043 2755 1109 2774 num
1136 2748 1248 2775 ﬂuvium
1272 2745 1358 2782 usque
1384 2745 1586 2782 protetnlantur
1616 2745 1826 2780 a'quibusdam.

1043 2783 1144 2810 Eorum
1161 2788 1264 2810 tractus
1278 2783 1368 2809 dictus
1382 2782 1433 2809 fuit
1455 2782 1630 2813 Alemannia,
1647 2782 1722 2808 unde
1745 2786 1826 2815 postea

1043 2825 1142 2845 nomen
1159 2826 1255 2847 recens
1269 2819 1318 2846 toti
1344 2817 1496 2845 Germanize
1515 2817 1645 2844 inditum.
1668 2816 1704 2843 Μ.
1718 2816 1750 2842 Α.
1766 2815 1826 2842 Βινα

1045 2860 1132 2880 υιιΑΝι)
