1896 3074
120 146 196 174 Mil

441 204 461 229 K
468 203 566 230 ΕΦΑᾹ.
592 204 627 230 Γ.

120 248 202 282 Περὶ
214 247 280 275 τῶν
292 248 366 274 κατὰ
384 248 435 275 τα¹ν
454 249 539 282 ἅγιον
553 249 697 276 Μελέτιον
714 249 762 276 καὶ
777 249 931 276 Παυλῖνον

163 283 233 310 τῶν
271 283 447 316 Ἀντιοχείας
474 284 665 314 ἐπισκόπων,
697 285 746 310 καὶ
775 286 840 316 περὶ
873 283 931 310 τῶν

162 327 343 352 γενομενέων
359 319 454 351 ὅρκων
468 318 516 344 διὰ
528 319 580 345 τὸν
598 318 797 345 ἐπισχοπικὸν
811 319 928 352 θρόνον.

169 362 221 389 Ἐν
237 363 267 390 δὲ
284 362 322 397 τῷ
332 363 402 394 τότε,
417 363 464 389 καὶ
480 363 613 390 Μελετίου
629 363 700 390 κατὰ
719 364 814 390 τοῦτον
828 363 873 390 τὸν
889 363 931 389 νό-

124 417 181 444 μον
199 409 398 441 ἐπανελθόντος
413 410 453 441 εἰς
475 409 639 444 ’Λντιόχειαν
656 410 705 444 τῆς
731 409 841 444 Συρίας,
858 409 930 444 δεινή

122 463 170 487 ’τις
198 455 243 490 τῷ
263 455 320 490 λαῷ
340 455 489 489 φιλονεικία
519 456 628 491 συνέϐη.
651 455 785 482 Παυλίνου
810 455 864 491 γὰρ
891 455 930 481 ἔτι

125 502 292 536 περιόντος,
308 499 338 528 οὗ
357 501 406 537 τὴν
425 502 578 535 εὐλάϐειαν,
593 502 630 534 ὼς
645 501 776 537 ἔγνωμεν,
799 501 931 533 αἰδεσθεὶς

124 547 248 582 Οὐάλης
262 548 276 574 ὁ
293 547 428 582 βασιλεὺς,
453 548 632 575 καταδικάσαι
652 547 740 582 φυγὴν
757 549 806 574 οὐκ
821 547 932 582 ἐτόλμη-

126 601 190 625 σεν,
223 595 250 620 οἱ
275 595 334 629 μὲν,
366 595 512 631 σύνθρονον
538 595 619 621 αὐτοῦ
643 594 769 628 γενέσθαι
799 594 931 621 Μελὲτιον

124 638 243 673 ἠξίουν.
264 639 471 673 Ἀντιλεγόντων
487 639 515 666 δὲ
538 639 592 666 τῶν
605 639 640 666 τὰ
656 639 791 666 Παυλίνου
807 640 932 676 φρονούν-

126 692 198 716 των,
213 685 263 711 καὶ
278 684 326 720 τὴν
341 684 471 711 Μελετίου
487 685 654 720 χειροτονίαν
671 684 877 718 διαϐαλλόντων,
894 685 932 717 ὡς

127 729 185 755 ὑπὸ
206 729 358 765 Ἀρειανῶν
369 730 526 757 ἐπισκόπων
539 731 736 766 γεγενημένην,
749 731 793 767 βίᾳ
804 732 834 757 τὸ
849 740 931 758 σπου-

126 774 288 810 δαζόμενον
310 776 349 806 εἰς
369 775 448 810 ἔργον
471 773 539 811 ἦγον
568 777 593 802 οἱ
620 775 752 802 Μελετίου
778 776 929 803 ἐπαινέται.

128 819 244 854 Πλῆθος
262 820 316 856 γὰρ
331 821 360 846 οὐ
375 821 404 846 τὸ
431 821 512 856 τυχὸν
528 820 613 852 ὅντες,
635 821 664 847 ἐν
678 821 726 855 μιᾷ
742 821 796 847 τῶν
815 821 868 856 πρὸ
882 821 930 856 τῆς

127 865 243 897 πόλεως
256 866 409 901 ἐκκλησιῶν
424 867 464 898 εἰς
478 866 523 893 τὸν
538 867 715 893 ὲπισκοπικδν
733 866 826 901 θρόνον
840 867 930 893 ἁνεϐί-
947 882 967 909 Β

128 911 224 938 ϐασαν
237 911 328 938 αὐτόν.
346 911 529 946 Ἐκατὲρωθεν
541 912 569 938 δὲ
577 911 623 938 τοῦ
636 911 700 938 λαοῦ
713 911 929 946 χαλεπαίνοντος,

130 957 181 983 καὶ
194 958 320 989 στάσεως
332 957 567 992 προσδοκωμένης,
581 957 724 992 θαυμαστή
741 966 782 988 τις
795 957 930 993 ἐκράτησε

131 1003 232 1038 βουλὴ,
253 1003 321 1039 πρὸς
337 1004 462 1038 ὁμόνοιαν
478 1004 576 1035 αὐτοὺς
590 1003 704 1038 ἄγουσα.
718 1004 856 1030 Συνεδόκει
874 1003 929 1039 γὰρ

130 1049 237 1085 ὅρκους
257 1048 351 1075 λαϐεῖν
367 1049 442 1085 παρὰ
459 1049 513 1075 τῶν
532 1050 690 1076 ἐπισκοπεῖν
703 1049 749 1075 τὸν
761 1049 854 1076 ὲνοὰδε
868 1049 931 1084 θρό-

132 1104 180 1122 νον
194 1095 357 1130 ἐπιτηδείων
369 1093 439 1122 εἷναι
448 1095 643 1130 νομιζομένων,
655 1095 671 1130 ἢ
683 1095 912 1130 προσδοκωμένων
923 1101 928 1108 ·

130 1137 171 1168 ὧν
187 1138 263 1177 ἦσαν
280 1141 367 1176 ἕτεροι
382 1141 473 1173 πέντε,
487 1142 533 1167 καὶ
549 1141 708 1172 Φλαϐιανὺς,
725 1140 762 1172 ὠς
774 1141 834 1167 οὔτε
851 1149 932 1167 σπου-

131 1186 262 1220 δᾶσουσι,
278 1186 339 1213 οὔτε
365 1187 532 1222 χειροτονίας
548 1187 592 1212 ἐπ’
607 1188 699 1218 αὐτοῖς
715 1187 857 1222 γινομένης
868 1208 874 1220 ,
886 1188 932 1213 ἁν-

134 1232 250 1265 έξονται
266 1233 436 1265 ἐπισκοπεῖν,
456 1233 484 1264 ἐς
493 1232 554 1259 ὅσον
571 1233 705 1264 Παυλῖνος
722 1233 737 1266 ἢ
751 1232 881 1271 Μελέτιος
893 1234 932 1268 τῷ

136 1278 190 1314 βίῳ
208 1270 326 1313 ςέεριῶσι
340 1287 346 1294 ·
365 1280 515 1314 συγχωρεῖν
535 1278 562 1305 δὲ
585 1278 699 1314 θατέρου
712 1270 931 1314 τελευτήσαντος,

135 1325 184 1351 τὸν
201 1324 296 1359 ἕτερον
314 1325 393 1360 μόνον
409 1325 458 1360 τὴν
480 1324 633 1358 ἑπισκοτὴν
650 1323 732 1358 ἔχειν.
753 1324 829 1350 Κατὰ
846 1324 933 1351 ταῦτα

137 1371 167 1397 δὲ
183 1371 316 1397 δοθέντων
331 1370 385 1397 τῶν
400 1371 498 1405 ὅρκων,
514 1370 606 1406 σχεδὸν
626 1370 656 1396 τὸ
668 1371 720 1396 πᾶν
735 1369 850 1405 ὡμονόει
863 1371 932 1406 πλῆ-

139 1417 199 1449 θος·
215 1417 300 1451 ὀλίγοι
314 1417 340 1443 δὲ
355 1416 409 1442 τῶν
419 1416 586 1451 Λουκίφερος
597 1415 637 1442 ἔτι
652 1416 816 1451 διεφέροντο,
832 1415 870 1448 ὡς
880 1416 932 1442 ὑπὸ

141 1463 310 1498 ἑτεροδόξων
326 1462 458 1488 Μελετιου
477 1461 720 1497 χειροτονηθέντος.
741 1461 817 1487 Ἐπεὶ
831 1461 859 1487 δὲ
871 1461 934 1487 τάδε

139 1502 194 1533 ὧδε
208 1507 315 1541 γέγονε,
330 1506 460 1538 Μελέτιος
475 1507 523 1541 μὲν
535 1503 602 1542 ἧκεν
620 1507 658 1538 εἰς
676 1506 933 1533 Κωνσταντινούπο-

618 146 778 174 HISTORIA
800 144 1076 174 ECCLESIASTICA.
1093 159 1128 166 —-
1149 144 1212 172 LIB.
1227 145 1282 173 VII.

1694 147 1762 175 “‘22

1303 213 1379 242 CAP.
1405 214 1448 241 III.

981 259 1020 286 De
1031 260 1072 287 Itis
1080 268 1137 295 qum
1149 261 1217 286 inter
1230 259 1364 287 Meletium
1376 269 1408 287 ac
1421 259 1564 288 Paulinum
1577 262 1763 290 mutae/tenses

1015 295 1150 333 episcopos
1173 300 1248 333 gesta
1268 300 1349 333 sunt:
1365 300 1389 322 et
1410 295 1442 322 de
1462 295 1638 330 jurejurando
1661 303 1766 333 propter

1016 330 1187 363 episcopalem
1204 331 1290 358 sedem
1305 331 1386 365 farto.

1017 405 1116 433 Eodem
1134 410 1257 441 tempore
1276 414 1338 434 cum
1360 406 1484 435 Meletius
1507 409 1672 443 supradicta:
1698 409 1766 445 legis

982 452 1115 480 beneficio
1131 452 1306 479 Antiochiam
1321 452 1407 488 Syria:
1428 460 1584 488 remeasset,
1598 455 1689 490 gravis
1702 463 1767 482 con-

982 499 1067 526 tentio
1081 499 1108 526 in
1124 500 1224 534 populo
1241 504 1337 527 exorta
1354 505 1396 528 est
1407 501 1428 527 '.
1442 501 1547 529 Etenim
1564 509 1626 530 cum
1636 502 1766 530 Paulinus

982 545 1071 572 adhuc
1085 550 1228 580 superstes
1244 550 1327 578 esset,
1352 554 1433 581 quem
1455 548 1602 582 imperator
1618 547 1716 576 Valens
1731 549 1767 576 ob

981 591 1121 626 pietatem,
1139 595 1167 618 ut
1181 599 1262 626 supra
1277 592 1409 625 diximus,
1426 595 1570 625 reveritus,
1585 595 1682 621 exsilio
1696 595 1767 622 mul-

981 641 1039 665 tare
1053 637 1265 673 haudquaquam
1283 646 1367 666 ausus
1391 639 1480 667 fuerat
1494 660 1501 672 ,
1518 641 1628 675 quidam
1643 641 1766 676 postula-

981 684 1046 711 bant
1058 688 1088 711 ut
1102 685 1229 712 Mcletius
1243 685 1270 711 in
1282 685 1432 720 episcopali
1447 685 1510 713 sede
1527 694 1587 713 cum
1603 687 1648 713 illo
1668 687 1768 714 reside-

982 734 1035 758 ret.
1051 729 1158 762 Quibus
1180 737 1241 757 cum
1258 729 1366 757 Paulini
1385 730 1504 758 fautores
1527 732 1722 764 reclamarent,
1740 736 1768 758 et

981 774 1182 802 ordinationem
1206 773 1305 802 Meletii
1333 779 1462 808 tauquam
1480 776 1514 802 ab
1537 776 1645 803 Arianis
1668 776 1766 803 factam

981 821 1206 852 criminarentur,
1225 819 1346 848 fautores
1362 821 1462 848 Melctii
1477 821 1502 848 id
1524 821 1596 857 quod
1612 822 1766 852 studebant,

981 865 1007 892 vi
1023 865 1170 900 perfcccre.
1185 865 1252 892 Cum
1268 866 1340 892 enim
1358 865 1428 892 haud
1442 867 1522 900 pauci
1538 873 1652 893 numero
1663 871 1768 897 essent.

985 911 1011 937 in
1028 912 1144 945 quadam
1160 912 1276 939 ecclesia
1291 912 1450 939 suburbana
1465 911 1601 939 Melctium
1622 912 1648 938 in
1666 912 1769 947 episco-

985 956 1038 991 pali
1062 957 1133 984 solio
1145 952 1341 984 'collocarunt.
1368 956 1472 991 Populo
1495 957 1576 992 igitur
1597 965 1629 984 ex
1653 961 1769 992 utraque

985 1006 1062 1037 parte
1076 1003 1226 1035 concitato,
1242 1011 1304 1030 cum
1326 1003 1425 1032 seditio
1446 1002 1537 1030 futura
1550 1006 1767 1037 exspectaretur.

985 1047 1146 1075 admirabile
1168 1048 1306 1083 quoddam
1331 1048 1475 1075 consilium
1491 1048 1642 1082 praevaluit,
1663 1055 1717 1083 quo
1734 1049 1767 1075 ad

985 1094 1159 1122 concordiam
1178 1098 1383 1122 revocarentur.
1402 1094 1509 1121 Placuit
1528 1095 1599 1122 enim
1613 1098 1642 1121 ut
1661 1095 1769 1129 jureju-

986 1140 1073 1166 rando
1098 1147 1158 1167 sese
1183 1140 1367 1173 astringerent
1390 1140 1409 1166 ii
1432 1141 1478 1175 qui
1496 1140 1529 1167 ad
1546 1140 1693 1175 regendum
1710 1141 1770 1175 ejus

986 1185 1038 1212 loci
1060 1186 1248 1220 episcopatum
1270 1186 1359 1212 idonei
1387 1193 1448 1213 esse
1472 1186 1641 1220 putabantur
1673 1194 1768 1221 spera—

986 1231 1138 1263 banturve;
1155 1239 1188 1258 ex
1212 1231 1312 1266 quibus
1328 1235 1406 1258 erant
1423 1236 1479 1258 tum
1499 1231 1544 1258 alii
1563 1232 1692 1266 quinque,
1710 1236 1766 1258 tum

987 1276 1152 1309 Flavianus;
1172 1285 1202 1305 se
1225 1285 1314 1312 neque
1337 1278 1505 1309 atnhituros,
1524 1285 1622 1312 neque,
1636 1278 1770 1305 electione

988 1322 1111 1358 ipsorum
1142 1322 1234 1354 facta,
1264 1324 1450 1358 episcopatutn
1483 1328 1661 1358 suscepturus
1691 1331 1770 1357 esse,

987 1367 1109 1401 quandiu
1125 1366 1257 1394 Paulinus
1282 1375 1313 1395 ac
1334 1367 1457 1395 Meletius
1477 1368 1639 1403 supersmes
1654 1373 1747 1397 essent
1762 1379 1769 1396 :

988 1412 1076 1440 altero
1091 1416 1182 1440 autem
1200 1413 1309 1440 illorum
1332 1417 1451 1447 mortuo,
1467 1420 1598 1448 passuros
1613 1421 1642 1441 se
1658 1418 1688 1441 ut
1703 1415 1772 1442 alter

987 1459 1175 1493 episcopatum
1195 1458 1270 1486 solus
1285 1458 1431 1486 obtineret.
1445 1458 1529 1494 Igitur
1543 1458 1723 1494 jurejurando
1743 1459 1771 1487 in

988 1505 1038 1532 has
1063 1505 1236 1532 conditiones
1257 1505 1388 1539 praestita,
1408 1505 1535 1532 universa
1562 1505 1619 1533 fere
1642 1505 1718 1545 plebs
1738 1506 1772 1533 ad

141 1551 197 1579 λιν’
218 1553 299 1587 ἡνίκα
316 1552 362 1579 καὶ
385 1552 474 1583 ἄλλοις
491 1553 651 1584 ἐπισκόποις
668 1553 738 1579 κατὰ
763 1552 844 1579 ταὺτδ
861 1561 935 1586 γενο-

991 1550 1165 1578 concordiam
1192 1550 1284 1578 rediit.
1310 1550 1394 1577 Pauci
1420 1554 1510 1578 tamen
1535 1559 1567 1579 ex
1590 1551 1772 1579 Luciferianis

145 1598 250 1633 μένοις,
279 1598 367 1630 ἔδοξεν
390 1598 538 1632 ἀναγκαῖον
561 1596 629 1624 εἶναι
655 1599 687 1625 ὲκ
708 1599 757 1633 τῆς
781 1597 934 1630 Ναζιανζοῦ

146 1644 304 1678 μεταθεῖναι
318 1644 477 1679 Γρηγόριον,
490 1644 536 1670 καὶ
544 1642 690 1679 ἐπιτρέψαι
701 1642 775 1676 αὐτῷ
785 1642 832 1677 τὴν
842 1642 935 1669 ἐνθάδε

145 1689 310 1724 ἐπισκοπὴν.

988 1595 1078 1623 adhuc
1099 1596 1287 1628 dissidebant,
1317 1601 1461 1631 propterea
1489 1597 1561 1632 qttod
1589 1597 1713 1625 Meletius
1739 1599 1774 1625 ab

989 1641 1125 1669 haereticis
1141 1641 1409 1677 ordiuatusfnisset.
1434 1643 1539 1676 Quibus
1560 1643 1594 1670 ad
1618 1643 1690 1671 hunc
1714 1651 1773 1670 mo-

991 1688 1055 1716 dum
1079 1690 1209 1724 peractis,
1237 1689 1361 1717 Meletius
1387 1689 1655 1726 Constantinopolim
1680 1691 1772 1726 profe-

145 1738 209 1762 ctus
231 1740 287 1767 est;
307 1743 362 1770 quo
380 1735 489 1769 quidem
513 1739 650 1770 tempore.
667 1734 728 1762 aliis
749 1741 858 1769 quoque
875 1734 1013 1769 episcopis
1037 1734 1075 1761 ibi
1098 1736 1282 1770 congregatis,
1320 1743 1409 1770 operai.
1445 1736 1562 1771 pretium
1597 1736 1685 1763 visum
1718 1741 1771 1768 est,

145 1784 177 1807 ut
197 1780 346 1814 Gregorius
373 1780 408 1807 ab
431 1781 532 1815 oppido
557 1780 693 1808 Nazianzo
723 1780 933 1812 transferretur,
973 1781 1089 1815 ejusque
1114 1781 1190 1808 urhis
1223 1782 1396 1816 episcopatus
1417 1783 1442 1809 ei
1465 1782 1600 1818 regendus
1622 1783 1774 1812 committe-

145 1832 234 1856 retur.

448 1873 573 1900 ΚΕΦΛΛ.
601 1874 638 1900 Δν.

147 1918 219 1952 Περὶ
234 1918 285 1952 τῆς
308 1918 404 1952 ἀρχῆς
427 1918 587 1946 Θεοδοσίου
605 1919 659 1947 τοῦ
670 1919 819 1954 Μεγάλου,
841 1920 889 1946 καὶ
901 1920 939 1952 ὡς

184 1953 264 1987 ,παρὰ
279 1954 436 1988 Ἀσχολίου
447 1955 677 1988 Θεσσαλονίκης
690 1953 723 1981 rd
734 1955 813 1982 θεῖον
823 1955 940 1988 ἐμυήθη

183 1987 346 2022 βάπτισμιί
360 1997 366 2003 ·
379 1989 428 2015 καὶ
451 1987 499 2015 οἶα
514 1990 626 2023 ἓῃψαψε
642 1989 705 2022 τοῖς
728 1990 771 2023 μὴ
788 1990 863 2016 κατὰ
889 1987 942 2016 τὸν

185 2024 256 2057 ὅρον
270 2024 325 2057 τῆς
337 2024 372 2050 ἐν
387 2024 494 2056 Νικαίᾳ
513 2025 646 2051 συνόδου
659 2025 869 2058 πρεσϐεύουσι.

190 2068 258 2094 Ὑπὸ
285 2068 314 2094 δὲ
334 2067 427 2094 τοῦτον
450 2069 495 2094 τὸν
522 2068 628 2103 χρόνον,
648 2068 798 2104 Γρατιανὸς
825 2069 876 2104 μὲν
900 2068 940 2094 ἔτι

151 2114 205 2141 τῶν
221 2114 288 2149 πρὸς
309 2114 443 2149 Ἑσπέραν
455 2113 583 2140 Γαλατῶν
597 2114 649 2140 ὑπὸ
668 2114 826 2149 ’Λλαμανῶν
838 2123 939 2148 ταρατ-

150 2160 281 2195 τομένων,
308 2159 354 2185 ἐπὶ
378 2159 428 2194 τὴν
451 2159 580 2194 πατρῴαν
597 2159 746 2195 ἀνέστρεψε
774 2160 879 2194 μοῖραν·
906 2159 938 2193 ἣν

1311 1871 1384 1898 CAP.
1408 1871 1451 1898 IV.

990 1917 1028 1945 De
1039 1917 1147 1951 imperio
1159 1917 1298 1944 Theodosii
1314 1917 1414 1951 Magni.
1431 1922 1453 1943 el
1468 1917 1597 1952 quomodo
1608 1918 1640 1944 ab
1652 1918 1773 1945 Asc/tolio

1027 1953 1221 1993 Thessalonica:
1239 1953 1359 1986 episcopo
1378 1952 1529 1993 baptiﬁntus
1541 1957 1604 1992 est:
1619 1954 1774 1993 aequitiae-

1026 1988 1134 2014 crererit
1161 1987 1286 2014 adversus
1314 1995 1356 2013 eos
1372 1987 1417 2020 qut
1441 1986 1546 2014 Nica’m'
1568 1986 1673 2014 concilii
1693 1989 1772 2022 ﬁdem

1026 2022 1224 2057 impugnabant.

1027 2068 1083 2095 ειη)
1097 2067 1167 2094 idem
1187 2072 1304 2101 tempus,
1320 2074 1383 2093 cum
1398 2066 1542 2093 Alamanni
1559 2067 1665 2094 crebris
1679 2067 1774 2095 incur-

991 2114 1115 2142 sioaibus
1125 2112 1228 2140 Gallias
1239 2113 1411 2144 infestarent,
1428 2112 1576 2140 Gratianus
1592 2113 1624 2140 ad
1644 2114 1774 2142 occiduas

991 2160 1097 2195 paterni
1124 2159 1230 2194 imperii
1257 2162 1348 2193 partes
1372 2166 1499 2186 reversus
1525 2163 1568 2187 est
1584 2180 1591 2193 ,
1620 2167 1688 2194 quas
1716 2161 1774 2195 ipse

150 2205 225 2240 αὺτῷ
237 2213 266 2231 τε
285 2205 332 2232 καὶ
343 2204 381 2240 τῷ
396 2205 502 2240 ἀδελφῷ
518 2205 526 2224 ί
543 2205 652 2231 διοικεῖν
674 2205 816 2231 κατέλιπεν
827 2225 833 2236 ,
858 2204 936 2230 Ἰλλυ-

991 2207 1041 2234 sibi
1059 2214 1089 2233 ac
1109 2205 1185 2232 fratri
1202 2205 1334 2240 regendas
1349 2205 1430 2241 282
1447 2206 1610 2238 retinuerat,
1636 2214 1697 2233 cum
1712 2206 1774 2242 Illy-

153 2252 226 2286 ριοῦς
245 2251 290 2277 καὶ
315 2250 348 2277 τὰ
367 2251 435 2286 πρὸς
450 2250 526 2285 ἥλιον
542 2251 685 2285 ἀνίσχοντα
701 2251 749 2285 τῆς
772 2250 857 2286 ἀρχῆς
875 2250 938 2276 Θεο-

151 2297 231 2331 δοσίῳ
267 2296 425 2331 ἐπιτρέψας.
457 2296 640 2330 Κατωρθοῦτο
671 2296 699 2322 δὲ
734 2296 803 2322 κατὰ
825 2294 937 2330 γνώμην

151 2342 224 2377 αὐτῷ
241 2342 275 2368 τὰ
299 2343 365 2377 πρὸς
378 2341 488 2374 τούτους
511 2351 517 2357 ’
543 2341 675 2376 Θεοδοσίῳ
693 2341 720 2368 δὲ
735 2341 768 2367 τὰ
796 2341 862 2375 πρὸς
873 2341 936 2372 τοὺς

152 2387 224 2422 ἀμφὶ
236 2388 282 2414 τὸν
295 2389 400 2422 ’Ἵστρον
421 2387 584 2424 βαρῦάρους.
604 2388 678 2414 Ἐπεὶ
691 2388 718 2414 δὲ
727 2387 779 2414 τῶν
794 2388 842 2422 μὲν
861 2387 936 2423 μάχῃ

153 2433 333 2468 ἐπεκράτησε,
351 2433 414 2464 τοὺς
432 2433 460 2459 δὲ
483 2433 575 2467 φίλους
588 2433 659 2468 ἔχειν
681 2433 834 2467 Ῥωμαίους
861 2434 935 2459 ἀντι-

154 2477 306 2511 ϐο).οὖν·ἰας,
333 2479 454 2514 ὁμήρους
479 2478 581 2511 λαϐὼν,
603 2479 718 2510 σπονδὰς
742 2479 850 2511 ἐδέξατο
869 2479 936 2514 (SI).

190 2558 198 2574 '
219 2559 295 2587 Socr.
313 2559 359 2586 lib.
375 2567 403 2591 v,
420 2567 480 2593 cap.
498 2559 524 2586 5.
563 2560 572 2574 ¹
586 2559 650 2587 ibid.
672 2567 733 2594 cap.
749 2559 774 2586 ϐ.
795 2576 805 2591 ι

991 2253 1078 2279 ricum
1094 2256 1121 2278 et
1146 2251 1266 2278 Orientis
1285 2255 1375 2286 partes
1403 2250 1558 2278 Theodosio
1585 2252 1772 2280 tradidissct’.

992 2297 1024 2324 Et
1039 2298 1096 2332 ipse
1111 2297 1231 2331 quidem,
1245 2305 1278 2323 ex
1294 2297 1378 2323 animi
1401 2297 1443 2325 sui
1458 2297 1593 2324 sententia
1614 2305 1670 2324 rem
1690 2299 1774 2332 gessit

991 2342 1124 2369 adversus
1149 2343 1318 2369 Alamannos
1347 2351 1353 2368 :
1380 2340 1551 2369 Theodosius
1579 2349 1644 2369 vero
1673 2342 1772 2369 bellum

990 2395 1051 2414 cum
1075 2388 1198 2414 barbaris
1214 2387 1314 2415 Istrum
1329 2387 1514 2414 accolentibus
1530 2395 1583 2414 non
1603 2387 1693 2415 minus
1712 2388 1773 2415 feli-

991 2435 1058 2460 citer
1077 2433 1206 2461 confecit.
1223 2433 1344 2467 Quorum
1368 2434 1436 2461 alios
1453 2441 1514 2460 cum
1539 2433 1635 2468 prmlio
1656 2433 1774 2461 devicis-

992 2484 1032 2507 set
1050 2480 1118 2507 alios
1141 2479 1325 2507 Romanorum
1343 2479 1490 2507 amicitiam
1503 2480 1683 2515 postulantes,
1698 2487 1775 2507 accc-

753 2626 886 2654 VALESII
905 2626 1180 2654 ANNOTATIONES.

188 2672 243 2709 (84)
259 2673 394 2706 Σπονδὰς
411 2672 543 2704 ἐδέξατο.
561 2673 650 2700 Malim
665 2673 785 2701 scribere
801 2675 840 2705 εἰς
857 2675 936 2701 σπονδ

991 2675 1099 2706 δέξατο.
1119 2675 1203 2702 Aliter
1217 2674 1288 2701 enim
1307 2673 1422 2699 barbara
1441 2675 1514 2699 esset
1525 2670 1637 2698 locutio.

875 2741 1052 2771 VAItIOIlUlI

192 2787 202 2806 ί
219 2787 274 2813 Ἦν
292 2786 371 2819 αὐτῷ
387 2795 418 2813 τε
429 2787 477 2813 καὶ
492 2787 531 2818 τῷ
542 2785 672 2820 ἀδελφῷ.
686 2786 817 2813 Gratiano
832 2795 944 2815 cessere

155 2821 256 2854 Galliae,
283 2821 428 2856 Hispanize,
456 2822 621 2854 Britannue;
651 2821 843 2848 Valentiniano
861 2824 938 2849 fratri

155 2856 238 2888 Italia,
260 2856 408 2890 Illyricum,
429 2857 528 2884 Africa.
554 2857 667 2890 Zusim.,
687 2857 731 2883 lib.
752 2865 784 2887 ιγ,
804 2866 862 2892 pag.
881 2858 941 2886 7th“.

991 2790 1060 2817 .IlIJIC
1078 2789 1157 2824 Igitur
1175 2789 1310 2824 Illyrium]
1332 2782 1486 2813 Theodosio
1504 2791 1566 2811 mox
1582 2783 1676 2811 tribuit
1691 2781 1771 2808 διηυ-

995 2833 1100 2852 Ιιιίξιλιδ.
