1883 3069
79 149 144 176 Μὶξ]

551 148 715 177 HISTORIA
745 150 1024 182 ECCLESIASTICA;
1056 152 1219 180 —LIB.VII.

1626 154 1693 181 N30

74 208 164 234 λεσθαι
187 208 231 234 τὸν
257 206 412 242 πρεσϐύτην
432 207 598 242 ὑϐριστικῶς
614 210 764 237 ἐκέλευσεν.
789 211 818 237 '0
833 211 879 244 δὲΔ

941 213 1086 247 iperatoris
1105 217 1195 239 autent
1218 212 1302 239 filium
1319 212 1364 247 qui
1383 219 1434 239 una
1452 219 1514 239 cum
1532 216 1609 248 patre
1625 213 1694 241 resi—

77 253 263 288 ὼστιζόμενος,
281 254 458 289 ἐπιστραφεὶς
471 252 557 281 εἶπεν·
576 255 655 282 Οὕτω
670 256 702 291 δὴ
716 257 825 292 νόμισον
837 254 859 284 ὦ

77 298 194 335 βασιλεῦ,
217 297 264 324 καὶ
286 297 331 324 τὸν
348 298 472 332 οὐράνιον
487 300 599 335 Πατέρα
613 301 775 334 ἀγανακτεῖν
792 302 861 337 πρὸς

75 344 135 375 τοὺς
155 343 288 378 ἀνομοίως
314 344 358 370 τὸν
375 344 440 371 Υἰὺν
462 345 609 380 τιμῶντας,
630 347 675 373 καὶ
690 348 789 382 ἥττονα
802 348 862 374 τολ-

38 404 39 407 η
79 389 185 424 μῶντας
209 390 355 416 ἀποκαλεῖν
378 391 425 417 τοῦ
451 392 638 427 γεννήσαντος.
669 394 811 426 Ἀγασθεὶς
834 393 862 419 δὲ

77 436 121 461 ἐπὶ
146 435 185 469 τῷ
211 435 350 470 εἰρημένῳ
376 437 391 462 ὁ
412 436 557 472 βασιλεὺς,
594 439 794 473 μετεκαλέσατο
817 437 862 464 τὸν

78 480 159 515 ἱερέα,
174 480 220 506 καὶ⁴
237 480 401 517 συγγνώμην
424 482 492 517 ᾔτει,
520 484 567 510 καὶ
591 484 698 519 ἀληθῶς
723 485 863 520 εἰρηκέναι

78 525 267 559 συνωμολόγει.
308 526 363 552 Καὶ
404 527 603 563 ἀσφαλέστερος
634 529 797 563 γενόμενος,
829 529 859 556 οὐ

78 569 201 604 προσίετο
223 570 285 602 τοὺς
303 571 377 606 παρὰ
398 572 475 599 τοῦτο
494 573 663 605 δοξάζοντας.
683 575 737 600 Καὶ
751 574 800 606 τὰς
818 575 860 601 ἐπ’

78 615 178 650 ἀγορᾶς
191 614 282 651 ἔριδας
301 617 347 643 καὶ
367 617 489 649 συνόδους
504 618 692 655 ἀπηγόρευσε·
713 619 761 645 καὶ
775 619 862 645 διαλέ-

79 661 170 694 γεσθαι
193 662 238 688 τὺν
261 663 343 690 αὐτὸν
367 663 467 698 τρόπον
488 665 552 699 περὶ
567 665 662 696 οὐσίας
686 665 732 692 καὶ
755 664 861 699 φύσεως

79 706 154 739 Θεοῦ,
176 707 226 733 οὐκ
249 708 388 735 ἀκίνδυνον
409 710 536 742 ἐποιεῖτο,
560 710 645 745 νόμον
665 711 776 746 θέμενος
800 709 864 747 περὶ

77 752 181 785 τούτου,
199 753 247 780 καὶ
262 754 396 789 τιμωρίαν
410 755 515 790 ὁρίσας.

912 256 1012 288 debat,
1052 258 1266 292 haudquaquam
1291 257 1373 284 simili
1397 257 1502 285 honore
1529 262 1693 292 prosecutus

911 305 953 328 est
966 309 972 333 ;
988 301 1035 328 sed
1049 302 1160 336 propius
1171 301 1317 333 accedens.
1329 301 1401 328 velut
1413 301 1445 328 ad
1457 308 1587 336 puerum:
1603 299 1693 333 Salve,
1714 335 1718 341 Ι

912 346 1012 380 inquit,
1031 346 1077 378 (ili,
1094 353 1211 381 eumque
1229 346 1313 380 digito
1329 346 1484 374 demulcere
1507 347 1601 381 coepit.
1625 345 1694 373 Tum
1714 357 1718 363 ν

913 399 978 419 Vero
995 392 1141 426 imperator
1156 396 1320 425 commotus,
1333 398 1359 419 et
1373 397 1502 427 tanquam
1516 393 1550 427 ob
1563 392 1694 426 injuriam

916 437 971 464 lilio
989 425 1088 464 factam
1103 437 1272 472 indignatus,
1290 438 1362 472 quod
1379 425 1437 465 non
1460 425 1544 473 pari:
1553 425 1607 473 quo
1625 438 1693 471 ipse,

915 482 1019 509 honore
1030 481 1145 508 affectus
1159 481 1265 514 fuisset,
1278 490 1370 510 senem
1382 483 1579 510 contumeliose
1597 481 1696 516 expelli

912 526 1006 561 jussit.
1022 525 1074 558 Qui
1098 526 1162 553 dum
1189 527 1398 560 exturbaretur,
1424 535 1575 555 conversus
1604 527 1694 554 dixit:

915 574 977 601 Pari
994 573 1087 605 modo.
1110 573 1268 607 imperator,
1294 573 1431 601 caelestem
1458 580 1566 608 quoque
1588 571 1696 598 Patrem

916 626 1078 647 succensere
1095 618 1128 646 iis
1145 618 1284 650 existima,
1303 619 1349 654 qui
1369 618 1468 645 Filium
1487 618 1574 653 ipsius
1594 613 1697 652 dispari

915 665 990 692 cultu
1020 668 1196 695 venerantur,
1208 669 1235 691 et
1252 663 1385 691 Genitore
1408 671 1458 691 suo
1485 665 1618 691 minorem
1634 671 1697 701 eum

916 710 1053 745 appellare
1069 717 1122 736 non
1140 709 1276 736 dubitant.
1293 709 1370 742 Quod
1384 710 1488 737 dictum
1515 710 1630 736 miratus
1647 710 1698 735 int-

915 759 1035 790 perator,
1057 755 1226 782 sacerdotem
1247 756 1403 787 revocavit,
1423 755 1586 790 veniamque
1610 755 1644 782 ab
1666 761 1699 780 eo

78 801 175 835 petiit,
192 808 312 836 veraque
327 801 403 827 illum
424 801 526 829 dixisse
540 801 686 829 confessus
702 806 756 830 est.
777 803 866 837 Atque
884 801 984 828 exinde
998 800 1106 827 cautior
1119 800 1216 833 factus,
1233 808 1280 828 eos
1295 801 1341 835 qui
1361 801 1440 828 aliter
1474 801 1609 828 sentirent
1645 808 1698 827 non

81 845 199 872 admisit.
212 844 411 873 Contentiones
424 853 535 880 quoque
545 851 572 874 et
584 851 671 874 cattus
686 847 714 874 in
733 847 793 874 foro
823 846 880 874 fieri
900 846 1007 874 vetuit:

1046 849 1130 880 utque
1154 845 1188 872 de
1212 849 1310 872 natura
1330 849 1357 873 et
1381 845 1534 873 substantia
1552 844 1598 872 Dei
1619 845 1700 872 solito

81 900 154 920 more
171 892 314 927 disputare
330 892 543 927 haudquaquam
557 898 647 922 tutum
662 898 746 928 esset,
759 894 861 927 eﬂ‘ecit,
881 894 935 921 lata
952 893 1022 928 lego,
1038 897 1065 920 et
1085 899 1165 927 poma
1185 892 1213 919 in
1228 899 1287 919 eam
1305 899 1361 920 rem
1379 893 1540 919 constituta.

384 940 509 966 ΚΕΦΑΛ.
530 940 567 967 Ζ¹.

80 985 147 1018 Περὶ
162 984 216 1019 τῆς
231 984 373 1018 δευτέρας
388 985 474 1019 ἁγίας
494 985 703 1019 οὶκουμενικῆς
723 985 866 1017 συνόδου,

34 1028 39 1033 κ
114 1020 181 1055 ὅρεν
205 1019 255 1045 καὶ
274 1019 323 1055 διᾲ
345 1020 436 1045 ποίαν
450 1021 548 1046 αἰτίαν
561 1020 708 1054 συνέστη.
733 1021 787 1047 Καὶ
802 1020 868 1055 περὶ

114 1053 168 1087 τῆς
182 1053 390 1087 παραιτήσεως
405 1055 569 1088 Γρηγορίω
585 1055 638 1081 τοῦ
655 1053 812 1090 Θεολόγου.

120 1100 162 1125 Ἑν
173 1099 251 1134 τάχει
264 1107 292 1125 τε
304 1099 350 1125 καὶ
363 1099 470 1126 σύνοδον
481 1099 638 1127 ἐπισκόπων
651 1101 784 1137 ὁμοδόξων
795 1100 869 1136 αὐτῷ

82 1144 240 1173 συνεκάλεσε
251 1145 274 1176 ⁸,
290 1144 461 1180 βεϐαιότητός
471 1145 588 1172 τεὲνεκα
598 1147 651 1172 τῶν
662 1147 690 1173 ἐν
702 1146 804 1182 Νικαιᾳ
825 1146 869 1172 δο-

82 1191 191 1224 ξάντων,
203 1190 252 1216 καὶ
265 1190 431 1225 χειροτονίας
447 1190 493 1217 τοῦ
506 1191 644 1225 μέλλοντος
654 1193 811 1219 ἐπισκοπεῖν
825 1192 870 1218 τὸν

82 1236 390 1267 Κωνσταντινουπόλεως
401 1236 504 1272 θρόνον.
525 1236 684 1263 ’Υπολαϐὼν
699 1236 728 1263 δὲ
739 1236 869 1264 δύνασθαι

83 1282 197 1316 συνάψαι
225 1283 258 1316 τῇ
284 1281 396 1308 καθόλου
421 1281 570 1317 Ἐκκλησία
602 1283 665 1313 τοὺς
689 1282 871 1317 καλουμένους

83 1326 309 1359 Μακεδονιανοὺς,
332 1326 370 1357 ὼς
391 1326 428 1362 μὴ
447 1327 511 1362 περὶ
529 1327 599 1362 μέγα
614 1336 641 1353 τι
663 1327 871 1363 διαφερομένους
881 1354 888 1367 Ι,

84 1373 112 1399 ὲν
124 1374 157 1408 τῇ
179 1372 251 1398 κατὰ
272 1371 303 1398 τὺ
325 1372 413 1407 δόγμα
432 1371 555 1407 ζητήσει,
573 1372 733 1399 συνεκάλεσε
750 1373 797 1398 καὶ
810 1372 872 1399 τού-

84 1425 153 1448 τους.
167 1417 301 1451 Συνῆλθον
311 1414 366 1449 οὖν,
381 1417 413 1443 ἐκ
425 1417 473 1452 μὲν
488 1416 543 1444 τῶν
557 1417 697 1452 όμοούσιον
707 1418 757 1452 τὴν
772 1417 873 1452 Τριάδα

84 1461 257 1494 δοξαζόντων,
276 1462 346 1496 ἀμφὶ
369 1461 465 1488 ἑκατὸν
488 1463 535 1488 καὶ
559 1463 746 1498 πεντήκοντα·
775 1462 874 1488 τῶνδὲ

85 1506 139 1532 ἀπὸ
151 1507 200 1541 τῆς
215 1506 380 1533 Μακεδονίου
398 1506 539 1541 αἱρέσεως,
556 1506 586 1538 ἓξ
602 1507 649 1532 καὶ
663 1507 819 1541 τριάκοντα,
837 1502 874 1533 ὧν

87 1551 111 1577 οι
126 1550 234 1581 πλείους
249 1550 396 1585 ἐτύγχανον
413 1551 445 1576 ἐκ
465 1550 518 1577 τῶν
535 1551 598 1585 περὶ
614 1551 660 1577 τὸν
682 1551 874 1586 Ἑλλήσποντον

1236 938 1312 965 CAP.
1330 937 1384 964 V‘ll.

919 984 959 1012 De
981 983 1097 1011 secunda
1117 983 1262 1011 universali
1290 984 1413 1018 synodo:
1431 983 1500 1010 unde
1526 987 1551 1010 et
1565 991 1644 1018 quant
1671 983 1702 1008 ob

953 1027 1063 1054 causam
1074 1024 1233 1054 congregata
1243 1019 1287 1046 sit.
1300 1012 1333 1045 Et
1343 1019 1374 1046 de
1382 1023 1528 1054 spontaneo
1538 1012 1704 1045 abdicatione

955 1053 1073 1088 Gregorii
1090 1053 1224 1088 Tlteologt'.

955 1099 1009 1126 Nec
1027 1099 1113 1127 multo
1130 1103 1200 1134 post,
1218 1099 1411 1134 episcoporum
1428 1097 1631 1126 communionis
1648 1104 1704 1125 suae

921 1145 1057 1181 synodum
1083 1145 1255 1177 convocavit,
1272 1149 1329 1171 tum
1356 1149 1386 1171 ut
1401 1143 1503 1170 Nic-aeni
1527 1142 1639 1170 concilii
1657 1141 1705 1169 de—

921 1194 995 1218 creta
1010 1191 1253 1222 continuarentur,
1269 1195 1325 1217 tum
1345 1194 1375 1217 ut
1390 1187 1707 1222 Coustantinopolilana:

921 1235 994 1263 sedis
1007 1235 1152 1270 episcopus
1169 1235 1383 1262 constitueretur
1396 1235 1416 1261 ι.
1430 1233 1554 1267 Cumque
1567 1232 1708 1259 existimm

921 1284 963 1307 ret
979 1287 1027 1307 eos
1041 1279 1086 1314 qui
1101 1279 1288 1307 Maecdoniani
1310 1278 1451 1310 dicuntur,
1471 1277 1598 1305 Ecclesia:
1614 1278 1709 1305 catho-

922 1326 980 1352 licae
996 1325 1077 1352 facile
1092 1324 1203 1359 adjungi
1221 1331 1312 1359 posse,
1335 1323 1436 1358 quippe
1455 1323 1502 1358 qui
1527 1323 1554 1349 in
1584 1321 1709 1349 doctrina

922 1371 988 1398 fidei
1004 1379 1058 1398 non
1087 1377 1252 1405 magnopere
1277 1369 1453 1402 dissiderent,
1474 1369 1526 1395 hos
1548 1369 1630 1395 etiam
1647 1376 1709 1395 eum

924 1416 1030 1444 creteris
1043 1415 1176 1442 evocavit.
1193 1414 1231 1440 Ex
1247 1413 1281 1441 iis
1296 1414 1380 1449 igitur
1395 1413 1442 1447 qui
1457 1411 1621 1439 Trinitatem
1643 1419 1711 1438 con-

924 1461 1132 1490 substantialem
1157 1460 1368 1495 profitebantur,
1393 1462 1582 1486 convenerunt
1597 1461 1680 1484 centu
1694 1466 1709 1483 ιι

924 1509 1034 1535 circiter
1049 1511 1076 1535 et
1093 1506 1311 1542 quinquaginta,
1346 1514 1378 1533 ex
1404 1504 1609 1532 Macedonianis
1635 1511 1710 1534 vero,

926 1559 972 1579 sex
986 1555 1012 1579 et
1027 1551 1157 1586 triginta:
1180 1558 1297 1586 quorum
1314 1550 1439 1585 plerique
1466 1554 1545 1577 erant
1562 1557 1595 1576 ex
1616 1549 1712 1576 civita-

88 1595 199 1622 πόλεων.
225 1595 355 1629 Ἡγοῦντο
379 1596 407 1622 δὲ
428 1595 529 1622 τούτων
553 1596 687 1628 Ἐλεύσιος
710 1598 723 1623 ὁ
742 1596 872 1629 Κυζίκου,

941 1597 999 1624 ibus
1026 1597 1100 1623 circa
1133 1596 1340 1631 Hellespontum
1376 1596 1446 1624 sitis.
1464 1595 1604 1622 Prmerant
1622 1599 1712 1621 autem

88 1642 134 1669 καὶ
148 1641 305 1677 Μαρκιανὸς
319 1641 333 1667 ὁ
357 1641 507 1676 Λαμψάκου
521 1649 528 1656 ·
553 1641 613 1668 τῶν·
631 1642 660 1668 δὲ
685 1641 771 1669 ἄλλων
793 1641 877 1677 Τιμό-

88 1687 156 1719 θεος,
177 1688 191 1713 ὁ
215 1687 269 1713 τῶν
289 1686 486 1722 Ἀλεξανδρέων
511 1687 611 1713 διέπων
635 1687 745 1722 θρόνον,
771 1687 801 1713 οὺ
824 1687 878 1722 πρὸ

89 1731 185 1758 πολλοῦ
202 1731 412 1766 τετελευτηκότα
436 1731 555 1766 Πέτρον,
577 1732 690 1766 ἀδελφὺν
710 1732 774 1758 ὄντα
795 1732 877 1758 αὐτοῦ

88 1777 278 1812 διαδεξάμενος
288 1785 295 1792 ·
312 1777 359 1803 καὶ
374 1777 503 1809 Μελέτιος
515 1778 528 1803 ὁ
541 1777 707 1812 Ἀντιοχείας
720 1778 877 1810 ἐπίσκοπος,

90 1822 139 1858 ήδη
157 1822 252 1858 πρώην
266 1823 306 1854 εὶς
316 1823 600 1849 Κωνσταντινούπολιν
613 1823 658 1849 διὰ
669 1823 718 1858 τὴν
729 1823 878 1858 Γρηγορίου

90 1868 257 1895 κατάστασιν
278 1868 443 1902 ἀφικόμενος
454 1877 461 1884 ·
487 1869 534 1895 καὶ
549 1869 682 1903 Κύριλλος
698 1870 712 1895 ὁ
735 1869 880 1904 Ἱεροσολύ-

92 1921 160 1945 μων,
179 1912 377 1947 μεταμεληθεὶς
386 1914 458 1945 τότε,
472 1914 513 1940 ὅτι
526 1915 656 1949 πρότερον
669 1914 702 1941 τὰ
714 1914 880 1942 Μακεδονίου

91 1958 211 1993 ἐφρόνει.
235 1958 287 1984 Σὺν
311 1958 415 1990 τούτοις
432 1959 461 1985 δὲ
476 1957 557 1995 ἦσαν,
579 1960 714 1994 Ἀσχόλιός
736 1969 765 1987 τε
786 1962 799 1987 ὁ
815 1961 881 1987 Θεσ-

94 2003 249 2038 σαλονίκης,
264 2003 312 2029 καὶ
334 2004 464 2039 Διόδωρος
486 2006 500 2031 ὁ
519 2005 635 2040 Ταρσοῦ,
659 2007 705 2033 καὶ
722 2006 849 2038 Ἀκάκιος
867 2008 881 2033 ὁ

94 2048 216 2084 Βεροίας.
233 2050 263 2075 Οἳ
280 2049 311 2084 δὴ
327 2049 427 2082 πάντες
441 2050 578 2077 ἐπαινέται
595 2053 774 2086 τυγχάνοντες
790 2053 839 2088 τῆς
853 2053 881 2080 ἐν

94 2095 198 2131 Νικαίᾳ
210 2095 405 2132 βεϐαιωθείσης
416 2097 534 2132 γραφῆς,
546 2097 648 2124 ἐδέοντο
660 2099 750 2132 σφίσιν
760 2098 881 2134 ὁμογνώ-

97 2148 179 2174 μονας
198 2140 326 2174 γενέσθαι
340 2142 403 2173 τοὺς
419 2142 491 2177 ἀμφὶ
502 2142 648 2174 Ἐλεύσιον,
662 2144 882 2179 ἀναμιμνήσκον-

95 2193 140 2216 τες
154 2182 192 2211 ὧν
209 2193 238 2211 τε
254 2186 322 2221 πρὸς
342 2187 467 2222 Λιϐέριον
488 2188 705 2223 ἐπρεσϐεύσαντο
719 2190 766 2215 καὶ
780 2189 882 2224 ὡμολό-

96 2239 184 2266 γησαν
206 2231 249 2258 διὰ
264 2231 424 2265 Εὐσταθίου,
447 2234 494 2261 καὶ
508 2234 649 2268 Σιλὸανοῦ,
671 2235 718 2262 καὶ
741 2235 880 2270 Θεοφίλου,

926 1641 986 1669 istis
1002 1640 1128 1669 Eleusius
1142 1641 1305 1676 Cyzicenus,
1329 1646 1354 1668 ct
1380 1640 1534 1667 Marcianus
1551 1639 1714 1675 Lampsace-

927 1695 990 1715 nus.
1020 1687 1132 1714 Cacteris
1161 1694 1225 1714 vero
1241 1687 1401 1714 Timotheus
1425 1685 1615 1713 Alexandrina:
1641 1683 1715 1711 sedis

928 1733 1045 1760 antistes
1063 1732 1238 1767 praesidebat,
1253 1732 1300 1767 qui
1318 1732 1400 1766 paulo
1427 1736 1506 1759 antea
1526 1731 1607 1758 Petro
1638 1730 1714 1757 fratri

929 1785 980 1805 suo
995 1778 1090 1805 exhac
1105 1779 1165 1804 luce
1181 1778 1300 1808 sublato,
1313 1778 1339 1804 in
1355 1778 1513 1812 episcopatu
1524 1780 1714 1804 successerat:

929 1829 955 1852 et
970 1831 1031 1851 cum
1047 1831 1079 1851 eo
1097 1823 1221 1850 Melelius
1237 1823 1382 1858 episcopus
1406 1823 1568 1855 Antiochi-.13,
1599 1823 1644 1857 qui
1660 1830 1715 1849 non

930 1870 967 1897 ita
983 1869 1084 1896 dudum
1103 1869 1285 1897 ordinationis
1312 1869 1436 1903 Gregorii
1461 1876 1543 1907 causa
1560 1869 1716 1896 Constanti-

930 1914 1049 1949 nopolim
1063 1914 1229 1941 advenerat:
1248 1918 1275 1941 et
1289 1913 1410 1949 Cyrillus
1425 1915 1572 1948 episcopus
1588 1913 1716 1941 llieroso—

931 1959 1077 1994 lymorum,
1100 1959 1260 1994 pmnitenlia
1281 1963 1337 1986 tum
1367 1959 1468 1986 ductus
1501 1959 1574 1994 quod
1591 1959 1714 1993 opinioni

931 2003 1082 2031 Macedonii
1102 2004 1219 2031 antehac
1237 2004 1407 2032 adlamsisset.
1424 2004 1545 2031 Aderant
1567 2011 1621 2031 una
1653 2012 1717 2030 eum

932 2051 993 2079 istis
1018 2051 1165 2078 Ascholius
1181 2050 1394 2084 Thessalonicae,
1419 2050 1551 2078 Diodorus
1574 2050 1665 2083 Tarsi,
1689 2054 1718 2077 et

932 2096 1014 2132 286
1025 2096 1143 2124 Aeacius
1163 2096 1264 2123 Beroea:
1287 2096 1443 2131 episcopus.
1461 2096 1513 2129 Qui
1530 2096 1640 2131 quidem
1657 2103 1717 2122 om-

932 2150 982 2170 nes
998 2151 1060 2170 cum
1076 2143 1138 2170 fidei
1160 2143 1304 2170 formulam
1325 2143 1352 2169 in
1370 2143 1488 2169 concilio
1522 2142 1633 2169 Nicmno
1653 2149 1719 2168 con-

933 2188 1063 2222 scriptam
1076 2187 1271 2222 approbarent,
1285 2187 1371 2214 abhis
1382 2187 1429 2221 qui
1444 2194 1505 2214 cum
1519 2187 1630 2214 Eleusio
1640 2190 1718 2213 erant

933 2234 1149 2265 contenderunt,
1179 2236 1209 2260 ut
1238 2240 1301 2260 cum
1319 2233 1388 2267 ipsis
1412 2233 1571 2260 consentire
1596 2233 1717 2259 vellent:

95 2274 132 2306 ὡς
155 2275 274 2310 εἴρηται.
301 2276 383 2305 Ἀλλὰ
406 2278 432 2304 οἱ
460 2279 526 2313 μὲν,
553 2280 655 2315 μήποτε
677 2280 819 2315 ὁμοούσιον
843 2280 879 2316 τῷ

941 2283 1098 2308 revocantes
1118 2278 1171 2306 illis
1189 2278 1215 2305 in
1233 2279 1393 2307 memoriam
1413 2278 1574 2313 legationem
1589 2286 1671 2313 quam
1685 2276 1718 2304 ad

97 2320 184 2355 Πατρὶ
197 2320 242 2347 τὸν
257 2320 320 2347 Υίὸν
335 2321 457 2355 δοξάζειν
478 2325 627 2359 ἀναφανδὸν
643 2325 773 2357 εἰπόντες,
796 2327 819 2352 εξ
837 2327 883 2353 καὶ

97 2365 205 2392 ἐναντία
222 2367 281 2398 ταῖς
297 2367 365 2402 πρὸς
378 2368 502 2404 Λιὸέριον
519 2370 674 2406 ὁμολογίαις
688 2371 796 2408 ἐροῦσιν
813 2371 881 2407 (94),

134 2455 140 2470 ¹
155 2454 234 2483 Socr.
247 2455 293 2483 lib.
309 2463 336 2490 ν,
349 2463 375 2484 c.
383 2456 411 2484 8.

936 2324 1073 2352 Liberium
1101 2324 1244 2356 miserant,
1267 2327 1294 2351 et
1321 2324 1496 2359 sponsionem
1524 2331 1607 2358 quam
1629 2322 1723 2350 eidem.

935 2371 1058 2399 fecerant
1073 2379 1119 2406 per
1133 2370 1316 2404 Eustathium,
1330 2369 1471 2398 Silvanum
1483 2377 1514 2397 ac
1527 2368 1721 2404 Theophilum,

662 2549 795 2577 VALESll
821 2549 1096 2580 ANNOTATIONES.

135 2603 305 2644 (94)_El~xai
321 2603 446 2644 ἐναντία
461 2605 525 2644 ταῖς
536 2605 764 2644 πρὸς-..Λιϐέριον
777 2608 884 2644 ὁμολο-

103 2639 179 2682 γέαις
192 2638 304 2682 ἐροῦσι.
321 2638 373 2682 Pro
387 2640 470 2682 verbo
487 2639 578 2682 ἐροῦσι
596 2638 767 2682 Nico-phorus
791 2638 882 2682 posuit

103 2672 189 2706 εἷπον,
202 2675 273 2709 quod
286 2674 410 2701 eumdem
427 2672 508 2702 habet
520 2682 642 2703 sensum.
658 2672 691 2702 Et
707 2676 777 2704 hanc
790 2672 882 2704 Iectio-

937 2616 999 2636 nem
1015 2610 1106 2647 secuti
1122 2611 1250 2638 videntur
1278 2611 1452 2647 interpretes.
1472 2611 1527 2639 Nos
1550 2614 1640 2638 tamen
1660 2608 1721 2635 vul-

941 2650 1030 2679 gatam
1054 2646 1220 2681 scripturam
1247 2646 1358 2675 minime
1379 2647 1555 2682 rejiciendam
1580 2650 1717 2680 putamus.

808 2766 998 2796 VARIORUM.

141 2811 154 2833 ε
167 2812 299 2852 Σὺνοιξον
313 2813 510 2852 avrem-420's.
538 2812 629 2852 Mense
646 2812 715 2841 Maio
740 2815 804 2842 anni
839 2813 872 2841 58

941 2817 1137 2852 anitCarcus.
1174 2816 1224 2844 Cui
1256 2815 1392 2844 consentit
1419 2815 1480 2842 Ant.
1515 2815 1577 2850 Pagi
1598 2815 1628 2843 ad
1658 2821 1718 2842 eum

106 2853 217 2874 annum.
237 2847 303 2876 Vide
319 2847 396 2876 Socr.
412 2849 458 2876 lib.
477 2857 502 2881 v,
522 2855 582 2883 cap.
600 2848 627 2875 8.
