1883 3069
48 113 138 143 1433
577 126 739 156 HISTORIA
760 130 1041 161 ECCLESIASTICA.
1057 149 1090 155 -—
1110 135 1175 163 LIB.
1199 136 1253 164 VII.
1643 127 1715 168 ΗΜ

48 175 232 230 ἷιΕιΙίι-ἰ,
256 179 485 230 cui-amplissimze
499 185 627 230 ac_rcgire
643 187 764 215 civitatis
779 189 967 218 sacerdotium
999 193 1234 221 committeretur:
1264 194 1361 228 synodi
1395 198 1487 222 tamen
1521 202 1715 230 episcoporum

49 223 270 291 zzqtttaquam
298 222 367 252 idem
395 225 513 253 studium
533 227 655 256 futurum
685 231 748 259 fuit.
770 232 877 269 Singuli
896 235 968 263 enim
1003 237 1121 272 aliquem
1139 246 1172 266 ex
1199 222 1364 267 necessariis
1380 240 1439 267 suis
1467 222 1597 270 ordinare
1617 222 1715 276 lcupic—

96 271 117 290 n
136 283 146 290 .

96 271 146 290 ιιι.

393 317 518 345 ΚΕΦΔΛ.
540 320 570 346 H’
892 327 920 357 Α

51 358 140 392 Περὶ
160 359 232 394 τῆς
250 363 461 400 προχριρίσεως
478 365 640 399 Νεκταρίου
656 368 700 400 εἰς
725 369 779 396 τὸν
799 371 875 397 Κων-

93 397 407 431 σταντινουπόλεως
418 399 535 432 θρόνον,
545 397 594 427 κάι
608 401 678 429 ὅθεν
688 397 740 439 ἦν,
755 404 803 431 καὶ
817 403 880 438 οἶος

96 427 164 455 τὸν
181 432 319 464 τρόπον.

107 474 161 501 Ἐν
176 475 280 512 τούτῳ
293 476 322 504 δὲ
337 477 485 514 Νεκτάριός
495 489 536 512 τις
548 481 671 517 Ταρσεὺς
681 484 730 519 τῆς
741 484 877 517 Κιλικίας,

53 517 111 544 τοῦ
128 519 346 557 λαμπροτάτου
362 523 500 558 τάγματος
515 526 563 560 τῆς
578 517 740 563 συγκλήτου,
759 529 788 555 ὲν
802 530 877 556 Κων-

57 568 311 595 σταντινουπόλει
329 568 471 605 διέτριϐεν.
489 572 557 607 Ἤδη
575 572 604 598 δὲ
622 575 878 610 παρεσκευασμένος

55 611 104 642 εἰς
115 611 177 647 τὴν
189 614 320 648 πατρίδα
338 615 456 648 ἀπιέναι,
471 617 649 652 παραγίνεται
665 619 733 654 πρὸς
746 620 877 656 Διόδωρον

55 657 110 683 τὸν
129 656 261 692 Ταρσοῦ
280 660 436 695 ἐπίσκοπον,
457 663 514 697 εἴγε
539 664 658 699 βούλοιτο
679 666 795 701 γράφειν
817 667 877 693 επι-

1241 327 1318 355 CAP.
1339 327 1406 356 VIII.

930 371 969 399 De
983 372 1109 400 electione
1130 372 1252 400 Nectarii
1274 374 1390 409 episcopi
1404 374 1712 409 Constantinopolitam:

1033 409 1090 442 quis
1107 413 1132 435 et
1149 409 1217 435 unde
1231 413 1256 436 et
1271 409 1365 444 quibus
1380 410 1498 438 moribus
1516 411 1606 444 fuerit.

965 484 1004 511 Eo
1031 488 1153 520 tentpore
1178 485 1322 515 Nectarius
1339 488 1464 523 quidam,
1495 488 1582 516 Tarso
1609 488 1713 516 Cilicia

928 530 1075 564 oriundus,
1101 531 1142 558 vir
1167 533 1297 560 senatorii
1324 534 1451 567 ordinis,
1473 534 1711 569 Constantinopoli

928 575 1042 610 degebat
1053 575 1073 602 '.
1094 575 1145 608 Qui
1159 583 1221 603 cum
1238 577 1264 604 in
1277 579 1393 612 patriam
1411 580 1509 607 reverti
1519 579 1577 612 jam
1590 584 1709 614 pararet,

928 621 996 648 adiit
1023 621 1170 649 Diodorum
1196 623 1354 657 episcopum
1383 623 1481 657 Tarsi,
1507 626 1581 653 velut
1604 626 1710 654 laturus

927 667 1070 702 epistolas,
1088 667 1111 695 si
1137 675 1205 703 quas
1220 668 1266 695 ille
1289 668 1405 696 Tarsum
1430 670 1552 699 scribere
1566 671 1708 699 voluisset.

57 703 173 736 στολὰς
206 707 402 740 κομισάμενος.
432 709 583 744 Ἔτυχευδὲ
604 711 664 737 τότε
689 711 877 748 διανοούμενος

57 749 129 775 καθ’
150 750 264 778 ἑαυτὸν
280 753 294 779 ὀ
314 753 461 789 Διόδωρος,
484 755 544 782 τίνα
563 757 614 792 χρὴ
632 757 812 792 προϐαλέσθαι
836 760 876 791 εἰς

56 794 114 829 τὴν
143 796 383 833 σπουδαζομένην
405 801 580 835 χειροτονίαν.
605 803 660 829 Καὶ
683 803 744 830 ίδὼν
760 805 799 836 εἰς
823 805 876 831 Νε-

56 840 214 875 κτάριον,
243 843 319 875 ἄξιον
338 842 406 871 εἶναι
427 846 477 880 τῆς
499 847 652 884 ἐπισκοπῆς
673 849 800 884 ἐνόμισε·
828 851 875 877 καὶ

59 886 143 931 κατὰ
156 886 240 931 νοῦν
256 888 338 921 εὐθὺς
351 890 425 926 αὑτῷ
439 892 600 928 προσετέθη,
621 893 717 921 πολιὰν
730 895 754 921 τ’
767 896 872 931 ἀνδρὺς,

57 930 113 956 καὶ
139 929 224 963 εἶδος
254 933 431 969 ίεροπρςπὲς,
454 935 501 962 καὶ
523 937 552 962 τὸ
577 938 712 974 προσηνὲς
736 940 791 966 τῶν

927 711 1008 740 Forte
1029 717 1086 740 tum
1110 712 1246 741 Diodorus
1265 721 1360 742 secum
1384 715 1442 749 ipse
1464 716 1563 744 tacitus
1578 717 1708 752 agitabat,

926 758 1052 792 quisnam
1071 759 1246 793 potissimum
1258 759 1402 794 eligendus
1417 766 1490 789 esset
1509 761 1542 788 ad
1558 769 1618 789 eam
1633 762 1708 789 ordi-

926 803 1076 835 nationem,
1092 812 1152 839 qum
1167 808 1242 832 tanta
1258 805 1409 833 ambitione
1434 806 1634 834 celebrabatur.
1656 806 1708 839 Qui

925 849 1081 877 Nectarium
1107 851 1294 886 conspicatus,
1321 859 1384 879 eum
1408 852 1568 887 episcopatu
1595 852 1708 887 dignum

925 902 987 922 esse
1007 895 1126 927 censuit,
1150 896 1296 931 statimque
1318 896 1345 923 in
1359 896 1457 923 intimo
1480 897 1580 924 mentis
1597 903 1709 923 recessu

925 940 1083 974 sullragium
1107 948 1186 967 suum
1209 941 1234 967 ei
1261 941 1397 973 contulit,
1416 941 1546 968 canitiem
1567 941 1630 972 viri,
1647 941 1710 968 vul-

59 983 128 1001 πων
144 976 224 1011 (96).
252 979 307 1005 Καὶ
323 979 361 1011 ὡς
374 980 418 1006 ἐπ’
436 981 500 1008 ἄλλο
517 990 543 1008 τι
560 982 671 1018 ἀγαγὼν
696 985 776 1011 αὐτὸν
802 986 866 1021 παρέ

932 988 1039 1019 tumque
1056 984 1213 1012 sacerdotio
1233 984 1356 1020 dignum,
1370 989 1397 1013 et
1418 993 1526 1013 morum
1545 986 1709 1013 suavitatem

58 1020 110 1046 τὸν
129 1022 315 1058 Ἀντιοχείας
336 1025 494 1058 ἐπίσκοπον.
517 1028 629 1064 ἐπῄνει,
652 1030 699 1056 καὶ
716 1031 875 1063 σπουδάζειν

60 1067 147 1101 αὐτῷ
174 1070 346 1104 παρεκάλει.
375 1071 404 1098 'U
425 1073 469 1105 δὲ,
491 1073 537 1101 ἐπὶ
555 1075 789 1111 μεμεριμνημὲνῳ
808 1077 876 1112 πρά-

59 1119 178 1146 γματι,
215 1113 325 1143 πολλῶν
353 1118 561 1153 ἐπισημοτάτων
590 1121 696 1156 ἀνδρῶν
724 1121 874 1157 ὕποψήφων

62 1157 172 1192 ὅντων,
189 1160 311 1194 ἐγέλασε
329 1162 378 1198 τὴν
395 1164 524 1201 Διοδώρου
539 1165 638 1201 ψῆφον.
656 1167 750 1202 Ὅμως
763 1167 791 1194 δὲ
807 1168 874 1202 πρὸς

62 1205 171 1231 ἑαυτὸν
188 1206 315 1239 καλέσας
328 1208 494 1245 Νεκτάριον,
517 1213 675 1248 περιμένειν
693 1213 797 1249 βραχύν
811 1223 874 1241 τινα

65 1251 173 1286 χρόνον
192 1252 351 1281 ἐκέλευσεν.
369 1255 425 1282 οὐκ
445 1257 486 1289 είς
506 1259 614 1294 μακρὰν
629 1258 657 1285 δὲ
673 1259 873 1295 προστάξαντος

62 1296 115 1322 τοῦ
125 1296 274 1342 βασιλέως
281 1300 336 1331 τοῖς
346 1300 472 1336 ἱερεῦσιν,
481 1303 619 1339 ἐγγράψαι
632 1305 722 1342 χάρτῃ
732 1306 781 1338 τὰς
791 1314 873 1341 προσ-

65 1344 192 1378 ηγορίας
210 1340 252 1371 ὧν
268 1344 377 1372 ἔκαστοι
391 1346 580 1383 δοκιμάζουσιν
591 1351 632 1382 εἰς
645 1351 695 1387 τὴν
707 1340 873 1387 χειροτονίαν

65 1389 170 1421 ἀξίων,
191 1390 286 1425 ἑαυτῷ
303 1390 330 1417 δὲ
341 1392 507 1426 φυλάξαντος
519 1395 550 1421 ἐκ
567 1395 674 1423 πάντων
687 1397 734 1423 τοῦ
752 1398 811 1430 ἐνὸς
824 1401 872 1434 τὴν

65 1434 193 1469 αἵρεσιν,
211 1435 290 1462 ἄλλοι
308 1437 356 1471 μὲν
372 1437 467 1470 ἄλλους
479 1440 642 1476 ἐνέγραψαν.
664 1443 693 1469 ὐ
708 1443 736 1469 δὲ
750 1444 799 1479 τῆς
816 1445 874 1471 Ἀν-

66 1479 189 1514 τιοχέων
224 1480 372 1516 ἐκκλησίας
397 1483 560 1519 ἡγούμενος,
591 1487 725 1522 ἐγγράφει
752 1489 800 1523 μὲν
825 1490 872 1522 οὓς

67 1524 207 1552 ἐϐούλετο
218 1533 225 1540 ·
252 1526 363 1562 ἔσχατον
376 1528 404 1554 δὲ
419 1529 529 1556 πάντων
545 1532 706 1568 προστίθησι
720 1533 871 1570 Νεκτάριον

67 1570 114 1597 διὰ
127 1571 183 1606 τὴν
201 1571 273 1607 πρὸς
292 1573 422 1609 Διόδωρον
438 1574 527 1611 χάριν.
549 1575 697 1611 Ἀναγνοὺς
719 1579 746 1605 δὲ
762 1580 776 1606 ὁ
793 1579 871 1614 βασι-

68 1615 136 1647 λεὺς
149 1615 212 1643 τῶν
229 1617 420 1653 ἐγγραφέντων
436 1619 480 1646 τὸν
493 1621 652 1656 κατάλογον,
670 1622 735 1658 ἔστη
755 1624 801 1651 ἐπὶ
817 1625 871 1652 Νε-

69 1662 193 1697 κταρίῳ.
207 1663 263 1689 Καὶ
289 1664 400 1696 σύννους
416 1665 570 1700 γενόμενος,
595 1653 675 1703 σχολῇ
696 1653 756 1695 κοίθι
775 1670 871 1697 ἑαυτὸν
884 1653 905 1682 C

68 1706 250 1737 ἐϐουλεύετο,
261 1709 306 1735 τὸν
316 1709 446 1737 δάκτυλον
458 1711 560 1743 ἐπιθεὶς
570 1713 602 1747 τῇ
614 1713 755 1750 τελευταίᾳ
765 1717 867 1751 γραφῇ.

72 1753 130 1780 Καὶ
161 1754 330 1790 ἀναδραμὼν
373 1757 412 1787 εἰς
443 1757 491 1792 τὴν
521 1758 626 1794 ἀρχὴν,
656 1758 733 1792 αὖθις
765 1762 869 1794 πάντας

70 1798 218 1833 ἐπανῆλθε
230 1819 237 1831 ,
261 1801 307 1827 καὶ
322 1801 471 1837 Νεκτάριον
485 1802 611 1838 αἱρεῖται.
628 1804 725 1840 Θαῦμα
743 1805 771 1833 δὲ
787 1807 868 1835 πᾶσιν

71 1843 187 1878 ἐγένετο
197 1852 206 1860 ⁸
222 1845 269 1871 καὶ
281 1846 460 1874 ἐπυνθάνοντο
474 1849 548 1881 ὅστις
563 1849 604 1884 εἴη
616 1851 764 1886 Νεκτάριος
780 1848 867 1885 οὗτος,

71 1889 120 1914 καὶ
139 1890 267 1922 ποδαπὸς
279 1891 310 1917 τὸ
323 1891 501 1928 ἐπιτήδευμα,
521 1895 568 1921 καὶ
582 1895 672 1923 πόθεν.
689 1896 828 1928 Μαθόντες
840 1897 868 1923 δὲ

73 1934 145 1970 μηδὲ
160 1935 321 1972 μυστηρίων
336 1939 532 1973 μετεσχηκέναι
546 1940 591 1967 τὸν
607 1940 701 1976 ἄνδρα,
714 1941 753 1969 ἑτι
770 1942 868 1976 μᾶλλον

72 1979 237 2014 ἐθαύμαζον
253 1980 282 2007 τὺ
297 1982 446 2017 παράδοξον
460 1984 510 2019 τῆς
523 1984 571 2012 τοῦ
589 1984 722 2019 βασιλέως
741 1986 867 2022 κρίσεως.

78 2024 193 2058 Ἦγνόει
208 2025 237 2051 δὲ
260 2026 350 2060 τοῦτο,
368 2025 455 2062 οἶμαι,
478 2030 524 2056 καὶ
538 2030 678 2066 Διόδωρος.
704 2031 741 2058 Οὐ
758 2031 812 2067 γὰρ
835 2032 868 2059 ἂν

41 2101 47 2107 _
74 2070 233 2106 ἐθάρρησεν
241 2072 328 2105 είδὼς,
339 2073 377 2101 ἔτι
388 2075 502 2110 ἁμυήτῳ
511 2075 602 2103 δοῦναι
610 2077 699 2112 ψῆφον
709 2077 866 2113 ἱερωσύνης.

82 2116 153 2144 Ἀλλ’
168 2115 215 2145 οἷα
227 2118 310 2150 εἰκὸς,
324 2119 438 2154 νομίσας
454 2120 546 2147 πολιὸν
562 2121 637 2153 ὄντα,
656 2122 694 2158 μὴ
713 2123 761 2149 καὶ
784 2123 868 2150 πάλαι

77 2162 238 2197 μεμυῆσθαι
253 2162 318 2198 (97).
345 2164 402 2191 Οὐκ
424 2164 498 2192 ἀθεεὶ
520 2166 548 2192 δὲ
572 2167 656 2193 ταῦτα
677 2167 830 2194 συνέϐαινεν
845 2167 866 2194 ί.

82 2205 159 2233 Ἐπεὶ
176 2207 224 2233 καὶ
240 2207 364 2242 βασιλεὺς
380 2209 502 2245 ἀμύητον
518 2211 599 2238 αὑτὸν
612 2210 681 2239 εἶναι
697 2212 799 2248 μαθὼν,
820 2212 866 2239 ἐπὶ

77 2251 126 2286 τῆς
140 2252 227 2286 αὐτῆς
238 2251 327 2287 ἔμεινε
341 2254 463 2290 γνώμης,
477 2256 581 2283 πολλῶν
596 2257 690 2292 ἱερέων
707 2257 866 2284 ἀντιτεινόν-

115 2341 124 2358 ⁸
139 2342 232 2377 Socr.,
246 2343 294 2372 lib.
311 2353 338 2379 ν,
353 2353 378 2373 c.
395 2346 422 2376 8.

925 1030 1116 1058 considerans.
1127 1031 1221 1065 Itaque
1233 1035 1362 1066 tanquam
1374 1031 1489 1060 alterius
1500 1031 1600 1067 negotii
1612 1038 1707 1063 causa,

924 1084 986 1104 eum
1002 1077 1035 1104 ad
1053 1078 1210 1112 episcopum
1224 1079 1436 1106 Antiochensem
1452 1077 1582 1112 deduxit;
1600 1078 1708 1106 multis-

924 1131 977 1158 que
991 1123 1118 1151 laudibus
1136 1128 1306 1159 prosecutus,
1318 1124 1406 1152 oravit
1416 1124 1574 1160 episcopum
1591 1128 1620 1151 ut
1630 1124 1707 1151 illum

924 1167 1054 1202 suffragio
1071 1175 1121 1195 suo
1135 1168 1288 1203 adjuvaret.
1307 1168 1354 1196 Ille
1368 1176 1435 1196 vero
1450 1169 1478 1196 in
1492 1169 1559 1196 tanti
1575 1169 1707 1196 momenti

923 1214 1043 1247 negotio,
1069 1214 1114 1240 ubi
1128 1214 1207 1241 multi
1225 1214 1347 1241 illustres
1361 1214 1412 1241 viri
1432 1214 1550 1249 eligendi
1571 1221 1707 1249 propone~

923 1260 1038 1292 bantur,
1063 1259 1172 1287 Diodori
1200 1259 1361 1295 suffragium
1385 1260 1499 1294 derisit;
1527 1261 1707 1288 nihilominus

922 1310 1066 1334 evocatum
1080 1305 1114 1333 ad
1130 1314 1160 1333 se
1174 1305 1342 1339 Nectarium,
1358 1306 1557 1342 aliquantulum
1574 1305 1706 1341 temporis

922 1350 1042 1385 opperiri
1063 1350 1156 1384 jussit.
1178 1349 1256 1378 Haud
1280 1351 1367 1378 multo
1386 1354 1458 1386 post,
1478 1358 1542 1378 cum
1557 1350 1707 1385 imperator

923 1396 1080 1423 mandasset
1097 1395 1244 1430 episcopis,
1261 1399 1290 1422 ut
1307 1395 1417 1423 nomina
1431 1402 1527 1423 eorum
1542 1403 1612 1429 quos
1627 1395 1706 1430 quis-

922 1448 975 1476 que
997 1441 1156 1475 episcopatu
1180 1440 1279 1475 dignos
1295 1439 1452 1474 iudicaret.
1478 1439 1505 1466 in
1525 1439 1620 1466 charta
1644 1446 1708 1473 per-

922 1487 1082 1519 scriberent,
1093 1494 1232 1520 unumque
1241 1493 1274 1513 ex
1282 1485 1411 1513 omnibus
1420 1484 1538 1520 eligendi
1548 1484 1705 1512 facultatem

922 1533 974 1561 sibi
998 1534 1057 1568 ipse
1073 1535 1251 1563 reservasset,
1266 1531 1311 1558 alii
1331 1531 1443 1566 quidem
1463 1530 1578 1558 aliorum
1596 1530 1705 1557 nomina

922 1577 1153 1614 perscripserunt.
1168 1576 1361 1604 Antiochensis
1375 1579 1467 1603 autem
1486 1574 1610 1603 ecclesia:
1633 1574 1707 1600 anti-

922 1627 979 1650 stes
997 1622 1109 1656 scripsit
1124 1624 1152 1649 et
1169 1621 1227 1656 ipse
1242 1628 1290 1648 eos
1306 1628 1376 1655 quos
1393 1620 1493 1648 voluit:
1520 1620 1642 1647 omnium
1661 1623 1705 1646 ta-

923 1675 984 1695 men
1001 1671 1169 1702 postremum
1186 1667 1286 1701 adjecit
1303 1665 1460 1693 Neoterium
1476 1667 1502 1693 in
1516 1666 1631 1701 gratiam
1643 1664 1705 1691 Dio-

922 1712 992 1740 dori.
1009 1712 1160 1748 Imperator
1171 1712 1266 1746 igitur,
1279 1711 1399 1746 perlecto
1411 1711 1534 1738 indiculo
1549 1717 1645 1738 eorum
1657 1709 1706 1744 qui

921 1758 1046 1793 inscripti
1064 1757 1183 1790 fuerant,
1203 1756 1326 1785 substitit
1351 1756 1379 1783 in
1396 1755 1535 1783 Nectario.
1553 1756 1586 1783 Et
1600 1756 1705 1783 intenta

922 1803 1020 1832 mentis
1042 1803 1110 1835 acie,
1127 1810 1219 1830 secum
1236 1803 1295 1838 ipse
1314 1801 1497 1835 conSultabat,
1512 1801 1598 1836 digito
1612 1800 1640 1827 in
1655 1808 1706 1835 po-

920 1853 1052 1877 stremum
1069 1848 1231 1876 vocabulum
1243 1849 1389 1883 impresso.
1402 1846 1566 1882 Rursusque
1576 1846 1610 1873 ad
1622 1850 1706 1881 caput

920 1902 1058 1926 reversus.
1070 1902 1133 1922 cum
1152 1899 1268 1922 cunctos
1283 1893 1378 1921 ordine
1393 1893 1584 1928 percurrisset,
1603 1891 1705 1919 Necta-

921 1940 991 1967 rium
1015 1939 1105 1974 elegit.
1122 1939 1193 1967 Tum
1217 1947 1283 1968 vero
1300 1939 1447 1966 admiratio
1463 1946 1560 1966 omnes
1583 1936 1702 1965 invasit:

920 1986 1133 2021 quaerebantque
1156 1986 1219 2021 quis
1239 1990 1266 2014 et
1285 1986 1358 2014 unde
1378 1990 1454 2014 esset
1479 1984 1621 2013 Nectarius
1646 1983 1702 2015 ille,

920 2036 947 2059 et
960 2031 1032 2066 quod
1048 2031 1109 2058 vitae
1128 2039 1213 2066 genus
1230 2036 1393 2060 sectaretur.
1404 2031 1527 2066 Cumque
1543 2029 1705 2058 didicissent

921 2085 956 2105 ne
969 2084 1049 2105 sacro
1061 2076 1170 2112 quidem
1186 2077 1296 2105 lavacro
1309 2086 1370 2105 eum
1384 2077 1520 2105 initiatum
1531 2084 1602 2109 esse,
1614 2075 1704 2110 inopi-

920 2127 1014 2150 natum
1033 2121 1165 2156 principis
1182 2121 1317 2156 judicium
1337 2129 1370 2149 eo
1386 2122 1502 2157 amplius
1522 2121 1702 2148 mirabantur.

921 2167 1065 2203 Ignorabat
1076 2171 1168 2194 autem
1185 2166 1269 2197 istud.
1291 2170 1321 2193 ut
1335 2168 1444 2201 opinor,
1458 2167 1541 2196 etiam
1557 2166 1702 2193 Diodorus.

919 2211 1095 2248 Nequeenim
1115 2211 1139 2239 si
1163 2211 1191 2238 id
1216 2210 1347 2244 sciisset,
1375 2218 1460 2240 ausus
1485 2215 1560 2240 esset
1583 2217 1702 2246 unquam

922 2257 981 2285 viro
1004 2256 1126 2284 nondum
1143 2256 1253 2285 initiato
1269 2256 1416 2285 sacerdotii
1438 2257 1598 2294 suﬂ'ragium
1625 2256 1701 2285 dare.

680 2429 812 2458 VALESII
831 2429 1107 2459 ANNOTATIONES.

115 2478 245 2523 (96)‘Kal
262 2481 296 2509 τὸ
311 2482 463 2523 προσηνὲς
479 2483 539 2523 τῷν
548 2484 673 2523 τρᾴπων.
689 2465 864 2523 υιδβοπίιιςιτι

932 2488 1081 2515 παιιὶειιιιιιη
1093 2495 1108 2515 e
1128 2495 1178 2515 suo
1200 2487 1294 2516 codice
1306 2488 1449 2523 expunxit.
1462 2488 1526 2516 Mihi
1542 2493 1631 2517 tamen
1646 2489 1702 2518 cleo

82 2514 272 2557 sitAsciitentia,
291 2514 458 2557 addendum
469 2521 511 2546 est
524 2514 636 2547 omnino
658 2514 769 2548 vcrbuin
783 2521 864 2557 ὁρῶν,

82 2553 128 2576 aut
145 2551 218 2578 aliud
237 2552 335 2580 simile.

116 2584 170 2621 (97)
182 2587 230 2621 Μὴ
242 2587 292 2615 καὶ
298 2586 390 2614 πάλαι
395 2587 575 2622 μεμυῆσθαι.
586 2587 703 2618 Savilius
713 2591 866 2627 negativam

919 2523 1185 2564 ERIIIIUSJVMBIUI'.‘
1199 2523 1222 2550 si
1250 2523 1382 2564 legamus.
1469 2524 1517 2564 καὶ
1536 2524 1629 2564 πάλαι,
1647 2528 1701 2564 etc:

919 2557 1001 2594 Forte
1014 2558 1095 2594 etiam
1113 2557 1306 2594 corrigendum
1320 2563 1362 2594 est
1376 2557 1485 2594 initium
1500 2559 1583 2594 hujus
1597 2559 1702 2594 periodi

920 2592 972 2620 hoc
988 2593 1068 2621 modo
1089 2602 1096 2620 :
1123 2591 1199 2620 Ἀλλῖ
1210 2592 1275 2625 ἴσως
1287 2593 1400 2628 νομίσας
1413 2591 1458 2630 ἦν,
1475 2598 1530 2622 etc.

762 2666 767 2671 ’
793 2681 988 2711 VARIORUM.

123 2721 130 2741 ε
152 2722 211 2749 οὐκ
229 2722 307 2762 delegi
320 2722 354 2750 δὲ
370 2722 463 2762 ταῦτα
475 2723 663 2762 συνέϐαινεν.
680 2724 768 2762 Supra
779 2733 866 2756 osten-

86 2762 208 2793 §um_est,
229 2757 263 2793 ad
281 2757 403 2791 Sozom.,
419 2758 466 2785 Iib.
487 2767 523 2791 v1,
541 2766 600 2793 cap.
621 2760 666 2792 24,
688 2757 779 2788 divum
803 2765 867 2790 Am-

87 2789 254 2831 brosium__in
281 2789 492 2831 Mediolanensis
517 2789 650 2822 Ecclesiae
660 2789 862 2831 episcopatum,

88 2823 147 2854 dum
176 2827 265 2856 adhuc
291 2828 504 2857 catechumenus
524 2833 607 2864 esset,
625 2823 862 2867 ευιιεὶηεηηὶοβδί

919 2729 995 2764 pulo,
1022 2733 1049 2757 et
1064 2734 1200 2758 annuente
1226 2730 1402 2764 imperatore,
1438 2729 1573 2764 adlectum
1603 2727 1701 2761 fuisse.

919 2763 1015 2791 contra
1026 2771 1157 2791 canonem
1175 2763 1355 2798 apustolicum
1370 2772 1451 2795 un.
1469 2768 1496 2792 et
1514 2763 1652 2791 Nicaenum
1668 2772 1698 2792 ll.

923 2798 986 2835 [loci
1009 2803 1118 2835 autem__
1136 2799 1269 2834 singulari
1301 2800 1348 2827 Dei
1374 2799 1545 2834 providentia
1571 2799 1697 2835 contigit.

917 2834 988 2868 quod
1002 2838 1029 2862 ct
1046 2833 1079 2862 de
1096 2833 1222 2862 Ncctario
1237 2835 1280 2862 hic
1296 2833 1441 2863 dicendum
1459 2839 1510 2863 est.
