1883 3069
202 121 267 151 “Si

935 121 1108 150 SOZOMENI

1768 129 1842 156 “5‘2

199 182 273 209 sicut
288 184 368 208 antea
392 181 495 209 dictum
529 185 579 209 est.
599 180 700 209 Verum
720 181 758 208 illi
789 188 851 208 cum
881 181 978 209 diserte

1036 184 1226 220 ἀπεδήμησαν.
1260 186 1315 212 Καὶ
1344 186 1401 218 τοῖς
1432 186 1502 213 κατὰ
1526 185 1604 213 πόλιν
1633 187 1842 223 δμοξρονοῦσιν

201 228 393 262 aﬂirmassent,
407 236 547 263 nunquam
565 235 594 255 se
617 228 880 256 consubstantialem
911 228 985 256 Patri

200 273 299 300 Filium
314 278 474 302 asserturos
488 281 559 305 esse,
574 274 682 301 etiamsi
711 275 848 302 contraria
863 275 898 303 iis
925 283 986 310 qum

201 317 311 346 Liberio
323 319 438 353 polliciti
452 318 561 346 fuerant
572 318 674 346 dicturi
686 319 984 347 essentdiscessernnt.

202 363 234 390 Et
244 364 277 391 ad
289 372 337 391 eos
350 364 397 398 qui
412 364 439 391 in
456 364 574 400 singulis
594 364 710 392 urbibus
725 365 847 400 opinioni
862 366 984 400 ipsorum

200 409 388 442 adhaerebam,
408 409 514 438 litteras
531 411 717 446 scripserunt,
737 419 772 438 ne
794 411 915 439 decretis
938 411 986 438 Ni-

199 461 280 481 caena:
298 455 397 490 synodi
419 456 618 484 consentirent.
645 456 753 492 Reliqui
769 465 834 484 vero
861 457 985 492 episcopi

198 500 247 534 qui
261 500 505 536 Constantinopoli
521 508 722 535 remanserant,
741 502 811 529 inter
831 509 861 529 se
873 503 985 530 consul-

198 547 304 582 tarunt,
319 545 427 573 cuinam
445 547 618 581 polissimutn
639 547 814 582 episcopatus
833 548 893 582 ejus
909 548 984 576 urbis

196 591 423 619 committeretur.
435 592 540 620 Etenim
553 593 631 620 aiunt
657 593 850 628 imperatorem
862 595 984 629 quidem,

197 644 260 663 cum
276 636 438 672 Gregorium
452 639 488 666 ob
503 639 585 666 vitam
603 643 686 674 atque
699 639 854 667 doctrinam
871 647 984 675 magno-

197 692 264 718 pere
282 685 442 717 miraretur,
458 693 521 713 eum
535 686 588 713 hoc
610 686 771 721 pontificatu
784 686 899 722 dignum
919 694 984 715 cen-

197 730 307 758 suisse:
325 735 353 759 et
368 732 518 767 plerosque
533 740 567 760 ex
581 732 721 768 episcopis
735 733 784 767 qui
801 732 920 760 concilio
943 733 984 760 in-

196 780 331 809 tererant,
355 785 410 811 pra:
435 778 587 805 reverentia
616 785 670 812 qua
701 777 827 813 Gregorii
855 778 982 806 virtutem

196 823 441 857 prosequebantur.
479 823 653 858 imperatoris
683 823 821 858 judicium
855 831 983 859 compro-

196 867 290 896 basse.
308 868 399 904 Ipsum
415 877 480 897 vero
497 869 671 905 Gregorium,
691 869 770 897 initio
785 870 896 905 quidem
914 870 983 898 Con-

196 913 447 949 stantinopolitana:
471 914 602 942 Ecclesize
628 914 895 942 administrationem
926 923 982 942 non

197 958 312 986 invitum
340 960 515 995 suscepisse;
543 965 638 994 postea
673 968 737 988 vero
765 968 829 988 cum
847 960 980 995 quosdam

196 1005 349 1032 antistitem
367 1013 399 1033 ac
413 1007 552 1041 praecipue
566 1006 712 1041 Egyptios
728 1006 861 1040 refragari
879 1005 982 1033 intelli-

195 1055 282 1085 geret,
298 1058 357 1078 eam
374 1059 518 1080 recusasse
533 1052 552 1079 '.
568 1052 608 1079 Ac
625 1052 691 1079 mihi
707 1051 817 1087 quidem
834 1051 982 1086 sapientis-

195 1097 293 1124 simum
309 1097 382 1124 hunc
398 1097 498 1129 virum,
519 1102 576 1124 tum
594 1097 629 1125 ob
651 1098 705 1124 alia
724 1097 826 1129 multa,
843 1101 901 1124 tum
924 1105 982 1124 ma-

197 1142 271 1169 xime
297 1142 324 1170 in
343 1143 395 1170 hoc
426 1144 539 1179 negotio
564 1143 659 1171 mirari
685 1143 769 1171 subit.
803 1143 871 1170 Nam
892 1150 982 1178 neque

195 1187 265 1215 fastu
279 1188 368 1216 elatus
391 1193 434 1217 est
460 1193 574 1225 propter
599 1189 780 1222 facundiam;
811 1197 862 1216 nec
889 1189 982 1217 inanis

193 1234 287 1268 gloriae
310 1235 404 1263 studio
425 1236 450 1263 ei
470 1235 602 1263 Ecclesiae
634 1235 782 1270 prmsidere
810 1235 980 1270 concupivit,

193 1287 275 1312 quam
292 1288 360 1315 pene
377 1281 542 1309 cxstlnctam
561 1289 592 1308 ac
609 1286 745 1309 mortuam
763 1282 821 1315 ipse
835 1281 980 1316 regendam

193 1331 370 1361 susceperat;
387 1326 435 1354 sed
451 1328 661 1363 reposcentibus
676 1327 813 1363 episcopis
825 1327 981 1362 depositum

194 1371 323 1403 reddidit,
334 1373 402 1400 nihil
413 1373 447 1400 de
462 1374 556 1401 multis
571 1374 712 1401 laboribus
725 1374 783 1402 suis
797 1377 979 1408 conquestus,

195 1417 262 1444 nihil
275 1417 308 1445 de
325 1419 456 1453 periculis
470 1427 531 1454 quae
546 1421 679 1447 adversus
696 1420 813 1447 haereses
835 1419 980 1447 decertans

194 1463 327 1491 subierat.
346 1464 427 1500 Atqui
446 1466 513 1493 nulli
530 1474 613 1502 grave
633 1466 757 1493 futurum
777 1470 848 1498 erat,
872 1465 896 1493 si
922 1465 980 1500 ipse

1036 229 1170 265 ἔγραψαν,
1188 230 1225 266 μὴ
1243 230 1388 258 συνθέσθαι
1408 233 1465 263 τοῖς
1477 233 1508 258 ὲν
1524 232 1630 268 Νικαίᾳ
1646 233 1839 268 δεδογμένοις.

1037 275 1069 302 Οἱ
1083 275 1111 302 δὲ
1122 276 1151 302 ὲν
1165 277 1448 304 Κωνσταντινουπόλει
1461 279 1692 314 προσμείναντες,
1707 279 1841 306 ἐδουλεύ-

1037 330 1117 348 σαντο
1134 322 1186 348 τίνι
1208 322 1261 349 δέοι
1277 323 1420 358 ἐπιτρέψαι
1434 324 1483 359 τὴν
1499 324 1593 352 ἐνθάδε
1609 324 1761 359 καθέδραν.
1784 326 1839 352 A‘é-

1035 376 1113 401 γεται
1137 367 1202 402 γὰρ,
1221 368 1266 395 τὸν
1290 368 1403 403 βασιλέα
1428 369 1478 404 μὲν
1499 369 1678 404 θαυμάζοντα
1703 370 1768 404 βίου
1790 372 1840 397 καὶ

1036 413 1091 439 τῶν
1105 413 1192 446 λόγων
1209 413 1369 449 Γρηγόριον,
1385 414 1458 446 ἄξιον
1475 414 1647 450 ψηφίσασθαι
1661 416 1772 450 ταύτης
1786 416 1839 451 τῆς

1036 458 1189 493 ἐπισκοπῆς
1200 467 1207 473 ·
1224 459 1379 486 συναινέσαι
1395 459 1423 486 δὲ
1438 460 1486 486 καὶ
1499 460 1564 492 τοὺς
1575 461 1688 492 πλείους
1705 462 1758 496 τῆς
1774 470 1839 488 συν-

1036 503 1107 535 όδου,
1121 504 1191 530 αἰδοῑ¹
1201 504 1250 538 τῆς
1266 505 1348 531 αὑτοῦ
1365 505 1484 541 ἀρετῆς*
1501 505 1547 532 τὸν
1558 505 1597 538 δὲ,
1615 505 1651 533 τὰ.
1667 506 1721 540 μὲν
1737 507 1838 542 πρῶτα

1036 549 1144 576 ἑλέσθαι
1170 551 1331 585 προστατεῖν
1356 551 1406 586 τῆς
1434 552 1756 584 Κωνσταντινουπόλεως
1787 554 1836 580 ὲκ-

1035 594 1149 630 κλησίας
1160 603 1167 610 ·
1185 595 1343 631 αἰσθόμενον
1355 596 1384 623 δέ
1395 605 1471 628 τινας
1483 597 1606 633 ἀντερεῖν
1614 598 1640 630 h,
1652 598 1704 624 καὶ
1715 598 1837 634 μάλιστα

1035 641 1098 672 τοὺς
1111 641 1141 673 ἐξ
1155 641 1302 675 Αἰγύπτου,
1312 642 1542 678 παραιτήσασθαι.
1559 643 1614 669 Καί
1626 651 1674 678 μοι
1687 643 1746 677 (95)
1761 643 1837 669 τόνδε

1036 686 1191 720 σοφώτατον
1205 686 1288 722 ἄνδρα
1302 687 1412 713 πάντων
1425 686 1528 719 ἕνεκεν,
1552 687 1602 722 οὐχ
1621 687 1728 722 ἥκιστα
1743 687 1773 713 δὲ
1786 687 1835 714 τοῦ

1036 731 1168 766 παρόντος
1193 731 1391 767 θαυμάζεσθαι.
1415 731 1484 758 Οὔτε
1509 732 1563 767 γὰρ
1590 731 1645 758 ὑπὸ
1663 731 1835 766 εὐγλωττίας

1035 777 1186 813 ἐνεπλήσθη
1197 778 1292 812 τύφου,
1302 777 1363 804 οὗτε
1374 777 1426 804 ὑπὸ
1440 778 1521 813 κενῆς
1535 777 1614 813 δόξης
1627 778 1670 810 είς
1682 777 1835 812 ἐπιθυμίαν

1034 821 1116 858 ἦλθεν
1130 823 1257 859 ἡγεῖσθαι
1276 824 1327 859 τῆς
1342 823 1488 859 ἐκκλησίας
1509 823 1542 858 ἣν
1566 823 1719 858 παρέλαϐε,
1734 824 1835 859 μηκέτι

1033 866 1102 895 εἴναι
1121 869 1338 896 κινδυνεύουσαν.
1363 868 1520 895 Ἀπαιτοῦσι
1541 869 1570 896 δὲ
1590 870 1648 900 τοῖς
1668 869 1834 901 ἐπισκόποις

1033 914 1082 949 τὴν
1104 914 1339 950 παρακαταθήκην
1371 914 1512 941 ἀπέδωκεν
1526 935 1534 947 ,
1563 915 1593 941 οὺ
1620 916 1687 946 τοὺς
1715 914 1835 946 πολλοὺς

1034 959 1149 994 ίδρῶτας
1172 959 1358 996 μεμψάμενος,
1379 960 1396 995 ἢ
1416 960 1479 992 τοὺς
1498 960 1639 992 κινδύνους
1654 960 1702 992 οὓς
1725 961 1831 994 ὑπέστη

1033 1004 1099 1039 πρὸς
1115 1005 1164 1036 τὰς
1183 1005 1303 1040 αἱρέσεις
1321 1005 1494 1040 ζυγομαχῶν.
1518 1006 1649 1039 Καίτοιγε
1675 1006 1706 1032 τὸ
1727 1005 1832 1032 λυποῦν

1032 1050 1107 1076 οὐδὲν
1120 1048 1164 1085 ἦν,
1179 1050 1291 1086 μηδενὸς
1302 1050 1388 1081 ὄντος,
1407 1050 1497 1085 μένειν
1512 1050 1592 1078 αὐτὸν
1608 1051 1833 1077 Κωνσταντινοιι-

1032 1095 1135 1127 πόλεως
1157 1095 1316 1123 ἐπίσκοπον.
1339 1095 1410 1131 Ὶιδη
1427 1095 1481 1131 γὰρ
1498 1097 1545 1123 καὶ
1560 1095 1717 1128 Ναζιανζοῦ
1736 1095 1832 1131 ἕτερος

1031 1141 1181 1173 ἐπίσκοπος
1195 1140 1408 1177 κεχειροτόνητο.
1429 1141 1501 1168 Ἀλλ’
1512 1142 1588 1178 ὅμως
1605 1142 1622 1178 ή
1641 1141 1767 1174 σύνοδος,
1784 1143 1833 1169 καὶ

1031 1188 1095 1219 τοὺς
1114 1188 1246 1223 πατρίους
1264 1188 1363 1223 νόμους
1380 1188 1428 1215 καὶ
1444 1188 1494 1223 τὴν
1506 1188 1740 1224 ὲκκλησιαστικὴν
1752 1189 1832 1222 τάξιν

1032 1233 1213 1268 φυλάττουσα,
1229 1234 1243 1260 ὂ
1256 1234 1366 1266 δέδωκε,
1383 1235 1447 1270 παρ’
1462 1234 1570 1266 ἑκόντος
1582 1234 1731 1270 ἀπείληφε,
1745 1234 1832 1270 μηδὲν

1031 1279 1183 1306 αίδεσθεῖσα
1197 1279 1250 1306 τῶν
1265 1279 1312 1306 τοῦ
1328 1279 1424 1316 ἀνδρὸς
1436 1279 1693 1315 πλεονεκτημάτων.
1718 1279 1767 1310 Ὧς
1784 1279 1832 1306 ἐπὶ

1032 1325 1153 1360 μεγίστῳ
1172 1326 1200 1353 δὲ
1221 1326 1457 1361 πεφροντισμένης
1479 1325 1577 1361 βουλῆς
1598 1324 1637 1360 τῷ
1656 1325 1769 1360 βασιλεῖ
1785 1325 1832 1351 καὶ

1030 1373 1086 1404 τοῖς
1110 1373 1227 1408 ἱερεῦσιν
1249 1372 1346 1408 οῠσης,
1373 1372 1607 1408 παρεγγυωμὲνου
1627 1380 1659 1398 τε
1682 1371 1731 1398 τοῦ
1752 1380 1832 1406 κρα-

1030 1417 1139 1449 τοῦντος
1155 1417 1256 1453 ἀκριὸἧ
1275 1417 1441 1452 ποιήσασθαι
1459 1416 1591 1452 βάσανον,
1615 1417 1690 1448 ὅπως
1715 1415 1760 1442 ὅτι
1779 1416 1831 1451 μά-

1029 1463 1108 1490 λιστα
1131 1463 1211 1494 καλός
1236 1471 1267 1489 τε
1291 1463 1338 1489 καὶ
1359 1462 1461 1496 ἀγαθὸς
1477 1462 1613 1497 εὑρεθείη,
1630 1458 1653 1496 ᾦ
1669 1462 1767 1496 δεήσει
1787 1470 1830 1488 πι-

193 1509 445 1546 Constantinopolis
461 1512 608 1546 episcopus
625 1516 793 1545 remaneret,
809 1519 872 1539 cum
885 1511 978 1540 nullus

1034 1508 1141 1535 στεῦσαι
1157 1509 1207 1544 τῆς
1232 1509 1362 1543 μεγίστης
1377 1508 1425 1534 καὶ
1441 1507 1636 1542 βασιλευούσης
1653 1507 1764 1538 πόλεως
1780 1507 1828 1542 τὴν

195 1555 230 1582 ibi
243 1560 316 1583 esset
331 1556 413 1583 alius.
432 1556 493 1583 Jam
508 1557 582 1584 enim
596 1557 725 1584 Nazianzi
746 1557 815 1584 alter
832 1557 977 1592 cpiscopus

195 1599 282 1627 fuerat
297 1601 452 1630 ordinatus.
471 1601 654 1630 Nihilominus
673 1608 763 1630 tamen
785 1607 878 1629 sancta
896 1609 978 1637 syno-

194 1647 246 1675 dus
262 1648 335 1683 lcges
355 1648 503 1684 majorum,
525 1653 552 1676 et
572 1649 701 1677 Ecclesiae
721 1648 895 1682 disciplinam
918 1652 979 1675 stu-

1031 1554 1239 1590 ἀρχιεροσύνην,
1255 1555 1285 1581 οὐ
1300 1554 1350 1589 τὴν
1366 1554 1450 1588 αὐτὴν
1464 1553 1576 1588 γνώμην
1589 1551 1663 1588 εἶχεν
1675 1553 1692 1588 ή
1706 1553 1827 1583 σύνοδος.

1034 1601 1164 1627 Ἔκαστοι
1189 1601 1217 1627 δέ
1245 1609 1305 1629 τινα
1334 1600 1390 1626 τῶν
1421 1600 1510 1631 αὐτοῖς
1541 1599 1704 1634 ἐπιτηδείων
1732 1598 1829 1634 ἠξίουν

1034 1649 1205 1682 χειροτονεῖν.

194 1692 269 1720 diose
284 1700 410 1727 servans,
428 1694 453 1721 id
470 1694 543 1729 quod
560 1694 684 1726 dederat,
721 1702 736 1720 a
770 1693 879 1721 volente
899 1692 1017 1727 recepit,
1035 1693 1152 1720 eximias
1167 1692 1227 1727 ejus
1241 1692 1296 1719 viri
1312 1691 1392 1719 dotes
1405 1690 1619 1725 haudquaquam
1648 1689 1732 1724 287
1749 1697 1827 1716 reve-

195 1739 258 1766 rita.
277 1738 361 1767 Porro
372 1747 434 1767 cum
452 1741 602 1775 imperator
619 1743 646 1767 et
662 1739 783 1774 episcopi
797 1743 927 1774 tanquam
947 1738 980 1766 de
1000 1746 1030 1766 rc
1049 1738 1160 1765 maximi
1179 1738 1310 1766 momenti
1328 1737 1532 1768 consultantes,
1563 1735 1715 1763 admodum
1749 1734 1825 1761 anxii

194 1787 358 1822 sollicitique
373 1791 481 1820 essent,
508 1791 536 1816 et
550 1788 698 1823 imperator
716 1787 774 1822 ipse
790 1787 982 1822 cohortaretur
1022 1791 1051 1814 ut
1068 1786 1187 1822 diligens
1210 1786 1354 1822 inquisitio
1375 1785 1454 1814 ﬁeret
1474 1784 1573 1820 optimi
1593 1787 1677 1819 atque
1701 1783 1824 1817 integer-

249 1865 257 1881 ⁸
269 1865 347 1893 Socr.
364 1865 383 1893 l.
410 1873 435 1898 v,
451 1871 476 1892 c.
492 1865 520 1892 7.

792 1959 924 1987 VALESll
942 1957 1217 1987 ANNOTATIONES.

229 2003 286 2043 (95)
301 2003 356 2043 καί
368 2002 594 2043 μοικίῐςξηιῆουβΔ
610 2004 733 2043 savilius
749 2005 776 2032 in
793 2006 915 2043 margine
940 2005 982 2032 sui

195 2038 300 2066 codicis
312 2038 454 2066 adnotavit
462 2039 558 2068 deesse
569 2039 612 2067 hic
624 2040 734 2076 aliquod
744 2041 867 2068 verbum.
877 2040 980 2068 Verum

1037 2012 1070 2032 ex
1082 2003 1235 2039 Niccpltoro
1250 2004 1331 2032 facile
1341 2007 1384 2032 est
1403 2003 1471 2032 illud
1490 2002 1620 2040 supplere
1632 2002 1661 2031 in
1676 2003 1754 2031 hunc
1768 2009 1821 2030 mo-

1034 2039 1118 2067 dum:
1144 2040 1197 2066 Καί
1216 2049 1260 2076 μοι
1277 2039 1377 2067 ἔπεισι.

902 2128 1098 2157 νΑῐιιοιιυιι.

236 2173 445 2213 ὶὲΔῑσθόμεν-ον
457 2175 491 2213 δέ
512 2184 596 2213 τινας
617 2177 760 2211 ἀντερεῖν.
787 2177 816 2206 S.
833 2178 978 2212 Gregorius

1034 2186 1128 2213 pacem
1153 2178 1350 2211 conciliarent;
1389 2185 1452 2206 cum
1481 2178 1566 2213 probe
1594 2181 1710 2206 nossent
1742 2185 1821 2213 quam

196 2210 638 2247 Naziaqzenus,orthodoxorum
662 2210 855 2247 episcoporum
880 2210 980 2240 studiis

198 2254 230 2274 ac
252 2245 390 2278 sullragiis
411 2245 552 2277 incitatus,
574 2245 704 2274 Ecclesiae
724 2245 980 2281 corrstantinopoli-

197 2287 375 2317 tantecuram
397 2280 423 2307 in
441 2287 470 2306 se
495 2281 616 2317 recepit:
625 2281 673 2308 llic
688 2283 849 2317 aliquandiu
866 2280 981 2310 docebat

197 2318 224 2343 in
244 2315 302 2344 aede
318 2323 395 2352 sacra
413 2315 570 2352 perexigua,
585 2316 618 2343 ad
635 2324 716 2350 quam
735 2315 828 2352 postea
842 2318 981 2352 amplissi-

199 2359 271 2378 mum
288 2351 418 2387 templum
432 2350 568 2387 adjectum
586 2356 636 2387 est,
649 2350 794 2380 Anastasia
810 2350 896 2386 dicta;
908 2353 981 2387 quod

198 2394 230 2422 eo
246 2387 272 2413 in
288 2387 347 2422 loco
362 2385 465 2413 Nicaani
483 2386 595 2422 concilii
608 2386 695 2422 ﬁdes,
712 2388 853 2414 hominum
878 2385 981 2422 impro-

200 2421 287 2448 bitate
302 2421 433 2455 collapsa,
449 2421 589 2448 revixerit.
607 2421 751 2449 Diuturnis
773 2428 863 2450 autem
881 2421 983 2449 laliori-

199 2458 250 2483 bus
261 2456 416 2488 exantlatis,
426 2456 527 2484 multos
536 2464 634 2490 passus
646 2458 810 2484 Arianorum
824 2457 981 2490 conflictus,

198 2492 307 2527 tandem
324 2499 358 2518 ne
369 2491 575 2518 Catliolicorum
592 2492 702 2527 quidem
725 2492 819 2527 effugit
840 2493 980 2520 invidiam.

199 2526 319 2561 [Egyplii
333 2533 451 2560 namque
467 2527 589 2561 episcopi
602 2526 764 2559 Maximum,
785 2526 983 2562 philosophum

198 2563 337 2603 cynicum,
354 2566 446 2595 postea
459 2562 624 2602 Apollinaris
640 2563 977 2603 prmstigiis-e‘scmcatnm,

199 2596 278 2631 cujus
296 2596 403 2624 fuerant
427 2597 550 2632 corrupti
576 2596 710 2632 pecuniis,
736 2596 769 2625 Vin
790 2597 864 2625 illius
888 2599 977 2625 locum

200 2631 387 2667 tumultuariis
409 2631 547 2667 suffragiis
563 2631 741 2661 sulTecerunt.
759 2633 896 2660 Cessisset
922 2637 980 2660 sta-

200 2668 247 2694 tim
264 2665 423 2703 Gregorius,
439 2670 466 2694 et
480 2665 509 2703 iri
521 2668 720 2701 optatissimam
739 2668 858 2703 quietem
873 2667 979 2695 lubenti

199 2703 290 2729 animo
306 2702 443 2738 rediisset,
458 2702 512 2738 nisi
529 2703 635 2737 piorum
652 2702 780 2738 precibus
799 2703 855 2730 fere
878 2703 980 2730 invitus

200 2739 328 2765 detentus
342 2737 448 2764 fuisset.
466 2737 622 2769 Quinetiam
638 2737 692 2765 non
709 2740 797 2766 multo
818 2743 878 2773 p05t
899 2737 980 2764 Mele-

200 2774 265 2804 tius,
282 2773 428 2809 caeterique
441 2773 561 2807 episcopi
578 2773 623 2807 qui
640 2774 673 2800 ad
689 2774 816 2809 generale
832 2773 978 2809 concilium

203 2809 271 2834 hanc
287 2807 368 2834 etiam
383 2808 418 2834 ob
431 2815 542 2834 causam
557 2807 701 2835 convocati
718 2808 835 2840 fuerant,
860 2813 890 2834 ut-
905 2808 978 2833 Con-

202 2843 453 2878 stantinopolitanae
479 2843 626 2876 Ecclesire,
657 2845 758 2872 sedatis
797 2843 975 2874 tumultibus,

1035 2213 1154 2248 legitime
1167 2213 1316 2248 Gregorius
1330 2220 1391 2241 eam
1412 2213 1564 2241 Ecclesiam
1588 2213 1737 2248 regendam
1764 2219 1821 2240 sus-

1036 2249 1168 2283 cepisset,
1194 2252 1221 2276 et
1251 2255 1332 2283 quam
1369 2249 1538 2276 salutaribus
1571 2248 1718 2283 przeceptis
1743 2252 1821 2282 atque

1035 2283 1170 2312 institutis
1187 2283 1365 2319 informasset
1390 2284 1493 2319 regiam
1515 2283 1666 2319 civitatem
1681 2283 1758 2309 inter
1784 2285 1819 2319 tot

1035 2319 1228 2346 hmreticorum
1242 2318 1378 2352 procellas
1390 2317 1585 2351 fluctuantem;
1597 2317 1716 2344 Maximo
1727 2317 1820 2352 cynico

1035 2362 1050 2382 e
1066 2355 1154 2381 sacris
1165 2354 1269 2381 aedibus
1284 2353 1439 2386 exturbato,
1455 2353 1570 2388 eiusque
1593 2353 1672 2388 Actis
1693 2352 1818 2388 omnibus

1033 2389 1182 2424 abrogatis,
1209 2389 1284 2424 illum
1312 2388 1339 2414 in
1366 2387 1651 2424 susceptoﬁfegimine
1673 2387 1818 2424 confirma-

1032 2421 1114 2452 runt:
1127 2424 1180 2452 Sed
1199 2423 1281 2458 paulo
1296 2427 1357 2458 post
1371 2421 1481 2450 mortuo
1494 2421 1610 2455 Melétio,
1622 2427 1650 2450 et
1661 2429 1677 2449 a
1691 2421 1818 2458 Gregorio

1032 2459 1158 2494 Nysseno
1185 2457 1302 2494 funebri
1320 2458 1446 2494 oratione
1476 2457 1601 2494 laudati),
1629 2464 1692 2494 cum
1720 2457 1818 2494 rideret

1033 2491 1182 2528 Gregorius
1211 2493 1303 2528 furere
1321 2493 1407 2528 magis
1435 2493 1462 2520 in
1479 2493 1538 2520 dies
1552 2491 1817 2528 Egyptioshhabita

1033 2527 1158 2557 oratione
1173 2529 1207 2556 ad
1219 2528 1273 2564 CL.
1289 2527 1393 2564 Patres,
1407 2533 1505 2563 sponte
1515 2527 1689 2564 dimissionis
1699 2527 1814 2564 libellum

1032 2565 1122 2600 petiit.
1138 2569 1165 2592 et
1181 2572 1211 2592 se
1229 2563 1380 2600 episcopali
1394 2561 1516 2600 rm‘uncrﬁe
1533 2562 1696 2600 abdicavit:
1723 2561 1815 2600 liabbci

1034 2595 1158 2627 Historia
1167 2595 1352 2629 conciliorum,
1368 2599 1401 2625 ad
1416 2606 1480 2625 ann.
1491 2599 1554 2628 38L
1568 2605 1632 2632 pag.
1644 2597 1708 2624 9l6.
1725 2595 1816 2632 Osten-

1012 2636 1014 2639 ’
1033 2635 1074 2662 dit
1087 2640 1179 2663 autent
1195 2634 1294 2662 Petrus
1320 2633 1355 2660 de
1370 2633 1460 2661 Marca
1478 2631 1624 2660 Damasum
1645 2632 1700 2659 PP.
1724 2631 1814 2658 Roma-

1034 2678 1100 2697 num
1115 2670 1249 2705 Gregorio
1266 2675 1320 2705 non
1336 2668 1446 2705 favisse,
1469 2668 1517 2696 sed
1541 2672 1640 2694 contra
1655 2668 1719 2705 ejus
1734 2671 1814 2693 trans-

1035 2702 1339 2739 lationem-scripsisse.
1364 2704 1494 2739 quoniam
1509 2710 1631 2739 canones
1648 2702 1814 2739 vetabautne

1034 2741 1097 2776 quis
1113 2736 1261 2776 episcopus
1277 2738 1311 2764 de
1327 2736 1439 2776 civitate
1465 2738 1677 2776 aliauin~aliatn
1693 2736 1811 2763 traduce-

1034 2772 1120 2803 retur.
1132 2772 1168 2803 Ῥ.
1184 2772 1218 2802 DF:
1234 2775 1339 2807 Manus,
1362 2775 1397 2802 De
1414 2773 1554 2801 concordia
1569 2772 1598 2800 S.
1611 2777 1639 2800 et
1652 2772 1686 2807 l.,
1704 2776 1773 2807 part.
1788 2777 1812 2800 lli

1034 2819 1093 2847 pag.
1112 2812 1154 2839 55.
