1883 3069
78 127 91 154 I
97 127 154 156 435

578 138 740 168 HISTORIA
761 142 1043 173 ECCLESIASTICA.
1059 161 1092 167 —
1112 147 1176 175 LIB.
1200 148 1255 176 VII.

1645 138 1717 180 ttat

78 186 234 243 rinmntjiri,
256 191 487 243 eui-amplissim'm
501 197 629 243 att-regite
645 199 765 228 civitatis
781 201 968 229 sacerdotium
1000 205 1236 233 committeretur:
1266 205 1363 240 synodi
1396 210 1488 233 tamen
1523 214 1717 243 episcoporum

78 237 271 288 peqttaquam
299 235 369 262 idem
396 237 515 265 studium
535 239 656 268 futurum
686 243 749 271 fuit.
772 244 879 281 Singuli
898 247 970 275 enim
1005 248 1123 284 aliquem
1141 258 1174 277 ex
1200 235 1366 278 necessariis
1382 252 1441 279 suis
1469 235 1599 282 ordinare
1619 235 1717 288 cupie-

79 277 160 304 bant.

395 329 519 358 ΚΕΦᾹΛ.
542 332 571 358 H'

78 371 154 405 Περὶ
172 372 235 406 τῆς
250 375 462 412 προχειρίσεως
480 377 642 411 Νεκταρίου
658 380 702 412 εἰς
726 381 781 408 τὸν
801 383 877 408 Κων-

114 409 409 443 σταντινουπόλεως
420 412 536 444 θρόνον,
547 409 596 440 mil
609 414 679 441 ὅθεν
690 409 742 451 ἦν,
757 416 805 443 καὶ
819 415 881 450 οἶος

117 441 175 468 τὸν
190 444 321 476 τρόπον.

124 487 172 513 Ἐν
186 488 282 524 τούτῳ
295 489 323 516 δὲ
339 490 487 527 Νεκτάριός
497 501 538 524 τις
550 493 672 529 Ταρσεὺς
683 496 732 531 τῆς
743 496 878 529 Κιλικίας,

78 531 129 558 τοῦ
143 532 347 569 λαμπροτάτου
364 535 501 570 τάγματος
516 538 564 572 τῆς
579 539 742 575 συγκλήτου,
761 542 789 567 ἐν
803 542 879 568 Κων-

80 580 313 607 ιτταντινουπόλει
331 581 473 616 διέτριόεν.
491 584 559 619 Ἤδη
577 584 606 610 δέ
623 587 880 622 παρεσκευασμένος

78 623 121 655 εις
131 624 185 660 τὴν
197 626 322 661 πατρίδα
340 627 458 660 ἀπιέναι,
473 630 651 664 παραγίνεται
667 631 734 666 πρὸς
748 633 879 667 Διόδωρον

77 670 126 696 τὸν
143 669 263 705 Ταρσοῦ
281 673 438 707 ἐπίσκοπον,
459 675 515 710 εἴγε
541 676 659 711 βούλοιτο
681 678 797 713 γράφειν
820 679 879 705 ἐπι-

79 716 182 748 στολὰς
212 719 404 753 κομιούμενος.
434 721 584 756 Ἔτυχειδέ
606 723 666 749 τότε
691 723 878 760 διανοούμενος

78 762 143 788 καθ’
161 763 266 790 ἑαυτὸν
282 765 296 791 ὁ
316 765 463 801 Διόδωρος,
486 768 545 794 τίνα
564 769 616 804 χρὴ
634 769 814 804 προϐαλέσθαι
837 772 877 803 είς

77 806 129 842 τὴν
156 809 384 846 σπουδαζομένην
407 813 582 847 χειροτονίαν.
607 816 661 842 Καὶ
685 815 745 842 ἰδὼν
761 817 801 848 είς
825 817 877 843 Νε-

77 852 219 888 κτάριον,
245 855 321 887 ἄξιον
340 854 408 884 εῖναι
429 858 479 893 τῆς
501 859 653 896 ἐπισκοπῆς
675 861 801 896 ἐνόμισε·
829 863 877 889 καὶ

78 898 153 924 κατὰ
165 898 242 943 ᾲνοῦν
258 900 340 933 εὐθὺς
353 902 427 937 αὐτῷ
441 904 602 939 προσετέθη,
623 906 719 932 πολιάν
731 907 756 933 τ’
769 908 874 943 ἀνδρὸς,

75 942 124 968 καὶ
149 941 226 975 εἶδος
256 945 433 981 ἱεροπρεπὲε,
456 947 503 974 καὶ
524 949 554 974 τὺ
578 950 714 986 προσηνὲς
738 952 792 978 τῶν
815 941 876 988 τρό-

1243 339 1319 367 CAP.
1340 339 1408 367 VIII.

932 383 971 411 De
985 384 1111 421 electione
1132 384 1254 421 Nectarii
1276 386 1391 420 episcopi
1405 385 1714 421 Constantinopolitam:

1035 420 1092 455 quis
1109 425 1133 447 et
1150 420 1218 447 unde
1232 425 1258 447 et
1272 421 1366 455 quibus
1382 421 1500 450 moribus
1517 420 1608 456 fuerit.

967 496 1005 523 Eo
1033 500 1155 531 tempore
1180 497 1324 527 Nectarius
1341 499 1466 535 quidam,
1497 500 1584 528 Tarso
1611 500 1714 528 Ciliciae

930 542 1076 576 oriundus,
1103 543 1144 570 vir
1169 545 1299 571 senatorii
1326 546 1452 578 ordinis,
1475 546 1713 581 Constantinopoli

929 587 1075 622 degebat‘.
1096 587 1147 620 Qui
1161 595 1223 615 cum
1240 589 1266 616 in
1279 591 1395 623 patriam
1412 591 1511 619 reverti
1521 591 1579 623 jam
1592 596 1711 626 pararet,

930 633 998 660 adiit
1024 633 1172 661 Diodorum
1198 635 1356 669 episcopum
1385 635 1482 668 Tarsi,
1509 638 1582 664 velut
1606 637 1712 666 laturus

929 679 1072 713 epistolas,
1090 679 1113 707 si
1139 687 1207 714 quas
1222 680 1268 707 ille
1291 679 1407 708 Tarsum
1432 682 1554 710 scribere
1568 683 1710 711 voluisset.

929 723 1010 752 Forte
1031 728 1088 752 tum
1112 724 1248 753 Diodorus
1267 733 1362 754 secum
1386 726 1444 761 ipse
1466 728 1565 756 tacitus
1579 729 1709 763 agitabat,

928 770 1053 804 quisnam
1073 771 1248 805 potissimum
1260 771 1404 806 eligendus
1419 778 1492 801 esset
1511 773 1544 800 ad
1560 781 1619 801 eam
1635 774 1710 801 ordi-

927 815 1077 847 nationem,
1094 824 1154 851 quae
1169 820 1244 843 tanta
1260 817 1412 845 ambitione
1436 817 1636 846 celebrabatur.
1658 818 1710 851 Qui

927 861 1082 889 Nectarium
1109 863 1296 898 conspieatus,
1323 871 1386 891 eum
1411 864 1570 899 episcopatu
1598 864 1710 899 dignum

927 915 989 934 esse
1008 907 1128 939 censuit,
1151 908 1298 943 statimque
1320 908 1347 935 in
1361 908 1459 935 intimo
1482 908 1582 936 utentis
1599 915 1711 935 recessu

928 952 1085 987 suifragium
1109 960 1188 980 suum
1211 952 1236 979 ei
1263 953 1399 985 contulit,
1418 953 1548 980 canitiem
1569 953 1632 984 viri,
1649 953 1711 980 vul-

76 995 138 1034 tnnv
153 988 225 1023 (96).
254 991 309 1018 Καὶ
325 991 362 1023 ὡς
376 992 420 1018 ἐπ’
438 993 501 1020 ἄλλο
519 1003 545 1021 τι
562 995 673 1029 ἀγαγὼν
698 997 778 1023 αὺτὸν
804 998 870 1034 παρέ

933 1000 1041 1031 tumque
1059 996 1215 1024 sacerdotio
1235 997 1358 1032 dignum,
1373 1001 1400 1025 et
1421 1005 1528 1025 morum
1548 998 1711 1025 suavitatem

74 1033 122 1059 τὸν
139 1034 317 1071 Ἀντιοχείας
338 1037 496 1071 ἐπίσκοπον,
519 1040 631 1077 ἐπῄνει,
653 1042 700 1068 καὶ
717 1043 877 1075 σπουδάζειν

75 1079 155 1114 αὑτῷ
180 1082 348 1117 παρεκάλει.
378 1083 406 1110 'U
427 1085 471 1117 δὲ,
493 1086 539 1112 ἐπὶ
557 1088 791 1123 μεμεριμνημένῳ
810 1089 877 1124 πρά-

75 1131 183 1159 γματι,
217 1125 327 1155 πολλῶν
355 1130 563 1165 ἐπισημοτάτων
592 1133 698 1168 ἀνδρῶν
726 1134 876 1170 ὑποψήφων

76 1169 178 1204 ὄντων,
194 1172 313 1207 ἐγέλασε
332 1175 381 1210 τὴν
397 1176 526 1213 Διοδώρου
541 1177 640 1213 ψῆφον.
658 1180 751 1214 Ὅμως
765 1179 793 1206 δὲ
809 1169 876 1215 πρὸς

77 1217 177 1244 ἑαυτὸν
193 1219 317 1252 καλέσας
329 1221 496 1257 Νεκτάριον,
519 1225 678 1260 περιμένειν
695 1225 799 1261 βραχύν
813 1235 875 1253 τινα

79 1263 178 1298 χρόνον
196 1264 353 1293 ἐκέλευσεν.
371 1267 427 1294 Οὐκ
447 1269 488 1301 είς
509 1270 617 1305 μακρὰν
631 1271 659 1297 δέ
675 1271 875 1307 προστάξαντος

75 1308 125 1334 τοῦ
134 1308 276 1354 βασιλέως
283 1312 338 1344 τοῖς
348 1312 475 1348 ἱερεῦσιν,
483 1315 620 1351 ἐγγράψαι
634 1317 723 1354 χάρτῃ
734 1318 783 1350 τὰς
792 1326 875 1353 προσ-

77 1356 197 1390 ηγορίας
213 1352 254 1383 ὧν
270 1357 379 1385 ἔκαστοι
392 1358 582 1395 δοκιμάζουσιν
593 1363 634 1394 είς
647 1363 696 1399 τὴν
709 1352 875 1399 χειροτονίαν

77 1401 176 1434 ἀξίων,
195 1402 288 1437 ἐαυτῷ
305 1403 332 1429 δέ
343 1404 509 1438 φυλάξαντος
521 1407 552 1434 ἐκ
569 1407 676 1435 πάντων
690 1409 736 1435 τοῦ
754 1410 813 1442 ἐνὸς
826 1412 874 1447 τὴν

77 1446 197 1481 αἵρεσιν,
218 1447 292 1474 ἄλλοι
310 1449 358 1484 μὲν
374 1449 469 1482 ἄλλους
481 1452 644 1488 ἐνέγραψαν.
666 1455 695 1481 '0
710 1455 738 1481 δὲ
753 1456 801 1491 τῆς
818 1457 876 1483 Ἀν‹

78 1491 194 1526 τιοχέων
229 1492 374 1528 ἐκκλησίας
399 1494 562 1531 ἡγούμενος,
594 1499 727 1534 ἐγγράφει
753 1501 802 1535 μὲν
827 1502 874 1534 οὒς

79 1536 213 1564 ἐϐούλετο
223 1545 229 1552 ·
254 1538 365 1574 ἔσχατον
378 1539 406 1567 δὲ
422 1541 531 1569 πάντων
547 1544 709 1580 προστίθησι
723 1546 873 1582 Νεκτάριον

79 1582 123 1609 διὰ
136 1583 188 1618 τὴν
206 1583 275 1619 πρὸς
295 1585 424 1621 Διόδωρον
440 1586 529 1623 χάριν.
551 1587 699 1623 Ἀναγνοὺς
721 1590 748 1617 δέ
763 1592 778 1618 ὁ
795 1591 873 1626 βασι-

79 1627 144 1659 λεὺς
157 1628 216 1654 τῶν
231 1630 422 1665 ἐγγραφέντων
438 1632 483 1658 τὸν
496 1633 654 1668 κατάλογον,
672 1634 737 1670 ἔστη
757 1637 803 1663 ἐπὶ
819 1637 873 1663 Νε-

80 1673 199 1710 κταρίῳ.
212 1675 266 1701 Καὶ
291 1676 401 1708 σύννους
419 1677 572 1712 γενόμενος,
597 1680 677 1715 σχολῇ
699 1681 758 1707 καθ’
778 1681 873 1709 ἑαυτὸν

79 1718 252 1750 ἐϐουλεύετο,
263 1721 308 1748 τὸν
318 1721 448 1749 δάκτυλον
460 1723 563 1755 ἐπιθεὶς
572 1725 605 1760 τῇ
616 1725 758 1762 τελευταίᾳ
767 1729 869 1763 γραφῇ.

82 1765 137 1792 Καὶ
168 1766 332 1802 ἀναδραμὼν
375 1769 414 1799 είς
445 1769 493 1804 τὴν
523 1770 628 1806 ἀρχὴν,
658 1770 735 1804 αὖθις
767 1774 871 1805 πάντας

80 1810 221 1846 ἐπανῆλθε
232 1831 239 1843 ,
263 1813 309 1838 καὶ
324 1813 473 1849 Νεκτάριον
487 1814 613 1850 αἱρεῖται.
631 1816 727 1852 Θαῦμα
746 1817 773 1844 δὲ
789 1819 871 1847 πᾶσιν

80 1855 193 1890 ἐγένετο
202 1864 209 1872 ·
224 1857 271 1883 καὶ
283 1858 462 1886 ἐπυνθάνοντο
476 1861 550 1893 ὅστις
565 1861 607 1896 εἴη
618 1862 767 1898 Νεκτάριος
782 1860 869 1896 οὗτος,

79 1901 127 1927 καὶ
145 1901 269 1934 ποδαπὸς
281 1902 311 1929 τὸ
325 1903 503 1940 ἐπιτήδευμα,
523 1907 570 1933 καὶ
584 1906 674 1934 πόθεν.
691 1908 830 1940 Μαθόντες
842 1908 871 1935 δὲ

81 1946 152 1982 μηδέ
166 1947 323 1983 μυστηρίων
338 1951 534 1985 μετεσχηκέναι
548 1952 593 1979 τὸν
609 1951 703 1988 ἄνδρα,
716 1952 755 1981 ἔτι
772 1953 871 1988 μᾶλλον

80 1991 238 2026 ἐθαύμαζον
255 1993 285 2019 τὸ
299 1993 448 2029 παράδοξον
463 1996 512 2031 τῆς
525 1996 573 2025 τοῦ
592 1996 723 2032 βασιλέως
743 1998 870 2034 κρίσεως.

85 2035 197 2070 Ἦγνόει
211 2037 239 2064 δὲ
263 2038 352 2072 τοῦτο,
370 2037 457 2074 οἶμαι,
480 2042 527 2068 καὶ
541 2042 680 2078 Διόδωρος.
706 2044 743 2070 Οὐ
760 2043 814 2078 γὰρ
837 2043 870 2071 ἂν

48 2112 54 2118 ι
81 2083 235 2118 ὲθάρῤησεν
243 2084 330 2117 εἰδὼς,
341 2085 379 2113 ἐτι
391 2087 504 2122 ἀμυήτῳ
513 2087 603 2115 δοῦναι
612 2088 701 2124 ψῆφον
711 2089 868 2125 ἱερωσύνης.

89 2128 158 2156 Ἀλλ’
173 2127 217 2156 οἶα
228 2130 312 2162 εἰκὸς,
327 2131 441 2166 νομίσας
456 2132 549 2160 πολιὸν
564 2133 640 2165 ὄντα,
658 2134 696 2169 μὴ
716 2135 763 2161 καὶ
786 2134 870 2162 πάλαι

83 2174 240 2209 μεμυῆσθαι
255 2175 321 2210 (97).
348 2176 404 2203 Οὐκ
427 2177 501 2204 ἀθεεὶ
522 2178 551 2204 δὲ
574 2179 658 2205 ταῦτα
679 2179 833 2206 συνέϐαινεν
847 2178 868 2206 ί.

87 2217 165 2244 Ἐπεὶ
180 2219 227 2245 καὶ
243 2219 366 2254 βασιλεὺς
382 2221 504 2257 ἀμύητον
520 2223 601 2250 αὑτὸν
614 2222 683 2251 εἷναι
699 2224 801 2260 μαθὼν,
822 2224 868 2250 ἐπὶ

81 2263 131 2298 τῆς
145 2264 229 2298 αὐτῆς
241 2264 330 2299 ἔμεινε
344 2266 465 2302 γνώμης,
479 2268 584 2295 πολλῶν
599 2269 693 2304 ἱερέων
710 2269 868 2296 ἀντιτεινόν-

119 2353 128 2369 ¹
143 2354 235 2389 Socr.,
249 2355 297 2384 lib.
313 2365 340 2391 ν,
355 2365 380 2386 c.
398 2358 424 2388 8.

927 1042 1117 1070 considerans.
1129 1043 1223 1077 Itaque
1234 1047 1364 1079 tanquam
1376 1044 1491 1072 alterius
1501 1044 1602 1079 negotii
1615 1050 1709 1075 causa,

926 1096 988 1117 eum
1004 1089 1037 1116 ad
1055 1089 1212 1124 episcopum
1226 1091 1438 1118 Antiochensem
1454 1090 1584 1124 deduxit;
1602 1090 1710 1117 multis-

926 1143 979 1170 que
994 1135 1120 1163 laudibus
1138 1140 1308 1171 prosecutus,
1320 1136 1408 1164 oravit
1418 1136 1576 1172 episcopum
1593 1139 1622 1163 ut
1632 1136 1709 1163 illum

926 1179 1056 1214 suII‘i-agio
1073 1187 1123 1207 suo
1137 1180 1290 1215 atljuvaret.
1309 1180 1356 1208 Ille
1370 1188 1437 1208 vero
1452 1181 1480 1208 in
1494 1181 1561 1208 tanti
1577 1181 1708 1208 momenti

925 1226 1045 1259 negotio,
1070 1226 1116 1252 ubi
1130 1226 1208 1253 multi
1227 1226 1349 1253 illustres
1363 1225 1414 1253 viri
1434 1226 1552 1261 eligendi
1573 1232 1709 1260 propone-

924 1272 1040 1304 bantur,
1065 1271 1174 1300 Diodori
1202 1271 1363 1307 suffragium
1387 1272 1500 1306 derisit;
1529 1273 1708 1300 nihilominus

924 1321 1068 1346 evocatum
1083 1317 1116 1345 ad
1132 1326 1162 1345 se
1176 1317 1344 1351 Nectarium,
1361 1318 1559 1354 aliquantulum
1576 1317 1708 1352 temporis

924 1361 1043 1397 opperiri
1065 1362 1158 1396 jussit.
1180 1362 1258 1390 Haud
1283 1363 1369 1390 multo
1389 1366 1460 1398 post,
1480 1370 1544 1390 eum
1559 1362 1708 1397 imperator

925 1408 1082 1435 mandasset
1099 1407 1245 1442 episcopis,
1263 1411 1292 1434 ut
1308 1407 1419 1434 nomina
1433 1414 1529 1435 eorum
1544 1414 1614 1441 quos
1629 1406 1708 1442 quis—

924 1460 978 1488 que
1000 1453 1158 1487 episcopatu
1182 1452 1281 1487 dignos
1298 1451 1454 1486 judicaret.
1479 1451 1507 1477 in
1527 1451 1622 1478 charta
1646 1458 1709 1485 per-

925 1499 1084 1531 scriberent,
1095 1506 1234 1533 unumque
1243 1506 1275 1525 ex
1284 1497 1413 1525 omnibus
1422 1496 1540 1532 eligendi
1549 1496 1707 1523 facultatem

924 1545 976 1573 sibi
1000 1546 1059 1580 ipse
1075 1548 1253 1575 reservasset,
1268 1543 1313 1570 alii
1333 1543 1445 1578 quidem
1465 1542 1580 1570 aliorum
1598 1541 1707 1569 nomina

924 1589 1155 1626 perscripserunt.
1171 1588 1364 1615 Antiochensis
1377 1591 1469 1615 autem
1488 1586 1612 1615 ecclesia:
1635 1586 1709 1612 anti-

924 1639 981 1661 stes
999 1634 1111 1668 scripsit
1127 1636 1154 1661 et
1171 1633 1230 1667 ipse
1244 1640 1292 1660 eos
1308 1639 1378 1667 quos
1395 1632 1495 1659 voluit:
1522 1631 1644 1659 omnium
1663 1635 1707 1657 ta-

926 1687 986 1707 men
1003 1682 1172 1714 postremum
1188 1678 1288 1712 adjecit
1305 1678 1461 1705 Nectar-ium
1478 1678 1504 1704 in
1518 1678 1633 1714 gratiam
1646 1675 1708 1703 Dio-

925 1724 994 1752 dori.
1011 1724 1163 1760 Imperator
1174 1724 1268 1758 igitur,
1281 1723 1401 1758 perlecto
1414 1723 1535 1750 indiculo
1551 1729 1647 1750 eorum
1659 1720 1708 1756 qui

923 1770 1048 1805 inscripti
1067 1769 1186 1801 fuerant,
1205 1768 1329 1797 substitit
1353 1768 1382 1795 in
1399 1767 1537 1795 Nectario.
1555 1768 1588 1795 Et
1602 1768 1707 1794 intenta

923 1816 1022 1843 mentis
1044 1815 1113 1847 acie,
1129 1822 1221 1842 secum
1239 1815 1297 1850 ipse
1316 1813 1500 1847 consultabat,
1514 1813 1600 1848 digito
1614 1812 1642 1839 in
1657 1820 1708 1847 po-

923 1865 1055 1889 stremum
1072 1860 1233 1888 vocabulum
1246 1860 1391 1895 impresso.
1404 1858 1567 1894 Rursusque
1578 1858 1612 1884 ad
1624 1862 1708 1893 caput

923 1913 1060 1938 reversus,
1073 1913 1135 1933 cum
1154 1910 1271 1933 cunctos
1285 1905 1381 1933 ordine
1395 1905 1586 1940 percurrisset,
1606 1903 1707 1931 Necta-

923 1952 993 1978 rinm
1017 1951 1108 1986 elegit.
1124 1951 1195 1979 Tum
1220 1959 1285 1979 vero
1303 1951 1449 1978 admiratio
1465 1957 1562 1978 omnes
1585 1948 1704 1976 invasit:

923 1998 1135 2033 quzerebautque
1158 1998 1221 2032 quis
1241 2002 1269 2025 et
1287 1998 1360 2026 unde
1381 2002 1456 2026 esset
1481 1995 1623 2024 Nectarius
1648 1995 1704 2026 ille,

922 2047 949 2071 et
962 2043 1034 2078 quod
1050 2043 1111 2070 vita:
1130 2051 1216 2078 genus
1232 2047 1395 2071 sectaretur.
1407 2043 1529 2078 Cumque
1545 2041 1707 2069 didicissent

923 2097 958 2117 ne
972 2096 1051 2116 sacro
1063 2088 1172 2123 quidem
1188 2089 1298 2116 lavacro
1311 2097 1372 2117 eum
1385 2089 1522 2116 initiatum
1534 2095 1604 2121 esse,
1616 2087 1707 2122 inopi-

922 2138 1017 2162 natum
1035 2132 1167 2168 principis
1184 2133 1320 2168 judicium
1340 2141 1372 2161 eo
1388 2134 1504 2169 amplius
1524 2132 1704 2159 mirabantur.

923 2178 1068 2215 lgnorabat
1078 2182 1170 2205 autem
1187 2178 1271 2209 istud.
1292 2182 1323 2204 ut
1337 2179 1446 2213 opinor,
1460 2179 1543 2207 etiam
1559 2177 1704 2205 Diodorus.

921 2225 1014 2259 Neque
1024 2223 1097 2251 enim
1117 2223 1141 2251 si
1166 2222 1193 2250 id
1219 2222 1349 2255 sciisset,
1377 2230 1462 2252 ausus
1487 2226 1562 2251 esset
1585 2229 1704 2257 unquam

924 2269 983 2298 viro
1007 2267 1128 2296 nondum
1146 2268 1255 2296 initiato
1270 2267 1418 2296 sacerdotii
1441 2269 1601 2305 suﬂ‘ragium
1628 2267 1704 2296 dare.

683 2441 814 2470 VALESII
833 2441 1109 2470 ANNOTATIONES.

117 2490 248 2534 (96)_Kal
264 2493 298 2520 τὸ
313 2493 465 2534 ῖξροσῃνὲς
481 2495 542 2522 τῶν
550 2495 675 2534 τρᾴπων.
692 2477 738 2534 Ut-
748 2498 867 2534 perfecta

933 2499 1084 2526 articulam
1095 2507 1111 2527 e
1131 2506 1181 2527 suo
1203 2499 1297 2527 codice
1309 2498 1451 2534 expunxit.
1465 2499 1528 2527 Mihi
1544 2504 1633 2528 tamen
1649 2501 1704 2529 ele-

84 2526 275 2569 sit‘senitentia,
293 2526 460 2569 addendum
472 2533 513 2557 est
527 2526 639 2558 omnino
660 2526 772 2560 verbuin
786 2533 867 2569 ὁρῶν,

84 2565 130 2588 aut
148 2563 221 2590 aliud
239 2564 337 2591 simile.

119 2596 173 2633 (97)
184 2598 232 2633 Μὴ
244 2598 294 2626 καὶ
300 2598 393 2626 πάλαι
397 2599 577 2634 μεμυῆσθαι.
589 2599 706 2630 Savilius
716 2602 868 2638 negativam

922 2534 1187 2575 Eantiusdvidelurh
1201 2535 1225 2562 si
1252 2534 1446 2575 legamust
1471 2535 1519 2575 καὶ
1539 2535 1631 2575 πάλαι,
1649 2539 1703 2575 etc:

922 2568 1003 2606 Forte
1016 2569 1098 2606 etiam
1115 2568 1308 2606 corrigendum
1322 2574 1364 2606 est
1378 2568 1487 2606 initium
1503 2570 1585 2606 hujus
1600 2570 1704 2605 periodi

923 2603 974 2631 hoc
991 2604 1070 2632 modo
1091 2613 1099 2632 :
1126 2603 1201 2631 Ἀλλ⁹⁷
1213 2603 1277 2636 ἴσως
1289 2604 1403 2639 νομίσας
1415 2603 1460 2640 ἢν,
1478 2609 1532 2633 etc.

765 2677 770 2683 ’
796 2692 991 2722 νΑιιιοΒυΜ.

123 2733 130 2754 1
152 2734 213 2761 οὐκ
232 2734 310 2773 ἀᾷεξὶ
322 2734 357 2761 δὲ
373 2734 466 2773 ταῦτα
478 2735 665 2773 συνέϐαινεν.
683 2735 771 2773 Supra
781 2744 868 2767 osten-

85 2774 211 2804 sumrest,
231 2769 265 2797 ad
283 2769 405 2802 δοιοιη.1
421 2770 468 2797 lib.
489 2779 526 2803 vi,
543 2778 602 2804 cap.
623 2771 669 2803 ‘24,
690 2769 782 2799 divum
805 2776 869 2801 Am-

86 2801 256 2842 brosiumuin
283 2801 494 2842 Mediolanensis
519 2801 653 2834 Ecclesiae
662 2801 865 2842 episcopatum,

87 2836 147 2866 dum
177 2839 267 2868 adhuc
293 2840 507 2868 catecliumenus
526 2844 610 2875 esset,
627 2836 792 2878 sun‘iagan'te
815 2836 865 2879 poi

921 2740 998 2775 pulo,
1024 2744 1052 2768 et
1066 2745 1203 2769 annuente
1229 2741 1405 2776 imperatore,
1441 2740 1577 2776 adlectum
1606 2738 1703 2772 fuisse,

921 2774 1160 2810 contrucanonem
1178 2774 1357 2810 apostolicum
1372 2783 1454 2807 Lux,
1471 2778 1498 2803 et
1516 2774 1655 2803 Nicaenum
1671 2783 1701 2802 ιι.

926 2809 989 2846 ΙΙοον
1012 2814 1120 2846 διήιξωῆ
1139 2809 1271 2845 singulari
1303 2811 1350 2838 Dei
1376 2811 1548 2846 providentia
1573 2810 1700 2846 contigit.

920 2845 991 2879 quod
1005 2849 1031 2873 et
1048 2845 1081 2873 de
1099 2844 1225 2874 Nectario
1239 2846 1283 2873 hic
1299 2844 1443 2874 dicendum
1461 2850 1513 2874 est.
