1883 3069
160 136 171 143 ”
203 159 271 188 tuo

203 220 258 247 que
281 213 471 246 vastantibus,
493 213 676 241 resistendum
706 219 767 240 esse
790 221 796 240 :

204 260 362 289 Occidentis
389 260 545 296 provincias
573 259 717 294 przescntia
749 266 799 287 sua
828 258 992 285 necessario

206 308 339 342 indigere,
357 314 419 333 cum
440 305 582 333 Alamanni
600 305 738 340 przecipue
757 304 861 332 Gallias
879 303 993 331 infesta-

208 357 285 385 rent,
304 353 331 380 in
361 352 430 379 urbe
455 351 556 378 Sirmio
574 351 702 386 positus,
717 350 904 378 Theodosium
927 357 993 377 con-

207 404 307 428 sortem
335 398 443 434 imperii
471 397 524 425 sibi
554 396 698 432 adjunxit,
722 405 756 424 ex
790 396 919 432 Hispanis
946 395 993 431 qui

208 445 366 480 Pyrenaeum
393 447 516 471 montem
545 443 672 471 accolunt
704 443 869 475 oriundum;
904 442 992 469 virum

208 490 294 517 nobili
309 489 395 524 stirpe
410 489 526 522 editum,
540 493 566 516 ct
585 489 632 524 qui
649 489 676 516 in
693 488 767 516 bello
788 489 870 516 rebus
885 489 994 516 fortiter

207 535 291 571 gestis
315 534 413 569 saepius
440 534 620 568 inclaruerat,
656 535 726 562 adeo
763 539 791 561 ut
821 535 904 562 etiam
931 538 994 561 ante

208 580 352 616 imperium
365 600 372 612 ,
389 581 511 608 omnium
527 579 716 608 Romanorum
738 580 855 615 judicio,
878 580 994 607 idoneus

208 625 325 661 imperio
356 625 551 653 censeretur‘.
577 625 630 652 Per
656 625 729 652 idem
761 629 868 659 tempus
898 624 993 650 Ariani

209 679 304 699 omnes
323 670 444 699 Orientis
474 671 605 699 ecclesias
621 671 709 698 adhuc
725 671 894 702 obtinebant,
915 676 994 696 cxce-

208 718 262 753 ptis
280 717 489 752 Hierosolymis.
507 717 696 745 Macedoniani
717 724 792 750 vero,
807 715 958 751 praesertim
976 715 994 742 ii

208 763 255 797 qui
281 761 518 797 Constantinopoli
542 762 696 797 degebant,
719 765 781 796 post
810 761 905 788 initam
932 767 994 788 cum

209 808 318 835 Liberio
338 808 509 843 pactionem,
535 808 619 836 abiis
642 809 688 844 qui
715 808 870 836 doctrinam
893 806 994 834 Nicazui

209 853 318 880 concilii
330 853 524 888 sequebantur,
535 853 607 880 haud
621 861 786 888 magnopere
798 853 992 880 dissidebant:

933 155 1105 184 SOZOMENI

823 211 904 239 simul
925 219 990 239 vero
1005 214 1028 242 Α
1040 211 1189 246 ἐπαμύνειν
1208 219 1215 226 ·
1237 211 1385 245 ἀναγκαῖον
1404 211 1433 237 δὲ
1460 211 1506 238 καὶ
1529 213 1585 243 τοῖς
1603 212 1672 247 πρὸς
1696 211 1835 247 Ἑσπέραν

1766 154 1835 183 Hi)

1043 257 1201 292 ἀρχομένοις
1213 258 1348 292 παρεῖναι,
1361 258 1408 284 καὶ
1423 257 1538 292 μάλιστα
1556 257 1734 293 Ἀλαμαννῶν
1747 264 1759 278 θ
1771 260 1834 290 τοὺς

1044 303 1136 331 ἐνθάδε
1148 303 1271 336 Γαλάτας
1286 303 1521 339 κακουργούντων,
1539 304 1668 330 κοινωνὸν
1685 305 1837 340 ἐποιήσατο

1043 349 1092 383 τῆς
1103 348 1191 384 ἁρῇς
1204 349 1233 375 ἐν
1242 348 1279 384 τῷ
1293 348 1402 385 Σιρμίῳ
1413 348 1561 383 Θεοδόσιον,
1577 349 1673 383 γένους
1689 350 1747 376 τῶν
1764 351 1837 385 ἀμφὶ

1043 395 1073 421 τὸ
1095 395 1248 430 Πυρηναῖον
1279 395 1342 431 ὅρος
1376 395 1489 431 Ἰϐήρων
1505 416 1513 429 ,
1538 396 1706 432 εὐπατρίδην
1734 405 1766 423 τε
1790 397 1837 423 καὶ

1043 441 1142 475 ἄριστα
1158 440 1287 472 πολλάκις
1309 442 1337 467 ἐν
1353 441 1481 476 πολέμοις
1500 442 1693 477 διαγενόμενον
1708 450 1716 458 ⁶
1735 442 1776 474 ὡς
1791 442 1838 468 καὶ

1045 487 1098 522 προ
1120 487 1168 521 τῆς
1185 487 1335 522 βασιλείας.
1359 487 1388 513 ἐν
1412 489 1473 519 ταῖς
1484 487 1539 514 τῶν
1556 488 1686 522 ὑπηκόων
1709 488 1839 523 γνώμαις

1043 532 1195 568 ἐπιτήδειον
1218 532 1298 559 αὐτον
1313 532 1388 565 δόξαι
1415 533 1484 568 πρδς
1503 533 1661 569 ἡγεμονίαν.
1686 533 1733 560 Ἐν
1749 534 1838 567 τούτῳ

1043 577 1071 604 δὲ
1096 578 1166 613 πλὴν
1187 578 1391 614 Ἱεροσολύμων,
1409 578 1448 605 ἔτι
1463 579 1518 606 τῶν
1533 580 1584 606 ἀνὰ
1599 580 1648 615 τὴν
1660 580 1720 606 Ἕω
1738 579 1839 614 ἐκκλη-

1045 622 1110 649 σιῶν
1130 623 1155 648 οί
1172 622 1205 649 τὰ
1232 623 1337 658 Ἀρείου
1360 622 1522 658 φρονοῦντες
1546 623 1689 658 ἐκράτουν.
1713 623 1839 650 Μακεδο-

1044 668 1129 694 νιανοὶ
1154 668 1192 700 δὲ,
1216 668 1263 694 καὶ
1298 669 1415 704 μάλιστα
1433 669 1457 695 ot
1483 669 1512 695 ἐν
1534 669 1838 699 Κωνσταντινουπὸλει,

1045 713 1116 748 μετὰ
1144 714 1192 745 τὰς
1212 714 1279 749 πρὸς
1296 715 1422 750 Λιεέριον
1442 714 1589 750 συνθήκας,
1613 715 1644 741 οὐ
1663 715 1738 750 μέγα
1751 724 1779 741 τι
1801 715 1839 741 δι-

1045 759 1174 795 εφέροντο
1197 760 1266 795 πρὸς
1292 761 1356 792 τοὺς
1377 761 1553 792 ἐπαινοῦντας
1573 761 1603 788 τὸ
1612 761 1704 796 δόγμα
1726 761 1784 787 τῶν
1811 762 1839 788 ὲν

1045 805 1147 840 Νικαίᾳ
1164 807 1345 834 συνελθόντων
1357 815 1365 823 ·
1386 807 1424 839 ὡς
1438 807 1574 842 ὁμοδόξοις
1589 807 1628 839 δὲ,
1648 807 1723 834 κατὰ
1747 807 1840 837 πόλεις

1046 852 1226 886 ἐπεμίγνυντο
1238 871 1245 883 ,
1261 853 1308 879 καὶ
1322 852 1480 880 ἐκοινώνουν
1499 853 1634 887 ἁλλὴλοις.
1651 853 1732 879 Μετὰ
1748 852 1778 878 δὲ
1794 852 1839 877 τὸν

209 897 256 924 sed
274 905 335 924 cum
353 898 407 925 illis
428 898 505 933 quasi
528 898 623 926 eadem
640 899 823 926 sentientibus
836 898 975 926 misceban

1044 897 1156 924 τεοέντα
1181 897 1256 933 παρὰ
1282 897 1432 932 Γρατιανοῦ
1454 897 1546 932 νόμον,
1561 886 1664 929 ίάδείας
1691 897 1838 931 λαὸὀμενοί

209 947 264 977 tur,
291 949 317 971 ct
341 947 437 971 mutuo
461 944 531 971 inter
558 952 587 972 se
615 944 864 972 communicabant.
892 944 991 970 Verum

208 993 270 1024 post
297 990 382 1024 legem
411 997 425 1016 a
450 989 581 1017 Gratiano
604 990 705 1023 latam,
730 989 840 1025 quidam
866 997 899 1016 ex
918 990 992 1017 illius

208 1039 289 1063 sectae
307 1034 444 1069 episcopis
461 1035 598 1062 licentiam
621 1035 712 1067 nacti,
735 1034 866 1062 ecclesias
890 1041 951 1069 quae
978 1041 992 1060 a

211 1080 322 1108 Valente
336 1080 405 1115 ipsis
423 1081 556 1115 adempta:
573 1080 682 1108 fuerant
697 1084 877 1115 occuparunt,
894 1084 921 1107 et
937 1080 993 1107 An-

208 1127 318 1154 tiochiae
337 1127 364 1153 in
388 1126 470 1154 Caria
487 1126 655 1161 congregati,
678 1125 775 1152 Filium
796 1133 850 1153 non
874 1125 994 1153 consub-

207 1173 379 1204 stantialem,
400 1173 446 1200 sed
466 1172 563 1199 similis
588 1179 650 1198 cum
668 1171 748 1198 Patre
770 1171 945 1204 substantim,
963 1175 991 1198 ut

207 1223 297 1250 antea,
310 1216 455 1245 dicendum
469 1225 533 1244 esse
553 1217 746 1244 decreverunt.
762 1215 801 1243 Ex
816 1224 848 1244 eo
865 1220 989 1250 tempore

207 1263 253 1290 alii
266 1263 374 1298 quidem
389 1262 535 1298 segregati,
548 1269 676 1290 seorsum
690 1262 819 1290 collectas
833 1270 922 1297 egere,
946 1262 991 1288 alii

207 1315 281 1341 vero,
308 1308 437 1335 damnata
464 1307 643 1334 contentione
665 1311 691 1334 et
717 1307 872 1342 pervicacia
897 1314 992 1334 eorum

207 1355 254 1390 qui
280 1355 331 1382 ista
347 1355 541 1386 decreverant,
561 1354 596 1381 ab
616 1354 670 1381 illis
693 1358 882 1386 secesserunt,
904 1358 930 1381 et
950 1353 993 1381 his

207 1401 255 1436 qui
274 1400 429 1427 doctrinam
452 1400 567 1427 Nicrena:
588 1399 686 1436 synodi
704 1400 901 1434 sequebantur.
925 1407 993 1426 con-

207 1446 325 1473 stantius
351 1445 535 1472 adhaaserunt.
561 1445 696 1473 Caeterum
721 1453 754 1473 ex
781 1445 920 1480 episcopis
944 1445 991 1479 qui

204 1492 282 1528 juxta
308 1496 473 1526 prazccptum
501 1491 622 1518 Gratiani
650 1495 716 1518 tunc
737 1491 840 1518 reversi
867 1495 932 1518 sunt
957 1491 992 1518 ab

1043 951 1115 974 τινες
1130 943 1184 969 τῶν
1192 943 1349 969 ἐπισκόπων
1359 943 1459 978 ταύτης
1467 943 1518 978 τῆς
1530 943 1670 978 αἱρέσεωςγ
1686 942 1838 968 κατέλαϐον

1042 989 1092 1020 τὰς
1112 989 1271 1023 ἐκκλησίας,
1293 986 1329 1016 ὧν
1356 989 1403 1016 ἐπὶ
1435 989 1583 1020 Οὐάλεντος
1607 989 1762 1024 ἀφῄρηντο.
1784 989 1837 1015 Καὶ

1044 1032 1215 1065 συνελθόντες
1237 1034 1266 1060 ὲν
1296 1034 1444 1069 Ἀντιοχείᾳ
1457 1036 1506 1070 τῆς
1528 1034 1644 1069 Καρίας,
1665 1034 1838 1069 ὲψηεξίσαντη

1045 1079 1082 1114 μὴ
1105 1079 1159 1106 δεῖν
1184 1079 1325 1114 ὀμοούσιον
1349 1079 1388 1114 τῷ
1414 1079 1501 1115 Πατρὶ
1523 1080 1568 1106 τὸν
1591 1080 1656 1106 Υἱδν
1679 1080 1836 1115 ὀνομάζειν,

1043 1125 1099 1151 ἀλλ’
1115 1125 1293 1160 ὁμοιοούσιον,
1311 1125 1348 1157 ὡς
1364 1125 1491 1160 πρόσθεν.
1516 1126 1562 1152 ‘Ex
1574 1127 1671 1152 τούτου
1688 1126 1727 1158 δὲ,
1747 1127 1772 1152 οί
1788 1126 1837 1159 μὲν

1042 1171 1236 1206 διακριθέντες,
1266 1171 1320 1206 ίδίᾳ
1343 1170 1542 1206 ἐκκλησίαζονο
1569 1172 1594 1198 οἱ
1621 1172 1651 1198 δὲ
1670 1171 1727 1198 τῶν
1750 1171 1836 1197 ταῦτα

1043 1216 1240 1252 ψηφισαμένων
1253 1217 1426 1251 ἐναντιότητα
1437 1218 1483 1243 καὶ
1499 1217 1666 1250 φιλονεικίαν
1684 1217 1835 1251 καταγνόν-

1043 1271 1098 1295 τες,
1116 1263 1275 1298 ἀπέστησαν
1293 1262 1393 1295 αὐτῶν,
1408 1263 1455 1289 καὶ
1472 1262 1644 1297 βεϐαιότερον
1655 1262 1836 1298 ὡμοφρόνουν

1043 1310 1099 1341 τοῖς
1109 1309 1178 1336 κατὰ
1187 1310 1218 1336 τὸ
1224 1309 1312 1344 δόγμα
1323 1309 1374 1343 τῆς
1387 1310 1414 1335 ὲν
1428 1309 1530 1344 Νικαία
1540 1309 1649 1335 συνόδου
1664 1308 1835 1344 Θρησκεύου-

1043 1363 1095 1382 σιν.
1105 1355 1152 1381 Ἐκ
1167 1355 1197 1381 δὲ
1208 1355 1262 1381 τῶν
1278 1355 1338 1381 τότε
1353 1354 1423 1381 κατὰ
1435 1354 1480 1381 τὸν
1493 1354 1642 1390 Γρατιανοῦ
1653 1355 1737 1389 νόμον
1752 1355 1835 1380 ἐπαν-

1043 1400 1173 1426 ελθόντων
1207 1400 1365 1426 ὲπισκὸπων
1398 1400 1451 1426 ἀπδ
1487 1400 1538 1434 τῆς
1572 1399 1717 1434 συμϐάσης
1742 1400 1835 1432 αὑτοξ

1043 1446 1132 1481 φυγῆς
1150 1447 1195 1472 ἐπὶ
1208 1446 1256 1481 τῆς
1273 1446 1422 1477 Οὐάλεντος
1449 1445 1596 1481 βασιλείας,
1621 1446 1645 1472 οἱ
1673 1447 1723 1479 μὲν
1737 1465 1744 1477 ,
1763 1453 1834 1480 προ-

1043 1491 1134 1526 εδρίας
1163 1492 1239 1518 οὐδὲν
1270 1491 1442 1526 ἐφρόντισαν,
1465 1491 1544 1523 ἀλλὰ,
1567 1492 1617 1526 τὴν
1631 1492 1759 1526 ὁμόνοιαν
1779 1491 1835 1517 τῶν

206 1538 315 1569 exsilio,
328 1536 400 1572 quod
417 1535 537 1564 Valentis
553 1536 721 1572 temporibus
737 1535 859 1571 perpessi
872 1535 978 1563 fuerant

1043 1537 1113 1563 λαῶν
1129 1538 1356 1573 προτιμήσαντες,
1375 1537 1412 1573 μὴ
1424 1536 1584 1564 καταλιπεῖν
1599 1538 1670 1572 σφᾶς
1683 1537 1834 1573 ἐδεήθησαν

206 1582 330 1610 nonnulli
351 1582 384 1610 de
404 1582 522 1617 primatu
548 1590 603 1609 non
630 1589 797 1618 magnopere
820 1582 991 1609 laborarunt.

207 1629 261 1656 Sed
275 1628 362 1663 plebis
376 1627 551 1656 concordiam
563 1627 669 1662 potiore
687 1628 747 1655 loco
760 1627 902 1660 ducentes,
913 1635 993 1662 roga-

206 1679 270 1702 runt
282 1674 390 1702 Arianze
407 1675 493 1709 partis
509 1674 665 1706 antistites,
686 1682 720 1701 ne
735 1675 809 1709 ipsos
822 1674 991 1706 desererent,

205 1728 275 1748 neve
295 1719 445 1748 Ecciesiam
466 1720 568 1747 mutuis
584 1719 805 1748 dissensionibus
819 1720 990 1752 divellerent,

205 1773 299 1801 quam,
320 1773 382 1793 cum
399 1773 414 1792 a
429 1765 538 1793 Christo
555 1770 582 1793 et
604 1765 639 1793 ab
662 1766 796 1801 apostolis
820 1773 872 1793 una
895 1766 991 1793 relicta

204 1814 289 1843 esset,
318 1810 471 1845 pervicacia
495 1815 522 1838 et
545 1811 658 1838 ambitio
674 1811 701 1838 in
726 1811 828 1839 multas
849 1811 989 1839 diviserat.

205 1856 262 1884 tloc
283 1857 375 1884 animo
401 1856 453 1883 fuit
480 1856 551 1883 inter
580 1862 696 1884 caeteros
724 1856 846 1884 Eulalius
873 1857 991 1885 Amasim

204 1903 231 1930 in
259 1902 346 1929 Ponto
372 1902 519 1937 episcopus
539 1913 546 1929 ;
568 1902 615 1937 qui
648 1903 758 1937 quidem
784 1906 846 1938 post
871 1903 988 1930 reditum

202 1955 303 1981 suum,
332 1947 478 1983 quemdam
506 1955 539 1975 ex
562 1948 673 1975 Arianis
700 1949 838 1984 episcopis
866 1949 990 1976 ecclesia:

202 2002 259 2022 sum
277 1993 466 2029 prasidentem
490 1994 629 2028 reperisse
651 1994 765 2028 dicitur,
783 2003 863 2030 quem
882 2003 915 2022 ex
931 1999 988 2022 tota

202 2039 282 2075 28],
296 2041 364 2068 urbe
378 2047 413 2067 ne
425 2039 623 2074 quinquaginta
640 2040 748 2075 quidem
765 2041 891 2068 homines
903 2046 989 2068 secta-

202 2086 312 2114 bantur.
329 2086 428 2114 Verum
446 2085 579 2119 Eulalius,
591 2087 674 2114 totius
699 2086 789 2122 populi
804 2086 904 2114 unitati
925 2090 988 2121 pro-

203 2133 333 2168 spieiens,
353 2140 414 2160 eum
431 2132 519 2159 oravit
542 2136 572 2159 ut
593 2133 711 2167 priorem
730 2133 819 2159 locum
840 2133 986 2164 obtineret,

202 2183 230 2206 et
244 2178 386 2205 ccelesiam
403 2185 456 2204 una
473 2185 535 2204 cum
549 2178 609 2212 ipso
622 2182 737 2213 regeret,
751 2178 868 2212 primatu
880 2178 985 2212 fruens,

1043 1582 1097 1608 τῶν
1111 1582 1165 1608 ἀπὸ
1181 1582 1230 1617 τῆς
1253 1582 1358 1618 Ἀρείου
1376 1583 1517 1618 αἱρέσεως,
1533 1583 1600 1617 μηδὲ
1615 1583 1736 1618 διχονοίᾳ
1750 1592 1834 1610 κατα-

1042 1627 1151 1662 τέμνειν
1162 1628 1209 1663 τὴν
1223 1629 1399 1663 Ἐκκλησίαν,
1414 1629 1447 1664 ἦν
1464 1629 1540 1663 παρὰ
1555 1628 1623 1655 Θεοῦ
1645 1629 1692 1655 καὶ
1717 1630 1835 1656 ἀποστό-

1042 1672 1095 1700 λων
1120 1675 1185 1709 μίαν
1207 1675 1414 1710 παραδοθεῖσαν,
1441 1674 1602 1709 φιλονεικίαι
1622 1675 1671 1701 καὶ
1701 1675 1834 1711 φιλοπρο-

1044 1719 1130 1756 εδρίαι
1146 1721 1186 1752 εἰς
1199 1720 1298 1752 πολλὰς
1313 1721 1508 1756 κατεμέρισαν.
1520 1721 1628 1756 Ταύτης
1643 1721 1672 1748 δὲ
1683 1721 1735 1756 τῆς
1750 1730 1835 1748 σπου-

1041 1767 1088 1801 δῆς
1101 1766 1208 1800 ἐγένετο
1231 1767 1278 1793 καὶ
1294 1766 1423 1799 Εὺλάλιος
1442 1768 1456 1794 ὁ
1473 1768 1502 1793 ὲν
1523 1767 1642 1803 Ἀμασίᾳ
1663 1768 1697 1802 τῇ
1712 1767 1783 1802 πρὸς
1797 1767 1835 1802 τῷ

1041 1812 1134 1847 Πόντῳ
1153 1813 1301 1844 ἐπίσκοπος
1317 1820 1324 1827 ·
1347 1812 1455 1846 λέγεται
1469 1812 1534 1846 γοῦν
1547 1812 1618 1848 μετὰ
1636 1812 1685 1848 τὴν
1702 1813 1833 1840 ἐπάνοδον

1041 1859 1130 1894 εὑρεῖν
1143 1859 1236 1893 ἕτερον
1250 1859 1449 1894 προϊστάμενον
1461 1859 1510 1894 τῆς
1525 1859 1608 1885 αὑτοῦ
1619 1859 1770 1894 ἐκκλησίας
1779 1860 1832 1894 (85)

1039 1905 1094 1931 τῶν
1114 1905 1218 1940 ’Δρείου
1237 1904 1394 1931 ἐπισκόπων
1411 1913 1418 1920 ·
1436 1902 1505 1932 εἶναι
1523 1905 1552 1931 δὲ
1567 1905 1630 1936 τοὺς
1652 1905 1832 1940 πειθομένους

1039 1950 1114 1985 αὺτῷ
1133 1952 1161 1977 ὲν
1175 1952 1208 1986 τῇ
1223 1950 1309 1983 πόλει,
1329 1951 1383 1978 οὐδ’
1398 1951 1474 1982 ὅλους
1488 1951 1658 1986 πεντήκοντα
1673 1959 1680 1966 ·
1700 1952 1831 1987 προνοού-

1041 2003 1120 2030 μενον
1141 1995 1168 2021 δὲ
1183 1995 1234 2029 τῆς
1249 1995 1356 2022 πάντων
1381 1995 1513 2027 ἑνώσεως,
1533 1995 1712 2030 ἀντιϐολῆσαι
1737 1996 1830 2023 τοῦτον

1039 2041 1205 2076 πρωτεύειν,
1223 2041 1271 2067 καὶ
1290 2043 1366 2077 κοινῇ
1387 2042 1435 2077 τὴν
1455 2042 1603 2077 ἐκκλησίαν
1619 2042 1733 2075 ίθῦνειν,
1753 2041 1830 2069 ἆθλον

1039 2087 1085 2113 ἐπὶ
1098 2088 1131 2122 τῇ
1156 2087 1268 2122 ὁμονοίᾳ
1282 2087 1330 2122 τὴν
1355 2087 1502 2122 προεδρίαν
1517 2088 1625 2123 ἔχοντα.
1657 2088 1730 2114 Ἀλλ’
1751 2090 1765 2115 ὁ
1782 2089 1828 2123 μὲν

1040 2133 1076 2167 μὴ
1092 2132 1227 2164 πεισθείςς
1240 2133 1289 2159 οὐκ
1309 2134 1348 2164 είς
1365 2133 1474 2168 μακρὰν
1493 2133 1605 2169 ἔμελλεν
1618 2134 1681 2160 οὐδὲ
1703 2131 1742 2160 ὧν
1761 2132 1828 2168 εἶχεν

1037 2178 1134 2212 ὀλίγων
1146 2177 1308 2213 ἡγήσεσθαι,
1326 2179 1517 2213 προσθεμένων
1533 2181 1590 2211 τοῖς
1603 2180 1708 2212 ἄλλοις,

203 2230 334 2258 tanquam
352 2223 462 2257 prmmio
475 2227 588 2250 servatae
603 2224 766 2250 concordiae.
782 2223 831 2250 llic
842 2231 905 2251 vero
918 2231 980 2250 cum
1001 2223 1185 2251 conditionem
1211 2223 1290 2250 istam
1315 2225 1506 2258 repudiasset,
1528 2224 1600 2252 haud
1638 2226 1729 2253 multo
1769 2230 1825 2262 post

203 2271 298 2306 paucis
312 2269 365 2297 illis
379 2277 497 2304 prmessc
511 2269 604 2303 desiit,
619 2270 669 2305 ipsi
685 2271 758 2299 enim
775 2279 804 2300 se
820 2271 932 2307 reliquis
951 2271 1149 2307 adiunxerunt.

237 2373 245 2387 '
267 2372 344 2399 Socr.
365 2372 384 2399 l.
401 2381 436 2406 tv,
453 2379 514 2406 cap.
535 2371 561 2399 ’5.

790 2461 926 2490 VALESII
945 2461 1224 2490 ANNOTATIONES.

238 2507 291 2549 (8'5)
307 2507 551 2549 "llpoftrrdlterof
566 2508 626 2549 nio
637 2509 729 2549 αὐτοῦ
740 2509 943 2549 ’ἑκκίιησίςιςκ
956 2509 979 2535 In

1040 2509 1183 2549 utrobique
1201 2516 1299 2536 sensus
1315 2513 1367 2549 est,
1385 2508 1465 2536 modo
1482 2508 1630 2549 ecclesiam
1658 2510 1818 2544 accipiamus

201 2543 294 2578 codice
307 2541 455 2569 Fnketiano
470 2541 600 2578 scripturn
621 2544 710 2571 inveni
723 2545 771 2578 τῆς
786 2545 870 2578 αὐτῆς
885 2544 982 2578 ἐκκλη-

201 2577 270 2609 σίας,
284 2585 363 2612 qutun
377 2577 541 2613 scripturam
558 2579 696 2606 meliorem
711 2577 784 2614 puto.
801 2577 872 2606 Idcin
890 2583 980 2606 tamen

1038 2551 1087 2579 pro
1103 2544 1215 2572 basilica
1238 2552 1285 2572 seu
1297 2544 1354 2572 aede
1370 2546 1489 2579 inquam
1505 2544 1599 2571 fideles
1612 2547 1816 2572 conveniebant.

924 2665 1076 2694 VARIORU
1083 2665 1116 2693 Μ.

235 2722 246 2736 ο
268 2715 471 2750 Ἀλαμαννῶν.
489 2715 644 2748 Alemanni,
668 2723 715 2743 seu
751 2716 906 2747 Alamanni,
930 2723 980 2749 po-

198 2750 254 2786 puli
273 2749 348 2778 fuere
364 2750 516 2786 Germanias
525 2749 678 2786 Stephano,
699 2751 911 2786 quiﬁAlamanni
924 2750 980 2776 Ma-

197 2784 290 2814 erobio
300 2791 327 2812 et
338 2785 469 2818 Sidonio;
483 2784 576 2811 Gallim
591 2784 902 2819 BelgiczeetVindelicire
916 2793 982 2812 con-

197 2819 303 2848 termini
329 2824 418 2853 erant,
443 2827 539 2853 nempe
553 2820 624 2846 inter
647 2820 768 2847 lthenum
793 2819 915 2851 ﬂuvium,
935 2819 982 2847 Ni-

197 2862 284 2887 ctnm,
305 2854 411 2887 Licum,
433 2857 514 2888 atque
540 2853 726 2888 Brigantinum
750 2855 838 2882 lacum
861 2855 977 2887 extensi,

1030 2715 1075 2742 ubi
1089 2723 1163 2742 nunc
1179 2715 1299 2742 maxima
1312 2722 1374 2750 pars
1397 2714 1504 2741 Suevim
1520 2721 1701 2750 :quanquanr
1714 2712 1746 2739 ad
1756 2711 1813 2750 diu»

1030 2757 1096 2777 num
1122 2750 1235 2777 ﬂuvium
1258 2747 1345 2784 usque
1371 2747 1572 2784 protendantur
1602 2757 1616 2775 a
1642 2747 1810 2782 quibuSdam.

1031 2784 1131 2811 Eorum
1148 2790 1251 2813 tractus
1265 2783 1355 2812 dictus
1369 2783 1420 2811 fuit
1441 2783 1616 2815 Aletnannia,
1631 2783 1706 2810 unde
1730 2787 1811 2817 postea

1030 2827 1129 2847 nomen
1146 2828 1242 2849 recens
1257 2821 1305 2848 toti
1331 2819 1482 2847 Germania:
1501 2819 1630 2846 inditum.
1653 2817 1689 2845 Μ.
1703 2816 1734 2844 A;
1751 2816 1813 2843 Bw-

1032 2862 1118 2881 DnAND
