1883 3069
137 138 202 166 Mal

437 194 457 219 K
464 194 549 221 ΕΦΛᾹ
555 214 561 221 .
587 195 623 221 Ι”.

136 239 206 273 Περὶ
216 237 275 265 τῶν
288 239 361 265 κατὰ
380 238 431 264 τιλν
449 239 534 272 ἅγιον
549 240 693 266 Μελέτιον
709 240 757 266 καὶ
773 240 926 268 Παυλῖνον

172 274 232 300 τῶν
266 273 443 307 Ἀντιοχείας
469 275 660 305 ἐπισκόπων,
693 275 742 301 καὶ
771 277 836 307 περὶ
868 274 927 301 τῶν

171 317 338 343 res-olant.”
354 309 449 341 ὅρκων
464 309 512 335 διὰ
524 310 576 336 τὸν
593 309 792 336 emam!!de
807 310 924 343 θρόνον.

177 353 221 379 Ἐν
234 353 262 379 δὲ
279 353 317 388 τῷ
328 353 398 384 τότε,
412 353 460 379 καὶ
476 354 608 380 Μελετίου
625 354 696 381 κατὰ
716 355 809 381 τοῦτον
824 354 869 380 τὸν
884 355 927 380 νό-

138 408 187 435 μον
203 399 393 431 ἐπανελθόντος
409 400 448 431 εἰς
470 400 635 435 Ἀντιόχειαν
651 400 701 435 τῆς
726 400 837 434 Συρίας,
853 400 925 435 δεινή

135 455 178 478 τις
201 445 239 481 τῷ
258 446 314 481 λαῴ
335 446 485 480 φιλονεικία
515 446 624 482 συνέϐη.
647 445 781 473 Παυλίνου
806 446 859 481 γὰρ
887 446 926 472 ἔτι

136 492 287 527 περιόντος,
303 490 333 519 οὗ
353 492 401 527 τὴν
420 493 573 525 εὐλάϐειαν,
589 492 626 524 ὼς
640 492 771 527 ἔγνωμεν,
795 491 927 524 αἰδεσθεὶς

136 538 243 573 Οὐάλης
257 539 271 564 ὁ
289 537 423 573 βασιλεὺς,
448 539 627 565 καταδικάσαι
647 538 735 574 φυγὴν
753 539 802 564 οὐκ
816 538 927 573 ἐτόλμη-

137 593 193 616 σεν,
222 585 246 611 οἱ
270 585 330 620 μὲν,
361 585 507 621 σύνθρονον
532 585 614 611 αὐτοῦ
638 585 765 619 γενέσθαι
795 584 926 612 Μελὲτιον

135 629 238 664 ἠξίουν.
259 629 467 663 Ἀντιλεγόντων
482 630 511 656 δὲ
534 630 588 657 τῶν
601 630 636 657 τὰ
652 630 787 657 Παυλίνου
802 631 927 666 φρονούν-

136 683 200 707 των,
213 675 259 701 καὶ
273 674 321 710 τὴν
336 675 466 701 Μελετίου
483 676 650 711 χειροτονίαν
667 675 873 708 διαϐαλλόντων,
889 676 927 708 ὡς

136 720 189 746 ὑπὸ
207 720 352 755 Ἀρειανῶν
364 721 521 747 ἐπισκόπων
534 722 731 757 γεγενημένην,
744 721 788 757 βίᾳ
799 722 829 748 τὸ
844 731 927 749 σπου-

135 764 283 800 δαζόμενον
305 767 344 797 εὶς
364 765 443 801 ἔργον
466 764 534 801 ἦγον
563 767 588 793 οἱ
615 766 747 793 Μελετίου
773 767 924 794 ἐπαινέται.

136 810 240 845 Πλῆθος
257 810 311 846 γὰρ
326 811 356 836 οὗ
370 811 399 837 τὸ
426 812 507 846 τυχὸν
523 811 608 842 ὅντες,
630 812 659 837 ἐν
673 812 721 846 μιᾷ
737 811 790 837 τῶν
810 812 863 847 πρὸ
877 813 926 847 τῆς

135 855 239 887 πόλεως
252 856 404 891 ἐκκλησιῶν
419 857 459 888 είς
473 857 518 883 τὸν
533 857 710 884 ἐπισκοπικδν
728 857 821 892 θρόνον
835 857 925 884 ἀνεϐί-

135 901 221 928 ϐασαν
233 902 323 928 αὐτόν.
341 901 524 937 Ἐκατὲρωθεν
536 903 563 929 δέ
572 902 618 929 τοῦ
631 901 696 928 λαοῦ
708 903 924 938 χαλεπαίνοντος,

136 947 183 973 καὶ
195 948 314 979 στὰτεως
327 948 562 983 προσδοκωμένης,
576 947 719 983 θαυμαστή
736 957 777 979 τις
790 948 925 984 ἐκράτησε

137 993 228 1029 βουλὴ,
249 993 317 1029 πρὸς
332 994 457 1028 ὁμόνοιαν
473 995 571 1026 αὐτοὺς
585 994 699 1029 ἄγουσα.
712 994 851 1021 Συνεδόκει
869 995 924 1030 γὰρ

135 1039 234 1075 ὅρκους
253 1039 345 1066 λαϐεῖν
362 1039 437 1075 παρὰ
453 1039 508 1065 τῶν
526 1040 685 1067 ἐπισκοπεῖν
698 1040 743 1066 τὸν
756 1040 848 1067 ἐνθάδε
863 1040 926 1076 θρό-

136 1094 181 1112 νον
194 1085 352 1120 ἐπιτηδείων
365 1083 434 1112 εἶναι
443 1085 637 1121 νομιζομένων,
650 1085 666 1121 ἢ
678 1085 907 1121 προσδοκωμένων
917 1093 923 1100 '

134 1127 173 1158 ὦν
188 1129 258 1167 ἦσαν
275 1131 362 1166 ἕτεροι
378 1131 468 1163 πέντε,
482 1133 528 1157 καὶ
544 1131 702 1163 Φλαῧιανὺς,
720 1131 757 1163 ὡς
768 1131 829 1158 οὔτε
846 1141 927 1158 σπου-

135 1177 256 1210 δάσουσι,
273 1177 334 1203 οὔτε
360 1178 527 1212 χειροτονίας
542 1178 587 1203 ἐπ’
601 1178 694 1209 αὐτοῖς
709 1178 852 1213 γινομένης
863 1199 869 1212 ,
880 1179 927 1204 ἁν-

137 1222 245 1255 έξονται
261 1223 431 1255 ἐπισκοπεῖν,
450 1224 478 1254 ἐς
487 1223 549 1249 ὅσον
566 1223 699 1254 Παυλῖνος
716 1223 876 1262 ἢΜελέτιος
888 1225 927 1259 τῷ

138 1268 189 1304 βίῳ
206 1261 321 1303 τέεριῶσι
335 1277 341 1284 ·
360 1270 510 1304 συγχωρεῖν
530 1268 557 1295 δέ
580 1269 694 1304 θατέρου
706 1269 925 1305 τελευτήσαντος,

137 1314 184 1341 τὸν
198 1315 291 1349 ἕτερον
309 1314 388 1349 μόνον
404 1315 452 1350 τὴν
475 1315 627 1349 ἐπισκοπὴν
644 1314 726 1349 ἔχειν.
747 1315 824 1341 Κατὰ
840 1315 928 1342 ταῦτα

138 1361 167 1387 δέ
182 1361 311 1387 δοθέντων
326 1361 379 1387 τῶν
395 1361 493 1395 ὅρκων,
509 1360 600 1396 σχεδὸν
621 1361 651 1387 τὸ
662 1361 715 1387 πᾶν
730 1360 845 1396 ὼμονόει
857 1361 927 1396 πλῆ-

139 1406 196 1438 θος·
211 1407 295 1441 ὀλίγοι
309 1407 335 1433 δὲ
350 1406 403 1432 τῶν
413 1406 580 1441 Λουκίφερος
592 1405 632 1432 ἔτι
647 1406 811 1441 διεφέροντο,
827 1406 864 1438 ὡς
874 1407 927 1433 ὑπὸ

140 1452 305 1488 ἑτεροδόξων
320 1452 453 1479 Μελετίου
471 1451 714 1487 χειροτονηθέντας.
736 1452 811 1478 Ἐπεὶ
825 1452 854 1478 δὲ
865 1452 928 1479 τάδε

139 1492 192 1522 ὧδε
204 1496 309 1530 γέγονε,
324 1496 455 1528 Μελέτιος
470 1497 517 1531 μὲν
530 1494 596 1532 ἧκεν
614 1498 653 1528 εἰς
671 1497 928 1524 Κωνσταντινούπο-

615 136 774 165 HISTORIA
797 135 1072 165 ECCLESIASTICA.
1089 151 1124 158 -—
1145 136 1208 164 LIB.
1222 136 1278 165 ΥΠ.

1690 139 1758 168 Ηἳῖ

1299 205 1374 234 CAP.
1401 206 1444 234 IIl.

977 251 1016 278 De
1027 252 1068 278 Itis
1076 259 1133 286 qua:
1145 252 1213 278 inter
1225 250 1360 278 Meietium
1372 261 1404 279 ac
1416 252 1560 280 Paulinum
1572 255 1759 283 Amice/tenses

1011 287 1145 326 episcopos
1168 291 1244 326 gesta_
1263 292 1344 326 sunt:
1360 292 1385 314 et
1406 288 1437 314 de
1457 288 1633 323 jurejurando
1656 296 1761 326 propter

1011 321 1182 355 episcopalem
1199 323 1286 349 sedem
1301 323 1382 357 facto.

1012 397 1112 425 Eodem
1130 401 1252 432 tempore
1271 406 1333 426 cum
1355 398 1480 427 Meletius
1502 401 1667 435 supradictae
1693 402 1762 437 legis

977 443 1110 471 beneficio
1126 444 1302 471 Antiochiam
1317 444 1402 480 Syriae
1422 452 1579 480 remeasset,
1593 448 1684 482 gravis
1697 455 1762 475 con-

978 491 1064 518 tentio
1077 491 1103 517 in
1121 491 1220 526 populo
1236 496 1332 519 exorta
1350 497 1391 520 est
1403 493 1423 519 '.
1437 493 1542 521 Etenim
1559 502 1621 522 cum
1631 495 1762 522 Paulinus

977 536 1067 563 adhuc
1081 541 1223 571 superstes
1240 542 1322 570 esset,
1347 546 1428 573 quem
1450 540 1598 574 imperator
1613 540 1711 568 Valens
1726 542 1761 568 ob

977 582 1116 617 pietatem,
1134 586 1162 609 ut
1176 591 1258 618 supra
1273 584 1404 617 diximus,
1421 587 1565 618 reveritus,
1580 587 1677 614 exsilio
1691 587 1762 614 mul-

976 633 1034 656 tare
1049 628 1261 664 haudquaquam
1279 637 1363 658 ausus
1387 631 1475 658 fuerat
1489 653 1495 664 ,
1513 633 1623 667 quidam
1638 634 1761 668 postula-

976 675 1042 702 bant
1054 679 1083 702 ut
1097 676 1224 704 Meletius
1239 676 1265 703 in
1278 677 1427 711 episcopali
1442 677 1505 705 sede
1522 686 1582 705 cum
1597 679 1643 705 illo
1663 679 1763 707 reside-

977 725 1030 749 ret.
1047 720 1154 753 Quibus
1175 729 1237 748 cum
1253 721 1362 748 Paulini
1380 722 1499 750 fautores
1521 724 1717 756 reclamarent,
1735 729 1762 751 et

977 765 1178 793 ordinationem
1201 765 1300 793 Meletii
1329 770 1457 800 tanquam
1475 768 1509 794 al)
1532 769 1640 796 Arianis
1663 768 1760 795 factam

977 812 1201 843 criminarentur,
1220 811 1342 839 fautores
1357 812 1457 840 Meletii
1472 813 1498 840 id
1518 814 1591 850 quod
1607 814 1761 845 studebant,

941 873 962 900 Β
976 856 1002 883 vi
1018 856 1164 890 perfecero.
1180 856 1247 883 Cum
1264 858 1336 884 enim
1353 857 1423 884 haud
1437 859 1517 892 pauci
1532 865 1647 885 numero
1658 863 1762 890 essent,

980 901 1006 929 in
1023 903 1139 936 quadam
1155 903 1271 930 ecclesia
1286 903 1444 930 suburbana
1460 903 1595 931 Meletium
1617 905 1642 931 in
1660 905 1763 939 episco—

980 947 1033 982 pali
1057 948 1128 976 solio
1140 943 1336 975 'eollocarunt.
1363 948 1466 984 Populo
1489 949 1570 984 igitur
1592 957 1623 977 ex
1647 954 1764 985 utraque

979 997 1057 1028 parte
1071 994 1221 1027 concitato,
1237 1003 1298 1022 cum
1321 995 1420 1023 seditio
1440 994 1532 1022 futura
1544 999 1762 1030 exspectaretur,

980 1039 1141 1066 admirabile
1163 1040 1300 1074 quoddam
1325 1040 1470 1067 consilium
1485 1041 1636 1075 prmvaluit,
1658 1048 1711 1076 quo
1728 1041 1761 1068 ad

980 1085 1154 1113 concordiam
1173 1090 1377 1114 revocarentur.
1397 1086 1503 1113 Placuit
1522 1087 1593 1114 enim
1607 1091 1637 1114 ut
1656 1087 1764 1122 jureju-

980 1131 1068 1158 rando
1092 1138 1153 1158 sese
1178 1131 1362 1164 astringerent
1384 1132 1403 1158 ii
1426 1133 1472 1167 qui
1491 1132 1523 1160 ad
1540 1133 1688 1167 regendum
1704 1134 1764 1168 ejus

981 1176 1033 1204 loci
1055 1177 1242 1211 episcopatum
1265 1177 1354 1204 idonei
1381 1185 1442 1205 esse
1467 1178 1635 1213 putabantur
1668 1187 1762 1214 spera—

981 1222 1132 1255 banturve;
1149 1230 1182 1249 ex
1206 1223 1306 1258 quibus
1322 1227 1400 1250 erant
1417 1229 1473 1250 tum
1493 1223 1538 1250 alii
1557 1224 1686 1258 quinque,
1704 1229 1760 1251 tum

981 1268 1146 1300 Flavianus;
1167 1276 1196 1296 se
1219 1277 1308 1304 neque
1332 1269 1500 1302 ambituros,
1518 1277 1616 1304 neque,
1630 1270 1764 1298 electione

982 1314 1106 1349 ipsorum
1136 1314 1228 1345 facta,
1259 1316 1445 1350 episcopatum
1476 1320 1655 1350 suscepturos
1685 1324 1764 1350 esse,

981 1358 1103 1392 quandiu
1120 1357 1251 1386 Paulinus
1276 1366 1308 1387 ac
1328 1359 1451 1388 Meletius
1471 1361 1634 1395 superstites
1648 1365 1741 1389 essent
1757 1371 1763 1389 :

982 1404 1071 1432 altero
1086 1407 1176 1432 autem
1194 1405 1303 1432 illorum
1326 1409 1445 1439 mortuo,
1461 1413 1592 1441 passuros
1607 1414 1636 1434 se
1652 1411 1682 1434 ut
1697 1407 1766 1435 alter

981 1450 1170 1484 episcopatum
1189 1450 1264 1478 solus
1279 1450 1425 1478 obtineret.
1439 1451 1523 1486 Igitur
1536 1451 1717 1486 jurejurando
1737 1452 1765 1479 in

982 1496 1033 1524 has
1057 1496 1230 1524 conditiones
1251 1497 1382 1531 praestito,
1402 1497 1529 1524 universa
1556 1498 1613 1526 fere
1636 1498 1712 1537 plebs
1732 1499 1765 1526 ad

140 1540 193 1568 λιν·
213 1543 293 1577 ἡνίκα
310 1542 356 1569 καὶ
380 1542 468 1573 ἄλλοις
486 1543 646 1574 ἐπισκόποις
663 1543 732 1570 κατὰ
757 1543 838 1569 ταὺτὸ
855 1551 929 1577 γενο-

1001 1542 1159 1569 oucordiam
1186 1542 1278 1570 rediit.
1304 1542 1387 1570 Pauci
1413 1547 1504 1570 tamen
1529 1551 1561 1571 ex
1584 1543 1766 1572 Luciferianis

143 1587 245 1622 μένοις,
273 1588 361 1620 ἔδοξεν
384 1589 532 1622 ἀναγκαῖον
556 1587 623 1615 εἶναι
649 1590 681 1615 ἐκ
702 1589 752 1624 τῆς
775 1588 927 1620 Ναζιανζοῦ

143 1634 298 1667 μεταθεῖναι
312 1634 471 1670 Γρηγόριον,
483 1634 530 1660 καὶ
538 1633 684 1669 ἐπιτρέψαι
695 1633 769 1667 αὐτῴ
779 1633 826 1668 τὴν
836 1633 929 1659 ἐνθάδε

143 1679 305 1714 ἐπισκοπὴν.

142 1728 204 1752 ctus
225 1730 281 1757 est;
301 1733 356 1760 quo
374 1725 484 1759 quidem
507 1729 644 1761 tempore,
660 1725 721 1753 aliis
743 1732 852 1760 quoquc
869 1725 1007 1760 episcopis
1031 1726 1068 1753 ibi
1092 1728 1275 1762 congregatis,

982 1587 1072 1614 adhuc
1094 1587 1281 1620 dissidebant,
1311 1593 1455 1624 propterea
1483 1589 1554 1624 quod
1582 1590 1706 1618 Meletius
1733 1591 1767 1619 ab

983 1633 1119 1661 haereticis
1135 1633 1403 1669 orditialuslfuisset.
1428 1635 1532 1668 Quibus
1554 1635 1587 1663 ad
1611 1636 1684 1664 hunc
1707 1645 1766 1664 mo-

985 1680 1049 1707 dum
1073 1682 1203 1716 peraclis.
1231 1681 1355 1709 Melctius
1380 1682 1649 1718 Constantinopolim
1673 1684 1766 1719 profe-

1314 1734 1402 1762 operte
1438 1729 1555 1763 pretium
1591 1729 1678 1756 visum
1711 1734 1765 1761 est,

142 1774 173 1796 ut
191 1770 340 1804 Gregorius
367 1771 402 1797 ab
425 1771 525 1806 oppido
552 1771 687 1799 Naziauzo
717 1771 927 1804 transferretur,
967 1772 1082 1807 ejusque
1107 1773 1183 1800 urbis
1216 1774 1390 1809 episcopatus
1410 1775 1435 1802 ei
1458 1775 1592 1810 regendus
1615 1776 1767 1805 committe-

143 1822 228 1846 retur.

442 1864 567 1890 ΚΕΦΛΛ.
595 1865 631 1891 Δ’.

142 1908 212 1942 Περὶ
227 1908 278 1945 τῆς
301 1909 398 1943 ἀρχῆς
421 1910 581 1937 Θεοδοσίου
599 1910 652 1937 τοῦ
664 1910 812 1945 Μεγάλου,
834 1911 883 1938 καὶ
895 1911 933 1943 ὡς

179 1944 258 1980 παρὰ
273 1945 430 1980 Ἀσχολίου
441 1945 670 1980 Θεσσαλονίκης
684 1944 716 1972 τὸ
727 1946 807 1973 θεῖον
817 1947 933 1980 ἐμυήθη

177 1977 341 2015 βάπτιᾳμιὶί
353 1988 360 1994 ’
373 1979 421 2005 καὶ
445 1977 492 2006 οἷα
507 1980 620 2013 ἕπραψε
635 1977 698 2013 τοῖς
721 1981 764 2015 μὴ
782 1977 856 2008 κατὰ
882 1977 936 2008 id};

179 2014 249 2047 ὅρον
263 2013 318 2048 τῆς
330 2014 365 2040 ἐν
380 2014 487 2046 Nuntia
506 2015 640 2042 συνόδου
653 2013 862 2049 πρεὰῧεύουσι.

184 2058 252 2084 Ὑπὸ
279 2058 307 2085 δέ
327 2058 420 2084 τοῦτον
443 2059 488 2084 τὸν
515 2058 621 2094 χρόνον,
641 2059 790 2095 Γρατιανὸς
819 2060 869 2095 μὲν
893 2060 933 2086 ἔτι

145 2104 198 2130 τῶν
214 2104 282 2139 πρὸς
302 2104 436 2140 Ἑσπέραν
448 2104 576 2131 Γαλατῶν
590 2105 642 2132 ὑπὸ
661 2105 819 2140 Ἀλαμανῶν
831 2114 932 2140 ταρατ-

144 2150 274 2185 τομένων,
301 2149 347 2176 ἐπὶ
371 2150 421 2185 τὴν
444 2149 574 2185 πατρῴαν
590 2150 739 2186 ἀνέστρεψε
767 2152 872 2186 μοῖραν·
899 2151 932 2185 ἢν

1305 1864 1377 1891 CAP.
1401 1864 1444 1892 IV.

983 1909 1021 1936 De
1033 1909 1140 1943 imperio
1153 1910 1291 1937 Theodosii
1307 1910 1407 1945 Magni,
1424 1915 1447 1937 el
1462 1911 1590 1945 quomodo
1600 1911 1632 1937 ab
1644 1911 1765 1938 Ast/tolio

1020 1944 1214 1972 Thessalonica:
1232 1944 1360 1979 episcopo
1371 1944 1522 1979 baptizatus
1538 1951 1596 1972 est:
1611 1951 1634 1973 et
1646 1947 1709 1979 quid
1724 1947 1767 1973 de-

1020 1980 1127 2006 creverit
1151 1980 1279 2016 adversus
1307 1989 1350 2007 eos
1365 1982 1410 2014 qui
1434 1980 1539 2008 Nicwm‘
1561 1980 1665 2008 concilii
1685 1982 1764 2016 [idem

1019 2015 1218 2048 impugnabant.

1020 2060 1076 2086 Sub
1090 2059 1160 2086 idem
1181 2064 1297 2093 tempus,
1314 2067 1376 2086 cum
1391 2061 1536 2088 Alamanni
1553 2061 1657 2089 crebris
1672 2061 1766 2089 incur-

984 2105 1108 2133 sionibus
1119 2104 1221 2131 Gallias
1232 2105 1404 2137 infcstarent,
1421 2106 1569 2135 Gratianus
1585 2107 1616 2135 ad
1637 2108 1766 2136 occiduas

984 2152 1090 2186 paterni
1117 2151 1223 2186 imperii
1251 2154 1341 2185 partes
1365 2159 1492 2180 reversus
1518 2158 1584 2187 est,
1613 2161 1681 2189 quas
1708 2155 1766 2189 ipse

144 2195 218 2230 αὐτῷ
231 2204 259 2222 τε
279 2195 325 2222 καὶ
336 2194 374 2230 τῷ
389 2195 495 2230 ἀδελφῷ
510 2195 519 2214 τ
536 2195 645 2222 διοικεῖν
667 2195 810 2222 κατέλιπεν
820 2216 826 2227 ,
851 2196 930 2222 Ἰλλυ-

1001 2198 1034 2225 ibi
1052 2205 1082 2224 ac
1101 2197 1178 2224 fratri
1195 2196 1328 2231 regendas
1342 2197 1423 2232 282
1439 2199 1602 2232 retinuerat,
1629 2209 1689 2227 cum
1705 2200 1766 2236 Illy-

146 2242 219 2276 pw-‘J;
238 2241 283 2268 καὶ
308 2241 341 2267 τὰ
361 2241 428 2276 πρὸς
443 2241 519 2275 ἥλιον
535 2241 678 2276 ἀνίσχοντα
694 2242 742 2276 τῆς
764 2241 850 2276 ἀρχῆς
868 2241 931 2267 Θεο-

143 2287 224 2320 603519
260 2286 418 2321 ἐπιτρέψας,
449 2286 633 2321 Κατωρθοῦτο
665 2287 692 2313 δὲ
727 2287 796 2313 κατὰ
818 2285 930 2321 γνώμην

143 2331 217 2366 αὐτῷ
234 2332 268 2358 τὰ
292 2333 358 2367 πρὸς
371 2331 481 2364 τούτους
504 2341 510 2347 ·
536 2332 668 2368 Θεοδοσίῳ
686 2332 713 2359 δὲ
728 2332 761 2358 τὰ
789 2332 855 2366 πρὸς
866 2332 929 2363 τοὺς

144 2377 217 2412 ἀμφὶ
229 2378 275 2403 τὸν
288 2379 393 2413 Ἵστρον
414 2378 576 2414 βαρϐάρους.
597 2378 671 2405 Ἐπεὶ
684 2378 711 2405 δὲ
719 2378 772 2405 τῶν
786 2379 835 2413 μὲν
854 2378 928 2414 μάχῃ

144 2422 326 2458 ἐπεκράτησε,
344 2424 406 2454 τοὺς
425 2423 452 2449 δὲ
476 2424 567 2458 φίλους
581 2424 652 2458 ἔχειν
674 2424 826 2458 Ῥωμαίους
853 2425 928 2450 ἀντι-

144 2467 299 2501 6ολοὖντ¹ας,
325 2469 446 2504 ὁμήρους
472 2469 573 2502 λαϐὼν,
596 2470 710 2501 σπονδὰς
734 2469 843 2502 ἐδέξατο
862 2470 928 2505 (8.5),

182 2548 190 2563 '
211 2548 288 2594 δοῦν.
305 2549 350 2576 lib.
367 2557 395 2581 v,
412 2557 472 2584 cap.
490 2550 516 2576 5.
555 2551 564 2564 ²
578 2549 642 2577 ibid.
665 2557 725 2584 cap.
741 2549 766 2576 6.

984 2244 1071 2270 ricum
1087 2248 1114 2270 et
1139 2242 1260 2270 Orientis
1278 2247 1368 2277 partes
1395 2243 1550 2271 Theodosio
1577 2246 1763 2274 lradidissct’.

985 2289 1016 2315 Et
1031 2289 1089 2323 ipse
1103 2289 1223 2323 quidem,
1238 2297 1270 2316 ex
1287 2289 1371 2316 animi
1394 2289 1436 2317 sui
1451 2291 1586 2317 sententia
1606 2299 1662 2319 rem
1682 2293 1766 2327 gessit

984 2333 1116 2361 adversus
1142 2335 1312 2361 Alamannos
1339 2343 1346 2360 :
1373 2333 1543 2362 Theodosius
1572 2343 1636 2363 vero
1665 2336 1764 2364 bellum

983 2387 1044 2406 cum
1068 2379 1191 2406 harharis
1207 2378 1307 2406 Istrum
1322 2380 1507 2407 accolentibus
1522 2388 1576 2407 non
1596 2381 1685 2409 minus
1704 2382 1765 2409 feli-

984 2426 1052 2452 citer
1070 2425 1198 2453 confecit.
1216 2425 1336 2459 Quorum
1360 2426 1429 2454 alios
1445 2434 1506 2453 cum
1530 2427 1627 2461 prmlio
1648 2427 1767 2455 devicis-

984 2475 1025 2498 set
1043 2471 1110 2499 alios
1133 2471 1317 2499 Rommtorutu
1335 2472 1482 2500 amicitiam
1495 2473 1675 2507 postulantes,
1689 2481 1767 2501 acce-

745 2616 878 2645 VALESII
898 2617 1172 2646 ANNOTA'I'IONES.

179 2661 235 2698 (8t)
251 2662 386 2696 Σπονδὰς
403 2662 536 2694 ἐδέξατο.
553 2663 642 2690 Malim
657 2646 777 2692 scribeie
793 2666 832 2697 εις
850 2666 930 2692 move

1001 2667 1091 2698 έξατο.
1111 2667 1195 2693 Alilcr
1209 2665 1280 2692 cnim
1300 2665 1415 2691 barbara
1433 2667 1506 2691 esset
1517 2663 1629 2690 locutio.

867 2733 990 2762 VARIOR
996 2734 1015 2761 Il
1020 2735 1044 2761 Μ

183 2777 194 2795 τ
210 2776 266 2802 Ἢν
283 2776 363 2808 αὐτῷ
379 2785 410 2803 τε
421 2777 469 2803 καὶ
483 2777 523 2808 τῷ
534 2776 664 2811 ἀδελφῷ.
678 2777 809 2803 Gratiano
825 2786 936 2806 cessere

144 2810 248 2844 Galiim,
275 2811 420 2845 Hispanim,
447 2810 615 2845 Brilannimj
643 2812 834 2838 Valentiniano
853 2815 930 2840 fratri

144 2847 230 2878 Italia,
252 2845 400 2880 Illyricum,
420 2848 520 2874 Africa.
546 2847 658 2881 Zushn.,
678 2848 723 2874 lib.
744 2855 776 2877 tv,
796 2856 855 2883 pag.
873 2849 933 2878 'llb‘.

983 2781 1052 2807 .I‘IJIC
1070 2781 1150 2815 igitur
1167 2781 1302 2816 lllyniuun
1324 2774 1478 2806 Theodosio
1496 2783 1558 2803 mox
1574 2775 1667 2803 tribuit
1683 2773 1762 2801 Som-

986 2824 1092 2842 IIIUIJIS.
