1883 3069
113 174 185 202 ιιεε

569 173 731 201 HISTORIA
751 171 1148 201 ECCLESIASTIGA.—LIB.
1170 173 1224 200 VII.

1657 174 1726 202 “26

108 232 149 258 ἔτι
166 232 190 258 ot
211 230 246 257 τὰ
260 231 365 266 Ἀρείου
381 231 551 266 φρονοῦντες,
568 228 604 257 ὧν
620 231 711 266 ἡγεῖτο
730 230 891 265 Δημόφιλος.

952 231 1042 259 adhuc
1063 231 1189 259 ecclesiis
1206 229 1391 266 potiebantur,
1412 232 1510 266 quibus
1535 237 1649 268 praeerat
1673 233 1724 259 De-

109 275 259 311 Γρηγόριος
277 275 305 301 δὲ
327 275 341 300 ὀ
360 277 392 302 ἐκ
410 275 563 307 Ναζιανζοῦ
577 276 723 309 προϊστατο
734 273 788 300 τῶν
800 273 895 308 ὁμοού-

110 329 166 346 σιον
182 320 283 355 Τριάδα
297 320 471 353 δοξαζόντων.
492 319 668 355 Ἐκκλησίαςε
690 319 718 345 δὲ
735 319 764 344 ἐν
783 318 895 352 οἰκίσκῳ

112 365 218 401 μικρῷ,
251 367 315 400 παρ’
342 365 475 400 ὁμοδόξων
500 365 573 400 αὐτῴ
597 373 625 390 τε
648 365 696 390 καὶ
719 365 776 394 τοῖς
796 362 895 397 ὁμοίως

69 413 72 416 ⁴
109 410 305 446 θρησκεύουσιν
323 411 362 441 εἰς
383 410 525 446 εὐκτήριον
546 408 619 436 οἷκον
638 408 893 436 κατασκευασθέντι.

108 443 186 481 Μετὰ
203 455 230 481 δὲ
243 443 335 482 ’ταῦτα
349 443 501 491 περιφανῆς
518 455 571 482 τῶν
587 456 616 481 ἐν
629 456 662 490 τῇ
679 454 754 480 πόλει
768 453 835 485 νεὼς
851 453 897 487 γέ-

108 508 187 534 γονεν
202 498 288 534 οὗτος,
300 501 346 527 καὶ
360 501 443 533 ἔστιν,
461 501 490 528 οὐ
506 500 585 536 μόνον
598 500 820 535 οἰκοδομημάτων
832 500 896 526 κάλ-

109 545 152 572 λει
171 555 200 572 τε
220 547 266 573 καὶ
287 546 412 581 μεγέθει,
435 546 501 573 ἀλλὰ
525 545 572 574 καὶ
592 546 714 581 ἐναργῶν
734 545 896 579 οεοφανειῶν

109 591 263 625 ὠφελείαις.
286 591 492 627 Προφαινομένη
513 592 567 626 γὰρ
583 590 676 617 ἐνθάδε
697 590 756 617 θεία
772 590 894 624 δύναμις,

111 636 186 672 ῦπαρ
196 645 225 663 τε
237 637 284 663 καὶ
302 638 330 663 ἐν
342 637 474 672 ὀνείρασι,
490 626 596 668 πολλοῖς
611 636 740 667 πολλάκις
752 635 839 666 νόσοις
849 636 896 662 καὶ

111 683 297 718 περιπετείαις
311 685 480 718 πραγμάτων
495 682 643 718 κάμνουσιν
659 682 793 717 ἐπήμυνε.
811 681 897 707 Πεπί-

112 738 221 756 στευται
242 729 270 756 δέ
292 729 393 764 ταύτην
414 729 463 764 τὴν
491 728 556 755 Θεοῦ
583 728 689 764 μητέρα
711 728 821 763 Μαρίαν
847 727 896 763 τὴν

112 774 191 808 ἁγίαν
225 774 361 810 Παρθένον
396 773 481 801 εἶναι·
513 774 598 810 ταύτῃ
632 774 686 809 γὰρ
715 773 896 808 ἐπιφαίνεται.

119 820 294 846 Ἀναστασίαν
312 820 340 847 δὲ
353 820 454 855 ταύτην
470 820 518 855 τὴν
534 820 680 854 ἐκκλησίαν
709 819 896 854 ὀνομάζουσιν,

112 865 150 896 ὡς
168 865 216 900 μὲν
228 865 331 900 ᾠόμην,
351 865 445 893 καθότι
464 866 494 892 τὸ
508 865 596 900 δόγμα
610 865 658 900 τῆς
676 866 704 891 ἐν
722 864 824 899 Νικαίᾳ.
836 872 896 891 συν-

112 911 172 938 όδου
190 912 334 943 πεπτωκὸς
345 912 396 947 ἤδη
411 913 439 938 ὲν
450 910 733 938 Κωνσταντινουπόλει
744 910 790 936 καὶ
802 909 896 943 τεθνη-

112 957 170 988 κὸς,
186 957 223 989 ὡς
239 959 336 990 εἰπεῖν,
353 957 395 984 διὰ
411 957 460 992 τὴν
475 957 590 992 δύναμιν
603 957 656 982 τῶν
672 956 842 992 ἑτεροδόξων,
857 956 898 982 ἐν-

113 1001 177 1030 θάδε
200 1003 298 1039 ἀνέστη
323 1003 370 1030 καὶ
390 1002 490 1029 ἀνεϐίω
505 1003 550 1029 διὰ
565 1002 619 1031 τῶν
634 1001 781 1038 Γρηγθρίου
800 1001 896 1036 λόγων.

117 1050 163 1080 Ὧς
181 1049 209 1076 δέ
231 1057 312 1076 τινων
330 1049 418 1084 ἀληθῆ
440 1049 528 1083 λέγειν
551 1049 762 1085 ἰσχυριζομένων
781 1048 896 1083 ἀκήκοα,

111 1096 333 1131 ἐκκλησιάζοντος
353 1096 400 1122 τοῦ
425 1095 507 1127 λαοῦ,
532 1096 599 1131 γυνὴ
626 1095 753 1130 ἐγκύμων
774 1094 827 1121 ἀπὸ
848 1094 898 1128 τῆς

111 1141 236 1177 ὑπερῴου
251 1142 331 1173 στοᾶς
340 1141 542 1174 καταπεσοῦσα,
555 1141 647 1168 ἐνθάδε
658 1141 771 1176 τέθνηκε
785 1148 792 1156 ·
806 1140 898 1174 κοινῆς

109 1188 141 1214 δὲ
156 1187 231 1222 παρὰ
244 1187 352 1214 πάντων
368 1188 450 1223 εὐχῆς
469 1188 512 1214 ἐπ’
526 1188 593 1223 αὐτῇ
606 1187 754 1222 γενομένης
771 1186 897 1221 ἅνέζησε,

111 1233 159 1259 καὶ
175 1233 222 1259 σὺν
236 1231 275 1267 τῷ
293 1232 386 1267 βρέφει
403 1231 502 1267 ἐσώθη.
521 1232 564 1265 Ὧς
577 1232 624 1258 ἐπὶ
640 1230 784 1267 παραδόξῳ
799 1231 827 1257 δὲ
842 1230 899 1257 θεό-

110 1277 160 1304 θεν
183 1277 331 1312 συμϐάντι,
356 1276 457 1313 ταύτην
483 1277 561 1313 ἔλαχε
588 1277 637 1312 τὴν
662 1277 846 1312 προσηγορίαν
869 1275 898 1308 ἐξ

110 1322 218 1349 ἐκείνου
234 1323 248 1349 ό
260 1321 352 1353 τόπος.
365 1322 420 1349 Καὶ
432 1321 496 1357 περὶ
512 1323 560 1355 μὲν
574 1322 669 1349 τούτου
682 1321 801 1353 τοιοῦτος
814 1321 898 1348 εἰσέτι

109 1367 160 1394 νῦν
173 1367 285 1402 φέρεται
300 1367 387 1402 λόγος.
403 1368 431 1393 Ὁ
445 1367 473 1393 δὲ
490 1367 626 1402 βασιλεὺς,
642 1367 752 1402 πέμψας
765 1367 832 1402 πρὸς
847 1368 899 1402 Δη-

111 1413 237 1448 μόφιλον,
260 1412 401 1439 ἐκέλευσεν
419 1412 499 1439 αὐτὸν
518 1412 588 1439 κατὰ
600 1412 629 1439 τδ
642 1412 729 1448 δόγμα
740 1412 789 1447 τῆς
804 1413 834 1439 ἐν
851 1412 899 1438 Νι-

109 1458 178 1493 καίᾳ
191 1458 298 1485 συνόδου
312 1458 484 1493 θρησκεύειν,
502 1458 548 1484 καὶ
565 1457 609 1484 τὸν
630 1457 694 1484 λαὸν
715 1458 755 1489 είς
774 1457 899 1493 ὁμόνοιαν

109 1503 200 1537 ἄγειν,
213 1503 229 1538 ἢ
244 1503 298 1531 τῶν
321 1503 472 1539 ἐκκλησιῶν
493 1504 652 1538 ὑποχωρεῖν.
662 1504 690 1530 '0
705 1503 745 1536 δὲ,
757 1503 787 1530 τὸ
799 1503 900 1538 πλῆθος

111 1548 293 1583 συγκαλέσας,
309 1549 359 1584 τὴν
373 1548 502 1592 βασιλέως
514 1549 631 1584 ἐδήλωσε
645 1549 756 1584 γνώμην
767 1557 774 1565 ’
798 1549 845 1575 καὶ
859 1550 899 1580 εἰς
911 1564 933 1592 c

109 1594 162 1629 τὴν
178 1594 323 1630 ὑστεραίαν
346 1594 399 1629 πρὸ
420 1587 476 1621 τῶν
498 1593 595 1629 τειχῶν
615 1594 805 1629 ἐκκλησιάζειν
832 1602 899 1629 προ-

109 1641 260 1676 ηγόρευσεν
273 1649 280 1656 ·
294 1640 355 1667 ἐπεὶ
377 1640 458 1672 θεῖος,
479 1639 541 1675 ἔφη,
563 1640 700 1667 ἐπιτάττει
719 1640 811 1675 νόμος,
832 1640 900 1667 Ἐὰν

109 1685 191 1720 ὑμᾶς
204 1685 350 1713 διώκωσιν
372 1685 406 1712 ἐκ
428 1685 482 1720 τῆς
496 1686 612 1719 πόλεως
626 1687 751 1719 ταύτης,
775 1686 898 1721 φεύγετε

108 1732 156 1764 εὶς
168 1731 224 1765 τὴν
238 1730 346 1765 ἄλλην.
372 1731 466 1757 Τοιάδε
487 1731 652 1765 προσειπὼν,
677 1731 706 1763 ἐξ
722 1731 826 1758 ἐκείνου
846 1732 899 1767 πρὸ

109 1777 162 1812 τῆς
176 1777 279 1808 πόλεως
291 1776 454 1812 ὲκκλησίαζε
468 1785 474 1792 ·
496 1778 543 1804 σὺν
559 1777 633 1812 αὐτῷ
646 1777 674 1803 δὲ
687 1777 733 1803 καὶ
746 1777 868 1809 Λούκιος,
885 1779 899 1804 ὁ

109 1821 195 1849 πάλαι
206 1823 274 1857 πρὸς
291 1822 344 1848 τῶν
362 1822 465 1857 Ἀρείου
478 1823 526 1858 τὴν
542 1822 739 1858 Ἀλεξανδρέων
753 1823 898 1858 ἐκκλησίαν

109 1867 283 1902 ἐπιτραπείς.
299 1866 450 1899 Ἐξελαθεὶς
472 1867 536 1904 γὰρ,
559 1867 596 1900 ὡς
620 1867 736 1903 είρηται,
755 1869 843 1903 φυγὰς
859 1869 899 1900 είς

109 1913 395 1940 Κωνσταντινούπολιν
409 1913 504 1947 ἐλθὼν,
520 1914 611 1940 ἐνθάδε
625 1914 767 1949 διέτριϐεν.
792 1914 899 1941 Ἀπολι-

110 1959 216 1985 πόντων
246 1959 274 1985 δὲ
297 1959 345 1994 τὴν
379 1959 526 1995 ἐκκλησίαν
558 1960 611 1986 τῶν
638 1960 708 1995 ἀμφὶ
730 1961 897 1996 Δημόφιλον,

112 2004 239 2032 εἰσελθὼν
253 2005 267 2030 ὁ
282 2004 407 2039 βασιλεὺς
421 2003 532 2038 ηὔξατο.
548 2004 603 2030 Καὶ
617 2003 647 2029 τὸ
662 2003 691 2035 ἐξ
706 2004 820 2036 ἐκείνου,
835 2006 899 2037 τοὺς

112 2050 272 2085 ιὺκτηρίους
302 2050 391 2081 οἴκους
420 2049 550 2084 κατέσχον
579 2050 602 2075 οἱ
625 2048 728 2084 Τριάδα
757 2049 898 2084 ὁμοούσιον

113 2095 320 2132 πρεσϐεύοντες.
345 2095 424 2127 Ἔτος
437 2095 464 2122 δέ
482 2095 561 2122 τοῦτο
575 2092 609 2130 ἦν
623 2095 652 2121 ἐν
667 2090 688 2128 ᾧ
706 2095 855 2130 Γρατιανὺς
868 2095 899 2122 τὸ

112 2141 248 2176 πέμπτον,
272 2141 318 2167 καὶ
331 2141 468 2172 Θεοδόσιος
493 2140 523 2167 τὸ
546 2140 652 2176 πρῶτον
667 2140 813 2167 ύπάτευον.
829 2141 897 2167 Τεσ-

111 2186 277 2222 σαρακοο-τὺν
292 2187 319 2212 δὲ
335 2186 402 2221 (89),
422 2187 467 2220 ἀφ’
484 2182 514 2213 οὗ
529 2185 583 2212 τῶν
607 2185 760 2221 ἐκκλησιῶν
781 2185 898 2222 ἐκράτη-

111 2242 163 2259 σαν
176 2233 201 2259 ot
214 2232 267 2259 ἀπὸ
281 2233 328 2268 τῆς
341 2231 447 2267 Ἀρείου
463 2231 604 2266 αἱρέσεως.

945 277 1098 312 mophilus;
1113 276 1261 311 Gregorius
1275 284 1339 304 vero
1350 276 1537 308 Nazianzenus
1552 279 1586 306 iis
1597 278 1726 314 praeside-

945 323 990 350 bat
1006 322 1053 357 qui
1064 322 1225 349 Trinitatem
1241 322 1502 351 consubstantialem
1516 323 1724 359 profitebantur.

946 368 995 395 Ilic
1010 369 1037 395 iu
1061 368 1158 403 exigua
1174 368 1289 402 quadam
1310 368 1406 400 domo,
1430 376 1490 404 quae
1521 376 1570 404 per
1593 368 1725 404 quosdam

946 413 1068 448 ejusdem
1088 413 1149 440 fidei
1164 414 1298 445 homines,
1315 418 1371 440 tum
1392 414 1454 449 ipsi,
1471 418 1526 441 tum
1544 415 1578 441 iis
1593 415 1637 449 qui
1653 421 1726 441 eam-

946 459 1007 486 dem
1039 459 1198 494 religionem
1237 459 1430 494 sequebantur,
1457 460 1485 486 in
1512 459 1634 486 ecclesia:
1665 465 1728 492 spe—

946 505 1015 532 ciem
1032 509 1196 532 commutata
1212 504 1311 538 fuerat,
1327 505 1455 533 collectas
1474 505 1581 540 agebat.
1597 504 1726 538 Sequenti

946 558 1011 577 vero
1038 554 1170 585 tempore,
1201 558 1256 585 prae
1272 550 1377 578 caneris
1408 551 1486 585 regia:
1507 550 1583 578 urbis
1603 550 1728 577 ecclesiis

947 598 1063 625 illustris
1077 597 1135 624 haec
1146 597 1208 629 fuit,
1222 600 1249 624 et
1263 604 1337 624 nunc
1352 604 1461 632 quoque
1473 599 1515 624 est
1527 605 1534 623 :
1560 604 1615 624 non
1639 597 1728 623 solum

946 642 981 669 ob
991 645 1135 669 structurae
1147 642 1308 676 elegantiam
1318 642 1625 676 atque'amplitudinem,
1635 649 1728 668 verum

947 689 1028 715 etiam
1045 688 1080 715 ob
1095 687 1220 715 assiduas
1234 695 1295 722 qua'
1311 695 1344 714 ex
1355 687 1438 715 divini
1453 688 1573 715 numinis
1585 687 1729 722 praesentia

947 732 1002 759 illic
1018 732 1206 767 percipiuntur
1223 732 1368 759 utilitates.
1385 731 1491 759 Etenim
1505 732 1597 760 divina
1611 732 1661 764 vis,
1674 735 1730 758 tam

947 778 1134 812 vigilantibus,
1153 786 1234 813 quam
1253 778 1281 805 in
1307 778 1421 810 somnis,
1441 778 1612 806 manifestam
1637 777 1673 804 ibi
1702 785 1731 804 se

948 824 1090 857 exhibens,
1111 823 1206 851 multis
1229 831 1416 859 saepenumero
1439 823 1486 858 qui
1505 823 1548 850 vel
1572 823 1665 850 morbo
1689 822 1731 848 vel

948 867 1064 895 diversis
1080 868 1189 895 casibus
1204 868 1407 903 premebantur,
1426 868 1566 902 suppetias
1581 867 1653 894 tulit.
1665 866 1731 894 Cre-

949 913 1023 940 ditur
1039 917 1129 941 autem
1144 914 1200 940 hate
1214 921 1274 940 esse
1287 921 1366 940 sacra
1380 913 1462 948 Virgo
1477 913 1561 940 Maria
1574 913 1619 940 Dei
1633 917 1730 939 mater.

949 957 995 985 Sic
1011 958 1082 985 enim
1108 966 1237 993 apparere
1266 959 1345 986 solet.
1376 958 1462 986 Porro
1489 959 1561 986 hanc
1589 958 1732 986 ecclesiam

947 1002 1121 1029 Anastasiam
1134 1003 1266 1035 nominat,
1280 1003 1315 1031 ob
1336 1003 1373 1036 id,
1387 1011 1446 1031 mea
1457 1004 1567 1039 quidem
1583 1004 1731 1035 sententia,

947 1049 1019 1084 quod
1032 1048 1148 1076 Nicaeum
1163 1049 1258 1085 synodi
1272 1049 1398 1077 doctrina
1415 1057 1462 1085 per
1478 1050 1630 1085 potentiam
1645 1049 1731 1076 haere-

949 1094 1064 1122 ticorum
1080 1102 1212 1129 oppressa
1225 1095 1293 1129 jam,
1314 1099 1398 1130 utque
1413 1096 1448 1122 ita
1464 1095 1565 1128 dicam,
1589 1095 1731 1122 intermor-

948 1142 1004 1172 tua,
1021 1138 1145 1174 Gregorii
1164 1140 1344 1168 concionibus
1360 1141 1387 1167 in
1401 1148 1434 1168 eo
1456 1141 1517 1168 loco
1539 1141 1674 1169 suscitata
1690 1149 1729 1168 rc-

947 1184 1060 1218 vixerit;
1078 1185 1145 1217 sive,
1160 1188 1236 1213 ut’ex
1255 1186 1315 1213 aliis
1332 1186 1434 1218 audivi,
1448 1187 1494 1220 qui
1520 1194 1550 1214 se
1576 1194 1672 1214 verum
1691 1187 1731 1214 (Ii-

948 1237 1009 1257 cere
1024 1231 1227 1262 asseverabant,
1242 1239 1275 1258 eo
1289 1231 1362 1265 quod
1378 1231 1444 1258 dum
1465 1231 1582 1266 populus
1602 1232 1735 1259 collectas

948 1275 986 1302 ibi
1004 1276 1163 1309 celebraret,
1180 1277 1278 1304 mulier
1293 1276 1419 1311 quaedam
1435 1284 1578 1312 prtcgnaus
1602 1285 1635 1305 ex
1652 1285 1727 1312 supc-

947 1320 1014 1347 riori
1027 1321 1133 1355 porticu
1148 1321 1270 1355 delapsa,
1288 1321 1363 1348 illico
1374 1321 1531 1356 exspiravit.
1546 1320 1629 1348 Facta
1640 1326 1731 1348 autem

948 1365 983 1392 ab
1000 1366 1127 1394 omnibus
1142 1366 1266 1394 oratione
1278 1374 1360 1402 super
1380 1367 1441 1402 ejus
1463 1366 1567 1397 funere,
1585 1366 1731 1394 confestim

949 1412 1057 1445 revixit,
1076 1417 1103 1440 et
1121 1420 1174 1439 una
1195 1420 1257 1440 cum
1273 1412 1339 1440 fmtu
1353 1417 1461 1440 servata
1474 1416 1526 1440 est.
1543 1412 1582 1440 Ex
1599 1413 1732 1439 miraculo

949 1455 1033 1490 igitur
1049 1456 1123 1491 quod
1141 1457 1274 1484 divinitus
1300 1457 1356 1484 illic
1383 1458 1547 1493 contigerat,
1581 1458 1659 1485 locus
1689 1457 1731 1484 hic

949 1501 1078 1537 deinceps
1091 1502 1301 1537 appellationem
1315 1502 1394 1530 istam
1411 1503 1526 1531 sortitus
1539 1507 1590 1530 est.
1605 1502 1639 1529 Et
1652 1503 1734 1538 hujus

950 1547 1059 1581 quidem
1079 1548 1118 1574 rei
1137 1548 1200 1575 talis
1215 1555 1299 1575 causa
1323 1549 1471 1580 exstitisse,
1501 1549 1649 1576 multorum
1675 1556 1734 1576 ser—

950 1593 1078 1621 monibus
1095 1594 1244 1621 etiamnum
1265 1598 1443 1622 memoratur.
1459 1594 1593 1629 Caeterum
1615 1595 1729 1629 impera-

949 1643 992 1666 tor
1018 1647 1066 1674 per
1093 1640 1301 1668 internuntios‘
1335 1641 1476 1668 mandavit
1507 1640 1685 1676 Demophilo,
1705 1645 1731 1667 ut

948 1684 1051 1712 Nicarni
1076 1686 1188 1713 concilii
1212 1686 1290 1714 tidem
1305 1692 1478 1721 sequeretur,
1503 1690 1530 1714 et
1546 1687 1676 1721 populum
1700 1687 1732 1713 ad

948 1731 1123 1758 Concordiam
1141 1736 1279 1759 revocaret
1290 1741 1296 1758 :
1307 1733 1349 1759 sin
1361 1732 1460 1764 minus,
1472 1732 1596 1760 ecclesiis
1615 1732 1730 1759 cederet.

949 1773 1001 1806 Qui
1022 1775 1115 1801 statim
1133 1779 1285 1803 convocata
1312 1777 1403 1811 populi
1423 1776 1607 1810 multitudine,
1632 1784 1733 1811 przuee-

949 1824 1025 1854 ptum
1046 1820 1220 1855 imperatoris
1237 1822 1277 1849 eis
1293 1822 1429 1856 exposuit,
1458 1826 1484 1849 et
1501 1823 1632 1857 postridie
1655 1827 1732 1849 extra

950 1865 1043 1892 urbem
1063 1873 1102 1899 _se
1132 1866 1261 1894 collectas
1297 1866 1498 1894 celebraturum
1533 1867 1731 1901 pronuntiavit.

949 1910 1188 1946 Quandoquidem,
1219 1912 1320 1947 inquit,
1342 1912 1433 1939 divina
1455 1913 1498 1940 lex
1523 1912 1619 1947 jubet:
1637 1912 1666 1940 Si
1688 1921 1731 1940 vos

948 1956 1079 1989 persecuti
1094 1956 1193 1990 fuerint
1203 1964 1235 1983 ea:
1250 1957 1299 1983 hac
1311 1956 1385 1990 urbe,
1403 1957 1486 1992 fugite
1503 1957 1530 1983 in
1544 1957 1626 1984 aliam
1636 1959 1657 1984 '.
1670 1957 1731 1984 Haec

949 2008 1010 2028 cum
1027 2001 1155 2033 dixisset,
1172 2003 1302 2036 populum
1327 2008 1403 2030 extra
1422 2003 1516 2030 urbem
1532 2003 1660 2037 deinceps
1676 2004 1731 2030 col-

949 2046 1035 2081 legit:
1053 2050 1080 2074 et
1096 2055 1147 2073 una
1163 2055 1224 2074 cum
1238 2048 1285 2074 illo
1298 2048 1410 2080 Lucius,
1431 2049 1477 2083 qui
1493 2049 1556 2076 olim
1574 2050 1608 2075 ab
1620 2049 1731 2077 Arianis

948 2092 1142 2119 Alexandrinae
1155 2093 1279 2120 ecclesiae
1297 2095 1443 2129 episcopus
1456 2094 1544 2122 fuerat
1553 2095 1729 2122 constitutus.

948 2138 1015 2166 Inde
1041 2139 1112 2166 enim
1138 2139 1283 2173 expulsus,
1309 2140 1348 2166 uti
1372 2148 1455 2175 supra
1486 2141 1643 2172 retulimus,
1667 2149 1729 2167 cum

950 2186 1065 2220 fugisset
1077 2185 1360 2218 Constantinopolim,
1377 2186 1404 2212 in
1424 2193 1456 2213 ea
1476 2187 1729 2214 urbe-morabatur.

912 2230 1015 2259 DCum
1044 2231 1126 2266 igitur
1157 2230 1333 2265 Demophilus
1360 2239 1414 2258 una
1436 2239 1498 2259 cum
1526 2233 1585 2260 suis
1613 2233 1729 2260 ecclesia

109 2278 300 2310 abscessisset,
320 2278 468 2313 imperator
503 2278 531 2305 in
553 2285 612 2305 eum
642 2278 794 2312 ingressus,
822 2277 905 2305 Deum
944 2279 1042 2308 oravit.
1066 2278 1156 2313 Atque
1184 2286 1217 2305 ex
1233 2285 1266 2304 eo
1295 2280 1417 2312 tempore
1443 2277 1470 2304 hi
1498 2279 1544 2312 qui
1566 2279 1729 2306 Trinitatem

109 2324 371 2351 consubstantialem
385 2323 592 2358 profitebantur,
611 2322 745 2350 ecclesias
760 2322 946 2349 obtinuerunt.
970 2323 1166 2350 Aunusautem
1198 2321 1242 2349 hic
1252 2325 1322 2355 erat,
1349 2329 1403 2356 quo
1430 2320 1578 2350 Gratianus
1603 2324 1731 2358 quintum

108 2373 138 2397 et
151 2369 234 2405 284
245 2369 416 2397 Theodosius
430 2369 547 2404 primum
568 2368 744 2396 consulatum
757 2375 865 2403 gessere
878 2376 885 2394 :

109 2417 293 2451 dragesimus.

148 2507 157 2522 ί
174 2506 251 2534 Socr.
267 2506 315 2534 lib.
331 2514 367 2539 Iv,
380 2513 405 2533 c.
427 2506 451 2532 7.
490 2506 499 2520 ’
514 2504 610 2534 Matth.
627 2512 656 2539 Χ,
667 2503 712 2532 2'5.

923 2375 956 2395 ex
973 2376 1027 2403 quo
1052 2375 1117 2395 vero
1144 2368 1239 2395 Ariani
1257 2367 1392 2396 ecclesias
1414 2373 1628 2402 occupaverant,
1662 2377 1730 2404 qua-

696 2582 833 2611 VALESII‘
848 2583 1126 2612 ANNOTATIONES.

148 2633 203 2668 (89)
225 2632 475 2668 Τεσσαρακοστὸν
487 2631 529 2658 δέ.
549 2631 622 2659 Idem
636 2639 746 2668 quoque
773 2636 891 2668 testatur

110 2666 287 2696 Marcellinus
298 2666 396 2695 Comes
410 2669 437 2694 in
458 2667 607 2694 Chronico:
624 2666 691 2699 Aug.
712 2674 737 2699 v,
759 2671 783 2693 et
807 2667 890 2694 Tlteo-

108 2704 184 2730 dosio
200 2704 310 2737 primum
327 2711 394 2729 coss.
414 2701 462 2737 His
480 2701 636 2737 consulibus
655 2701 816 2728 Theodosius
831 2701 890 2728 Ma-

107 2735 337 2773 gitus,pastquam
351 2737 382 2764 de
402 2736 537 2773 Scythicis
556 2735 675 2773 gentibus
702 2736 889 2773 _trittrttp/ttzvit,

107 2770 226 2806 Expulsus
242 2770 364 2799 continuo
380 2772 411 2798 ab
424 2770 629 2806 artltodoxorunt
646 2770 764 2806 Ecclesia
781 2771 888 2797 Arianis

107 2805 154 2842 qui
169 2816 227 2834 eam
239 2816 284 2842 per
303 2807 338 2834 40
360 2807 440 2842 [erute
460 2814 542 2842 annos
562 2805 609 2842 suo
624 2805 733 2842 Arionis
753 2806 891 2842 imperato-

108 2839 183 2869 ribus
200 2839 346 2873 tenuerant,
360 2839 464 2877 nostris
479 2840 615 2877 catholicis
636 2839 796 2877 ot'tltodoxus
812 2841 889 2866 resti-

110 2878 162 2905 tuit
177 2878 318 2912 imperator
336 2885 420 2904 mense
432 2875 578 2904 Docentbri.
593 2874 741 2903 Ecclesium
759 2874 892 2902 Constan-

944 2632 1154 2666 tinopolitanam
1169 2630 1349 2658 obtinuerunt
1365 2630 1460 2658 Ariani
1473 2631 1529 2666 jam
1544 2631 1606 2666 inde
1614 2637 1637 2666 ra
1655 2631 1727 2658 (Ion—

928 2665 1039 2694 -stan’tii
1064 2666 1243 2700 temporibus,
1272 2670 1337 2693 tunc
1357 2674 1416 2693 cum
1434 2665 1568 2694 Eusebius
1599 2665 1727 2693 Nicome-

942 2702 1046 2728 diensis
1065 2701 1223 2735 episcopus,
1243 2700 1332 2735 ejecto
1363 2701 1459 2732 Paulo,
1485 2708 1545 2728 eam
1567 2701 1658 2728 sedem
1676 2701 1726 2726 ob-

944 2736 1037 2762 tinuit.
1054 2735 1132 2768 Quod
1149 2736 1250 2763 l'actum
1264 2743 1325 2763 esse
1338 2743 1409 2762 anno
1421 2735 1522 2763 Christi
1536 2736 1648 2762 circiter
1662 2735 1726 2767 539,

943 2771 1024 2797 docui
1043 2770 1070 2796 in
1087 2770 1133 2797 lib.
1153 2777 1182 2801 It,
1199 2778 1259 2805 cap.
1277 2771 1294 2798 5
1309 2770 1529 2798 Observationum
1562 2769 1723 2797 ecclesiasti-

943 2813 1045 2840 cgrunt.
1063 2805 1104 2840 Arb
1121 2805 1172 2831 hoc
1184 2813 1256 2832 anno
1268 2813 1355 2840 usque
1372 2805 1404 2832 ad
1421 2806 1537 2840 primum
1553 2805 1725 2840 consulatum

945 2839 1103 2870 Theodosii,
1127 2840 1173 2874 qui
1201 2840 1254 2866 fuit
1271 2839 1342 2867 anno
1357 2840 1461 2868 Christi
1478 2839 1541 2873 580,
1570 2839 1633 2867 anni
1662 2843 1728 2866 sunt.

947 2874 1140 2909 quadraginta,
1158 2878 1185 2902 et
1200 2876 1272 2909 quod
1287 2875 1408 2903 excurrit.
