1883 3069
81 149 150 176 1429

559 149 724 178 HISTORIA
754 151 1032 182 ECCLESIASTICA;
1064 153 1228 181 —LlB.Vll.

1634 155 1646 181 ‘l
1653 155 1702 182 450

77 208 174 234 λεσθαι
197 208 241 234 τὸν
265 207 420 243 πρεσϐύτην
440 208 606 244 ὑϐριστικῶς
623 210 773 238 ἐκέλευσεν.
798 212 827 238 '0
841 211 887 245 δὲ⁴

944 213 1095 247 nperatoris
1114 217 1203 240 autem
1227 213 1310 240 ﬁlium
1328 213 1372 248 qui
1391 220 1442 240 una
1461 220 1523 240 cum
1540 217 1617 248 patre
1634 214 1702 241 resi-

79 254 271 289 ὼστιζόμενος,
289 255 466 290 ἐπιστραφεὶς
480 253 566 282 εἶπεν·
585 255 663 283 Οὕτω
679 257 711 292 δὴ
725 258 834 292 νόμισον
845 255 868 285 ὧ

79 299 204 335 βασιλεῦ,
226 299 273 325 καὶ
294 299 339 326 τὸν
356 299 480 333 οὐράνιον
496 301 607 336 Πατέρα
621 302 784 335 ἀγανακτεῖν
801 303 869 338 πρὸς

76 344 141 376 τοὺς
162 344 297 378 ἀνομοίως
323 345 366 372 τὸν
383 345 448 372 Υἱὸν
470 346 618 381 τιμῶντας,
639 348 684 374 καὶ
699 348 798 383 ἥττονα
811 349 870 375 τολ-

37 404 39 407 π
80 390 193 425 μῶντας
217 391 363 418 ἀποκαλεῖν
386 392 433 418 τοῦ
460 393 646 428 γεννήσαντος.
678 394 819 427 Ἀγασθεὶς
843 393 871 420 δὲ

78 436 125 462 ἐπὶ
151 435 193 470 τῷ
219 437 359 472 εἰρημένῳ
384 438 398 463 ὁ
421 438 566 472 βασιλεὺς,
603 439 802 474 μετεκαλέσατο
826 438 871 465 ’τὸν

79 480 165 516 ἱερέα,
181 481 228 508 καὶ
245 481 409 518 συγγνώμην
433 483 500 518 ᾔτει,
529 484 576 511 καὶ
600 485 706 520 ἀληθῶς
732 485 872 520 εἰρηκέναι

80 526 276 560 συνωμολόγει.
316 527 372 554 Καὶ
412 528 612 564 ἀσφαλέστερος
643 529 806 564 γενόμενος,
838 530 867 556 οὐ

80 570 210 605 προσίετο
232 572 294 603 τοὺς
311 572 385 607 παρὰ
406 573 483 600 τοῦτο
503 574 671 606 δοξάζοντας.
692 575 746 602 Καὶ
759 575 809 607 τὰς
826 576 868 602 ἐπ’

80 616 186 651 ἀγορᾶς
199 616 291 652 ἐριδας
310 618 355 644 καὶ
376 618 498 650 συνόδους
513 619 685 656 ἀπηγόρευσε
695 628 701 635 ⁸
722 620 769 646 καὶ
784 619 871 646 διαλέ-

81 661 178 695 γεσθαι
202 663 247 690 τὸν
270 664 352 690 αὐτὸν
375 664 476 700 τρόπον
497 665 560 700 περὶ
576 665 670 697 οὐσίας
694 666 741 693 καὶ
764 665 870 700 φύσεως

81 707 161 739 Θεοῦ,
184 708 235 734 οὐκ
258 709 397 736 ἀκίνδυνον
418 711 545 743 ἐποιεῖτο,
568 711 650 746 νόμον
673 711 784 747 θέμενος
808 710 873 747 περὶ

81 753 190 786 τούτου,
208 754 257 781 καὶ¹
271 755 405 790 τιμωρίαν
419 756 523 790 ὁρίσας.

920 257 1021 289 debat,
1061 258 1275 293 haudquaquam
1299 258 1382 285 simili
1405 258 1510 286 honore
1537 263 1702 293 prosecutus

920 305 962 328 est
975 310 981 334 ;
997 302 1044 329 sed
1058 303 1169 336 propius
1179 301 1325 334 accedens,
1338 302 1410 329 velut
1422 302 1454 329 ad
1465 310 1596 337 puerum:
1612 301 1702 334 Salve,
1723 336 1726 342 Ι

921 346 1020 381 inquit,
1039 346 1086 378 fili,
1103 354 1220 381 eumque
1237 347 1322 382 digito
1338 347 1493 375 demulcere
1516 348 1609 382 coepit.
1633 347 1702 374 Tum
1722 348 1726 364 ³

921 400 987 420 vero
1003 392 1150 427 imperator
1165 396 1329 426 commotus,
1341 398 1368 421 et
1382 397 1510 428 tanquam
1525 394 1559 428 ob
1571 393 1703 427 injuriam

925 438 980 465 lilio
998 426 1097 465 factam
1112 438 1281 473 indignatus,
1298 439 1370 473 quod
1388 426 1446 466 non-
1469 426 1616 473 pari,‘quo
1634 439 1702 472 ipse,

924 483 1028 509 honore
1039 482 1154 509 affectus
1167 483 1274 515 fuisset,
1287 490 1378 510 senem
1391 484 1587 511 contumeliose
1606 482 1704 518 expelli

920 527 1014 562 jussit.
1030 526 1082 559 Qui
1106 526 1171 554 dum
1198 527 1406 561 exturbaretur,
1433 536 1584 556 conversus
1612 527 1702 555 dixit:

924 574 987 602 Pari
1003 573 1095 606 modo,
1119 573 1277 608 imperator,
1303 573 1440 601 caelestem
1467 581 1574 608 quoque
1597 573 1704 600 Patrem

924 627 1086 648 succensere
1103 619 1137 647 iis
1154 619 1293 651 existima,
1312 619 1358 654 qui
1378 618 1476 646 Filium
1496 619 1583 653 ipsius
1603 614 1705 652 dispari

924 665 998 692 cultu
1029 668 1204 696 venerantur,
1217 670 1244 691 et
1261 664 1394 692 Genitore
1417 672 1467 692 suo
1494 666 1627 692 minorem
1643 672 1705 702 eum

925 711 1062 746 appellare
1078 718 1131 738 non
1148 710 1285 737 dubitant.
1301 710 1379 743 Quod
1393 711 1497 738 dictum
1523 711 1638 738 miratus
1656 711 1706 736 itu-

924 760 1044 790 pcrator,
1065 756 1234 783 sacerdotem
1255 757 1412 788 revocavit,
1432 756 1594 791 veniamque
1618 755 1653 783 ab
1675 762 1708 781 eo

81 801 182 836 petiit,
201 809 321 836 veraque
336 802 412 828 illum
432 802 535 830 dixisse
549 802 694 830 confessus
711 807 765 831 est.
785 803 874 838 Atque
893 802 993 829 exinde
1007 801 1115 828 cautior
1127 801 1225 834 factus,
1241 809 1289 829 eos
1303 802 1350 836 qui
1370 802 1449 829 aliter
1483 802 1617 829 sentirent
1653 809 1707 828 non

85 846 208 873 admisit.
221 845 420 874 Contentiones
433 854 543 881 quoque
554 852 581 875 et
592 852 680 875 cattus
695 848 722 875 in
742 847 801 875 foro
832 847 889 875 ﬁeri
909 847 995 874 vetuit
1009 856 1015 873 :

1055 851 1139 880 utque
1163 846 1197 873 de
1221 850 1319 873 natura
1339 850 1366 873 et
1389 847 1543 874 substantia
1561 845 1606 873 Dei
1628 846 1708 873 solito

85 901 161 921 more
179 893 323 928 disputare
339 893 551 928 haudquaquam
567 899 656 922 tutum
671 899 755 928 esset,
768 895 869 928 effecit,
890 895 944 921 lata
960 894 1031 928 lege,
1046 898 1074 920 et
1093 900 1174 927 poena
1194 893 1221 920 in
1237 900 1295 920 eam
1313 900 1370 920 rem
1387 894 1548 920 constituta.

393 940 518 967 ΚΕΦΑΛ.
539 941 575 968 Ζ¹.

85 986 154 1019 Περὶ
169 985 226 1020 τῆς
242 985 382 1019 δευτέρας
397 986 483 1020 ἁγίας
503 986 712 1020 οὶκουμενικῆς
731 986 874 1017 συνόδου,

41 1032 43 1034 λ
121 1021 190 1055 ὅθεν
214 1019 264 1046 καὶ
283 1020 331 1046 διὰ
354 1021 444 1046 ποίαν
459 1021 556 1047 αἰτίαν
570 1019 717 1055 ἁυνέστή.
741 1021 797 1048 Kal
811 1021 877 1055 περὶ

121 1054 175 1088 τῆς
191 1055 399 1088 παραιτήσεως
414 1055 577 1089 Γρηγορίου
594 1055 647 1082 τοῦ
664 1054 821 1091 Θεολόγου.

126 1101 170 1126 Ἐν
181 1100 261 1135 τάχει
272 1108 301 1126 τε
313 1100 360 1126 καὶ
372 1100 479 1127 σύνοδον
490 1101 647 1127 ἐπισκόπων
660 1102 793 1137 ὁμοδόξων
804 1101 878 1136 αὐτῷ

87 1145 250 1173 συνεκάλεσε
260 1146 283 1177 3,
299 1145 469 1181 βεόαιότητός
480 1146 597 1173 τεένεκα
607 1147 660 1173 τῶν
671 1148 699 1174 ἐν
712 1147 812 1183 Νικαίᾳ
834 1147 878 1173 δο-

87 1191 199 1224 ξάντων,
212 1191 261 1217 καὶ
275 1191 441 1226 χειροτονίας
456 1191 502 1217 τοῦ
515 1192 653 1226 μέλλοντος
663 1193 820 1219 ἐπισκοπεῖν
834 1192 879 1218 τὸν

88 1237 400 1268 Κωνσταντινουπόλεως
410 1236 513 1273 Θρόνον.
534 1237 693 1264 ’Υπολαϐὼν
708 1237 736 1264 δέ
749 1237 878 1264 δύνασθαι

89 1283 204 1317 συνάψαι
236 1284 267 1317 τῇ
293 1282 405 1308 καθόλου
430 1282 579 1318 Ἐκκλησία
611 1284 674 1314 τοὺς
697 1283 880 1318 καλουμένους

89 1327 318 1360 Μακεδονιανοὺς,
342 1327 379 1358 ὼς
401 1327 437 1363 μὴ
456 1327 520 1363 περὶ
538 1327 608 1363 μέγα
622 1336 649 1354 τι
672 1328 879 1364 διαφερομένους

89 1374 118 1400 ὲν
130 1375 163 1408 τῇ
186 1373 260 1399 κατὰ
281 1372 312 1399 τὸ
334 1372 422 1407 δόγμα
441 1372 564 1408 ζητήσει,
582 1374 741 1400 συνεκάλεσε
759 1374 806 1400 καὶ
819 1373 881 1399 τού-

89 1426 160 1449 τους.
173 1417 310 1452 Συνῆλθον
321 1415 376 1449 οὖν,
390 1418 422 1444 ἐκ
434 1418 482 1453 μὲν
497 1417 553 1444 τῶν
566 1418 706 1453 όμοούσιον
716 1419 766 1453 τὴν
780 1417 882 1453 Τριάδα

91 1462 266 1494 δοξαζόντων,
285 1462 356 1497 ἀμφὶ
378 1462 474 1489 ἑκατὸν
497 1463 544 1489 καὶ
568 1463 755 1498 πεντήκοντα·
784 1463 882 1489 τῶνδὲ

94 1507 147 1533 ἀπὸ
160 1508 209 1541 τῆς
224 1507 390 1533 ’Μακεδονίου
407 1507 548 1542 αἱρέσεως,
565 1507 595 1539 ἒξ
611 1508 658 1533 καὶ
672 1508 828 1542 τριάκοντα,
845 1504 882 1534 ὧν

94 1551 119 1578 οἱ
134 1551 243 1582 πλείους
258 1551 405 1586 ἐτύγχανον
422 1552 454 1577 ἐκ
473 1551 526 1578 τῶν
543 1552 606 1586 περὶ
623 1552 669 1578 τὸν
691 1552 883 1587 Ἑλλήσποντον

1244 939 1321 966 CAP.
1339 938 1393 965 VH.

928 984 967 1012 De
990 984 1105 1012 secunda
1125 985 1270 1012 uniuersali
1298 985 1421 1019 synodo:
1439 984 1509 1011 unde
1535 988 1560 1011 et
1573 992 1652 1018 quant
1680 983 1711 1009 ob

961 1028 1072 1046 causam
1083 1025 1242 1054 congregata
1252 1020 1296 1047 sit.
1308 1013 1342 1046 Et
1351 1019 1383 1046 de
1390 1024 1536 1054 spontanea
1546 1013 1712 1046 abdicatione

963 1053 1081 1089 Gregorii
1099 1053 1233 1089 Tlieolbgi.

963 1099 1018 1127 Nec
1035 1100 1121 1127 multo
1138 1104 1209 1135 post,
1226 1100 1419 1135 episcoporum
1436 1098 1639 1127 communionis
1657 1105 1713 1126 sua:

929 1146 1065 1181 synodum
1091 1146 1263 1178 convocavit,
1281 1150 1338 1172 tum
1365 1150 1394 1172 ut
1409 1145 1511 1171 Niczeni
1536 1143 1647 1171 concilii
1666 1143 1713 1170 de-

930 1195 1004 1219 creta
1019 1192 1261 1224 conﬁrmarentur,
1278 1196 1333 1218 tum
1354 1195 1384 1218 ut
1398 1189 1715 1223 Constantinopolitana:

930 1236 1002 1264 sedis
1015 1236 1160 1271 episcopus
1177 1236 1391 1263 constitueretur
1404 1236 1424 1262 ί.
1438 1234 1562 1268 Cumque
1575 1233 1716 1260 existima-

930 1285 971 1308 ret
987 1288 1035 1308 eos
1049 1281 1095 1315 qui
1110 1280 1296 1308 Macedoniani
1319 1279 1459 1311 dicuntur,
1479 1272 1606 1306 Ecelesiae
1622 1279 1716 1305 catho-

890 1354 897 1368 l,
930 1327 988 1354 licze
1004 1326 1085 1353 facile
1101 1326 1211 1360 adjungi
1230 1332 1320 1360 posse,
1343 1325 1445 1359 quippe
1463 1324 1510 1359 qui
1535 1324 1562 1350 in
1592 1323 1717 1350 doctrina

931 1372 997 1399 ﬁdei
1013 1379 1067 1399 non
1095 1378 1260 1406 magnopere
1286 1371 1462 1403 dissiderent,
1482 1370 1534 1396 hos
1556 1370 1638 1396 etiam
1656 1377 1717 1396 eum

932 1417 1038 1445 cazteris
1051 1416 1185 1443 evocavit.
1202 1415 1240 1441 Ex
1256 1414 1289 1442 iis
1305 1415 1389 1450 igitur
1403 1413 1451 1448 qui
1466 1412 1630 1440 Trinitatem
1652 1420 1720 1439 eon-

933 1463 1140 1491 substantialem
1165 1461 1376 1497 proﬁtebantur,
1402 1463 1591 1487 convenerunt
1606 1462 1688 1486 centu
1702 1467 1717 1484 ιι

933 1509 1043 1537 circiter
1057 1513 1084 1536 et
1101 1507 1320 1543 quinquaginta,
1355 1515 1387 1534 ex
1413 1505 1618 1534 Macedonianis
1644 1511 1718 1535 vero.

935 1561 980 1580 sex
995 1557 1021 1580 et
1036 1553 1165 1588 triginta:
1189 1559 1305 1587 quorum
1322 1551 1447 1586 plerique
1474 1556 1553 1578 erant
1570 1558 1604 1577 ex
1624 1550 1720 1577 civita-

96 1596 208 1623 πόλεων.
234 1596 364 1630 Ἡγοῦντο
388 1597 416 1623 δὲ
437 1596 538 1623 τούτων
562 1597 696 1629 Ἐλεύσιος
719 1599 732 1624 ό
750 1597 880 1630 Κυζίκου,

941 1598 1008 1625 ,ibus
1034 1598 1108 1625 circa
1141 1597 1349 1632 Hellespontum
1384 1598 1454 1625 sitis.
1473 1596 1612 1623 Prmerant
1631 1600 1721 1621 autem

96 1642 142 1670 καὶ
157 1642 314 1677 Μαρκιανὸς
328 1642 342 1668 ὁ
365 1641 516 1677 Λαμψάκου
529 1650 536 1658 ·
562 1642 622 1670 τῶν¹
640 1643 669 1669 δὲ
694 1643 780 1670 ἄλλων
802 1643 885 1678 Τιμό-

97 1687 165 1719 θεος,
186 1689 200 1714 ὁ
224 1687 278 1714 τῶν
298 1687 494 1723 Ἀλεξανδρέων
519 1688 620 1715 διέπων
644 1688 754 1723 θρόνον,
780 1689 810 1714 οὺ
833 1689 886 1724 πρὸ

97 1732 194 1759 πολλοῦ
211 1732 421 1767 τετελευτηκότα
444 1733 564 1767 Πέτρον,
585 1733 698 1768 ἀδελφὸν
719 1733 782 1760 ὅντα
804 1733 886 1760 αὑτοῦ

96 1778 286 1813 διαδεξάμενος
297 1786 304 1793 ·
320 1778 367 1804 καὶ
383 1778 511 1810 Μελέτιος
523 1779 537 1805 ό
550 1779 716 1813 Ἀντιοχείας
729 1779 886 1812 ἐπίσκοπος,

99 1823 148 1858 ἠδη
166 1823 262 1859 πρώην
275 1824 314 1854 εἰς
325 1824 609 1850 Κωνσταντινούπολιν
622 1824 667 1851 διὰ
678 1825 728 1860 τὴν
738 1824 887 1860 Γρηγορίου

99 1869 267 1895 κατάστασιν
288 1869 452 1903 ἀφικόμενος
463 1878 471 1885 ·
496 1870 543 1896 καὶ
558 1870 691 1905 Κύριλλος
707 1871 721 1896 ὁ
744 1870 890 1906 Ἱεροσολύ-

100 1922 168 1946 μων,
187 1913 386 1948 μεταμεληθεὶς
395 1915 467 1946 τότε,
481 1916 522 1940 ὅτι
536 1916 666 1950 πρότερον
678 1915 711 1942 τὰ
723 1915 888 1943 Μακεδονὶου

100 1959 220 1993 ἐφρόνει.
244 1959 297 1984 Σὺν
320 1959 424 1990 τούτοις
441 1960 469 1986 δὲ
485 1958 566 1995 ἦσαν,
588 1960 723 1995 Ἀσχόλιός
745 1970 774 1988 τε
795 1963 808 1988 ὀ
824 1962 890 1988 Θεσ-

103 2004 258 2038 σαλονίκης,
274 2004 321 2030 καὶ
343 2005 473 2040 Διόδωρος
495 2007 509 2032 ό
528 2006 644 2041 Ταρσοῦ,
668 2007 714 2033 καὶ
731 2007 858 2039 Ἀκὰκιος
876 2009 890 2034 ὁ

103 2048 225 2085 Βεροίας.
242 2050 272 2076 Οἳ
289 2050 321 2085 δὴ
336 2050 436 2082 πάντες
449 2051 588 2078 ἐπαινέται
604 2054 783 2087 τυγχάνοντες
799 2054 849 2088 τῆς
862 2054 891 2081 ἐν

103 2095 206 2131 Νικαίᾳ
219 2095 414 2132 βεδαιωθείσης
425 2098 543 2133 γραφῆς,
555 2098 657 2125 ἐδέοντο
670 2100 759 2133 σφισιν
769 2099 890 2135 (ἱμογνώ⁸

106 2149 188 2174 μονας
207 2141 335 2175 γενέσθαι
349 2143 412 2174 τοὺς
428 2143 500 2178 ἀμφὶ
511 2143 656 2175 Ἐλεύσιον,
671 2145 892 2180 ἀναμιμνήσκον-

105 2193 149 2216 τες
163 2182 201 2212 ὧν
217 2194 247 2212 τε
263 2187 331 2221 πρὸς
351 2187 476 2223 Λιὸέριον
496 2189 714 2224 ἐπρεσϐεύσαντο
728 2191 775 2216 καὶ
789 2191 891 2225 ὡμολό-

105 2238 193 2266 γησαν
215 2232 258 2259 διὰ
273 2232 433 2266 Εὐσταθίου,
456 2235 503 2261 καὶ
517 2235 658 2269 Σιλϐανοῦ,
680 2236 727 2263 καὶ
750 2236 889 2271 Θεοφίλου,

935 1643 995 1671 istis
1010 1642 1136 1670 Eleusius
1150 1642 1313 1678 Cyzicenus,
1337 1647 1363 1669 et
1388 1641 1542 1668 Marcianus
1559 1640 1723 1676 Lampsace—

936 1697 999 1716 nus.
1028 1688 1140 1716 Creteris
1169 1695 1234 1715 vero
1249 1688 1410 1715 Timotheus
1433 1686 1623 1714 Alexandrina:
1649 1684 1723 1712 sedis

937 1735 1053 1762 antistes
1072 1734 1246 1769 praesidebat,
1261 1733 1308 1768 qui
1327 1733 1408 1768 paulo
1435 1737 1514 1760 antea
1535 1732 1615 1759 Petro
1645 1731 1721 1758 fratri

938 1787 988 1807 suo
1004 1788 1037 1807 ex
1047 1780 1098 1806 hac
1114 1781 1174 1806 luce
1190 1780 1308 1810 sublato,
1321 1779 1348 1806 in
1363 1779 1522 1814 episcopatu
1531 1781 1722 1805 successerat:

937 1831 964 1853 et
978 1834 1040 1853 cum
1056 1833 1088 1853 eo
1105 1825 1230 1853 Meletius
1245 1826 1391 1860 episcopus
1414 1824 1576 1856 Antiochia),
1606 1823 1652 1858 qui
1668 1831 1723 1850 non

938 1871 976 1898 ita
992 1871 1093 1898 dudum
1112 1872 1294 1899 ordinationis
1320 1871 1445 1906 Gregorii
1469 1878 1551 1898 causa
1568 1869 1724 1897 Constanti-

939 1916 1058 1950 nopolim
1072 1916 1238 1943 advenerat:
1257 1921 1283 1944 et
1297 1916 1418 1952 Cyrillus
1433 1917 1580 1950 episcopus
1596 1915 1724 1943 llieroso-

939 1961 1086 1996 lyniorum,
1109 1961 1268 1996 poenitentia
1289 1966 1345 1988 tum
1376 1962 1477 1989 ductus
1509 1961 1582 1996 quod
1599 1960 1722 1996 opinioni

940 2005 1091 2033 Macedonii
1111 2006 1228 2032 antehac
1245 2006 1416 2035 adhaesisset.
1433 2007 1553 2034 Aderant
1575 2014 1629 2033 una
1661 2014 1725 2032 eum

941 2052 1002 2080 istis
1026 2051 1173 2079 Ascholius
1189 2052 1403 2086 Thessalonicae,
1427 2053 1560 2081 Diodorus
1582 2052 1673 2085 Tarsi,
1698 2056 1726 2079 et

941 2097 1023 2132 286
1034 2096 1151 2124 Aeacius
1172 2097 1273 2124 Βετωίιι
1296 2098 1452 2132 episcopus.
1469 2099 1521 2132 Qui
1539 2099 1649 2134 quidem
1665 2106 1725 2125 om—

941 2152 991 2171 nes
1007 2151 1068 2171 cum
1085 2143 1147 2170 fidei
1169 2143 1313 2170 formulam
1333 2144 1361 2169 in
1378 2146 1496 2172 com-ilio
1530 2145 1641 2172 Nicazno
1661 2152 1728 2171 con-

942 2189 1072 2223 seriptam
1085 2187 1280 2223 approbarent,
1294 2187 1380 2215 abhis
1391 2188 1437 2222 qui
1453 2196 1513 2215 eum
1528 2189 1638 2217 Eleusio
1648 2193 1726 2216 ei-ant

942 2235 1158 2266 contenderunt,
1188 2237 1218 2260 ut
1246 2240 1310 2260 cum
1328 2233 1397 2268 ipsis
1421 2235 1579 2262 consentire
1605 2236 1725 2262 vellent:

105 2273 141 2306 ὡς
164 2275 282 2310 εἴρηται.
310 2276 392 2305 Ἀλλὰ.
415 2279 441 2305 oi.
469 2279 535 2314 μὲν,
562 2281 664 2316 μήποτε
686 2281 827 2316 όμοούσιον
852 2281 887 2317 τῷ

945 2284 1107 2308 revocantes
1127 2279 1180 2307 illis
1198 2279 1224 2306 in
1242 2280 1402 2307 memoriam
1421 2279 1583 2314 legationem
1597 2288 1679 2315 quam
1693 2279 1727 2306 ad

107 2320 193 2355 Πατρὶ
205 2321 251 2348 τὸν
266 2321 329 2348 Υιὸν
344 2322 466 2356 δοξάζειν
487 2326 636 2360 ἀναφανδὸν
652 2326 782 2358 εἰπόντες,
805 2327 828 2353 εἰ
845 2328 892 2354 καὶ

107 2364 214 2392 ἐναντία
230 2368 290 2399 ταῖς
306 2367 374 2403 πρὸς
387 2369 512 2405 Λιὸέριον
527 2371 683 2407 ὁμολογίαις
697 2372 805 2408 ἐροῦσιν
822 2372 890 2408 (94),

144 2454 150 2470 ¹
165 2454 242 2483 Socr.
256 2456 302 2484 lib.
318 2465 344 2491 ν,
358 2464 383 2485 c.
391 2457 419 2485 8.

945 2325 1082 2353 Liberium
1110 2324 1252 2357 miserant,
1276 2328 1302 2352 et
1329 2325 1504 2360 sponsionem
1532 2332 1615 2359 quam
1638 2325 1727 2352 eidem

944 2373 1067 2400 fecerant
1081 2379 1128 2406 per
1142 2371 1325 2404 Eustathium,
1339 2371 1479 2398 Silvanum
1492 2377 1523 2398 ac
1535 2369 1728 2405 Theophilum,

671 2549 804 2578 VALESll
830 2550 1105 2581 ANNOTATIONES.

146 2603 200 2636 (94)
217 2604 251 2630 Et
266 2604 314 2630 καὶ
334 2604 455 2632 ἐναντία
470 2605 534 2638 ταῖς
547 2606 620 2639 πρὸς
639 2607 773 2641 Λιὸἐριον
786 2609 893 2641 ὁμολο-

136 2638 188 2664 ἴαιρ
201 2638 313 2664 ἐοοῦσι.
329 2639 382 2664 Pro
396 2641 478 2664 vei-ho
496 2640 587 2664 ἐροῦσι
606 2641 776 2664 Nicenlmrun
800 2644 891 2664 nnanit

113 2639 188 2671 γῑαις
201 2639 313 2672 ἐροῦσι.
329 2639 382 2666 Pro
396 2641 478 2667 verbo
496 2640 587 2675 ἐροῦσι
606 2639 776 2677 Nicepliorus
801 2639 891 2670 'osuit

115 2670 198 2705 εἶπον,
211 2676 282 2709 quod
295 2675 419 2702 eumdem
435 2675 517 2703 habet
529 2683 651 2704 sensum.
667 2677 700 2703 Et
716 2677 787 2705 hanc
799 2650 891 2705 rectio-

945 2617 1007 2637 nem
1024 2611 1115 2648 secuti
1130 2611 1258 2639 videntur
1287 2612 1460 2648 interpretes.
1480 2612 1535 2640 Nos
1559 2615 1648 2639 tamen
1668 2609 1729 2636 vnl-

950 2651 1040 2680 gatam
1064 2646 1229 2682 scripturam
1255 2646 1367 2675 minime
1388 2648 1563 2683 rejieieudam
1588 2650 1726 2681 putamus.

817 2766 1006 2796 VARIORUM.

152 2811 164 2831 ⁸
177 2812 308 2852 Σύνοιξον
321 2814 519 2852 οςυνεκᾴλεσε.
547 2813 638 2852 Mense
655 2813 725 2842 Maio
749 2816 813 2842 anni
848 2814 881 2841 '58

941 2818 1146 2852 nquitCaveus.
1183 2817 1233 2845 Cui
1264 2817 1402 2845 consentit
1428 2817 1490 2844 Ant.
1524 2816 1586 2852 Pagi
1606 2815 1637 2845 ad
1666 2821 1726 2843 cum

119 2851 226 2874 annum.
245 2848 312 2877 Vide
328 2848 405 2876 Socr.
421 2849 467 2877 lib.
486 2857 511 2881 ν,
531 2856 591 2884 cap.
609 2849 636 2876 8.
