1883 3069
80 131 165 159 1435
584 138 745 169 HISTORIA
767 143 1048 173 ECCLESIASTICA.
1064 160 1097 166 -—
1117 147 1182 174 LIB.
1205 147 1260 175 νυ.
1650 149 1721 177 HM

79 189 156 216 rimi
175 191 245 223 Viri,
263 192 492 240 Clliltfmplissiuuc
506 197 635 240 acrrcgim
650 199 770 228 civitatis
786 201 973 229 sacerdotium
1005 204 1240 232 committeretur:
1271 204 1368 239 synodi
1402 208 1493 232 tamen
1528 211 1721 240 episcoporum

80 240 276 306 :eqraquam
304 235 374 265 idem
401 238 520 265 studium
540 239 662 268 futurum
692 243 754 271 l‘uit.
777 244 883 281 Singuli
903 247 975 274 enim
1010 248 1128 283 aliquem
1146 257 1179 276 ex
1205 235 1370 277 necessariis
1387 250 1446 277 suis
1475 235 1604 280 ordinare
1624 235 1723 286 cupie-

102 286 143 306 an
160 298 170 306 .

102 286 170 306 ant.

400 330 524 358 ΚΕΦᾹΛ.
547 333 576 358 H'

1249 338 1324 366 CAP.
1345 338 1413 366 Vill.

79 374 163 408 Περὶ
183 374 245 408 τῆς
258 376 468 412 προχειρίσεως
486 378 647 412 Νεκταρίου
663 381 707 412 εὶς
731 381 786 408 τὸν
806 383 882 408 Κων-

120 410 414 444 σταντινουπόλεως
425 412 542 445 θρόνον,
553 410 601 439 mil
615 414 685 441 ὅθεν
695 410 747 450 ἦν,
762 416 810 443 καὶ
824 414 887 449 οἶος

123 443 186 470 τὸν
202 445 326 478 τρόπον.

130 489 182 515 Ἐν
197 490 288 525 τούτῳ
301 490 329 517 δὲ
344 490 492 527 Νεκτάριός
502 501 544 524 τις
556 494 678 530 Ταρσεὺς
688 496 737 531 τῆς
749 497 884 529 Κιλικίας,

81 533 135 560 τοῦ
151 534 353 570 λαμπροτάτου
370 536 508 571 τάγματος
522 538 570 573 τῆς
585 539 748 576 συγκλήτου,
767 542 795 567 ἐν
809 542 885 568 Κων-

82 581 319 608 σταντινουπόλει
337 582 479 617 διέτριῦεν.
497 584 565 619 Ἤδη
583 585 612 611 δὲ
629 587 886 622 παρεσκευασμένος

81 626 127 657 είς
138 626 196 662 τὴν
208 627 328 662 πατρίδα
346 628 464 661 ἀπιέναι,
479 630 657 665 παραγίνεται
673 631 740 666 πρὸς
754 633 885 667 Διόδωρον

79 672 132 698 τὸν
151 671 270 707 Ταρσοῦ
287 674 444 708 ἐπίσκοπον,
465 676 521 710 εἴγε
547 677 665 712 βούλοιτο
687 678 803 713 γράφειν
825 679 885 705 ὲπι-

82 718 192 750 στολὰς
222 720 411 754 κομισάμενος.
441 722 590 757 Ἔτυχενδὲ
613 723 672 749 τότε
697 723 885 760 διανοούμενος

81 764 150 790 καθ’
169 765 273 792 ἑαυτὸν
288 767 302 792 ὁ
323 766 470 802 Διόδωρος,
493 769 552 795 τίνα
571 769 622 804 χρὴ
641 769 820 804 προϐαλέσθαι
844 772 884 802 εἰς

80 808 135 844 τὴν
163 810 391 846 σπουδαζομένην
413 814 589 848 χειροτονίαν.
614 816 668 842 Καὶ
691 815 752 842 ἰδὼν
768 817 808 848 εἰς
831 817 884 843 Νε-

80 854 228 890 κτάριον,
253 856 327 888 ἄξιον
347 855 415 884 εἶναι
436 859 486 894 τῆς
507 859 660 896 ἐπισκοπῆς
682 861 808 896 ἐνόμισε·
836 863 883 889 καὶ

83 900 161 926 ιατὰ
180 900 250 928 νοῦν
265 901 346 934 εὐθὺς
360 903 433 938 αὐτῷ
448 905 609 940 προσετέθη,
630 906 726 933 πολιάν
738 907 762 933 τ’
775 908 881 942 ἀνδρὸς,

81 944 132 970 καὶ
157 943 237 977 εἶδος
263 946 440 982 ίεροπρςπὲε,
463 948 510 975 καὶ
531 949 561 975 τδ
585 950 721 986 προσηνὲς
745 951 799 978 τῶν
821 953 883 988 τρό-

937 383 976 410 De
991 383 1116 411 electione
1138 383 1259 411 Nectarii
1281 385 1397 419 episcopi
1411 383 1720 419 Canstantinopolitant:

1040 419 1098 454 qui:
1115 423 1139 446 et
1156 419 1224 446 unde
1238 423 1263 446 et
1278 420 1372 454 quibus
1387 420 1505 448 moribus
1523 421 1614 454 fuerit.

972 495 1011 523 Eo
1039 499 1160 531 tempore
1185 496 1329 526 Nectarius
1346 498 1471 533 quidam,
1503 498 1590 526 Tarso
1617 497 1720 525 Ciliciae

936 542 1082 575 oriundus,
1109 542 1150 569 vir
1175 543 1305 570 senatorii
1332 544 1458 577 ordinis,
1480 544 1719 578 Constantinopoli

935 586 1080 621 degebat‘.
1102 586 1153 619 Qui
1167 594 1229 614 cum
1246 588 1272 614 in
1285 589 1401 622 patriam
1418 590 1516 617 reverti
1527 589 1585 621 jam
1598 593 1717 624 pararet,

936 632 1004 659 adiit
1030 632 1178 660 Diodorum
1204 633 1363 668 episcopum
1391 634 1488 667 Tarsi,
1515 636 1588 662 velut
1611 635 1718 663 laturus

935 678 1078 713 epistolas,
1096 678 1119 706 si
1145 686 1213 713 quas
1228 679 1274 706 ille
1297 678 1413 706 Tarsum
1438 680 1560 708 scribere
1575 681 1716 708 voluisset.

935 723 1016 751 Forte
1037 728 1094 751 tum
1118 723 1254 751 Diodorus
1273 732 1367 752 secum
1392 725 1450 760 ipse
1472 726 1571 753 tacitus
1586 726 1716 761 agitabat,

934 769 1060 804 quisnam
1079 769 1254 804 potissimum
1266 770 1410 805 eligendus
1425 776 1499 799 esset
1517 771 1550 798 ad
1567 779 1626 799 eam
1642 771 1716 798 ordi-

934 815 1084 846 nationem,
1101 823 1161 850 quae
1175 819 1251 842 tanta
1267 815 1418 843 ambitione
1442 816 1643 844 celebrabatur.
1664 816 1717 848 Qui

933 860 1089 889 Nectarium
1115 862 1303 896 conspicatus,
1329 869 1393 890 eum
1417 863 1576 897 episcopatu
1604 862 1717 896 dignum

933 914 995 934 esse
1015 906 1134 938 censuit,
1158 907 1304 941 statimque
1326 907 1353 934 in
1367 906 1465 933 intimo
1489 906 1588 934 mentis
1605 912 1717 933 recessu

934 951 1091 986 suffragium
1115 959 1194 979 suum
1218 951 1243 978 ei
1269 952 1406 984 contulit,
1425 951 1554 978 canitiem
1575 950 1638 982 viri,
1655 951 1718 978 vul-

81 997 145 1016 πων
161 990 237 1025 (96).
261 992 316 1019 Καὶ
332 992 369 1024 ὡς
383 993 427 1019 ἐπ’
445 994 508 1020 ἄλλο
526 1003 552 1021 τι
569 995 680 1030 ἀγαγὼν
705 997 785 1023 αὑτὸν
810 998 880 1033 παρᾶ

948 1003 1047 1030 umque
1065 995 1222 1023 sacerdotio
1242 995 1365 1031 dignum,
1379 999 1406 1023 et
1428 1003 1535 1023 morum
1554 995 1718 1023 suavitatem

80 1035 130 1061 τὸν
148 1036 324 1072 Ἀντιοχείας
345 1038 503 1072 ἐπίσκοπον,
527 1041 638 1077 ἐπῄνει,
661 1042 708 1069 καὶ
725 1043 883 1075 σπουδάζειν

80 1081 163 1116 αὐτῷ
190 1083 356 1118 παρεκάλει.
385 1084 413 1111 ὐ
434 1085 478 1118 δὲ,
500 1086 546 1113 ἐπὶ
565 1088 798 1123 μεμεριμνημένῳ
817 1089 884 1124 πράι

81 1134 193 1161 γματι,
228 1127 334 1156 πολλῶν
363 1131 570 1166 ἐπισημοτάτων
599 1133 705 1168 ἀνδρῶν
733 1133 883 1170 ὑποψήφων

81 1172 187 1206 ὅντων,
203 1174 320 1208 ἐγέλασε
339 1175 388 1211 τὴν
404 1177 533 1213 Διοδώρου
548 1178 648 1213 ψῆφον.
666 1180 759 1214 ’Ὅμως
772 1179 800 1206 δὲ
816 1180 883 1214 πρὸς

82 1219 186 1246 ἑαυτὸν
203 1220 324 1253 καλέσας
337 1222 487 1258 Νεκτάριον
497 1244 504 1256 ,
527 1226 685 1260 περιμένειν
703 1225 806 1261 βραχύν
820 1235 882 1253 τινα

83 1266 186 1300 χρόνον
205 1266 360 1294 ἐκέλευσεν.
378 1268 434 1295 Οὐκ
455 1269 496 1301 εις
516 1271 624 1306 μακρὰν
639 1271 667 1298 δὲ
682 1271 883 1308 προστάξαντος

81 1310 131 1337 τοῦ
141 1310 284 1346 βασιλέως
291 1313 346 1345 τοϊς
356 1313 483 1348 ίερεῦσιν,
491 1316 628 1352 ἐγγράψαι
642 1317 731 1354 χάρτῃ
742 1318 791 1350 τὰς
800 1326 882 1353 προσ-

81 1357 205 1392 ηγορίας
221 1353 263 1384 ὦν
278 1358 387 1385 ἔκαστοι
401 1359 589 1395 δοκιμάζουσιν
601 1363 642 1394 είς
655 1363 704 1399 τὴν
718 1353 883 1399 χειροτονίαν

83 1403 183 1435 ἀξίων,
203 1403 297 1438 ἑαυτῷ
313 1404 340 1430 δέ
351 1405 517 1438 φυλάξαντος
529 1408 560 1434 ἐκ
577 1408 684 1435 πάντων
697 1409 744 1435 τοῦ
762 1410 820 1442 ἑνὸς
833 1412 882 1446 τὴν

83 1448 206 1483 αἵρεσιν,
226 1449 300 1476 ἄλλοι
318 1450 366 1485 μὲν
382 1450 477 1483 ἄλλους
489 1453 652 1488 ἐνέγραψαν.
674 1455 703 1481 ὐ
718 1455 746 1481 δὲ
760 1456 808 1491 τῆς
826 1457 884 1483 Ἀν-

85 1493 203 1528 τιοχέων
236 1494 382 1530 ἐκκλησίας
407 1495 571 1531 ἡγούμενος,
602 1499 735 1534 ἐγγράφει
762 1501 810 1535 μὲν
835 1501 882 1534 οὓς

85 1538 220 1565 ἐϐούλετο
231 1547 237 1554 '
262 1539 374 1575 ἔσχατον
387 1540 415 1567 δὲ
430 1542 539 1569 πάντων
556 1544 717 1580 προστίθησι
731 1545 881 1582 Νεκτάριον

85 1584 131 1611 διὰ
143 1585 196 1620 τὴν
214 1585 283 1621 πρὸς
303 1586 433 1622 Διόδωρον
449 1587 538 1624 χάριν.
560 1588 707 1623 Ἀναγνοὺς
729 1590 756 1617 δὲ
772 1592 786 1618 6
803 1591 882 1626 βασι-

85 1630 151 1661 λεὺς
164 1629 225 1656 τῶν
240 1631 431 1666 ἐγγραφέντων
447 1633 491 1659 τὸν
504 1633 663 1668 κατάλογον,
681 1634 746 1670 ἔστη
766 1636 811 1662 ἐπὶ
828 1637 881 1663 Νε-

85 1675 206 1711 κταρίῳ.
220 1676 275 1702 Καὶ
293 1664 411 1709 -σύννους
428 1678 581 1713 γενόμενος,
605 1664 686 1715 σχολῇ
707 1664 767 1707 καθ’
787 1681 882 1708 ἐαυτὸν
895 1664 916 1693 C

85 1720 261 1751 ἐϐουλεύετο.
272 1722 317 1749 τὸν
328 1722 457 1750 δάκτυλον
469 1724 572 1755 ἐπιθεὶς
581 1725 614 1759 τῇ
625 1725 766 1761 τελευταίᾳ
776 1728 878 1762 γραφῇ.

86 1767 143 1794 Καὶ
174 1767 341 1803 ἀναδραμὼν
384 1769 423 1800 είς
454 1769 502 1804 τὴν
532 1771 636 1806 ἀρχὴν,
667 1770 744 1803 αὖθις
777 1773 880 1804 πάντας

86 1812 230 1847 ἐπανῆλθε
241 1833 248 1844 ,
272 1814 318 1839 καὶ
333 1814 482 1850 Νεκτάριον
497 1815 622 1850 αἱρεῖται.
640 1816 736 1851 Θαῦμα
755 1816 782 1844 δὲ
799 1818 880 1846 πᾶσιν

85 1857 218 1892 ἐγένετο·
233 1858 280 1884 καὶ
293 1859 472 1886 ἐπυνθάνοντο
486 1861 559 1893 ὅστις
574 1861 616 1896 εἴη
628 1862 776 1897 Νεκτάριος
791 1859 878 1895 οὗτος,

87 1903 134 1929 καὶ
152 1902 278 1934 ποδαπὸς
290 1903 321 1930 τὸ
334 1904 512 1940 ἐπιτήδευμα,
532 1907 580 1933 καὶ
593 1906 683 1934 πόθεν.
700 1907 840 1939 Μαθόντε.ς
851 1908 880 1934 δὲ

87 1948 157 1983 μηδὲ
172 1948 333 1984 μυστηρίων
348 1951 543 1986 μετεσχηκέναι
557 1952 602 1979 τὸν
619 1952 712 1988 ἄνδρα,
725 1952 765 1980 ἔτι
781 1953 880 1988 μᾶλλον

87 1993 248 2028 ἐθαύμαζον
264 1994 294 2020 τὺ
309 1994 458 2030 παράδοξον
472 1996 522 2032 τῆς
535 1996 582 2025 τοῦ
601 1996 733 2032 βασιλέως
752 1997 879 2033 κρίσεως.

93 2038 205 2072 Ἦτνὸει
220 2038 249 2065 δὲ
272 2039 361 2073 τοῦτο,
380 2038 466 2075 οἶμαι,
490 2042 536 2068 καὶ
550 2042 690 2078 Διόδωρος.
716 2043 753 2070 Οὑ
770 2043 823 2078 γὰρ
847 2043 880 2070 ἂν

56 2115 62 2120 _
88 2084 245 2120 ἐθάῤῥησεν
253 2085 340 2118 εἰδὼς,
350 2086 389 2113 ἔτι
400 2088 514 2122 ἀμυήτῳ
523 2087 613 2116 δοῦναι
622 2088 711 2124 ψῆφον
721 2089 878 2124 ἱερωσύνης.

96 2129 166 2158 Ἀλλ’
181 2128 227 2157 οἵα
239 2131 322 2163 εἰκὸς,
337 2132 450 2167 νομίσας
466 2133 558 2160 πολιὸν
574 2133 649 2165 ὄντα,
668 2134 706 2169 μὴ
725 2135 773 2161 καὶ
796 2134 880 2161 πάλαι

91 2175 250 2210 μεμυῆσθαι
265 2175 331 2211 (97).
358 2177 414 2204 Οὐκ
437 2177 511 2204 ἀθεεὶ
532 2178 561 2205 δὲ
584 2179 668 2205 ταῦτα
689 2179 843 2206 συνέϐαινεν
857 2178 878 2205 ί.

96 2219 173 2246 Ἐπεὶ
189 2220 237 2246 καὶ
253 2220 376 2255 βασιλεὺς
392 2222 514 2258 ἀμύητον
531 2223 611 2250 αὐτὸν
624 2222 693 2251 εἶναι
709 2223 812 2259 μαθὼν,
832 2223 878 2250 ἐπὶ

90 2265 139 2299 τῆς
154 2264 240 2299 αὐτῆς
251 2264 340 2300 ἔμεινε
354 2267 475 2303 γνώμης,
490 2268 594 2296 πολλῶν
609 2269 703 2304 ἱερέων
719 2269 878 2296 ἀντιτεινόν-

127 2355 136 2371 ¹
151 2356 245 2390 Socr.,
259 2356 307 2385 lib.
323 2366 351 2392 ν,
366 2366 391 2386 c.
408 2359 435 2388 8.

934 1041 1124 1069 considerans.
1137 1042 1230 1076 Itaque
1241 1045 1371 1077 tanquam
1383 1041 1498 1070 alterius
1508 1041 1609 1077 negotii
1621 1048 1716 1072 causa,

933 1096 995 1116 eum
1011 1089 1044 1115 ad
1062 1089 1219 1123 episcopum
1233 1089 1445 1116 Antiochensem
1461 1087 1591 1122 deduxit;
1609 1087 1717 1115 multis-

933 1142 986 1170 que
1001 1135 1127 1162 laudibus
1145 1139 1315 1169 prosecutus,
1327 1134 1583 1170 oravitepiscopum
1601 1137 1629 1161 ut
1639 1133 1717 1161 illum

933 1179 1063 1214 suﬂ‘ragio
1080 1187 1130 1206 suo
1144 1179 1297 1213 adiuvaret.
1316 1179 1363 1207 Ille
1378 1187 1444 1206 vero
1459 1179 1487 1206 in
1501 1179 1568 1205 tanti
1584 1178 1716 1205 momenti

932 1225 1052 1259 negotio,
1077 1225 1123 1252 ubi
1137 1225 1216 1252 multi
1234 1225 1356 1252 illustres
1370 1224 1422 1251 viri
1441 1224 1560 1259 eligendi
1580 1230 1716 1258 propone-

932 1272 1047 1303 bantur,
1072 1270 1182 1298 Diodori
1209 1270 1370 1306 suﬁ'ragium
1394 1270 1508 1304 derisit;
1536 1270 1716 1297 nihilominus

931 1321 1076 1345 evocatum
1090 1317 1123 1344 ad
1140 1325 1169 1345 se
1184 1316 1352 1350 Nectarium,
1368 1316 1567 1351 aliquantulum
1583 1315 1715 1350 temporis

932 1361 1051 1396 opperiri
1073 1361 1166 1395 jussit.
1188 1361 1266 1388 Haud
1290 1361 1377 1388 multo
1396 1364 1468 1396 post,
1488 1368 1552 1388 cum
1567 1360 1717 1395 imperator

932 1408 1089 1434 mandasset
1107 1406 1253 1441 episcopis,
1271 1410 1300 1433 ut
1316 1406 1427 1433 nomina
1441 1412 1537 1433 eorum
1552 1412 1622 1439 quos
1637 1404 1716 1440 quis-

932 1459 985 1487 que
1008 1452 1166 1486 episcopatu
1190 1451 1288 1485 dignos
1305 1450 1462 1484 iudicaret,
1488 1448 1515 1476 in
1535 1449 1630 1476 charta
1654 1455 1718 1483 per-

933 1498 1092 1530 scriberent,
1103 1505 1243 1531 unutnque
1251 1504 1283 1523 ex
1293 1495 1421 1524 omnibus
1430 1494 1548 1530 eligendi
1558 1494 1715 1521 facultatem

932 1545 985 1572 sibi
1008 1545 1067 1579 ipse
1084 1546 1261 1574 reservasset,
1276 1541 1322 1568 alii
1342 1541 1453 1576 quidem
1474 1540 1588 1567 aliorum
1605 1539 1715 1566 nomina

933 1589 1163 1625 perscripserunt.
1179 1586 1372 1614 Antiochensis
1386 1589 1478 1613 autem
1497 1583 1620 1612 ecclesiae
1643 1583 1717 1610 anti-

933 1638 990 1661 stes
1007 1633 1119 1667 scripsit
1135 1635 1163 1660 et
1179 1632 1238 1666 ipse
1253 1639 1301 1658 cos
1317 1638 1387 1666 quos
1404 1630 1504 1658 voluit:
1530 1629 1653 1657 omnium
1671 1631 1715 1654 ta-

934 1686 994 1706 men
1012 1682 1180 1713 postremum
1197 1677 1297 1711 adjecit
1313 1676 1470 1703 Nectarium
1487 1676 1513 1702 in
1527 1675 1641 1711 gratiam
1654 1673 1716 1700 Dio-

933 1723 1003 1751 dori.
1020 1723 1171 1759 Imperator
1182 1722 1277 1757 igitur,
1290 1721 1410 1756 perleeto
1423 1721 1544 1748 indiculo
1560 1726 1656 1747 eorum
1668 1717 1717 1753 qui

933 1768 1057 1803 inscripti
1075 1768 1194 1800 fuerant,
1214 1767 1338 1795 substitit
1362 1767 1390 1794 in
1408 1765 1546 1794 Nectario.
1564 1766 1597 1792 Et
1612 1765 1716 1792 intenta

933 1813 1031 1842 mentis
1053 1813 1122 1845 acie,
1139 1820 1230 1840 secum
1248 1813 1306 1848 ipse
1325 1811 1510 1845 consultabat,
1524 1811 1610 1846 digito
1624 1810 1651 1836 in
1666 1817 1717 1844 po-

932 1863 1064 1887 stremum
1081 1858 1242 1885 vocabulum
1255 1858 1402 1893 impresso.
1414 1856 1578 1892 Rursusque
1589 1855 1622 1882 ad
1634 1859 1717 1890 caput

932 1912 1070 1935 reversus,
1082 1911 1145 1931 cum
1164 1909 1280 1931 cunctos
1294 1903 1390 1931 ordine
1404 1903 1596 1938 percurrisset,
1616 1900 1717 1928 Necta-

933 1951 1003 1978 rinm
1026 1950 1117 1984 elegit.
1134 1949 1205 1976 Tum
1230 1956 1294 1976 vero
1312 1948 1459 1976 admiratio
1475 1955 1572 1976 omnes
1596 1946 1715 1974 invasit:

932 1997 1145 2032 quaerebantque
1168 1995 1231 2030 quis
1251 1999 1278 2023 et
1297 1995 1370 2022 unde
1390 1999 1466 2023 esset
1491 1993 1634 2022 Nectarius
1659 1993 1715 2024 ille.

932 2047 959 2070 et
971 2042 1044 2077 quod
1059 2041 1121 2069 vita:
1140 2048 1226 2076 genus
1242 2044 1405 2069 sectaretur.
1416 2040 1540 2074 Cumque
1555 2039 1717 2067 didicissent

933 2097 967 2116 ne
981 2095 1061 2116 sacro
1073 2087 1182 2122 quidem
1198 2087 1308 2113 lavacro
1321 2094 1382 2113 eum
1395 2085 1531 2112 initiatum
1544 2092 1615 2117 esse,
1626 2084 1718 2119 inopi-

932 2138 1027 2161 natum
1044 2131 1177 2167 principis
1194 2131 1330 2166 judicium
1350 2137 1382 2157 eo
1397 2129 1514 2164 amplius
1534 2128 1715 2155 mirabantur.

933 2178 1078 2214 lgnorabat
1088 2181 1180 2204 autem
1197 2176 1281 2208 istud,
1303 2180 1333 2203 ut
1347 2176 1456 2211 opinor,
1470 2174 1553 2202 etiam
1569 2173 1715 2200 Diodorus.

931 2223 1024 2259 Neque
1034 2222 1107 2250 enim
1127 2222 1151 2250 si
1176 2222 1203 2249 id
1229 2221 1359 2254 sciisset,
1387 2228 1472 2248 ausus
1497 2222 1572 2247 esset
1595 2225 1715 2253 unquam

934 2268 993 2296 viro
1017 2267 1139 2295 nondum
1156 2267 1265 2295 initiato
1281 2266 1428 2296 sacerdotii
1451 2265 1611 2301 suﬂ’ragium
1638 2263 1715 2292 dare.

693 2441 825 2470 VALESII
844 2440 1120 2470 ANNOTATIONES.

127 2491 258 2533 (96)7Kal
276 2494 309 2521 τὸ
324 2494 476 2533 σιροσῃνὲς
493 2495 552 2522 τῶν
561 2495 686 2533 τρύπων.
702 2477 749 2525 ιη’
759 2498 878 2533 perfecta

952 2498 1094 2526 articulam
1106 2506 1121 2526 e
1141 2505 1192 2526 suo
1213 2498 1308 2526 codice
1319 2497 1462 2532 expunxit.
1475 2497 1539 2525 Mihi
1555 2502 1644 2525 tamen
1660 2497 1715 2525 ele-

93 2528 286 2568 sitrscnteqtia,
305 2528 465 2568 addendum
483 2534 525 2557 est
538 2528 650 2559 omnino
671 2528 782 2560 vcrbuin
796 2533 878 2568 ὁρῶν,

95 2567 140 2588 aut
159 2564 232 2591 aliud
250 2565 349 2592 simile.

129 2597 184 2634 (97)
195 2599 243 2634 Μὴ
256 2599 404 2627 καὶπάλαι
408 2599 588 2635 μεμυῆσθαι.
600 2599 717 2629 Savilius
727 2602 879 2638 uegativam

933 2535 1041 2566 gantius
1067 2534 1186 2565 videtur,
1212 2533 1236 2560 si
1263 2534 1383 2568 legamus
1407 2532 1457 2568 ήδη
1482 2533 1530 2560 καὶ
1550 2533 1642 2564 πάλαι,
1661 2535 1714 2568 etc=

933 2565 1014 2604 Forte
1027 2569 1109 2604 etiam
1126 2565 1319 2604 corrigendu'm
1333 2573 1375 2604 est
1389 2565 1498 2604 initium
1514 2568 1597 2603 hujus
1611 2565 1716 2604 periodi

933 2603 986 2631 hoc
1001 2603 1081 2631 modo
1103 2612 1110 2630 :
1137 2601 1213 2630 Ἀλλ’⁷
1224 2602 1288 2634 ἴσως
1300 2603 1413 2637 νομίσας
1427 2601 1471 2638 ἦν,
1489 2607 1543 2631 etc.

776 2677 780 2682 ’
807 2692 1002 2722 VARIOBUM.

135 2734 142 2754 1
164 2735 225 2762 οὐκ
243 2736 321 2773 ὰᾷεςι
334 2735 368 2762 δὲ
384 2735 477 2773 ταῦτα
489 2735 677 2773 συνέϐαινε-ζῇ.
694 2735 782 2773 Supra
793 2744 879 2767 osten-

99 2775 223 2805 _sumrest,
243 2771 276 2798 ad
295 2770 417 2803 Sozom.,
432 2771 479 2798 lib.
500 2779 537 2803 Vl,
554 2777 613 2805 cap.
635 2772 680 2804 24,
701 2770 792 2800 divum
816 2775 881 2801 Am-

99 2802 268 2842 brosiumhin
296 2805 505 2834 Mediolanensis
531 2802 664 2834 Ecclesiae
674 2802 876 2842 episcopatum,

99 2837 160 2867 dum
190 2840 278 2870 adhuc
305 2841 518 2870 catcchumenus
538 2845 621 2875 esset,
639 2837 804 2878 suﬂraganie
827 2837 876 2879 poi

933 2740 1009 2775 pulo,
1036 2743 1063 2767 et
1077 2743 1214 2768 annuente
1240 2739 1416 2774 imperatore,
1452 2738 1588 2775 adlectum
1618 2736 1715 2770 fuisse,

933 2771 1029 2802 contra
1039 2782 1171 2802 canonem
1189 2771 1369 2809 apostolicum
1384 2781 1466 2805 Lxxx,
1483 2776 1510 2800 et
1528 2771 1666 2809 Nieaenum
1683 2781 1712 2801 ll.

937 2809 994 2837 Hoc
1023 2813 1113 2837 autem
1150 2808 1282 2844 singulari
1316 2809 1362 2837 Dei
1388 2808 1559 2844 providentia
1585 2808 1712 2844 contigit.

932 2844 1002 2879 quod
1016 2848 1043 2873 et
1060 2844 1093 2872 de
1110 2843 1236 2872 Nectario
1251 2845 1294 2872 hic
1311 2843 1455 2873 dicendum
1473 2848 1524 2872 cst.
