1883 3069
195 150 209 178 1
214 149 263 178 455

905 145 1076 174 SOZOMENI

1754 144 1821 171 1456

195 206 258 240 Sed,
277 209 305 233 ut
328 206 476 235 verlsimile
492 210 543 238 est,
559 205 716 240 virumjam
739 212 848 238 canum,
871 206 969 241 priderr

1060 215 1090 233 ιν.
1125 206 1200 233 Ἐπεὶ
1231 206 1259 233 δὲ
1286 206 1385 237 πάντες
1411 203 1499 239 εῐξαν,
1526 206 1573 232 καὶ
1598 206 1630 240 τῇ
1660 204 1748 239 ψήφῳ
1775 204 1820 230 τοῦ

194 252 362 287 baptizatum
387 253 473 280 fuisse
495 251 678 279 existimabat.
693 250 776 285 288
794 249 893 277 Verum
917 251 974 277 haec

195 305 250 325 non
273 298 334 325 sine
356 298 403 326 Dei
423 301 491 325 nutu
513 303 638 323 evenere.
657 295 797 330 Siqutdem
815 296 974 330 imperator,

195 348 337 378 postquam
360 351 420 370 eum
444 342 572 377 baptismi
589 346 727 376 expertem
747 348 808 368 esse
824 340 976 368 intellexis-

195 392 246 420 set,
261 389 288 415 in
307 388 402 415 eadem
429 387 565 414 sententia
588 385 760 421 permansit,
792 385 886 413 multis
911 386 975 413 licet

194 434 331 468 episcopis
352 432 566 468 refragantibus.
592 431 742 466 Postquam
767 438 832 458 vero
854 431 975 459 universi

194 481 347 509 cesserunt,
363 481 391 504 et
408 477 581 513 imperatoris
597 476 758 504 sententiam
774 475 904 510 sutl‘ragio
924 483 975 503 suo

193 524 417 558 comprobarunt,
432 523 588 558 baptizatus
610 526 652 550 est
670 530 677 548 :
694 526 720 549 et
741 523 830 549 adhuc
845 522 974 557 neophyti

193 572 295 596 vestem
318 569 441 600 indutus,
462 567 599 595 communi
626 568 712 594 totius
737 567 848 594 ceucilii
867 567 974 594 calculo

193 614 337 648 cpiscopus
346 613 599 648 Constantinopolis
611 612 795 640 renuntiatur.
808 611 883 638 Multi
893 619 975 646 porro

193 660 369 687 crediderunt
384 659 441 686 haec
457 660 493 686 ita
509 659 543 686 ab
558 659 722 693 imperatore
737 662 812 693 gesta
830 665 901 689 esse,
920 656 975 685 Deo

194 705 221 732 id
236 705 273 732 illi
286 705 432 732 mandante
449 712 481 732 ac
498 704 683 739 praecipiente.
708 703 761 731 Sed
783 708 873 731 utrum
890 703 915 730 id
930 711 977 731 ve-

193 758 253 778 rum
270 751 316 784 sit,
333 758 430 782 necne.
447 755 523 778 certo
538 750 663 785 equidem
679 749 814 777 aliirmare
840 757 894 776 non
914 757 977 784 pos-

1026 251 1187 287 κρατοῦντος
1207 252 1372 287 συνέϐησαν,
1397 251 1514 287 ἐμυήθη.
1537 250 1591 277 Καὶ
1613 250 1664 285 τὴν
1683 249 1821 284 μυστικὴν

1026 298 1127 333 ἐσθῆτα
1150 298 1191 325 ἔτι
1211 298 1407 333 ἠμφιεσμένος,
1430 298 1506 332 κοινῇ
1530 297 1613 332 ψήφῳ
1637 295 1687 330 τῆς
1708 294 1824 321 συνόδου

1026 341 1220 377 ἀναγορεύεται
1231 340 1540 371 Κωνσταντινουπόλεως
1552 340 1715 370 ἐπίσκοπος.
1726 338 1822 365 Ταῦτα

1025 387 1053 414 δὲ
1080 387 1151 414 οὕτω
1173 387 1298 421 γενέσθαι
1321 386 1428 417 πολλοῖς
1451 385 1646 417 πεπίστευται,
1675 384 1725 410 τοῦ
1752 383 1821 410 Θεοῦ

1026 433 1244 468 χρηματίσαντος
1267 432 1305 467 τῷ
1330 432 1452 467 βασιλεῖ·
1480 432 1531 457 οὐκ
1554 430 1660 466 ἀκριϐῶ
1683 429 1713 456 δὲ
1727 429 1820 462 τοῦτο,

1028 479 1141 513 πότερον
1155 478 1260 514 ἀληθὲς,
1288 478 1305 513 ἢ
1326 477 1367 504 οὗ.
1392 477 1524 513 ΠείΟομαί
1537 485 1568 511 γε
1584 476 1649 512 μὴν,
1671 475 1724 502 οὑκ
1742 475 1822 506 ἐκτὸς

1028 523 1101 553 θείας
1127 523 1212 558 ῥοπῆς
1228 522 1433 557 ἐπιτελεσθῆναι
1456 522 1485 549 τὺ
1507 522 1623 557 συμϐὰν,
1649 522 1698 547 καὶ
1724 522 1767 551 εἰς
1793 519 1822 546 τὸ

1027 568 1176 604 παράδοξον
1190 568 1238 603 τῆς
1252 568 1416 603 χειροτονίας
1429 567 1550 602 ἀφορῶν,
1564 567 1610 593 καὶ
1626 568 1659 593 ὲκ
1674 565 1731 592 τῶν
1752 565 1822 600 μετὰ

1026 614 1112 640 ταῦτα
1137 614 1254 645 σκοπῶν,
1280 613 1317 645 ὡς
1335 614 1381 640 ἐπὶ
1398 613 1551 648 πραότατον
1574 613 1620 639 καὶ
1643 611 1750 646 ἀγαθὸν
1775 610 1822 637 καὶ

1027 659 1108 685 καλὸν
1123 660 1233 694 ταυτηνὶ
1249 659 1297 695 τὴν
1319 659 1467 695 ἱερωσύνην
1482 660 1496 686 ὁ
1512 659 1577 690 Θεὸς
1591 660 1691 694 ἤγαγε.
1714 658 1773 684 Καὶ
1788 656 1821 684 τὰ

1027 706 1075 740 μὲν
1092 706 1162 741 ἀμφὶ
1179 707 1228 742 τὴν
1244 705 1394 741 Νεκταρίου
1419 706 1586 741 χειροτονίαν
1609 702 1661 732 ὧδε
1684 704 1767 739 ἔσχεν
1783 704 1821 736 ὡς

1028 751 1178 786 ἐπυθόμην.

192 804 263 824 ειιιιι.
283 796 346 824 Mihi
372 800 462 824 tamen
487 795 545 831 ipse
561 795 758 830 persuaserim,
780 804 834 823 non
852 797 911 824 sine
934 796 1027 824 divina
1041 799 1215 833 providentia
1228 799 1254 826 id
1265 802 1358 826 actum
1390 805 1461 829 esse,
1489 796 1554 824 dum
1581 801 1608 823 et
1631 795 1822 825 ordinationis

192 845 265 872 illius
277 845 439 873 miraculum
451 845 642 876 considero,ct
652 853 684 872 ex
697 844 731 872 iis
745 851 806 878 qua:
815 847 961 870 consecuta
981 849 1045 870 sunt
1061 844 1259 876 animadverto,
1277 844 1360 872 Deum
1395 845 1619 872 niansuetissimo
1653 847 1681 871 et
1713 843 1824 878 optimo

192 897 274 927 atque
295 893 490 920 honestissimo
513 893 572 920 viro
601 893 675 920 hune
699 892 889 927 episcopatum
929 890 1057 940 conferre
1093 893 1228 921 voluisse.
1265 892 1297 920 Et
1319 893 1377 921 lucc
1394 892 1504 927 quidem
1520 894 1548 920 in
1572 892 1751 921 ordinatione
1768 889 1822 918 Ne-

193 940 272 967 ctarii
287 941 325 967 ita
343 946 418 976 gesta
431 945 506 973 sunt,
524 944 554 967 ut
567 940 708 968 auditione
723 940 826 974 accepi.

516 985 591 1012 CAP.
607 984 652 1012 IX.

191 1031 230 1059 De
241 1033 281 1060 hia
290 1041 348 1067 qua:
362 1033 388 1059 in
400 1032 514 1059 secunda
524 1031 666 1058 universali
674 1030 775 1067 synodo
784 1031 887 1067 decreta
898 1034 974 1060 sunt;

345 1073 369 1095 et
383 1067 413 1094 de
427 1067 546 1095 Maximo
558 1066 648 1102 cynico
663 1065 826 1101 philosopho.

227 1144 291 1172 Post
307 1144 365 1172 hmc
380 1147 436 1171 tam
454 1143 598 1171 Nectarius
621 1142 689 1178 ipse,
707 1149 788 1177 quam
804 1141 901 1176 reliqui
916 1141 975 1176 epi-

191 1189 278 1223 seopi,
304 1189 332 1216 in
356 1196 439 1216 unum
457 1188 663 1219 convenientes,
682 1187 864 1214 decreverunt
879 1190 908 1213 ut
929 1185 976 1212 Ni-

191 1235 258 1262 cmni
279 1234 389 1262 concilii
412 1234 479 1261 ﬁdes
492 1238 550 1260 rata
566 1236 748 1268 permaneret,
769 1232 905 1259 universa:
925 1239 974 1258 au-

191 1284 244 1307 tem
261 1280 379 1307 hmrcscs
394 1280 568 1306 anathemate
584 1279 781 1306 damnarentur
794 1288 800 1306 :
823 1283 905 1314 utque
920 1286 975 1306 om-

191 1335 239 1355 nes
257 1327 357 1362 ubique
373 1327 498 1354 locorum
526 1326 666 1358 Ecclesia),
681 1334 712 1353 ex
729 1328 889 1361 praescripto
901 1331 974 1354 vete-

190 1381 249 1400 rum
265 1381 399 1400 canonum
415 1376 590 1408 regerentur;
602 1377 628 1400 et
640 1377 668 1399 ut
679 1373 799 1407 episcopi
816 1374 842 1400 in
856 1373 974 1408 propriis

190 1422 332 1445 manerent
342 1418 479 1450 ecclesiis,
496 1425 545 1445 nec
559 1422 660 1446 temere
676 1418 702 1445 in
721 1422 866 1446 extraneas
879 1420 974 1453 pedem

191 1463 339 1491 inferrent:
354 1471 420 1490 neve
434 1463 653 1490 ordinationibus
670 1463 738 1490 nihil
750 1464 782 1490 ad
795 1471 824 1491 se
837 1465 974 1499 pertinen-

191 1508 266 1536 tibus
289 1508 406 1535 invocati
428 1515 490 1534 sese
517 1506 682 1542 ingererent,
707 1507 777 1534 sicut
802 1512 880 1535 antea
903 1516 974 1544 strpe

189 1554 351 1588 contigerat,
367 1553 430 1580 dum
444 1552 568 1580 Ecclesia
588 1553 722 1580 catholica
737 1553 973 1588 persecutionibus

191 1603 358 1631 vexaretur;
388 1606 418 1625 ea
451 1605 516 1625 vero
544 1606 604 1632 qua:
627 1598 654 1625 in
682 1599 798 1633 singulis
824 1599 973 1634 provinciis

1331 983 1455 1009 ΚΕΦΑΛ.
1477 982 1515 1010 Θ’.

1026 1028 1094 1061 Περὶ
1114 1024 1158 1055 ὧν
1181 1028 1201 1060 ὴ
1219 1027 1347 1063 ,δευτέρα
1366 1027 1558 1063 οὶκουμενικὴ
1579 1027 1727 1063 ἐθέσπισε
1743 1027 1820 1053 σύν-

1060 1063 1146 1123 ωὲος·
1178 1062 1226 1090 καὶ
1250 1063 1317 1097 περὶ
1341 1061 1478 1096 Μαξίμου
1506 1062 1559 1090 τοῦ
1580 1061 1708 1089 κυνικοῦ
1731 1063 1820 1096 φιλο-

1060 1106 1081 1124 σ
1099 1106 1168 1132 φου.

1060 1142 1137 1169 Μετὰ
1160 1142 1188 1169 δὲ
1210 1143 1296 1169 ταῦτα
1313 1142 1484 1175 συνελθόντες
1506 1142 1587 1175 αὑτός
1611 1151 1641 1169 τε
1664 1141 1819 1177 Νεκτάριος

1025 1189 1072 1215 καὶ
1095 1189 1119 1215 οἱ
1142 1188 1215 1216 ἄλλοι
1232 1189 1323 1224 ἱερεῖς,
1339 1189 1507 1224 ἐψηφίσαντο
1525 1189 1573 1223 τῆς
1589 1189 1618 1215 ἐν
1634 1188 1741 1222 Νικαίςι
1757 1195 1820 1213 ων-

1024 1235 1083 1261 όδου
1099 1235 1197 1270 κυρίαν
1215 1235 1306 1269 μένειν
1329 1235 1380 1270 τὴν
1395 1235 1497 1266 πίστιν,
1525 1235 1572 1260 καὶ
1594 1235 1686 1261 πᾶσαν
1711 1233 1822 1269 αἵρεσιν

1025 1281 1247 1316 ἁποκεκηρύχθαι
1263 1288 1269 1296 ·
1306 1281 1464 1308 διοικεῖσθαι
1494 1281 1522 1307 δὲ
1545 1281 1593 1311 τὰς
1616 1280 1742 1314 πανταχῆ
1772 1280 1820 1305 ἑκ-

1025 1326 1138 1361 κλησίας
1153 1326 1223 1353 κατὰ
1239 1327 1301 1358 τοὺς
1313 1327 1398 1353 πάλαι
1413 1326 1527 1357 κανόνας
1537 1333 1544 1340 ⁶
1569 1326 1617 1352 καὶ
1631 1326 1695 1356 τοὺς
1708 1325 1822 1350 ἐπισκό-

1025 1379 1090 1402 πους
1103 1371 1150 1397 ἐπὶ
1172 1371 1226 1398 τῶν
1250 1371 1321 1398 ίδίων
1335 1372 1425 1406 μένειν
1440 1371 1603 1406 ἐκκλησιῶν,
1626 1371 1674 1396 καὶ
1692 1370 1732 1404 μὴ
1758 1370 1820 1403 είκῆ

1024 1418 1082 1448 ταῖς
1102 1417 1262 1452 ὑπερορίαις
1286 1417 1446 1447 ἐπιϐαίνειν,
1467 1417 1534 1452 μήτε
1550 1416 1678 1452 ἀκλήτοις
1696 1424 1821 1450 χειροτο-

1024 1463 1094 1494 νίαις
1108 1462 1164 1497 (98)
1184 1462 1266 1497 μηδὲν
1282 1463 1373 1494 αὐτοῖς
1396 1462 1597 1497 προσηκούσαις
1613 1463 1686 1496 σφᾶς
1709 1461 1822 1488 ἐπιϐάλ-

1023 1507 1089 1538 λειν,
1108 1507 1175 1533 καθὸ
1191 1507 1332 1542 πρότερον,
1346 1507 1383 1538 ὡς
1398 1507 1476 1542 ἔτυχε
1495 1507 1664 1542 διωκομένης
1686 1507 1738 1542 τῆς
1754 1507 1821 1534 καθ-

1023 1552 1083 1579 όλου
1090 1551 1265 1586 Ἐκκλησίας,
1277 1552 1405 1583 πολλάκις
1418 1552 1527 1587 συνέϐη.
1536 1552 1575 1579 Τὰ
1582 1552 1610 1579 δὲ
1619 1553 1686 1587 παρ’
1697 1553 1820 1588 ἑκάστην

1024 1598 1215 1632 συμϐαίνοντα,
1230 1598 1279 1633 τὴν
1300 1597 1346 1624 τοῦ
1361 1598 1454 1630 ἔθνους
1472 1598 1589 1631 σύνοδον,
1605 1598 1644 1630 ὡς
1660 1600 1696 1627 ἂν
1717 1599 1820 1634 ἄριστα

189 1645 379 1680 contigissent,
397 1644 517 1680 synodus
538 1644 672 1680 cujusque
688 1645 836 1680 provincia:
859 1653 908 1680 pro
928 1653 969 1672 ar-

1062 1643 1129 1679 νείη,
1145 1643 1255 1670 διοικεῖν
1268 1652 1297 1670 τε
1315 1643 1362 1670 καὶ
1376 1643 1516 1679 πράττειν.
1540 1644 1617 1671 Μετὰ
1637 1645 1666 1671 δὲ
1685 1645 1734 1671 τὸν
1753 1645 1820 1671 Ῥώ-

190 1689 273 1717 bitrio
290 1697 341 1717 suo
363 1689 504 1717 ordinaret
528 1692 554 1716 et
570 1690 758 1716 constitueret.
783 1689 917 1718 Praeterea
943 1695 971 1717 ut

191 1739 251 1768 post
268 1735 425 1769 episcopum
445 1734 520 1761 urbis
536 1733 639 1765 Bonna,
652 1734 971 1769 Constantinopolitanus

192 1780 288 1807 habeat
303 1780 413 1807 honoris
432 1779 649 1814 przcrogativam,
669 1783 762 1814 utpote
785 1780 831 1814 qui
851 1779 971 1814 junioris

189 1824 284 1852 Roma:
305 1824 492 1859 episcopatum
517 1824 702 1852 administrat.
732 1824 790 1852 Jam
817 1829 872 1852 tum
897 1825 970 1852 enim

191 1871 257 1898 urbs
272 1871 327 1904 illa,
344 1878 398 1898 non
410 1871 499 1898 solum
516 1870 585 1897 hanc
596 1870 805 1905 appellationem
824 1874 971 1903 meruerat,

189 1921 354 1944 etsenatum
370 1920 396 1944 et
411 1915 523 1944 ordines
541 1916 644 1951 populi,
656 1923 688 1943 ac
702 1916 880 1951 magistratus
897 1916 973 1943 simi-

191 1961 252 1988 liter
267 1961 402 1988 habebat:
420 1969 513 1988 verum
528 1961 609 1988 etiam
626 1964 783 1988 contractus
799 1960 898 1987 civium
913 1960 972 1995 ejus

189 2007 274 2039 urbis,
290 2007 368 2042 juxta
390 2006 464 2041 leges
483 2005 669 2033 Romanorum
695 2007 741 2041 qui
766 2007 792 2033 in
813 2005 890 2033 Italia
909 2009 972 2033 sunt

186 2052 402 2087 judicabantur:
423 2052 542 2087 juraque
566 2051 648 2086 289
671 2051 762 2078 omnia
784 2056 810 2078 et
831 2051 971 2087 privilegia

187 2097 301 2131 aequalia
319 2097 419 2124 seniori
441 2097 532 2124 Roma:
553 2096 722 2131 possidebat.
741 2095 888 2122 Maximum
906 2096 969 2123 item

188 2150 239 2169 nec
260 2150 321 2170 esse
339 2150 388 2169 nec
413 2142 497 2170 fuisse
517 2150 636 2177 unquam
656 2142 816 2177 episcopum]
840 2141 970 2169 decreve-

1026 1688 1110 1723 μηςὶ,
1135 1688 1180 1715 τὸν
1194 1690 1506 1721 Κωνσταντινουπόλεως
1521 1691 1671 1716 ἐπίσκοπον
1695 1691 1731 1717 τὰ
1756 1699 1820 1725 πρε-

1024 1735 1101 1762 σϐεῖα
1115 1735 1195 1770 ἔχειν,
1213 1735 1250 1767 ὡς
1264 1735 1327 1767 νέας
1347 1735 1455 1771 Ῥώμης
1469 1736 1515 1766 τὸν
1539 1736 1634 1771 θρόνον
1648 1738 1818 1773 ἐπιτροπεύο

1023 1789 1097 1808 οντα.
1126 1781 1194 1816 Ἤδη
1218 1781 1272 1816 γὰρ
1283 1782 1313 1808 οὐ
1332 1782 1410 1816 μόνον
1427 1780 1482 1817 εἶχε
1501 1782 1602 1817 ταύτην
1614 1783 1663 1818 τὴν
1677 1792 1818 1819 προσηγο-

1024 1826 1085 1861 ρίαν
1101 1827 1118 1862 ἡ
1135 1826 1218 1859 πόλις,
1242 1827 1290 1853 καὶ
1312 1827 1441 1863 γερουσίᾳ
1455 1828 1501 1854 καὶ
1514 1828 1634 1863 τάγμασι
1651 1829 1683 1863 δή
1689 1838 1750 1863 μων
1770 1830 1817 1855 καὶ

1021 1872 1118 1906 ἀρχαῖς
1131 1872 1230 1906 ὁμοίως
1249 1873 1348 1908 ἐχρῆτο
1362 1881 1368 1888 ·
1384 1873 1451 1900 ἀλλὰ
1468 1873 1516 1900 καὶ
1530 1873 1565 1900 τὰ
1579 1874 1735 1908 συμῦὀλαια
1745 1875 1815 1901 κατά

1020 1917 1054 1943 τὰ
1071 1917 1172 1952 νόμιμα
1184 1917 1239 1943 τῶν
1262 1918 1291 1944 ὲν
1312 1917 1412 1954 Ἰταλίᾳ
1435 1918 1578 1953 Ῥωμαίων
1594 1919 1649 1954 (99)
1678 1920 1812 1955 ἐκρίνετο,

1020 1962 1067 1988 καὶ
1094 1962 1128 1988 τὰ
1153 1962 1244 1988 δίκαια
1272 1963 1320 1989 καὶ
1342 1963 1378 1989 τὰ
1404 1963 1472 1998 γέρα
1496 1964 1559 1999 περὶ
1586 1964 1677 1992 πάντα
1695 1966 1814 2001 ἑκατέρᾳ

1022 2007 1138 2038 ίσάςετο.
1155 2007 1279 2043 Μάξιμον
1296 2008 1335 2040 δὲ,
1359 2009 1427 2044 μήτε
1445 2009 1608 2044 γεγενῆσθαι
1625 2010 1641 2045 ἦ
1670 2009 1742 2038 εἶναι
1760 2012 1814 2038 ἐπὶ·

1021 2061 1131 2084 σκοπον,
1148 2054 1215 2088 μήτε
1229 2053 1387 2089 κληρικοὺς,
1401 2055 1464 2086 τοὺς
1479 2055 1544 2090 παρ’
1557 2055 1640 2081 αὑτοῦ
1657 2065 1813 2092 χειροτονη-

1020 2098 1124 2129 θέντας.
1143 2099 1197 2125 Καὶ
1212 2098 1245 2125 τὰ
1258 2099 1301 2126 ἐπ’
1317 2099 1390 2134 αὐτῷ
1404 2100 1420 2136 ἢ
1439 2100 1504 2134 παρ’
1517 2101 1599 2127 αὑτοῦ
1614 2103 1811 2137 πεπραγμένα,
1831 2128 1838 2135 ,

1020 2142 1110 2178 ἄκυρα
1124 2142 1298 2178 ἐψηφίσαντο.
1316 2143 1415 2170 Τοῦτον
1430 2145 1483 2180 γὰρ
1494 2145 1675 2180 Ἀλεξανδρέα
1688 2147 1720 2172 τὺ
1736 2147 1811 2181 γένος

783 2229 915 2258 VALESII
933 2230 1207 2259 ANNOTATIONES.

224 2272 279 2310 (98)
307 2272 681 2310 'AZJTjIOchzl-IIPOZO‘VIalc.
718 2272 899 2301 Scribendum
927 2279 968 2303 est

1060 2277 1163 2303 ιςοιιίυε
1175 2276 1286 2310 quidem
1300 2277 1421 2304 Graecam
1442 2285 1536 2305 vocem
1562 2279 1589 2305 in
1615 2280 1747 2308 versione
1762 2288 1811 2308 sua

188 2308 320 2343 ἀκλήτους
335 2316 367 2335 ex
379 2308 542 2343 Nicephoro,
559 2312 585 2336 et
600 2317 632 2335 ex
648 2316 752 2336 canone
768 2310 891 2336 secundo
907 2317 969 2336 con-

157 2365 162 2368 .
188 2343 561 2378 eiliiConstantinopolitaui,
581 2343 627 2377 qui
649 2343 689 2370 sic
711 2344 791 2370 habet
810 2353 816 2370 :
835 2344 970 2378 ἀκλήτους

187 2378 215 2404 δὲ
230 2378 393 2414 ἐπισκόπους
408 2377 631 2414 ὑπὲρβιοίκησιν,
642 2379 678 2413 μὴ
692 2378 840 2414 ὲνπιὸαίνειν
855 2377 903 2405 ὲπῐ
914 2388 970 2414 χει-

190 2413 295 2448 ροτονίᾳ
323 2413 340 2447 ἠ
370 2421 439 2439 τισιν
468 2412 561 2444 ἄλλαις
588 2413 753 2447 οἰκονομίαις
778 2412 968 2448 ἐκκλησιαστι-

188 2449 259 2477 καίς.

223 2481 278 2516 (99)
296 2482 334 2508 Τὰ
346 2482 524 2515 συμϐόλαια,
556 2481 631 2509 κατὰ
656 2481 692 2508 τὰ
717 2482 826 2516 νόμιμα
846 2483 905 2510 τῶν
933 2483 967 2510 ὲν

187 2515 300 2549 Ἰταλίᾳ
318 2517 472 2550 Ῥωμαίων.
500 2516 586 2550 Hujus
604 2516 657 2544 loci
676 2515 830 2545 emendatio
853 2518 967 2545 debetur

187 2551 275 2587 codici
294 2550 462 2587 Fuketiauo,
482 2551 562 2579 Prius
574 2551 652 2587 enim
678 2551 817 2587 legebatur
840 2553 874 2579 τὰ
899 2553 968 2587 σύμ-

187 2585 261 2619 ϐολα,
285 2585 512 2621 quemadmodum
538 2587 602 2622 legit
618 2585 908 2622 etiam’Nicephorus.
935 2585 967 2614 Et

1020 2311 1143 2348 retinnit,
1157 2315 1185 2338 ut
1198 2312 1332 2348 interdum
1345 2312 1435 2339 facere
1448 2313 1526 2340 solet.
1537 2314 1810 2348 Christophorsonus

1018 2353 1084 2372 vero
1099 2346 1189 2384 locum
1199 2347 1234 2373 ita
1249 2346 1443 2384 interpretatus
1458 2352 1500 2375 est
1517 2357 1530 2384 εγ
1544 2348 1639 2375 Verum
1651 2346 1679 2376 et
1694 2350 1811 2384 insignia

1017 2388 1118 2417 quoque
1140 2381 1231 2417 eadem
1247 2381 1364 2417 Romano
1386 2383 1440 2408 ritu
1461 2383 1628 2417 pra'ferebat.
1644 2384 1709 2410 Haec
1723 2381 1808 2411 inter-

1019 2416 1136 2451 pretatio
1147 2415 1209 2451 jure
1227 2417 1323 2443 merito
1340 2416 1480 2450 displicuit
1493 2415 1598 2445 Iacobo
1614 2418 1766 2446 Gotot’redo
1780 2420 1806 2446 in

1019 2451 1091 2488 notis
1105 2450 1272 2488 advetcrem
1285 2451 1360 2478 orbis
1371 2451 1608 2488 _Descriptionem,
1622 2461 1682 2488 cap.
1700 2454 1746 2480 55.
1757 2454 1808 2482 Sed

1020 2485 1079 2521 ipse
1095 2485 1176 2521 aliam
1193 2485 1270 2521 ali‘ert
1284 2485 1483 2520 expositionem
1501 2488 1586 2515 multo
1596 2485 1731 2521 peiorem.
1748 2488 1810 2516 llrec

1020 2520 1091 2556 enim
1109 2520 1190 2556 verba
1211 2519 1356 2548 Sozomeni
1372 2522 1482 2556 exponit
1496 2521 1530 2550 de
1543 2519 1605 2556 jure
1622 2519 1719 2549 Italico
1734 2523 1809 2551 urbis

1021 2554 1346 2592 Constantinopolitanai,
1379 2554 1590 2592 cujusrmenrtio
1622 2557 1652 2583 fit
1691 2559 1718 2584 in
1751 2558 1808 2592 lege

1022 2588 1113 2621 unica,
1136 2589 1236 2617 Codice
1251 2588 1443 2619 Theodosiauo
1474 2591 1510 2619 De
1532 2593 1595 2626 jure
1614 2592 1710 2620 Italico
1733 2588 1807 2621 urbis

907 2678 1099 2708 VARIORUM.

222 2734 229 2760 i
249 2735 330 2762 Μετὰ
351 2735 384 2762 δὲ
402 2736 455 2762 τόν
477 2736 598 2771 Ῥώμης.
611 2751 645 2756 -
657 2736 742 2771 llujus
756 2736 864 2763 concilii
878 2744 966 2765 canon

184 2771 281 2806 tertius
304 2771 426 2797 occurrit
441 2771 510 2805 apud
529 2771 702 2806 Bevcregium
720 2772 761 2798 his
775 2772 864 2798 verbis
881 2781 887 2799 :
915 2773 967 2799 Τὸν

186 2805 276 2839 μέντοι
309 2805 797 2838 Κωνσταντινουπόλεωςίὲπίσκοπον
829 2806 901 2840 ἔχειν
931 2808 964 2834 τὰ

184 2840 313 2874 πρεσϐεῖαι
329 2840 377 2875 τῆς
394 2840 474 2875 τιμῆς
488 2841 554 2876 μετὰ
565 2841 608 2867 τὸν
620 2841 668 2876 τῆς
684 2841 791 2876 Ῥώμης
805 2841 961 2874 ἐπίσκοπον,

1017 2738 1061 2766 διὰ
1079 2739 1108 2765 τὺ
1120 2737 1187 2766 εἷναι
1202 2739 1287 2801 αὐτὴν
1304 2741 1365 2767 νέαν
1390 2739 1508 2775 Ῥώμην.
1529 2739 1806 2775 Constantinopolita-

1018 2782 1067 2801 ηαδ
1095 2775 1230 2801 em'scnmu
1268 2776 1353 2801 tabent
1380 2776 1475 2801 orioris
1496 2775 1607 2801 honoris
1635 2781 1728 2801 ναι-[ες
1751 2780 1806 2801 nos:

1018 2782 1067 2810 nus
1095 2775 1230 2808 episcopus
1260 2775 1353 2802 [tabent
1379 2776 1475 2808 prioris
1496 2775 1607 2801 honoris
1635 2781 1728 2808 partes
1751 2780 1806 2810 post

1017 2808 1164 2845 [tomanum
1179 2811 1326 2845 episcopum
1337 2831 1345 2842 ,
1362 2819 1391 2837 ca
1403 2810 1472 2844 quod
1488 2811 1522 2837 si!
1542 2810 1601 2843 ipsa
1626 2818 1696 2837 nova
1714 2808 1804 2837 Ru'ma.

1017 2843 1074 2871 Non
1092 2849 1133 2872 est
1159 2845 1202 2873 hic
1217 2843 1304 2874 canon
1334 2845 1534 2874 commentitius
1560 2845 1664 2880 (inquit
1697 2845 1806 2882 Pagius)
