1883 3069
10 147 84 176 ΗΗ

518 147 680 176 lllSTORlA
699 144 975 174 ECClJ‘ZSlASTICA.
996 162 1029 166 —
1049 147 1112 175 LIB.
1136 148 1189 176 νη.

1601 151 1672 180 Ml!

8 205 38 231 δὲ
57 205 150 232 πάλαι
172 206 230 242 τῆς
261 206 336 238 Θείας
363 207 517 242 βαπτίσεως
543 206 696 242 μετασχὼν,
714 207 746 240 τῇ
766 205 815 231 αὐτ

913 209 1010 238 'ccata,
1029 207 1086 241 lege
1103 206 1195 234 divina
1211 209 1389 235 constitutum
1403 213 1455 237 est.
1469 209 1506 236 Ac
1522 209 1588 236 mihi
1609 210 1670 245 qui-

7 249 160 277 διετέλεσα
186 251 274 288 βιοτῇ
302 251 452 288 χρώμενος.
471 252 527 280 Καὶ
539 253 553 278 ὁ
565 252 614 287 μὲν
629 252 717 279 τοιάδε
734 251 831 284 λέγων,

7 296 60 330 οὐχ
75 296 196 331 ὑπέστη
213 298 272 333 τὴν
289 298 465 333 χειροτονίαν.
483 296 554 332 Ἐγὼ
569 297 598 324 δὲ
614 298 661 324 καὶ
673 297 722 331 τῆς
734 305 833 331 παραι-

8 342 123 376 τήσεως
159 343 278 370 ἐπαινῶ
302 344 348 370 τὸν
375 343 471 378 ἄνδρα,
502 343 550 370 καὶ
573 342 616 369 διὰ
641 342 731 374 τοῦτο,
750 342 832 377 μέρος

9 388 201 423 ἐποιησάμην
231 389 315 415 αὑτὸν
342 389 444 424 ταύτης
457 389 507 424 τῆς
523 389 641 424 γραφῆς.
666 388 695 414 '0
713 387 741 414 δὲ
755 387 832 422 βασι-

9 433 90 464 λεὺς,
112 433 221 467 μαθὼν
235 435 273 460 τὰ
291 434 432 468 συμϐάντα
448 434 546 469 Παύλῳ
559 433 597 469 τῷ
612 434 832 460 Κωνσταντινου-

11 479 122 510 πόλεως
149 479 307 515 ὲπισκόπῳ
332 479 481 515 γενομένῳ,
507 480 685 515 μετεκόμισεν
703 478 786 506 αὑτοῦ
801 478 831 505 τὸ

11 524 108 558 σῶμα,
141 525 195 551 καὶ
232 526 264 551 ὲν
286 526 319 560 τῇ
341 525 474 560 ἐκκλησίᾳ
495 525 605 560 ἔθαψεν,
622 526 655 559 ἥν
673 524 831 559 ᾠκοδόμησε

10 570 192 602 Μακεδόνως
226 571 242 597 ό
266 570 460 602 ἐπιϐουλεύσας
489 570 582 606 αὐτῷ·
612 571 697 596 εἰσέτι
723 578 753 596 τε
783 569 831 596 νῦν

10 615 168 650 ἐπώνυμός
185 617 270 643 ἐστιν
285 615 370 651 αὐτῷ,
382 617 510 651 μέγιστος
521 616 559 642 ὣν
569 616 617 643 καὶ
632 615 831 650 ἐπισημότατος

10 663 26 688 ό
43 661 110 693 ναὸς
123 657 222 693 οὗτος.
240 662 276 688 Ὃ
287 662 334 688 καὶ
342 661 455 693 πολλοὺς
462 661 626 696 ἀγνοοῦντας
633 661 682 697 τὴν
690 661 828 696 ἀλήθειαν,

11 707 145 733 ὑπονοεῖν
163 707 247 733 ποιεῖ
264 707 369 734 Παῦλον
382 707 427 734 τὸν
442 707 589 734 ἀπόστολον
604 707 697 733 ἐνθάδε
712 707 829 738 κεῖσθαι,

13 753 140 787 μάλιστα
173 753 206 780 δὲ
235 753 286 779 καὶ
315 753 363 784 τὰς
382 754 524 787 γυναῖκας,
542 753 588 779 καὶ
607 752 654 779 τοῦ
667 753 753 788 δήμου
768 753 830 784 τοὺς

12 799 139 830 πλείους.
165 799 244 833 Περὶ
259 799 288 826 δὲ
302 798 396 826 τοῦτον
411 799 457 826 τὸν
472 799 578 834 χρόνον,
592 799 638 826 καὶ
654 799 685 826 τὸ
698 799 828 826 Μελετίου

12 844 145 879 λείψανον
174 845 318 880 ἐκομίσθη
349 846 389 877 είς
416 844 591 879 ’Δντιόχειαν,
620 844 667 871 καὶ
687 844 763 879 παρὰ
779 844 829 878 τὴν

883 250 944 277 dem
969 251 1072 280 videris
1100 253 1158 287 ipse
1183 254 1217 280 ah
1239 253 1391 281 infantibus
1410 262 1507 283 recens
1533 256 1606 283 natis
1630 255 1669 282 nil

883 295 1004 323 dilIerre.
1022 296 1077 332 Ego
1093 305 1157 325 vero
1177 299 1223 333 qui
1239 299 1295 334 jam
1316 300 1420 335 pridem
1439 308 1549 328 sacrum
1577 302 1668 336 bapti-

883 348 972 369 smum
988 347 1154 371 consecutus
1168 350 1240 377 sum,
1252 345 1280 372 in
1295 345 1389 372 eadem
1401 353 1455 381 qua
1468 346 1545 381 prius
1560 346 1669 374 vivendi

882 387 989 414 ratione
1002 390 1186 422 perseveravi.
1203 390 1292 425 Atque
1315 391 1360 418 hic
1376 391 1486 426 quidem
1512 392 1669 427 hujusmodi

882 438 995 459 causam
1025 433 1157 468 allegans,
1187 435 1390 464 ordinationem
1415 436 1587 465 detrectavit.
1613 438 1669 473 Ego

881 485 946 504 vero
960 485 1022 506 eum
1037 479 1072 506 oh
1085 479 1166 506 istam
1180 482 1380 510 recusationem
1398 490 1561 518 magnopere
1575 483 1667 516 laudo,

881 527 964 558 atque
990 524 1094 553 idcirco
1120 526 1185 554 huic
1208 527 1331 555 historiae
1353 528 1428 555 illum
1450 529 1563 556 inserui.
1582 529 1669 556 Porro

882 569 1040 603 imperator,
1059 577 1120 597 cum
1142 571 1175 598 dc
1198 571 1231 600 iis
1253 580 1315 607 qua:
1338 573 1423 600 Paulo
1444 575 1582 609 quondam
1596 574 1670 602 Gon-

881 616 1075 650 stantinopolis
1092 617 1224 652 episcopo
1239 619 1397 646 acciderant
1409 620 1510 647 certior
1524 619 1614 648 factus
1625 628 1669 649 es-

881 663 932 691 set,
951 668 1052 695 corpus
1071 662 1131 697 ejus
1154 663 1374 691 transferendum
1403 667 1509 692 curavit
1527 671 1554 694 et
1580 667 1607 693 in
1623 674 1669 694 cc-

881 705 964 732 clesia
979 707 1104 740 sepelivit
1115 708 1134 740 ι,
1148 715 1228 742 quam
1243 707 1420 737 Macedonius
1434 710 1494 745 ejus
1509 715 1669 746 persecutor

880 750 1062 778 mdilicavcrat
1075 752 1166 787 291.
1180 759 1206 780 cl
1217 761 1278 788 quae
1295 754 1427 783 hactenus
1439 756 1526 790 ipsius
1536 757 1668 783 vocabulo

880 796 1010 831 insignita
1037 801 1095 830 est,
1120 799 1193 826 uades
1215 800 1332 827 maxima
1358 805 1441 836 atque
1468 801 1668 829 illustrissima.

880 841 946 874 Quae
969 849 1052 869 causa
1068 847 1110 870 est
1129 848 1157 870 ut
1171 843 1251 870 multi
1269 845 1411 872 veritatem
1434 846 1474 872 rei
1497 845 1667 881 ignorantes,

13 889 104 925 Θήκην
120 889 247 933 Παὸύλα
258 879 316 917 τοῦν
330 891 468 926 μάρτυρος
491 891 588 926 ἐτάφη.
610 890 727 925 Λέγεται
742 890 770 916 δὲ
783 889 817 916 διέ

934 889 1086 923 praesertim
1103 889 1244 923 mulieres,
1266 894 1293 917 et
1311 879 1561 926 quampluritniﬁex
1579 891 1666 926 plebe,

13 935 108 971 πάσης
137 935 193 971 τῆς
226 936 370 971 λεωφόρου
402 935 472 962 κατὰ
493 935 625 970 βασιλέως
651 936 826 972 πρόσταγμα,

13 981 92 1013 ἐντὸς
118 981 229 1016 τειχῶν
258 981 298 1012 είς
327 981 377 1013 τὰς
392 981 483 1013 πόλεις
508 981 687 1016 εἰσδεχθῆναι,
709 981 784 1017 παρὰ
797 981 828 1008 τὸ

16 1027 222 1062 νενομισμένον
261 1027 416 1062 Ῥωμαίοις,
441 1027 588 1063 ἀμοιϐαδόν
613 1036 642 1054 τε
669 1027 721 1054 ὑπὸ
735 1027 827 1062 ψαλμ-

15 1072 110 1107 ῳδίαις
128 1073 194 1103 ταῖς
214 1072 249 1099 ἐν
263 1072 371 1108 ἑκάστῳ
384 1073 458 1109 τόπῳ
473 1072 635 1108 τιμώμενον,
654 1072 706 1104 ἓως
727 1073 827 1099 Ἀντιο-

14 1118 93 1153 χείας
107 1118 229 1154 διακομι
235 1118 343 1154 σθῆναι.

878 933 994 961 Paulum
1009 934 1166 969 apostolum
1179 935 1235 962 illic
1250 935 1390 963 conditum
1403 944 1464 964 esse
1480 938 1666 972 suspicentur.

877 979 930 1008 Per
955 980 1026 1007 idem
1041 985 1150 1015 tempus
1173 981 1272 1009 Meletii
1296 983 1414 1010 cadaver
1433 983 1606 1010 Antiochiam
1621 983 1668 1010 de-

878 1029 1029 1061 portatum,
1050 1031 1077 1054 et
1097 1026 1176 1061 juxta
1200 1027 1321 1055 loculum
1345 1027 1454 1064 Babylzc
1470 1028 1601 1064 martyris
1618 1029 1669 1056 de-

878 1072 998 1107 positum
1013 1077 1064 1100 est.
1079 1073 1163 1100 Aiunt
1174 1081 1269 1109 porro,
1282 1082 1331 1109 per
1342 1078 1427 1102 totam
1441 1075 1513 1101 viam
1530 1075 1668 1109 publicam

877 1126 909 1146 cx
927 1118 1102 1152 imperatoris
1121 1117 1212 1153 jussu,
1226 1119 1343 1146 cadaver
1357 1118 1425 1146 illud
1440 1120 1511 1146 intra
1527 1119 1608 1146 urbes
1624 1127 1668 1146 re-

16 1170 128 1199 ceptum
158 1164 265 1197 fuisse,
289 1168 386 1200 praeter
402 1172 508 1193 morem
531 1166 745 1200 institutumque
766 1165 1016 1198 Romanorum;et
1027 1165 1196 1199 psalmorum
1231 1165 1359 1194 cantibus
1392 1174 1441 1201 per
1473 1166 1580 1201 singula
1607 1167 1667 1194 loca

17 1211 180 1238 alternatim
200 1214 363 1246 exceptum,
382 1210 533 1239 honoriﬁce
546 1211 722 1240 Antiochiam
739 1219 827 1247 usque
845 1210 993 1239 deductum
1010 1211 1102 1239 fuisse.

327 1289 455 1316 ΚΕΦΑΛ.
476 1288 528 1316 lA’.

20 1368 91 1404 Περί
110 1368 170 1403 τῆς
192 1370 381 1404 χειροτονίας
398 1371 566 1399 Φλαϐιανοῦ
585 1371 637 1398 τοῦ
654 1371 822 1398 ἐπισκόπου

62 1405 269 1442 ’ᾼτ-τέοχείας,
283 1405 331 1432 καὶ
349 1405 408 1433 τῶν
418 1407 467 1433 ἐπὶ
481 1407 572 1442 ταύτῃ
584 1407 764 1442 συμϐάντων
775 1407 824 1434 διὰ

56 1440 112 1466 τὸν
127 1440 238 1473 ὅρκον.

58 1506 115 1533 Καὶ
128 1507 267 1539 Μελέτιος
280 1508 329 1543 μὲν
341 1509 447 1536 τοιᾶσδε
464 1509 566 1545 ἠξιώθη
585 1510 681 1545 ταφῆς.
695 1510 824 1546 Χειροτο-

25 1554 111 1579 νεῖται
140 1553 171 1580 δὲ
199 1553 260 1580 ἀντ’
275 1555 357 1581 αὑτοῦ
372 1555 520 1587 Φλαῦιανὸς
535 1555 609 1591 παρὰ
624 1556 686 1588 τοὺς
700 1556 824 1587 δοθέντας
838 1564 859 1593 c

25 1598 134 1633 ὅρκους.
154 1599 220 1627 Ἔτι
235 1600 289 1636 γὰρ
305 1601 440 1634 Παυλῖνος
452 1601 490 1636 τῷ
506 1601 556 1637 βίῳ
569 1602 677 1637 περιῆν.
703 1603 750 1629 Ἐκ
763 1602 823 1629 τού-

25 1652 71 1670 του
89 1644 119 1671 sa
147 1646 268 1680 μεγίστη
293 1646 374 1673 πάλιν
405 1647 511 1682 ταραχὴ
526 1646 574 1682 τὴν
600 1647 758 1683 Ἀντιοχέων
777 1648 824 1674 ὲκ-

26 1690 142 1725 κλησίαν
169 1691 288 1718 ἐπέλαϐε
302 1699 309 1706 '
321 1692 368 1718 καὶ
381 1692 500 1718 πλεῖστοι
522 1693 593 1727 σφᾶς
605 1692 756 1727 ἀπέσχισαν
774 1692 824 1727 τῆς

27 1735 95 1771 πρὸς
122 1737 279 1764 Φλαὸιανδν
308 1738 461 1770 κοινωνίας,
490 1738 537 1764 καὶ
560 1738 613 1764 ὑπὸ
630 1737 754 1772 Παυλίνῳ
772 1737 824 1773 ίδίᾳ

27 1780 223 1816 ἐκκλησίαζον.
240 1782 400 1817 Διεφέροντο
413 1782 440 1808 δὲ
455 1782 550 1809 τούτου
567 1783 647 1818 χάριν
660 1782 728 1817 πρὸς
743 1782 824 1817 ἀλλή-

27 1825 87 1857 λους
99 1827 148 1853 καὶ
164 1827 245 1854 αὐτοὶ
260 1828 351 1862 ἱερεῖς.
368 1828 424 1854 Καὶ
437 1827 581 1861 Αἰγύπτιοι
603 1828 662 1862 μὲν,
677 1828 724 1854 καὶ
744 1828 824 1862 Ἀρά-

27 1870 79 1897 ϐιοι
94 1872 144 1899 καὶ
161 1871 292 1907 Κύπριοι,
309 1872 345 1904 ὼς
359 1872 405 1898 ἐπὶ
430 1873 586 1908 ἠδικημένῳ
602 1873 726 1908 Παυλίνῳ
739 1873 823 1908 ἠγαν-

29 1917 139 1945 άκτουν.
170 1917 253 1953 Σύροι
281 1918 327 1950 δὲ,
353 1919 400 1945 καὶ
419 1918 592 1945 Παλαιστινὼ
621 1919 668 1945 καλ¹
690 1918 821 1951 Φοίνικες,

35 1963 189 1999 Ἀρμενίων
215 1973 244 1990 τε
269 1965 318 1990 καὶ
344 1964 536 1991 Καππαδοκῶν
552 1964 599 1991 καὶ
620 1964 758 1996 Γαλατῶν,
775 1963 822 1991 καὶ

28 2005 81 2032 τῶν
93 2008 164 2042 προς
179 2006 218 2041 τῷ
235 2007 328 2043 Πόντῳ
342 2008 367 2033 oi
384 2008 501 2040 πλείους,
518 2009 551 2035 τὰ
575 2009 723 2035 Φλαὸιανοῦ
739 2009 821 2044 ἐφρό-

30 2059 100 2078 νουν.
112 2053 171 2087 Οὐχ
187 2053 288 2087 ἥκιστα
298 2053 326 2079 δὲ
342 2053 518 2088 ἐχαλέπαινεν
530 2055 544 2080 ὁ
558 2054 700 2090 Ῥωμαίων
710 2054 820 2081 ἐπίσκο-

29 2103 87 2129 πος,
98 2098 145 2123 καὶ
157 2098 258 2129 πάντες
271 2099 294 2124 οἱ
306 2099 373 2134 πρὸς
381 2099 514 2135 Ἑσπέραν
530 2100 619 2134 ἱερεῖς.
633 2100 686 2126 Καὶ
697 2100 821 2135 Παυλίνῳ

33 2142 80 2174 μὲν
94 2143 132 2174 ὡς
147 2144 297 2179 ὲπιςκόπῳ,
308 2144 473 2179 Ἀντιοχείας
487 2144 536 2176 τὰς
557 2145 683 2180 συνήθεις
702 2145 820 2180 ἔγραφον

31 2187 186 2220 ἐπιστολὰς,
202 2189 234 2221 ἃς
249 2189 389 2221 συνοδικὰς
400 2190 511 2217 καλοῦσι
522 2199 529 2206 ·
545 2190 614 2226 πρὸς
627 2191 655 2217 δὲ
672 2191 819 2218 Φλαϐιανδν

33 2232 136 2268 σιωπὴν
165 2231 243 2269 ἦγον.
273 2235 327 2261 Καὶ
358 2235 421 2266 τοὺς
447 2236 518 2270 ἀμφὶ
535 2236 665 2272 Διόδωρον
682 2236 727 2263 τὸν
745 2237 818 2272 Ταρ-
835 2225 858 2254 D

33 2274 77 2301 σοῦ
95 2276 146 2310 (4),
165 2279 212 2304 καὶ
236 2277 362 2305 Ἀκάκιον
386 2279 431 2306 τὸν
453 2280 576 2315 Βεροίας,
591 2281 653 2312 τοὺς
671 2281 751 2308 αὐτὸν
764 2291 819 2316 χει-

35 2323 239 2357 ροτονήσαντας,
251 2324 279 2350 ὲν
294 2324 367 2360 αίτία
382 2325 531 2357 ἐποιοῦντο,
557 2325 605 2352 καὶ
620 2327 817 2362 ἀκοινωνήτους

34 2364 112 2401 εἶχον.
128 2368 211 2395 Ὥστε
225 2369 253 2396 δὲ
276 2369 310 2396 τὰ
331 2370 394 2406 περὶ
410 2371 511 2398 τούτων
526 2372 681 2406 διαγνῶναι,
695 2372 817 2408 ἔγραψαν

69 2452 78 2468 ¹
94 2453 184 2488 Socr.,
200 2454 245 2482 lib.
258 2463 285 2489 v,
302 2463 328 2482 c.
341 2455 368 2483 9.
404 2456 414 2471 ¹
426 2456 505 2488 ibid.,
516 2465 540 2484 c.
553 2457 630 2485 9-17.

1195 1290 1272 1318 CAP.
1298 1290 1343 1319 XI.

876 1367 1094 1405 Derordinalione
1105 1369 1230 1396 Flaviani
1244 1371 1429 1398 Antiochensis
1445 1371 1578 1405 episcopi,
1592 1377 1616 1399 et
1632 1371 1666 1400 de

911 1404 953 1431 his
971 1413 1029 1439 qua:
1041 1410 1149 1439 propter
1156 1405 1348 1440 jusjurandum
1361 1404 1524 1432 acciderunt.

912 1505 952 1532 Ac
969 1504 1096 1532 Meletius
1119 1504 1228 1539 quidem
1253 1504 1411 1539 hujusmodi
1427 1504 1596 1540 sepulturam
1621 1508 1666 1532 est

877 1552 1055 1576 consecutus.
1084 1547 1234 1576 Flavianus
1257 1556 1322 1576 vero
1341 1549 1402 1584 ejus
1429 1549 1490 1577 loco
1518 1549 1666 1578 ordinatus

875 1598 931 1626 est,
949 1597 1045 1621 contra
1070 1594 1254 1629 jurisjurandi
1283 1595 1396 1623 ﬁdem'.
1431 1594 1499 1623 Nam
1532 1595 1665 1623 Paulinus

873 1639 963 1666 adhuc
976 1643 1117 1675 superstes
1133 1643 1204 1668 erat.
1231 1639 1290 1673 Qua
1308 1648 1342 1668 ex
1358 1648 1387 1668 re
1403 1640 1502 1676 ingens
1516 1640 1665 1675 perturba-

874 1685 912 1713 tio
928 1685 1144 1714 Antiochensem
1162 1686 1308 1713 ecclesiam
1335 1686 1436 1713 iterum
1453 1685 1599 1721 occupavit
1614 1693 1622 1713 :
1637 1690 1664 1713 et

873 1732 987 1766 plurimi
1004 1739 1033 1759 se
1049 1740 1064 1759 a
1086 1732 1285 1760 communione
1314 1732 1437 1759 Flaviani
1470 1732 1663 1767 sejunxerunt,

873 1784 906 1805 ac
930 1785 1057 1805 seorsum
1087 1778 1140 1804 sub
1167 1778 1286 1805 Paulino
1315 1778 1447 1806 collectas
1475 1779 1662 1806 celebrarunt.

874 1822 927 1850 Sed
941 1827 967 1850 et
985 1822 1143 1850 sacerdotes
1157 1823 1226 1857 ipsi,
1247 1823 1331 1857 hujus
1361 1824 1402 1851 rei
1422 1831 1507 1851 causa
1535 1825 1608 1852 inter
1633 1833 1663 1852 se

872 1868 1054 1896 dissidebant.
1074 1868 1107 1895 Et
1134 1869 1258 1904 [Egyptii
1276 1869 1386 1904 quidem
1403 1878 1464 1897 cum
1483 1871 1608 1899 Arabicis
1636 1878 1664 1899 et

872 1913 998 1948 Cypriis,
1017 1912 1127 1940 Paulini
1143 1917 1275 1948 tanquam
1287 1913 1388 1948 injuria
1405 1914 1495 1941 affecti
1513 1914 1598 1942 vicem
1612 1915 1662 1942 do-

872 1960 975 1987 lebant.
998 1959 1059 1994 Syri
1073 1966 1137 1986 vero
1151 1963 1177 1986 et
1204 1959 1344 1986 Palaestini
1358 1967 1390 1987 ac
1407 1959 1565 1992 Phcenices.
1584 1964 1613 1988 et
1627 1968 1662 1989 ex

871 2005 1020 2035 Armeniis.
1034 2004 1265 2040 Cappadocibusf,
1282 2004 1386 2032 Galatis
1408 2013 1440 2031 ac
1461 2005 1584 2034 Ponticis
1603 2007 1662 2041 ple-

872 2052 962 2086 rique,
984 2050 1107 2078 Flaviani
1121 2054 1213 2086 partes
1241 2050 1379 2077 fovebant.
1396 2050 1496 2078 Verum
1512 2052 1660 2086 episcopus

872 2098 1014 2125 llomanus
1038 2103 1065 2124 ct
1098 2096 1197 2131 reliqui
1217 2095 1432 2123 occidentalium
1464 2097 1584 2130 partium
1613 2103 1659 2124 sa-

871 2143 998 2171 cerdotes
1027 2150 1082 2170 non
1121 2141 1298 2168 mediocriter
1320 2140 1543 2176 indignabantur.
1567 2140 1601 2167 Et
1624 2141 1658 2167 ad

873 2190 1014 2216 Paulinum
1030 2189 1141 2224 quidem
1156 2193 1286 2223 tanquam
1314 2188 1475 2223 episcopum
1490 2186 1658 2219 Antioehiac,

871 2240 1017 2264 consuetas
1050 2235 1208 2262 scribebant
1239 2234 1389 2269 epistolas,
1416 2241 1485 2268 quas
1513 2233 1659 2268 synodicas

872 2281 1021 2316 appellant.
1043 2280 1082 2306 Ad
1100 2279 1262 2306 Flavianum
1287 2286 1352 2306 vero
1377 2279 1467 2306 nullas
1483 2279 1590 2306 litteras
1604 2278 1653 2304 d'a-
1706 2269 1707 2276 “

871 2328 946 2355 bant.
966 2326 1038 2359 Quin
1055 2330 1080 2353 et
1096 2325 1244 2353 Diodorum
1263 2325 1340 2352 Tarsi
1358 2328 1386 2351 et
1410 2323 1539 2351 Acacium
1556 2323 1658 2351 Bercta:

871 2373 1016 2408 episcopos
1031 2372 1077 2407 qui
1098 2372 1174 2398 illum
1202 2371 1409 2402 ordinaverant,
1435 2370 1462 2397 in
1490 2370 1594 2397 crimen
1609 2377 1657 2397 vo—

631 2535 764 2563 VALESII
781 2532 1056 2563 ANNOTATIONES.

40 2606 99 2648 δρίο
110 2610 232 2648 quidem“
248 2611 402 2639 sacerdotio
414 2611 545 2639 adnexam
569 2621 629 2640 esse
647 2617 810 2648 potestatem
865 2617 920 2645 tur,
930 2613 1002 2648 quod
1015 2612 1178 2640 Flavianum
1190 2611 1338 2648 superstite
1347 2609 1652 2648 Paulinoordinarant;

39 2643 184 2682 dimittendi
199 2646 286 2674 aliena
302 2652 423 2681 peccata.
448 2648 535 2682 Atque
550 2648 602 2674 hoc
626 2643 708 2675 sensu
722 2656 814 2675 sacer-

39 2678 142 2718 dotiunl
165 2682 256 2718 vocari
284 2678 364 2716 posse
387 2678 532 2717 καοάρσὶον
564 2683 617 2708 τῶν
650 2684 814 2718 ἁμαρτημά-

40 2720 110 2754 των..
123 2715 219 2743 Verum
244 2715 335 2754 hocin
354 2718 414 2744 loco
428 2715 482 2754 non
498 2718 590 2752 agitur
609 2718 643 2745 dc
663 2715 814 2754 alienorum

41 2752 177 2810 argutum
200 2752 369 2785 remissione,
392 2752 440 2780 sed
454 2753 487 2780 de
500 2753 660 2788 purgatione
673 2753 759 2787 ipsius
773 2760 817 2780 sa-

48 2790 53 2796 ⁸
100 2792 115 2810 0
129 2793 159 2810 ιε.

40 2789 159 2812 ceraotis.

76 2818 108 2853 (4)
127 2821 270 2857 Διόδωρον
281 2822 334 2849 τὸν
346 2821 474 2857 Ταρσοῦ.
498 2822 557 2850 Νοη
582 2822 728 2850 Diodorum
755 2826 815 2849 tan-

44 2853 93 2879 lum
110 2858 135 2882 et
147 2853 275 2884 Acacium
297 2853 418 2893 episcopi
433 2857 615 2886 occidentales
632 2857 816 2886 criminaban-

870 2645 966 2675 veruiu
983 2649 1064 2685 etiam
1078 2645 1233 2685 N‘ectarium
1244 2646 1578 2685 Constantinopolitanum
1596 2645 1654 2679 epi-

867 2691 980 2717 scopum
989 2684 1048 2717 cjus
1063 2683 1101 2710 rei
1111 2690 1195 2719 causa
1209 2681 1416 2719 insimulabant,
1432 2680 1502 2715 quod
1515 2680 1574 2719 ejus
1589 2686 1654 2706 con-

868 2715 951 2754 sensu
963 2725 995 2745 ac
1003 2715 1126 2754 consilio
1138 2717 1276 2754 ordinatio
1295 2717 1349 2754 illa
1360 2716 1438 2754 _l_acta
1462 2722 1524 2754 esse
1541 2715 1652 2754 dicere-

868 2757 922 2779 tur.
938 2753 1031 2787 itaque
1043 2752 1234 2789 Occidentales
1251 2752 1338 2786 ipsius
1359 2750 1479 2789 Nectarii
1500 2749 1653 2789 ordinatio-

869 2795 930 2814 nem
944 2785 1074 2822 tanquam
1089 2788 1154 2814 vitio
1178 2785 1279 2813 factam
1294 2785 1539 2822 reprehendebant,
1559 2787 1588 2810 ut
1612 2785 1653 2810 vi-

869 2823 933 2849 dere
950 2820 1035 2850 estin
1049 2822 1166 2857 epistola
1186 2821 1298 2849 concilii
1313 2820 1396 2849 italiae
1410 2820 1443 2848 ad
1459 2821 1651 2854 imperatorem

868 2856 1062 2883 Theodosium.

893 2857 1062 2886 hcodosium.
