1883 3069
67 150 145 179 1445

565 152 724 180 HISTORIA
739 152 1016 181 EGCLESIASTICA.
1030 170 1062 175 —
1083 156 1146 184 LIB.
1168 157 1225 186 VII.

1639 143 1709 193 {tto

67 211 246 245 διαιρέσεως
261 213 309 247 τῆς
332 213 503 248 Ἐκκλησίας,
522 212 682 247 καθηγητὰς
696 213 743 240 καὶ
755 212 857 239 sicam

932 214 1084 243 rectissime
1103 217 1247 244 consulere
1258 217 1343 250 vlsus,
1362 223 1457 246 auctor
1478 220 1529 248 fuit
1541 226 1570 249 ut
1586 221 1708 258 fugerent

66 257 138 289 λους
149 258 212 284 τῶν
225 259 308 294 ἱερῶν
315 259 408 293 Λόγων
421 259 591 294 γενομένους.
607 260 636 286 Et
649 259 697 294 μὲν
706 259 875 294 γὰρτούτων,

69 302 140 338 ἔφη,
160 303 217 336 τὰς
254 305 404 340 μαρτυρίας
430 305 613 336 ἀποϐάλωσιν,
630 304 681 331 ὑπὸ
703 304 756 331 τῶν
769 304 877 330 οἰκείων

69 348 308 384 ἐξελαθῆσονται.
329 350 360 376 Εί
375 350 404 377 δὲ
428 350 536 381 ἱκανοὺς
551 351 590 381 είς
605 349 740 382 ἀπόδειξιν
751 349 807 381 τῶν
824 349 877 384 ὰμ‹

69 394 201 428 φιὸόλων
223 396 385 430 ἡγήσονται,
411 394 589 432 προΐσχεσθαι
614 395 653 422 δεῖ
672 395 719 426 τὰς
734 395 823 421 αὐτῶν
837 394 876 429 βί-

68 439 169 472 ϐλους.
187 439 230 468 Εὖ
246 441 299 476 γὰρ
309 441 377 476 ¹ᾔδει,
390 442 427 473 ὼς
438 442 582 468 οἱπαλαιοὶ
596 441 728 468 συναῖδιον
739 441 777 475 τῷ
789 440 876 476 Ila-.3).

68 486 118 512 τὸν
145 486 220 513 Υἱὺν
256 488 391 523 εὑρόντες,
418 488 467 514 οὐκ
488 487 640 522 ἐτόλμησαν
655 487 740 513 εἰπεῖν
757 486 788 512 ἔκ
803 494 875 517 τινος

67 532 168 568 ἀρχῆς
185 531 241 568 τὴν
258 533 363 566 γένεσιν
383 533 463 560 αὐτὸν
480 533 562 568 ἔχειν.
578 532 654 559 Ἐπεὶ
665 532 693 558 δὲ
707 532 769 559 τάδε
785 531 874 562 καλῶς

67 576 147 611 ἔχειν
169 577 225 603 καὶ
252 578 395 613 Νεκταρίῳ
415 579 562 613 συνεδόκει,
580 577 673 613 μαθὼν
696 578 723 604 δὲ
735 578 782 604 καὶ
797 577 873 612 Bact-

67 621 146 653 λεὺς,
172 623 296 658 ἐπῄνεσε
314 623 363 658 τὴν
375 624 481 660 βουλὴν,
496 625 664 659 ἀπεπειρᾶτο
680 623 734 650 τῶν
747 623 801 650 ἀπὸ
819 622 873 648 τῶν

66 667 164 694 ἄλλων
180 668 330 702 αἱρέσεων,
348 669 421 701 ὅπως
439 669 530 704 ἔχουσι
554 669 666 704 γνώμης
681 669 745 704 περὶ
760 668 808 699 τὰς
820 668 873 693 τῶν

67 713 272 747 παλαιοτέρων
287 713 440 749 ἐξηγήσεις.
456 714 516 741 Τῶν
530 714 557 740 δὲ
573 714 643 748 μάλα
661 713 870 748 θαυμασάντων,

67 758 237 792 ἀναφανδὸν
260 759 403 794 ἐδήλωσεν,
422 760 447 784 εί
472 759 518 785 ἐπὶ
538 760 594 789 τοῖς
613 758 767 794 εἰρημένοις
781 757 873 786 αὐτοῖς

67 804 291 830 καταπαύσουσι
306 804 354 835 τὰς
367 803 502 839 ζητήσεις,
521 803 727 839 καὶάξιοχρέους
744 802 871 838 ἡγοῦνται

67 849 226 884 μάρτυρας
240 849 286 875 τοῦ
299 849 442 883 δόγματος.
466 849 602 884 Διχονοίας
616 849 644 875 δὲ
657 848 703 874 καὶ
717 848 780 883 περὶ
794 846 870 873 τοῦτο

935 258 1132 294 disputationes
1150 270 1210 289 cum
1229 263 1375 297 haereticis,
1405 270 1536 300 tanquam
1555 269 1709 296 contentio-

929 303 972 330 nis
988 311 1021 332 ac
1032 305 1142 333 discidii
1172 307 1280 337 fomites
1298 318 1306 336 :
1340 310 1596 348 interrogarentque
1616 316 1708 350 potius

928 347 1000 381 illos,
1014 357 1080 377 num
1102 351 1276 381 admitterent
1300 361 1348 382 eos
1365 354 1493 384 doctores
1519 347 1600 392 atque
1617 347 1708 386 inter-

927 398 1017 428 pretes
1030 402 1170 423 sacrarum
1189 397 1404 433 Scripturarum,
1419 401 1465 435 qui
1485 406 1548 429 ante
1563 403 1707 431 discidium

927 438 1056 467 Ecclesia:
1067 441 1210 469 vixissent.
1225 442 1343 476 Etenim,
1358 445 1447 473 aiebat
1460 465 1466 478 ,
1494 447 1517 473 si
1534 447 1647 474 istorum
1669 454 1708 476 te-

926 484 1055 512 stimonia
1084 487 1240 521 rejecerint,
1257 497 1271 515 a
1289 490 1346 517 suis
1357 492 1532 519 consortibus
1560 493 1708 528 expluden-

927 535 980 557 tur.
1008 530 1036 557 Si
1062 540 1129 560 vero
1161 533 1224 561 illos
1250 534 1282 562 ad
1313 535 1479 564 dirimendas
1505 540 1706 567 controversias

926 576 1040 605 idoneos
1055 586 1118 606 esse
1136 579 1354 614 arbitrabuntur,
1370 582 1524 617 proferendi
1537 588 1601 611 sunt
1612 593 1705 612 eorum

925 621 998 648 libri.
1015 622 1102 650 Probe
1113 625 1184 650 enim
1201 629 1281 652 norat
1311 628 1438 662 antiquos
1450 629 1495 663 qui
1516 629 1613 656 Filium
1631 630 1704 657 Patri

929 672 1094 695 eoaeternum
1132 670 1206 697 credi
1241 671 1429 706 reperissent,
1455 681 1593 709 nunquam
1621 683 1704 704 ausos

925 711 1124 745 fuissedicere,
1141 715 1212 748 quod
1230 716 1415 750 generationis
1440 727 1496 746 sua:
1519 720 1629 755 aliquod
1659 721 1705 749 ha-

924 759 1028 787 buisset
1045 760 1162 787 initium.
1184 761 1250 788 Cum
1273 762 1356 797 igitur
1370 763 1495 792 Nectario
1508 766 1533 792 id
1544 767 1702 800 placuisset.

924 809 950 832 et
961 805 1109 840 imperator
1120 807 1200 842 293
1215 808 1316 835 certior
1332 809 1420 837 factus
1430 811 1576 838 consilium
1603 820 1704 847 appro-

923 850 1132 883 basset,tentare
1145 853 1227 888 cmpit
1244 854 1434 883 luereticorum
1447 857 1562 889 animos,
1574 859 1702 893 quidnam

67 882 229 929 συμϐάσης
259 896 316 927 τοῖς
335 895 487 929 προεστῶσι
508 895 563 921 τῶν
587 894 727 929 αἱρέσεων,
743 893 773 919 οὐ
783 893 857 919 ταύτε

1189 882 1196 888 ,
1465 882 1480 884 η
1575 882 1702 893 Γηη...

923 897 972 931 ipsi
994 898 1027 924 de
1045 903 1166 926 veterum
1190 900 1461 934 interpretationibus
1488 904 1630 931 sentirent.
1652 905 1704 937 Qui

66 939 125 975 γὰρ
154 940 276 968 ἔκαστοι
308 941 373 976 περὶ
400 940 448 972 τὰς
467 941 521 967 τῶν
535 940 717 975 ἀρχαιοτέρων
741 940 868 975 ἐφρόνουν

68 985 184 1020 βίϐλους
198 995 204 1001 ·
221 986 292 1020 ἔγνω
303 988 317 1012 ό
326 986 460 1021 βασιλεὺς,
468 985 506 1017 ὡς
517 985 648 1019 διαλέξεσι
659 985 751 1020 μόναις
762 984 868 1011 οἰκείων

66 1031 162 1065 λόγων
190 1031 367 1065 πεποιθότες,
398 1032 567 1068 παρῃτοῦντο
590 1031 639 1067 τὴν
656 1032 797 1067 πρότασιν.
813 1030 868 1058 Καὶ

66 1077 119 1111 τῆς
134 1077 259 1113 γνώμης
273 1077 370 1109 αὐτοὺς
397 1077 582 1113 μεμψάμενος,
597 1077 739 1103 ἐκέλευσεν
752 1076 868 1111 ἑκάστην

67 1123 183 1157 αἵρεσιν
215 1122 323 1158 γραφὴν
339 1122 413 1158 αὐτῷ
429 1123 526 1150 διδόναι
547 1123 594 1150 τοῦ
611 1123 710 1149 οἰκείου
724 1122 865 1157 δόγματος.

74 1168 157 1194 Ἐπεὶ
167 1168 199 1194 δὲ
217 1168 308 1203 ἡμέρα
320 1169 420 1204 παρῆν,
438 1169 500 1195 καθ’
519 1169 554 1204 ἣν
567 1167 665 1203 ὥριστο
677 1167 755 1194 τοῦτο
771 1168 866 1198 ποιεῖν,

68 1213 212 1248 συνῆλθον
239 1215 278 1245 εἰς
302 1214 335 1240 τὰ
357 1214 489 1249 βασίλεια,
510 1214 579 1248 ὑπὲρ
595 1213 644 1248 μὲν
658 1213 712 1239 τῶν
727 1213 867 1248 ὀμοούσιον

68 1259 177 1293 Τριάδα
205 1259 380 1292 δοξαζόντων,
405 1259 554 1293 Νεκτάριος
573 1258 620 1285 καὶ
643 1258 779 1292 Ἀγέλιος·
798 1258 868 1292 ὑπὲρ

66 1306 96 1331 δὲ
105 1306 159 1340 τῆς
177 1306 286 1341 ’Δρείου
295 1305 436 1341 αἱρέσεως,
446 1305 597 1340 Δημόφιλος
607 1304 709 1339 ταύτης
717 1303 866 1338 προεστώς·

68 1352 120 1386 τῆς
153 1351 186 1377 δὲ
207 1351 356 1385 Εὑνομίου,
380 1351 461 1382 αὐτὸς
486 1349 637 1384 Εὐνόμιος⁴
660 1348 793 1380 Ἑλεύσιος
809 1347 837 1374 δὲ
854 1349 868 1374 ὁ

70 1395 202 1426 Κυζίκου
221 1395 378 1426 ἐπίσκοπος,
397 1395 467 1429 ὑπὲρ
492 1393 547 1420 τῶν
561 1393 733 1427 καλουμένων
746 1391 868 1418 Μακεδο-

71 1441 187 1467 νιανῶν.
218 1440 367 1475 Δεξάμενος
396 1439 424 1466 δὲ
452 1439 501 1474 τὴν
518 1439 632 1465 ἑκάστου
649 1438 768 1473 γραφὴν,
785 1437 867 1472 μόνην

70 1487 122 1521 τὴν
135 1485 284 1522 ὁμοούσιον
296 1485 397 1520 Τριάᾶα
413 1485 610 1520 είοηγουμένην
629 1485 752 1519 ἐπῄνεσε.
768 1483 823 1514 Τὰς
840 1483 869 1509 δὲ

70 1531 171 1563 ἄλλας,
187 1532 227 1563 ὡς
241 1532 363 1563 ἐναντίας
386 1531 520 1568 διέρρηξε.
540 1530 595 1557 Καὶ
614 1530 796 1560 Ναυατιανοῖς
819 1529 868 1563 μὲν

71 1577 152 1604 οὐδὲν
166 1577 293 1604 ἐντεῦθεν
309 1577 384 1612 παρὰ
400 1576 512 1612 γνώμην
525 1575 625 1611 ἀπέϐη.
645 1575 758 1610 Ὁμοίως
773 1574 865 1610 γὰρτῇ

73 1622 195 1649 καθόλου
220 1622 366 1658 Ἐκκλησία
391 1623 425 1649 τὰ
441 1623 505 1657 περὶ
527 1621 595 1648 Θεοῦ
609 1621 775 1653 δοξάζουσιν.
791 1621 821 1646 Οἱ
838 1620 867 1646 δὲ

72 1669 152 1696 ἄλλοι
169 1669 237 1704 πρὸς
250 1669 312 1700 τοὺς
328 1669 416 1696 αὐτῶν
434 1669 523 1704 ἱερέας
541 1668 726 1703 ἐχαλέπαινον,
742 1667 779 1698 ὡς
795 1667 867 1702 ἁμα-

73 1714 129 1746 Θῶς
143 1714 237 1749 σφίσιν
251 1715 384 1746 ἐναντίους
402 1715 447 1741 ἐπὶ
456 1714 503 1741 τοῦ
518 1713 680 1748 κρατοῦντος
695 1713 864 1747 γενομένους.

74 1760 174 1786 Πολλοὶ
194 1760 223 1786 δὲ
247 1759 292 1786 καὶ
319 1759 508 1793 καταγνόντες,
527 1759 595 1794 πρὸς
616 1759 665 1793 τὴν
679 1758 866 1784 ὲπαινεῦεῖσαν

75 1803 232 1837 μετέθεντο.
259 1803 288 1828 Ὀ
304 1803 331 1829 δὲ
355 1803 480 1838 βασιλεὺς
504 1802 655 1838 νομοθετῶν
674 1803 723 1837 (7),
740 1803 866 1829 ἐκέλευσε

73 1848 139 1879 τοὺς
170 1848 337 1883 ἑτεροδόξους
367 1850 435 1884 μήτε
465 1849 673 1885 ἐκκλησιάζειν,
705 1850 774 1884 μήτε
803 1851 867 1886 περὶ

74 1894 198 1925 πίστεως
209 1891 353 1927 διδάσκειν,
375 1895 443 1929 μήτε
457 1896 623 1927 ἐπισκόπους
638 1896 654 1931 ἢ
669 1896 765 1928 ἄλλους
778 1904 866 1931 χειρο-

72 1940 164 1966 τονεῖν
175 1948 181 1954 ·
196 1940 242 1965 καὶ
252 1940 314 1970 τοὺς
331 1940 389 1974 μὲν,
406 1940 508 1966 πόλεων
523 1941 570 1966 καὶ
585 1941 676 1976 ἀγρῶν
690 1941 864 1968 ἐλαύνεσθαι·

72 1985 139 2016 τοὺς
154 1985 193 2017 δὲ,
207 1985 320 2020 ἀτίμους
332 1984 401 2012 εἶναι
422 1986 470 2022 (8),
491 1986 536 2012 καὶ
555 1986 692 2018 πολιτείας
710 1986 808 2022 ὁμοίως
829 1987 865 2022 μὴ

76 2030 204 2065 μετέχειν
217 2030 382 2067 τοῖςΔᾶλλοις.
400 2031 456 2057 Καὶ
485 2030 606 2066 χαλεπὰς
625 2033 680 2063 τοῖς
704 2031 796 2067 νόμοις
818 2033 866 2058 ὲπ-

76 2075 183 2110 ἐγραφε
195 2065 339 2111 τιμωρίας.
350 2076 420 2103 Ἀλλ’
435 2065 622 2112 οὐκγὲπεξῄει·
635 2077 665 2102 οὐ
677 2065 866 2113 γὰρήτιμωρεῖ-

76 2120 151 2152 σθαι,
173 2121 230 2148 ἀλλ’
258 2123 297 2153 εἰς
316 2122 374 2154 δέος
390 2122 520 2158 καθιστᾷν
534 2124 596 2155 τοὺς
610 2124 747 2159 ὑπηκόους
764 2124 864 2151 ἐσπού-

74 2165 168 2197 δαζεν,
185 2166 258 2198 ὅπως
273 2167 422 2202 ὁμόφρονες
437 2167 510 2202 αὐτῷ
524 2168 644 2202 γένοιντο
660 2170 723 2204 περὶ
738 2170 768 2196 τὸ
782 2170 862 2197 θεῖον.

81 2207 160 2235 Ἐπεὶ
174 2210 222 2236 καὶ
234 2211 296 2241 τοὺς
311 2211 397 2237 ἑκοντὶ
414 2212 640 2247 μετατιθεμένους
649 2213 754 2248 ἐπῄνει.

920 947 981 967 cum
995 949 1041 968 eas
1054 949 1217 977 magnopere
1230 943 1399 977 laudassent,
1415 946 1564 981 imperator
1580 950 1704 983 apertius

918 993 951 1013 ex
978 986 1013 1014 iis
1036 993 1213 1021 percontatus
1238 993 1289 1020 est,
1307 994 1398 1016 utrum
1424 998 1457 1018 ex
1483 992 1592 1020 illorum
1621 994 1702 1022 dictis

920 1032 1124 1060 controversias
1143 1033 1263 1061 decisuri
1281 1039 1384 1068 essent,
1396 1041 1424 1063 et
1436 1045 1498 1064 num
1513 1038 1575 1065 illos
1590 1038 1704 1067 idoneos

919 1078 1051 1105 doctrince
1068 1080 1332 1114 tcstesjudicarent.
1362 1082 1430 1109 Cum
1448 1091 1512 1111 vero
1541 1085 1591 1112 hac
1620 1086 1702 1112 etiam

918 1123 951 1150 de
970 1131 999 1151 re
1021 1124 1092 1151 inter
1106 1129 1241 1152 sectarum
1257 1127 1396 1161 principes
1420 1133 1478 1155 orta
1495 1133 1566 1157 esset
1594 1131 1702 1159 dissen-

918 1170 959 1197 sio
976 1179 982 1196 :
1005 1178 1094 1205 neque
1106 1171 1179 1198 enim
1195 1172 1289 1199 eadem
1303 1181 1398 1202 omnes
1420 1174 1453 1201 de
1466 1179 1588 1202 veterum
1615 1177 1701 1204 inter-

918 1216 1118 1250 pretationihus
1156 1218 1337 1252 sentiebant,
1377 1220 1511 1248 intellexit
1552 1221 1702 1257 imperator

918 1262 992 1294 illos,
1013 1262 1171 1296 opinionum
1187 1271 1298 1290 suarum
1321 1265 1544 1294 altercationibus
1570 1269 1701 1299 confisos.

918 1307 1100 1335 conditionem
1118 1310 1285 1343 propositam
1303 1317 1441 1339 recusare.
1458 1311 1501 1346 Et,
1520 1313 1650 1341 damnato
1668 1315 1700 1341 il-

918 1352 1006 1380 lorum
1025 1354 1151 1386 consilio,
1170 1355 1254 1389 jussit
1277 1359 1306 1381 ut
1333 1364 1504 1392 unaquaeque
1537 1364 1612 1386 secta
1638 1359 1700 1388 ﬁdei

920 1406 976 1425 suae
987 1399 1131 1426 formulam
1143 1401 1246 1435 scripto
1257 1403 1482 1436 comprehensam
1499 1404 1548 1438 ipsi
1566 1406 1698 1434 traderet.

918 1444 1066 1480 Postquam
1084 1446 1142 1474 dies
1163 1447 1250 1473 illuxit
1264 1455 1326 1482 qua:
1346 1448 1408 1476 huic
1425 1451 1534 1484 negotio
1549 1453 1700 1480 constituta

919 1490 1019 1520 fuerat.
1033 1496 1221 1519 convenerunt
1237 1493 1263 1519 in
1286 1494 1428 1528 palatium,
1459 1504 1510 1530 pro
1528 1497 1562 1525 iis
1587 1499 1698 1533 quidem

883 1536 965 1572 ααυί
1001 1535 1165 1563 Trinitatem
1202 1539 1465 1567 consubstantialem
1499 1542 1699 1576 proﬁtebantur
1729 1556 1736 1562 ι

917 1580 1062 1609 Net-larius
1076 1589 1102 1609 et
1119 1583 1229 1618 Agclius
1246 1593 1252 1611 :
1277 1592 1325 1618 pro
1338 1585 1448 1614 Arianis
1480 1591 1582 1621 autem,
1601 1589 1698 1618 Demo-

918 1627 1008 1662 philus
1024 1627 1084 1662 ejus
1101 1633 1181 1656 sectae
1201 1630 1317 1658 antistes
1334 1641 1340 1658 :
1368 1639 1417 1666 pro
1438 1633 1627 1667 Eunomianis,
1645 1635 1699 1663 Eu-

917 1674 1026 1701 nomius
1041 1674 1100 1708 ipse
1118 1684 1125 1701 :
1143 1682 1192 1710 pro
1203 1675 1236 1703 iis
1251 1684 1316 1703 vero
1330 1678 1376 1712 qui
1393 1678 1582 1707 Macedoniam
1599 1681 1699 1709 dicun-

917 1723 971 1750 tur,
989 1719 1115 1747 Eleusius
1128 1721 1273 1756 episcopus
1286 1722 1448 1757 Cyzicenus.
1466 1724 1563 1757 Porro,
1577 1728 1698 1762 acceptis

917 1764 1087 1799 singulorum
1117 1766 1239 1798 libellis,
1276 1775 1335 1795 eam
1361 1769 1447 1796 solam
1467 1771 1530 1798 ﬁdei
1553 1768 1714 1800 formulam-

916 1810 1064 1844 imperator
1080 1812 1217 1846 probavit,
1234 1821 1294 1848 qua:
1314 1813 1476 1843 Trinitatem
1510 1818 1697 1846 consubstan-

916 1856 1008 1883 tialem
1024 1864 1179 1892 assereret;
1196 1860 1316 1894 reliquas
1330 1868 1405 1892 vero,
1423 1865 1554 1897 tanquam
1574 1864 1638 1892 huic
1647 1865 1698 1892 ad-

915 1906 1057 1930 versantes
1071 1903 1229 1939 discerpsit.
1256 1907 1295 1933 Ac
1318 1906 1476 1936 Novatianis
1496 1909 1605 1944 quidem
1630 1911 1697 1939 nihil

915 1954 949 1973 ex
967 1947 1018 1973 hoc
1031 1949 1142 1982 negotio
1171 1949 1273 1977 accidit
1299 1955 1397 1985 prazter
1428 1955 1603 1981 sententiam.
1627 1956 1697 1984 Idem

915 1990 987 2017 enim
1006 1991 1078 2024 quod
1094 1991 1216 2019 Ecclesia
1230 1994 1366 2022 catholica
1404 1995 1437 2023 de
1464 1996 1607 2026 divinitate
1634 2008 1698 2028 scn-

916 2036 997 2061 tiunt.
1014 2034 1111 2062 Cmteri
1128 2043 1192 2063 vero
1222 2038 1361 2074 episcopis
1384 2043 1442 2069 suis
1468 2051 1696 2078 succensuerunt.

915 2080 987 2115 quod
1013 2088 1104 2107 coram
1131 2082 1314 2117 imperatore,
1337 2089 1485 2121 pugnantia
1513 2097 1606 2118 secum
1631 2093 1699 2127 ipsis

915 2129 997 2160 atque
1012 2126 1162 2158 contraria,
1182 2127 1308 2161 imperite
1333 2131 1481 2162 dixissent.
1507 2134 1584 2162 Multi
1601 2126 1695 2170 etiam,

915 2171 1052 2199 damnatis
1066 2172 1130 2204 illis,
1147 2172 1180 2198 ad
1192 2180 1250 2199 eam
1265 2173 1343 2201 fidem
1360 2184 1419 2210 quae
1434 2179 1546 2212 probata
1563 2181 1652 2209 fuerat
1668 2191 1698 2211 se

879 2214 905 2244 Ι)
918 2217 1129 2244 transtulerunt.
1150 2217 1283 2245 Caeterum
1304 2219 1454 2254 imperator
1471 2225 1528 2259 lege
1554 2227 1608 2254 lata
1629 2236 1698 2263 pra:-

76 2254 161 2289 cepit,
174 2263 208 2282 ne
224 2255 343 2284 haeretici
359 2257 489 2286 collectas
507 2264 630 2293 agerent,
666 2268 733 2288 neve
761 2261 795 2289 de
823 2262 876 2292 Iide
915 2263 1055 2296 docerent,
1082 2272 1150 2291 neve
1175 2265 1319 2300 episcopos
1342 2272 1389 2294 aut
1416 2268 1483 2296 alios
1510 2272 1696 2302 ordinarent:

76 2306 162 2336 utque
174 2303 220 2330 alii
240 2304 349 2338 quidem
378 2305 495 2332 urbibus
523 2310 551 2332 et
577 2308 649 2341 agris
666 2308 859 2342 pellerentur:
900 2311 945 2338 alii
978 2319 1043 2339 vero
1059 2316 1222 2339 notarentur
1241 2313 1364 2346 infamia,
1387 2323 1438 2343 nec
1460 2316 1505 2350 jus
1531 2327 1637 2354 a-qnnm
1659 2324 1698 2349 ei-

75 2348 171 2377 vitatis
188 2357 250 2377 eum
273 2351 386 2386 reliquis
401 2353 510 2380 civibus
549 2355 734 2388 possiderent.
753 2356 784 2382 Et
801 2366 898 2392 graves
932 2359 1041 2394 quidem
1075 2367 1171 2394 pcenas
1204 2361 1310 2396 legibus
1337 2363 1395 2390 suis
1427 2365 1579 2399 ascripsit:
1607 2369 1697 2397 haud-

77 2403 217 2430 quaquam
248 2401 339 2424 tamen
358 2399 524 2425 exsecutioni
541 2400 693 2428 mandavit.
706 2401 800 2438 Neque
816 2404 888 2431 enim
909 2406 1006 2439 punire
1023 2406 1155 2437 subditos,
1168 2409 1215 2435 sed
1230 2411 1332 2435 terrere
1352 2411 1539 2438 tantummodo
1558 2414 1696 2448 studebat,

78 2446 107 2468 ut
121 2441 193 2469 idem
211 2449 271 2469 cum
291 2443 351 2478 ipso
363 2444 397 2471 de
415 2444 562 2474 Divinitate
575 2448 720 2475 sentirent.
739 2448 805 2476 Nam
829 2454 858 2477 et
877 2451 938 2479 illos
951 2452 1093 2485 laudabat,
1110 2455 1155 2490 qui
1187 2463 1235 2482 sua
1254 2459 1351 2490 sponte
1366 2462 1600 2486 converterentur.

649 2525 786 2554 VALESII
804 2528 1080 2560 ANNOTATIONES.

114 2574 152 2608 (7)
166 2575 252 2619 δὲ
268 2577 417 2619 ,ϐασιλεὺς
433 2580 608 2619 νομοθετῶν.
625 2583 752 2619 Intelligit
773 2585 859 2613 Sozo-

80 2611 570 2655 {tremislegem,seritaanscptimam
595 2611 786 2655 etseqoeuntes
799 2611 858 2655 qua:

80 2642 230 2685 habentur"
240 2646 267 2672 in
279 2646 379 2676 Codice
401 2642 606 2683 Theodosiano,
617 2642 857 2683 titul'o‘fie‘lue're:

81 2685 151 2750 υ(ίῶ
170 2715 241 2748 Τοὺς
251 2715 295 2750 δὲ,
306 2718 429 2753 ἀτίμους
438 2717 523 2747 εἶναι.
539 2721 702 2750 Μίιιιίείιωοε
716 2724 854 2760 intelligit.

913 2588 945 2616 Ili
963 2591 1034 2617 enim
1049 2600 1103 2626 prae
1115 2593 1220 2630 caneris
1233 2594 1349 2623 infames
1361 2604 1422 2623 esse
1437 2596 1569 2630 julientur
1586 2604 1593 2622 :
1611 2595 1646 2622 ita
1665 2601 1694 2624 nt

912 2632 964 2661 nec
982 2629 1136 2654 testamenti
1155 2628 1284 2661 faciendi,
1315 2638 1366 2658 nec
1392 2639 1424 2658 ex
1438 2628 1615 2658 'testamento
1647 2640 1694 2658 ra-

913 2660 1004 2701 piendi
1019 2662 1102 2701 ullam
1114 2663 1233 2691 habeant
1249 2664 1415 2699 facultatem,
1433 2671 1461 2693 ut
1475 2666 1512 2693 ait
1524 2666 1566 2694 Iev
1578 2666 1692 2701 septima

910 2695 1004 2724 codice
1022 2697 1116 2725 citato.
