1883 3069
203 185 268 213 ιιδι

934 181 1104 208 SOZOMENI

1770 177 1834 206 H32

205 249 295 283 erant,
306 250 355 270 nec
369 242 468 277 repulit
480 245 646 275 aperte,nec
659 239 780 271 admisit,
791 239 837 267 sed
854 244 988 275 assumptt

1079 241 1174 267 ὶοσίετο
1191 249 1197 255 ⁵
1218 239 1358 267 ἀναλαϐὼν
1384 238 1410 265 δὲ
1435 239 1495 270 τοὺς
1514 237 1696 274 στρατιώτας,
1721 238 1768 264 ἐπὶ
1790 236 1835 269 τὴν

202 289 336 321 exercitu,
356 288 382 314 in
415 287 520 313 Italiam
543 286 696 313 contendit.
715 286 773 312 Sub
794 285 864 313 idem
887 289 996 320 tempus

202 335 315 370 Agelius
333 333 546 360 Novatianorum
564 333 636 367 apud
655 331 924 365 Constantinopolim
941 331 998 366 epi-

205 388 319 416 scopus,
334 379 391 406 fato
406 378 538 411 instante,
559 378 690 409 Sisinium
706 385 790 405 unum
805 385 836 404 ex
857 377 999 412 presbyte-

207 427 247 453 ris
264 425 334 456 suis,
352 430 541 451 successorem
560 423 612 450 sibi
629 422 793 457 designavit.
805 421 997 456 Conquerente

199 476 290 498 autem
315 469 394 505 plebe
418 469 491 503 quod
522 476 576 495 non
593 468 685 503 potius
703 468 860 495 ordinassot
885 467 997 494 Marcia-

198 524 276 548 num,
297 516 385 542 virum
403 515 548 549 religionis
573 522 656 542 causa
673 511 911 542 celeberrimum,
933 520 994 539 cum

196 567 254 601 jam
273 561 370 589 melius
387 569 416 589 se
441 561 543 588 habere
558 560 706 592 videretur,
730 559 898 587 Marcianum
920 558 996 585 ordi-

206 609 300 642 navit,
323 612 350 636 et
378 608 509 643 populum
533 608 560 634 in
584 606 700 635 ecclesia
729 606 864 634 allocutus
886 609 928 632 est
953 604 995 632 his

199 654 313 682 verbis:
332 653 397 681 I‘ost
417 661 460 681 me
476 653 631 680 Marcianus
656 653 692 680 sit
709 656 798 680 vester
825 651 992 686 episcopus;

200 705 262 737 post
279 701 354 728 illum
373 708 439 727 vero
453 699 586 728 Sisinius.
606 700 671 732 Qum
693 706 755 726 cum
771 698 897 729 dixisset.
922 696 993 724 haud

199 746 286 772 multo
301 750 362 780 post
377 753 408 772 ex
424 746 475 772 hac
491 745 546 772 vita
561 745 699 780 migravit,
715 751 763 779 per
776 750 864 770 annos
878 742 994 778 quadra-

199 793 274 828 ginta
290 792 438 827 praesulatu
454 796 536 819 secta:
555 799 612 818 suae
631 798 729 826 magna
749 798 811 817 cum
829 789 910 816 laude
933 796 993 823 per-

200 838 321 865 functus.
343 837 396 865 Nec
412 837 525 869 desunt,
551 838 596 872 qui
614 845 677 864 eum
709 836 796 863 virum
823 835 993 871 persecutio-

198 893 265 912 num
278 884 449 919 temporibus
463 883 650 911 confessorem
660 883 746 910 fuissc
757 882 901 909 allirment.
914 880 991 908 Haud

199 929 286 956 multo
306 933 366 963 post
383 928 530 955 Timotheo
546 932 573 955 et
588 928 689 963 Cyrillo
702 935 733 954 cx
751 928 803 954 hac
819 927 880 954 luce
898 926 992 954 subla—

200 976 246 1007 tis,
259 974 474 1001 Alexandrinam
491 973 600 1008 quidem
622 973 713 1000 sedem
731 972 909 1008 Theophilus,
928 971 993 999 IIie-

199 1021 426 1056 rosolymitanam
449 1028 515 1047 vero
537 1018 658 1047 Joannes
678 1019 811 1054 suscepit.
835 1018 993 1046 Constanti-

199 1067 292 1101 nopoli
307 1073 429 1101 quoque,
454 1065 632 1100 Demophilus
655 1065 765 1091 Arianae
783 1068 865 1092 sectae
885 1064 993 1099 episco-

201 1121 252 1147 pus
268 1117 420 1139 exlremum
445 1111 527 1146 296
552 1110 623 1138 dietn
643 1110 722 1138 obiit.
748 1109 835 1144 Cujus
857 1110 884 1136 in
903 1110 992 1137 locum

199 1157 323 1185 Marinus
337 1156 448 1192 quidam
472 1165 504 1183 ex
528 1155 647 1183 Thracia
660 1160 702 1183 est
727 1155 909 1182 substitutus.
939 1154 992 1182 Sed

199 1212 262 1231 cum
279 1203 433 1230 Dorotheus
453 1203 601 1229 Antiochia
631 1202 717 1237 Syria:
743 1202 911 1233 advenisset,
933 1204 991 1228 tan-

198 1258 280 1285 quam
304 1249 390 1284 magis
412 1248 539 1280 idoneus,
557 1248 722 1275 Arianorum
743 1251 824 1275 sectte
848 1247 903 1274 illic
913 1254 992 1282 .prae-

203 1295 266 1322 fuit.
279 1296 387 1322 Interea
397 1294 531 1328 temporis
542 1293 699 1320 Theodosio
709 1293 736 1319 in
744 1292 847 1319 Italiam
856 1292 991 1327 iugresso,

198 1340 268 1367 varii
284 1346 333 1374 pro
348 1339 484 1373 cujusque
500 1337 616 1365 libidine
629 1344 756 1364 rumores
766 1337 800 1364 de
816 1336 886 1364 bello
899 1337 991 1363 incre-

199 1385 294 1412 buere.
330 1383 410 1418 Apud
438 1383 559 1410 Arianos
591 1382 702 1417 quidem
731 1381 888 1414 ferebatur,
919 1381 993 1415 quod

206 1430 301 1457 multis
320 1430 345 1456 in
363 1429 461 1464 proelio
479 1428 589 1460 occisis,
608 1428 755 1462 imperator
777 1427 804 1454 in
821 1427 928 1462 tyranni
947 1435 993 1461 po-

200 1478 326 1502 testatem
349 1474 481 1500 venisset.
511 1472 562 1505 Qui
589 1480 644 1499 non
665 1471 745 1499 aliter
775 1479 807 1498 ac
831 1472 854 1499 si
881 1479 910 1499 re
935 1472 993 1505 ipsa

201 1521 337 1555 completa
350 1523 442 1547 essent
463 1520 613 1554 quaeinter
635 1526 663 1545 se
676 1518 868 1549 susurrabant,
887 1518 993 1545 animos

201 1569 401 1602 sumpserunt:
430 1569 456 1592 et
483 1565 586 1599 impetu
616 1563 700 1596 facto,
726 1563 847 1591 Nectarii
869 1563 991 1598 episcopi

201 1614 312 1640 domum
327 1611 516 1643 incenderunt,
537 1618 607 1646 wgre
624 1610 742 1638 ferentes
762 1610 834 1644 quod
857 1609 990 1637 ecclesias

201 1659 348 1685 obtineret.
367 1656 466 1683 Verum
483 1657 634 1691 imperator
648 1664 679 1682 ex
694 1655 777 1682 animi
795 1656 836 1682 sui
855 1655 991 1682 sententia

203 1704 301 1731 bellum
322 1702 451 1730 confecit.
469 1701 576 1728 Etenim
595 1701 697 1728 milites
716 1700 836 1732 Maximi,
852 1708 900 1728 seu
917 1703 991 1727 metu

201 1749 291 1777 bellici
313 1753 460 1784 apparatus
485 1756 565 1783 quem
583 1747 754 1774 Theodosius
769 1747 901 1774 adversus
918 1747 992 1782 ipsos

201 1800 388 1828 contraxerat,
405 1803 453 1822 seu
476 1794 630 1830 proditione
647 1794 734 1826 ducti,
751 1798 896 1829 tyrannum
921 1801 994 1820 corn-

201 1842 367 1877 prehensum
396 1841 605 1868 interemerunt.
633 1840 836 1877 Audragatltius
865 1847 942 1872 vero,
968 1839 992 1867 is

202 1887 247 1922 qui
261 1886 423 1914 Gratianum
438 1889 596 1916 necaverat,
612 1885 654 1912 his
668 1885 750 1912 rebus
770 1875 928 1918 compertis,
948 1891 992 1910 ar-

201 1937 291 1960 matus
306 1936 334 1959 ut
348 1937 419 1964 erat,
440 1939 501 1960 sese
517 1931 543 1958 in
559 1930 743 1966 prmﬂuentem
766 1930 879 1957 ﬂuvium
896 1930 991 1965 praeei-

200 1978 306 2013 pitavit,
325 1982 407 2012 atque
431 1978 467 2004 ita
483 1977 634 2004 exstinctus
656 1979 708 2003 est.
734 1975 810 2002 Hunc
835 1976 862 2002 iu
879 1975 990 2002 modum

201 2024 277 2052 finito
294 2024 377 2055 bello,
398 2031 461 2050 cum
486 2023 633 2057 imperator
650 2020 821 2052 Gratianum,
844 2021 926 2047 sicuti
942 2028 991 2055 par

1054 286 1167 313 Ἰταλίαν
1187 286 1293 321 ἐχώρει.
1321 285 1387 320 Περὶ
1410 284 1438 311 δὲ
1448 284 1542 311 τοῦτον
1558 284 1604 311 τὸν
1617 285 1714 320 χρόνον
1734 283 1835 318 μέλλων

1047 332 1173 367 τελευτᾷν
1187 331 1306 365 Ἀγέλιος
1319 331 1334 356 ὁ
1346 332 1374 357 ὲν
1384 330 1730 357 Κωνσταντινουπό).ειτῶν
1746 330 1834 356 Ναυα-

1046 377 1145 404 τιανῶν
1169 377 1330 410 ἐπίσκοπος,
1353 377 1506 412 ὲψηφίρατο
1523 376 1581 402 ἀντ’
1610 376 1693 403 αὐτοῦ
1721 376 1835 402 Σισίνιον

1047 423 1232 459 πρεσϐύτερον
1254 424 1308 450 τῶν
1334 424 1380 449 ὑπ’
1410 423 1499 449 αὐτόν.
1527 422 1712 458 Μεμφομένου
1743 423 1772 449 δὲ
1791 422 1834 448 τοῦ

1047 469 1173 504 πλήθους,
1192 470 1231 496 ὅτι
1249 469 1287 504 μὴ
1301 469 1460 505 Μαρκιανὸν
1478 469 1524 495 ἐπεὶ
1543 469 1672 505 εὐλαϐείᾳ
1689 469 1834 504 ἐπίσημον,

1046 516 1112 551 ῥᾷον
1123 516 1194 551 ἔχειν
1209 515 1296 548 δόξας,
1311 516 1495 551 ἐχειροτόνησε
1512 515 1671 551 Μαρκιανόν
1689 523 1696 530 ·
1727 515 1776 541 καὶ
1800 516 1836 550 τῷ

1046 560 1102 596 λαῷ
1127 561 1156 588 ὲν
1183 562 1216 596 τῇ
1249 561 1382 596 ἐκκλησίᾳ
1409 560 1702 596 προσεφώνησε,Μετ’
1717 560 1779 595 ἐμὲ,
1794 560 1836 587 λέ-

1045 616 1112 642 γων,
1133 607 1292 642 Μαρκιανὺν
1309 607 1384 642 ἔχετε
1403 615 1411 624 '
1436 607 1505 642 μετὰ
1525 607 1553 633 δὲ
1568 606 1672 640 τοῦτον,
1699 607 1834 633 Σισὶνιον.

1045 653 1102 680 Καὶ
1119 654 1133 680 ὁ
1149 653 1197 688 μὲν
1214 654 1275 680 τάδε
1289 653 1382 684 εἰπὼν,
1398 653 1448 680 οὒκ
1463 654 1503 684 εἰς
1521 653 1635 688 μακρὰν
1643 653 1834 688 ἐτελεύτησεν,

1045 699 1091 726 ὲπ¹ι
1105 699 1308 734 τεσσαράκοντα
1323 699 1410 726 ἐτεσιν
1422 698 1571 734 εὐδοκίμως
1584 699 1633 734 τῆς
1645 699 1752 730 οἰκείας
1764 699 1837 733 αἰρέ-

1045 754 1113 777 σεως
1131 746 1261 781 προστάς.
1269 745 1329 772 Εἰσὶ
1338 745 1366 772 δὲ
1378 745 1403 772 οῗ
1416 746 1462 772 καὶ
1470 745 1638 781 ὀμολογητὴν
1651 743 1837 780 ἰσχυρίζονται

1043 792 1138 819 τοῦτον
1157 791 1203 818 τὸν
1227 791 1309 826 ἄνδρα
1327 793 1356 818 ἐν
1382 791 1548 826 Ἑλληνικοῖς
1566 792 1672 826 καιροῖς
1699 791 1836 825 γενέσθαι.

1044 838 1082 865 Οὐ
1108 838 1197 873 πολλῷ
1213 838 1241 864 δὲ
1264 838 1388 873 ὕστερον,
1413 838 1546 872 Τιμοθέου
1563 838 1610 864 καὶ
1633 837 1776 873 Κυρίλλου
1795 837 1837 863 τὸν

1045 884 1102 919 βίον
1133 883 1365 919 μεταλλαξάντων,
1392 884 1543 919 διαδέχεται
1568 883 1613 910 τδν
1637 884 1836 918 Ἀλεξανδρέων

1044 931 1137 967 θρόνον
1160 930 1298 964 Θεόφιλος·
1322 930 1376 957 τῶν
1405 930 1433 956 δὲ
1454 929 1665 965 Ἰεροσολύμων,
1697 931 1834 965 Ἰωάννης.

1050 976 1111 1004 Ἐπὶ
1123 976 1151 1002 δὲ
1166 976 1215 1010 τῆς
1233 975 1552 1007 Κωνσταντινουπόλεως,
1577 974 1624 1001 καὶ
1648 976 1808 1011 Δημόςειλος
1824 977 1837 1002 ὁ

1043 1021 1093 1056 τῆς
1113 1021 1217 1056 Ἀρείου
1244 1021 1375 1056 αἱρέσεως
1403 1020 1553 1056 ἡγούμενος
1579 1021 1758 1056 ἐτελεύτησε.
1780 1022 1836 1048 M1-

1046 1068 1116 1103 ρῖνος
1138 1067 1166 1094 δέ
1186 1076 1228 1098 τις
1243 1068 1274 1093 ὲκ
1297 1067 1407 1103 Θρᾴκης
1434 1067 1629 1102 μετακληθεὶς,
1656 1068 1835 1103 ἐπιτρέπεται

1043 1113 1092 1148 τὴν
1107 1112 1189 1139 αὐτοῦ
1201 1113 1333 1148 διαδοχήν.
1358 1113 1401 1145 Ὠς
1416 1113 1634 1149 ἐπιτηδειότερος
1655 1113 1685 1140 δὲ
1698 1114 1835 1150 Δωρόθεος

1043 1159 1076 1185 ὲκ
1099 1159 1150 1194 τῆς
1179 1158 1255 1194 παρὰ
1281 1159 1377 1194 Σύροις
1398 1159 1562 1195 ’Δντιοχείας
1577 1159 1674 1193 ἐλθὼν,
1689 1161 1835 1195 προῖστατο

1043 1205 1092 1240 τῆς
1119 1205 1259 1240 αἱρέσεως.
1285 1205 1328 1231 Ἐν
1346 1205 1433 1241 τούτῳ
1448 1206 1475 1232 δὲ
1491 1206 1632 1233 Θεοδοσίου
1661 1207 1703 1238 είς
1722 1207 1835 1233 Ἰταλίαν

1043 1249 1220 1284 ἀφικομένου,
1241 1249 1329 1284 φῆμαι
1344 1249 1470 1285 περὶτοῦ
1494 1249 1615 1285 πολέμου
1633 1250 1704 1285 πρὸς
1723 1250 1756 1277 τὺ
1772 1251 1834 1277 ἐκά-

1043 1305 1098 1332 στῳ
1116 1297 1210 1323 δοκοῦν
1227 1297 1358 1332 ἐκράτουν
1375 1305 1382 1311 ·
1404 1298 1480 1332 παρὰ
1501 1297 1529 1324 δὲ
1543 1299 1599 1329 τοῖς
1623 1297 1789 1333 Ἀρειανοίς,
1800 1298 1834 1329 ὡς

1044 1343 1147 1370 πολλῶν
1162 1344 1191 1370 ἐν
1206 1344 1239 1378 τῇ
1259 1343 1331 1379 μάχῃ
1359 1344 1506 1376 πεσόντων,
1534 1343 1588 1370 ὑπὸ
1611 1344 1657 1371 τὸν
1680 1344 1835 1380 τύραννοιιὸ

1044 1387 1170 1423 βασιλεὺς
1186 1388 1303 1422 ἐγένετο.
1319 1389 1373 1414 Καὶ
1386 1389 1423 1420 ὼς
1437 1389 1643 1424 ἐπιγενομένοις
1664 1391 1720 1425 (I5)
1734 1390 1786 1426 ἤδη
1797 1388 1835 1422 οἷς

1044 1433 1224 1467 ἐλογοποίουν,
1236 1433 1403 1468 ἐθάρρησαν
1421 1434 1467 1459 καὶ
1481 1434 1714 1469 καταδραμόντες,
1727 1435 1836 1461 Νεκτα-

1045 1478 1102 1514 ρίου
1122 1478 1168 1505 τοῦ
1184 1479 1332 1505 ἐπισκόπου
1348 1479 1396 1514 τὴν
1411 1478 1497 1506 οὶκίαν
1517 1479 1684 1515 ἐνέπρησαν,
1707 1480 1836 1515 χαλεπάε-

1044 1533 1145 1556 νοντες,
1161 1524 1202 1551 ὅτι
1217 1523 1269 1550 τῶν
1292 1523 1461 1559 Ἐκκλησιῶν
1484 1525 1604 1560 ἐκράτει.
1622 1525 1668 1560 Τῷ
1684 1525 1713 1551 δὲ
1730 1525 1838 1560 βασιλεῖ

1044 1569 1078 1596 τὰ
1093 1569 1156 1604 περὶ
1181 1568 1226 1595 τὸν
1243 1569 1360 1604 πόλεμον
1375 1569 1446 1595 κατὰ
1467 1569 1580 1605 γνώμην
1609 1570 1711 1605 ἀπέϐη.
1734 1571 1767 1597 Οῑ
1784 1571 1838 1606 γὰρ

1044 1614 1096 1641 ὑπὸ
1116 1614 1235 1649 Μαξίμῳ
1262 1614 1436 1649 στρατιῶται,
1459 1614 1475 1650 ἢ
1497 1615 1571 1650 φόϐῳ
1596 1617 1647 1651 τῆς
1664 1616 1708 1642 ἐπ’
1737 1617 1839 1648 αὐτοὺς

1045 1659 1229 1694 παρασκευῆς,
1244 1658 1410 1694 ἢπροδοσὶᾳ,
1432 1659 1624 1696 συλλαϐόμενοι
1641 1661 1688 1687 τὸν
1702 1661 1838 1697 τύραννον

1045 1704 1160 1731 ἀνεῖλον.
1194 1704 1386 1739 Ἀνδραγὰοιος
1410 1705 1439 1731 δὲ
1461 1706 1475 1732 ό
1496 1704 1645 1740 Γρατιανὺν
1667 1707 1784 1740 ἀνελὼν,
1801 1708 1839 1740 ὡς

1045 1749 1108 1776 τάδε
1125 1749 1203 1783 ἔγνω,
1225 1749 1273 1776 σὺν
1295 1750 1387 1781 αὐτοῖς
1409 1749 1500 1782 ὅπλοις
1516 1753 1555 1783 εἰς
1583 1752 1705 1788 ποταμὸν
1727 1755 1839 1789 παραρ-

1047 1794 1141 1829 ρέοντα
1157 1795 1252 1830 ἥλατο,
1268 1796 1314 1822 καὶ
1333 1796 1475 1832 διεφθάρη.
1493 1797 1545 1823 Τοῦ
1561 1797 1589 1824 δὲ
1605 1799 1724 1834 πολέμου
1741 1799 1839 1825 τοῦτον

1043 1839 1213 1872 διαλυθέντος
1226 1841 1270 1867 τὸν
1283 1841 1393 1877 τρόπον,
1408 1842 1502 1869 ἔπειτα
1517 1844 1608 1870 εἰκότα
1623 1845 1678 1879 (H)
1692 1845 1839 1880 Γρατιανῷ

1044 1887 1212 1920 τιμωρήσας,
1228 1884 1295 1923 ἧκεν
1316 1888 1357 1919 εἰς
1380 1887 1487 1924 Ῥώμην
1510 1890 1557 1915 καὶ
1575 1890 1708 1917 ἐπινίκιον
1723 1892 1839 1927 πομπὴν

1043 1930 1102 1966 ἅμα
1128 1931 1342 1966 Οὑαλεντινιανῴ
1360 1932 1513 1964 ἐπετέλεσε,
1529 1933 1575 1959 καὶ
1598 1933 1632 1959 τὰ
1652 1934 1719 1970 περὶ
1736 1935 1790 1969 τῆς
1810 1935 1838 1960 ὲν

1049 1975 1148 2011 Ἰταλίᾳ
1173 1976 1335 2011 Ἐκκλησίοις
1344 1975 1373 2003 εὖ
1385 1976 1503 2012 διέθηκε.
1519 1977 1621 2013 Συνέϐη
1635 1978 1691 2013 γὰρ
1702 1978 1751 2005 καὶ
1774 1979 1838 2005 Ἰου-

1044 2021 1136 2048 στίναν
1152 2023 1308 2049 ἀποθανεῖν.

200 2074 268 2101 erat,
285 2070 368 2100 ultus,
388 2069 501 2095 Romam
524 2067 657 2099 venisset,
680 2071 708 2094 et
726 2074 779 2093 una
817 2074 879 2094 eum
915 2065 1107 2094 Valentiniano
1137 2068 1272 2103 insignem
1303 2068 1474 2104 triumphum
1499 2069 1614 2105 egisset,
1642 2077 1688 2098 res
1728 2078 1838 2106 quoque

201 2117 405 2147 ecclesiasticas
423 2116 449 2143 iu
464 2116 540 2143 Italia
554 2119 628 2143 recte
641 2114 790 2142 ordinavit.
803 2113 983 2141 Commodum
1004 2115 1077 2143 enim
1090 2114 1197 2143 Justiua
1209 2124 1225 2144 e
1244 2116 1314 2144 vivis
1327 2121 1495 2144 excesserat.

515 2170 591 2198 CAP.
619 2170 677 2197 XV.

201 2228 241 2256 De
257 2227 387 2254 Flaviano
410 2231 434 2253 et
461 2226 572 2260 Evagrio
597 2225 765 2252 Antias/renis
790 2225 943 2259 episcopis:
964 2229 989 2252 et

236 2263 269 2308 lle
291 2263 331 2308 his
354 2261 607 2308 ﬂitwlrlloxqmllrig:
633 2266 706 2295 gesta
728 2265 789 2308 sunt
811 2262 838 2286 in
858 2261 989 2308 et‘versirme
1008 2281 1029 2308 Β

237 2298 327 2332 templi
349 2297 449 2323 Bacchi
465 2304 473 2322 :
497 2302 520 2322 et
536 2296 567 2323 de
582 2297 706 2331 Serapeo,
731 2296 843 2330 aliisque
858 2295 991 2322 idolorum

238 2333 340 2367 templis
364 2331 507 2359 destructis

236 2407 289 2436 Per
310 2408 380 2435 idem
395 2412 505 2443 tempus
521 2412 628 2435 mortuo
647 2407 798 2435 Antiochitﬂ
817 2406 944 2439 Paulino,
966 2402 993 2434 hi

201 2458 248 2493 qui
263 2457 314 2485 sub
323 2458 369 2485 illo
383 2457 410 2484 in
430 2457 548 2484 ecclesia
561 2456 810 2492 congregabantur,
820 2455 992 2487 Flavianum,

201 2508 297 2539 utpote
310 2504 356 2539 qui
372 2503 553 2539 jurisjurandi
567 2503 618 2530 sub
635 2501 745 2529 Meletio
770 2502 886 2536 praestiti
909 2500 991 2528 ﬁdem

201 2549 342 2582 violasset,
358 2548 479 2577 aversari
495 2551 751 2583 perseveraverunt,
769 2548 832 2576 licet
844 2548 871 2575 in
885 2547 989 2575 doctri-

1341 2173 1466 2198 ΚΕΦΑΛ.
1480 2172 1530 2199 ΙΕ’.

1044 2227 1104 2253 Ὅτι
1121 2226 1186 2260 περὶ
1201 2226 1380 2255 Φλασιανοῦ.
1400 2226 1449 2253 καὶ
1473 2226 1621 2260 Euam/av
1639 2227 1702 2255 τῶν
1726 2229 1838 2256 Ἀντιο-

1077 2261 1171 2299 χέωνς
1191 2261 1239 2299 καὶ
1255 2261 1321 2295 περὶ
1333 2261 1399 2299 ,τῶν
1413 2263 1458 2299 εἰς
1476 2262 1704 2299 ’ᾼλεξανδρείαν
1717 2265 1839 2299 γενομέ-

1078 2305 1140 2323 run"
1153 2297 1201 2323 ἐπὶ
1219 2296 1388 2330 καθαιρέσει
1407 2296 1461 2323 τοῦ
1479 2297 1558 2330 ἱεροῦ
1582 2296 1736 2326 Arar-ciam)
1761 2308 1769 2315 '
1788 2296 1838 2326 καὶ

1079 2331 1145 2368 ,περὶ
1163 2331 1214 2357 τοῦ
1227 2332 1375 2368 ﬂama-{£012
1385 2351 1392 2362 ,
1408 2331 1468 2368 ᾃκαὶ
1486 2331 1545 2358 τῶν
1561 2333 1840 2368 καταστραφέντων

1080 2366 1183 2393 ἄλλων
1194 2365 1355 2393 εὶδωλικῶν
1367 2366 1452 2393 νεῶν,

1085 2410 1129 2436 Ἐν
1143 2410 1170 2436 δὲ
1181 2409 1219 2444 τῷ
1229 2409 1289 2436 τότε
1300 2410 1430 2436 Παυλίνου
1445 2411 1474 2437 ὲν
1493 2411 1642 2446 Ἀντιοχείᾳ
1652 2411 1840 2448 τελευτήσαν-

1043 2463 1098 2486 τος,
1112 2455 1246 2490 διέμειναν
1262 2455 1286 2481 οἱ
1297 2455 1341 2481 ὑπ’
1351 2454 1425 2490 αὐτῷ
1439 2455 1676 2490 ἐκκλησιάζοντες,
1691 2455 1732 2487 ὡς
1745 2465 1837 2491 παρα-

1043 2501 1128 2527 ϐάντα
1147 2501 1210 2531 τοὺς
1225 2501 1271 2527 ἐπὶ
1295 2501 1424 2527 Μελετίου
1439 2501 1564 2532 δοθέντας
1583 2501 1683 2535 ὅρκους
1696 2502 1837 2536 ἀποστρε-

1042 2549 1152 2584 φόμενοι
1186 2549 1355 2582 Φλαϐιανδν,
1376 2549 1477 2585 καίπερ
1505 2549 1581 2575 οὐδὲν
1606 2548 1673 2584 περὶ
1685 2549 1718 2575 τὸ
1749 2548 1838 2583 δόγμα

785 2615 917 2645 VALESII
937 2615 1215 2645 ANNOTATIONES.
1262 2646 1266 2650 θ

237 2675 292 2710 (I5)
307 2675 360 2702 Kal
374 2675 414 2706 ὡς
427 2674 657 2709 ἐπιγενομένοις.
670 2674 851 2702 Seribendum
863 2677 905 2701 est
921 2681 985 2710 pro-

200 2708 246 2739 cul
261 2708 343 2737 dubio
355 2708 598 2738 diductis'vocibus
611 2710 656 2736 ἐπὶ
669 2709 897 2744 γενομένοις,ιιιιο
905 2708 985 2736 modo

199 2746 282 2774 etiam
301 2745 457 2772 Saviliusin
470 2752 521 2772 suo
539 2746 632 2772 codice
646 2745 810 2772 emendavit.

238 2780 293 2814 (M)
311 2782 432 2806 Ἔπειτα
443 2780 553 2806 εἰκότα.
570 2780 618 2807 llic
635 2787 744 2814 quoque
759 2779 909 2814 separanda
922 2783 986 2805 sunt

201 2815 332 2840 vocabula
354 2814 405 2841 hoe
428 2815 508 2841 modo
525 2823 532 2841 -.
552 2815 627 2840 Ἐπεὶ
644 2813 688 2841 ίτὰ
700 2813 810 2840 ί-εῐκότα
839 2813 985 2848 Γρατιανον

202 2848 372 2884 τιμωρήσας,
382 2853 434 2876 etc.
448 2849 534 2881 Quam
552 2850 716 2884 scripturam
734 2850 760 2876 in
787 2850 913 2876 versione
929 2855 988 2875 mea

1040 2683 1100 2702 sum
1121 2678 1244 2703 secutus.
1259 2673 1373 2710 Vulgata
1385 2679 1459 2701 certe
1472 2674 1552 2710 lectio
1574 2673 1640 2710 ferri
1658 2682 1716 2710 non
1733 2679 1833 2710 potest.

1039 2710 1132 2745 Neque
1144 2710 1216 2737 enim
1237 2707 1386 2745 bello‘jain
1403 2710 1490 2741 ﬁnito,
1518 2707 1703 2745 Theodosius
1720 2707 1836 2745 posthac

1039 2743 1200 2772 Gratianum
1222 2745 1294 2772 ullus
1308 2743 1359 2772 εει.
1374 2744 1426 2771 Sed
1441 2745 1468 2771 iu
1485 2745 1544 2778 ipso
1561 2744 1633 2771 bello
1648 2743 1751 2772 eadem
1767 2743 1835 2771 Gra-

1039 2780 1108 2807 tiani
1139 2780 1298 2810 vindicavit,
1316 2783 1426 2814 sumpto
1454 2779 1488 2807 de
1515 2778 1636 2807 Maximo
1654 2779 1835 2807 interfectam

1041 2815 1163 2842 Gratiani
1178 2814 1321 2850 supplicio.
