1883 3069
63 188 137 221 “53

545 191 710 221 lllSTORlA
721 191 1043 221 ECCLESIASTICA.—
1058 191 1121 220 LIB.
1137 190 1194 219 VII.

1617 190 1686 219 ιιει

62 250 266 287 διαφερόμενοι.
279 251 491 280 Καθίσταταιιδὲ
508 252 598 280 αὐτῶν
613 253 763 285 ἐπίσκοπος
780 253 850 280 Εὐά-

905 260 941 279 na
956 252 1018 280 fidei
1034 252 1102 279 nihil
1119 252 1153 280 ab
1167 259 1200 280 eo
1211 251 1425 280 dissentirent‘.
1441 249 1473 278 Et
1485 249 1618 285 Evagrius
1639 258 1688 278 cu-

63 306 144 333 γριος
157 297 182 318 ι·
201 297 249 324 τοῦ
266 297 311 330 δὲ,
328 297 430 333 βραχύν
450 307 510 325 τινα
530 299 624 334 χρόνον
649 298 853 333 ὲπιϐιώσαντοςν

63 344 158 371 οὐκέτι
171 343 273 379 ταύτην
293 345 344 380 τὴν
362 344 487 379 διαδοχὴν
506 344 599 380 ἔτερος
613 344 766 380 ἐπλήρωσε,
785 344 856 370 Φλει-

65 389 163 416 6ιανοῦ
185 391 424 425 ἀντιπράττοντος.
450 390 515 426 ’ἰδίᾳ
539 391 568 417 δὲ
585 390 776 426 ἐκκλησίαζον,
798 390 856 416 ὅσοι

63 434 116 470 τὴν
127 435 195 470 πρὸς
206 435 286 462 αὐτὸν
297 435 468 471 παρῃτοῦντο
477 435 630 462 κοινωνίαν.
649 435 715 462 ’Υπὺ
725 435 753 461 δὲ
763 435 856 461 τοῦτον

63 480 113 506 τὸν
128 480 232 515 χρόνον,
258 479 453 515 Ἀλεξανδρέων
473 480 622 511 ἐπίσκοπος
637 479 667 506 τὸ
683 480 747 513 παρ’
763 479 856 511 αὐτοῖς

64 524 196 550 Διονύσου
219 524 291 558 ἱερὸν
314 524 354 554 είς
380 523 525 558 ἐκκλησίαν
548 523 730 559 μετεσκεύαζε
747 531 754 538 ·
769 522 855 558 δῶρον

65 569 122 604 γὰρ
140 570 242 604 εἰλήφει
256 568 334 595 τοῦτο
351 569 426 604 παρὰ
439 568 486 594 τοῦ
504 568 633 604 βασιλέως
641 569 765 603 αίτήσας.
777 567 851 594 Καθ-

67 615 241 649 αιρουμὲνων
255 614 283 640 δὲ
298 613 352 640 τῶν
370 613 464 640 ἐνθάδε
484 613 595 645 ξοάνων,
617 612 731 639 καὶτῶν
752 612 855 639 ἀδύτων

66 659 334 694 ἀνακαλυπτομένων
348 679 356 693 ,
386 658 511 694 ἐπίτηδες
538 658 695 690 σπουδάζων
716 657 855 693 ἐνυϐρίσαι

65 706 126 737 τοῖς
141 705 305 741 Ἑλληνικοῖς
319 705 487 740 μυστηρίοις,
503 703 672 739 ὲξεπόμπευε
689 703 774 730 ταῦτα
784 710 791 717 '
806 702 856 729 καὶ

67 751 196 786 φαλλοὺς,
208 752 255 778 καὶ
272 751 436 786 εῐτιέτερον
450 751 479 777 ὲν
501 751 556 782 τοῖς
572 750 678 781 ἀδύτοις
697 749 856 784 κεκρυμμέ-

66 805 113 823 νον
129 796 327 830 καταγέλαστον
348 793 382 831 ἧν
398 795 414 831 ἦ
429 795 552 829 ἐφαίνετο
564 814 572 826 ,
598 793 715 829 δημοσίᾳ
735 791 803 829 ἦγεν
816 793 856 825 είς

65 842 207 873 ἐπίδειξιν.
224 841 295 876 Πρὸς
314 841 342 867 δὲ
357 840 388 867 τὸ
408 839 523 875 ἀληθὲς,
541 839 587 865 καὶ
607 839 638 865 τὸ
653 838 782 873 ἀδόκητον
799 837 855 872 (15)

66 887 116 913 τοῦ
134 887 286 922 συμϐάντος
305 885 526 919 καταπλαγέντες
541 886 565 911 οἱ
580 884 726 920 Ἕλληνες,
741 884 853 918 ἠρεμεῖν

66 933 120 960 οὐκ
147 933 303 967 ἠνείχοντο·
328 930 604 967 παρασκευασάμενοι
639 930 668 956 δὲ
694 931 722 956 ὲν
747 930 851 961 ἑαυτοῖς

66 977 238 1012 κατέδραμον
261 977 323 1008 τοὺς
343 975 530 1010 Χριστιανούς.
556 975 611 1001 Καὶ
633 974 696 1006 τοὺς
714 974 763 1010 μὲν
778 974 851 1000 κτεί-

65 1030 178 1053 ναντες,
196 1021 258 1052 τοὺς
275 1021 302 1047 δὲ
323 1020 493 1056 τραυματίας
512 1020 692 1055 ποιήσαντες,
710 1019 850 1054 καταλαμ-

67 1065 180 1092 ϐάνουσι
196 1065 226 1091 τὸ
240 1064 382 1100 Σεράπιον.
406 1064 478 1096 Ναὸς
499 1064 528 1090 δὲ
551 1061 626 1095 οὗτος
641 1064 674 1099 ἦν
692 1063 785 1090 κάλλει
804 1064 851 1091 καὶ

70 1110 179 1147 μεγέθει
194 1110 406 1145 ὲμφανέστατος,
423 1110 468 1136 ἐπὶ
484 1109 621 1144 γεωλόφου
639 1109 771 1145 κείμενος.
795 1109 851 1137 Ἐν-

67 1157 163 1184 τεῦθεν
191 1157 229 1188 ὡς
255 1157 303 1183 ἀπ’
329 1156 415 1191 ἄκρας
436 1155 507 1187 τινὸς
530 1156 693 1188 ἐξαπιναίως
717 1155 850 1188 ἐλθόντες,

70 1203 215 1229 συνέλαΰόν
228 1211 257 1229 τε
269 1201 382 1233 πολλοὺς
397 1201 576 1238 Χριστιανῶν,
592 1202 639 1228 καὶ
649 1201 849 1236 βασανίζοντες,

67 1248 222 1284 ἠνάγκαζον
242 1247 325 1275 θύειν.
347 1247 583 1283 Παραιτουμένους
595 1247 635 1278 δὲ,
649 1247 712 1278 τοὺς
739 1247 788 1282 μὲν
803 1247 850 1273 ἀν-

68 1293 247 1320 εσκολόπισαν
257 1301 264 1308 ·
282 1292 336 1319 τῶν
353 1292 382 1318 δὲ
395 1293 429 1319 τὰ
446 1292 528 1327 σκέλη
545 1291 679 1324 κατέαξαν
692 1301 699 1307 ·
714 1291 808 1324 ἄλλους
822 1292 849 1319 δὲ

68 1339 156 1371 ἄλλως
171 1339 296 1374 ἀνῄρουν.
318 1339 380 1365 Ἐπὶ
399 1338 488 1373 πολλῷ
506 1338 535 1364 δὲ
554 1338 643 1373 χρόνῳ
662 1338 710 1372 τῆς
729 1339 849 1370 στάσεως

68 1385 222 1421 κρατούσης
243 1384 456 1421 παραγενόμενοι
478 1384 544 1420 πρὸς
559 1384 657 1415 αὐτοὺς
670 1384 693 1410 οἱ
708 1383 848 1417 ἄρχοντες,

67 1430 160 1466 νόμων
180 1430 400 1465 ὑπεμίμνησκον,
422 1429 620 1456 καὶ”παύεσθαι
643 1428 762 1463 πολέμου
777 1437 849 1464 παρ-

65 1477 236 1508 εκελεύοντο,
257 1477 304 1503 καὶ
322 1477 352 1503 τὸ
373 1476 506 1510 Σεράπιον
522 1474 745 1510 καταλιμπάνειν.
760 1471 849 1510 Ἧρχε

63 1522 96 1549 δὲ
116 1522 178 1548 τότε
200 1522 253 1548 τῶν
273 1523 302 1548 ἐν
323 1520 452 1556 Αἰγύπτῳ
476 1519 678 1555 στρατιωτικῶν
701 1519 849 1554 ταγμάτων

70 1566 222 1603 Ῥωμανός·
229 1566 360 1601 Εὑάγριος
366 1565 393 1591 δὲ
402 1565 521 1600 ὕπαρχος
528 1564 635 1600 (16)τῆς
648 1564 849 1599 Ἀλεξανδρείας

64 1614 172 1647 ἡγεῖτο.
193 1612 236 1644 Ὠς
248 1611 276 1638 δὲ
290 1611 364 1638 οὐδὲν
379 1611 469 1647 ἤνυον,
487 1611 624 1646 ἐμήνυσαν
641 1609 679 1645 τῷ
699 1609 802 1644 βασιλεῖ
816 1609 850 1636 τὰ

65 1659 214 1693 γενόμενα.
237 1656 461 1692 Προθυμοτέρους
484 1655 512 1681 δὲ
534 1656 597 1686 τοὺς
620 1655 649 1681 ὲν
669 1654 708 1690 τῷ
726 1654 852 1691 Σεραπίῳ

66 1701 277 1738 παρεσκεύαζεν
290 1700 370 1733 εἶναι,
386 1701 415 1728 τὸ
429 1700 577 1727 συνειδέναι
593 1700 683 1734 σφίσιν
696 1699 714 1726 ἃ
725 1700 855 1735 τετολμή-

65 1757 167 1776 κασιν⁸
186 1747 280 1774 ἔπειτα
296 1747 324 1774 δὲ
343 1747 390 1773 καὶ
419 1746 566 1781 Ὀλύμπιός
590 1754 631 1777 τις
657 1746 686 1772 ὲν
708 1745 853 1779 φιλοσόφου

65 1795 190 1830 σχήματι
207 1793 293 1820 συνὼν
312 1793 417 1823 αὐτοῖς,
437 1791 484 1818 καὶ
497 1790 597 1817 πείθων
613 1790 711 1825 χρῆναι
729 1790 767 1825 μὴ
787 1790 855 1824 ἀμε-

64 1840 125 1866 λεῖν
144 1840 199 1866 τῶν
211 1839 342 1874 πατρίων,
356 1838 412 1864 ἀλλ’
429 1839 452 1863 εἰ
463 1836 517 1863 δέοι
529 1836 597 1871 ὑπὲρ
610 1835 697 1861 αὐτῶν
711 1835 836 1869 θνήσκειν
846 1841 854 1850 ·

54 1882 294 1918 ’καθαιρουμένων
315 1882 344 1908 δὲ
368 1881 422 1908 τῶν
442 1881 560 1916 ξοάνων,
584 1880 756 1915 ἀθυμοῦντας
770 1879 851 1914 ὁρῶν,

65 1927 246 1955 συνεϐούλευε
273 1926 310 1962 μὴ
340 1926 494 1959 ἐξίστασθαι
516 1926 567 1959 τῆς
593 1926 759 1961 Θρησκείας,
789 1925 854 1961 ὓλην

65 1973 194 2009 φθαρτὴν
214 1973 261 2000 καὶ
284 1972 432 2006 ἰνδάλματα
454 1971 540 2006 λέγων
558 1969 627 1998 εἶναι
644 1973 678 1997 τὰ
694 1971 850 2006 ἀγάλματα,

65 2019 119 2047 καὶ
146 2018 190 2045 διὰ
211 2018 289 2044 τοῦτο
317 2016 469 2052 ἀφανισμὸν
496 2016 658 2052 ὑπομένειν·
675 2016 805 2050 δυνάμεις
822 2015 851 2042 δέ

64 2073 147 2096 τινας
167 2064 305 2099 ἐνοικῆσαι
324 2063 425 2094 αὐτοῖς.
442 2062 489 2089 καὶ
504 2063 543 2092 εἰς
559 2062 672 2098 οὐρανὸν
687 2062 851 2096 ἁποπτῆναι.

65 2112 127 2140 Καὶ
140 2110 153 2136 ὁ
171 2111 230 2145 μὲν,
244 2109 333 2136 τοιάδε
354 2109 556 2144 εἰσηγούμενος,
576 2109 623 2135 καὶ
638 2107 741 2143 πληθὺν
760 2108 853 2143 Ἐλλή-

67 2160 134 2183 νων”
145 2154 214 2190 ἔχων
234 2154 297 2189 περὶ
312 2153 403 2186 αὑτὸν,
421 2154 450 2180 ὲν
467 2152 505 2187 τῷ
521 2152 647 2188 Σεραπίῳ
660 2151 802 2187 διέτριϐεν.
825 2151 854 2178 '0

112 2225 118 2241 ¹
138 2224 228 2258 Socr.,
244 2225 293 2252 lib.
312 2233 337 2258 v,
352 2231 378 2251 c.
393 2223 491 2257 15,16.

907 305 968 325 rum
997 297 1145 332 episcopus
1170 300 1212 324 est
1240 297 1392 324 ordinatus.
1423 294 1475 328 Qui
1499 302 1561 322 cum
1589 295 1688 330 exiguo

906 343 1037 378 temporis
1053 343 1142 377 spatio
1158 342 1368 377 supervixisset,
1396 348 1478 368 nemo
1501 340 1632 374 deinceps
1659 339 1688 367 in

906 388 967 422 ejus
983 388 1073 415 locum
1089 388 1232 419 successit,
1241 387 1391 415 obsistente
1406 385 1531 413 videlicet
1548 385 1688 412 Flaviano.

907 432 961 460 Sed
983 432 1141 468 quicunque
1165 432 1382 460 communionem
1408 429 1529 458 Flaviani
1552 430 1690 458 detrecta-

906 478 981 511 bant,
1005 479 1151 513 separatim
1162 478 1292 505 collectas
1305 477 1432 512 agebant.
1448 476 1549 503 Eodem
1564 479 1688 510 tempore

905 524 1096 552 Alexandrinae
1131 524 1208 552 urbis
1238 525 1384 559 episcopus
1420 523 1548 559 templum
1584 522 1686 550 Bacchi

905 570 978 605 quod
1006 570 1063 597 illic
1087 574 1156 601 erat,
1182 570 1209 596 in
1237 570 1382 597 ecclesiam
1405 569 1593 604 commutavit.
1622 566 1692 595 illud

905 615 978 641 enim
1013 614 1047 641 ab
1076 615 1242 649 imperatore
1279 614 1405 649 petitum,
1439 614 1511 641 dono
1537 615 1690 647 acceperat.

906 658 991 687 Porro
1017 660 1081 687 dum
1105 660 1254 688 simulacra
1284 659 1344 694 ejus
1368 659 1421 686 loci
1447 662 1645 691 everterentur,
1663 662 1692 685 et

906 705 986 740 adyta
1010 705 1227 738 recluderentur,
1244 705 1387 740 episcopus
1409 704 1496 732 sacris
1522 711 1691 739 paganorum

905 751 1103 779 contumeliose
1127 750 1242 778 studens
1265 750 1390 782 illudere,
1411 757 1444 777 ea
1463 749 1497 776 de
1515 749 1596 784 297
1612 748 1692 776 indu-

906 797 972 825 stria
986 797 1135 832 publicavit
1148 805 1181 824 ac
1195 796 1327 825 traduxit.
1348 795 1457 823 Phallos
1472 795 1565 827 etiam,
1577 799 1604 822 et
1615 794 1691 829 quid-

905 842 972 877 quid
998 842 1026 870 in
1050 842 1140 877 adytis
1168 842 1306 870 occultum
1323 846 1370 868 aut
1391 845 1452 868 erat
1475 844 1521 867 aut
1546 839 1692 867 videbatur

906 895 968 915 esse
994 888 1157 920 ridiculum.
1185 888 1294 923 publice
1320 887 1500 922 spectandum
1535 885 1689 920 proposuit.

902 934 971 961 Tum
984 942 1049 962 vero
1064 934 1172 969 pagani,
1188 938 1216 961 et
1238 933 1350 960 insolito
1364 936 1392 959 et
1411 933 1552 967 insperato
1571 931 1611 958 rei
1628 938 1690 965 spe-

901 980 1008 1007 ctaculo
1021 979 1161 1011 commoti,
1174 985 1344 1013 nequaquam
1360 977 1503 1012 quiescere
1525 978 1686 1011 potuerunt.

901 1025 948 1053 sed
962 1023 1168 1058 conspiratione
1181 1022 1251 1050 inter
1269 1029 1298 1049 se
1311 1021 1383 1049 facta
1393 1040 1400 1053 .
1416 1021 1445 1047 in
1457 1019 1631 1047 Christianos
1651 1019 1686 1046 ir-

900 1071 1030 1100 ruerunt;
1060 1067 1208 1101 multisque
1234 1073 1328 1093 eorum
1351 1064 1453 1092 occisis
1477 1068 1504 1092 et
1527 1063 1691 1096 vulneratis,

902 1114 1048 1149 Serapium
1067 1117 1248 1147 occuparunt.
1264 1111 1329 1138 Erat
1339 1111 1391 1138 hoc
1408 1110 1539 1145 templum
1558 1113 1586 1137 et
1603 1117 1692 1136 venu-

899 1164 971 1188 state
984 1165 1013 1187 et
1028 1158 1212 1194 amplitudine
1231 1156 1448 1188 nobilissimum,
1462 1156 1490 1183 in
1504 1156 1604 1190 exiguo
1624 1154 1693 1182 colle

900 1206 995 1234 situm.
1013 1204 1054 1232 Ex
1069 1212 1102 1232 eo
1123 1205 1192 1236 loco,
1210 1208 1340 1238 tanquam
1360 1209 1393 1229 ex
1413 1208 1474 1228 arce
1490 1200 1620 1236 quadam,
1642 1200 1693 1226 im-

899 1251 1012 1287 proviso
1036 1254 1221 1285 erumpentes,
1245 1248 1347 1275 multos
1373 1246 1592 1274 Christianorum
1615 1252 1692 1272 com-

900 1295 1119 1333 prehendebant,
1141 1299 1169 1321 et
1185 1293 1330 1321 tormentis
1347 1291 1521 1320 excruciatos
1535 1290 1693 1318 sacriﬁcare

900 1341 1046 1377 cogebant.
1069 1340 1097 1367 Si
1113 1340 1161 1374 qui
1179 1346 1242 1366 vero
1266 1338 1293 1365 id
1312 1337 1403 1365 facere
1419 1337 1616 1367 detrectarent.
1641 1342 1690 1362 eas

902 1390 949 1415 aut
965 1386 992 1413 in
1009 1392 1121 1413 crucem
1146 1383 1274 1418 agebant,
1292 1386 1340 1409 aut
1363 1380 1460 1408 fractis
1477 1380 1618 1412 cruribus,
1644 1384 1692 1407 aut

904 1432 960 1459 alio
974 1430 1069 1458 mortis
1090 1436 1189 1465 genere
1206 1427 1386 1463 perimebant.
1400 1425 1487 1453 Porro
1501 1433 1564 1453 cum
1581 1425 1638 1453 haec
1651 1433 1695 1452 se~

901 1477 972 1506 ditio
987 1476 1092 1505 diutius
1108 1476 1311 1510 perseveraret,
1331 1472 1508 1507 magistratus
1519 1471 1553 1498 ad
1568 1478 1616 1498 eos
1630 1477 1695 1505 pro-

905 1522 994 1559 gressi
1018 1522 1091 1557 lcges
1112 1520 1180 1555 ipsis
1199 1519 1227 1546 in
1254 1518 1414 1546 memoriam
1430 1521 1608 1550 revocarunt,
1630 1517 1696 1544 hor-

905 1572 995 1597 tantes
1014 1572 1071 1594 uta
1087 1566 1157 1593 bello
1172 1565 1311 1592 abstinere
1331 1567 1357 1590 et
1380 1563 1523 1598 Serapium
1538 1563 1694 1596 relinquere

905 1614 1017 1641 vellent.
1035 1611 1100 1639 Erat
1119 1616 1184 1638 tunc
1202 1610 1333 1645 temporis
1348 1609 1403 1636 dux
1424 1609 1542 1636 militum
1559 1609 1586 1636 in
1609 1608 1695 1644 Egy-

904 1663 951 1694 pto
966 1658 1106 1685 Romanus
1124 1667 1130 1684 :
1152 1655 1287 1691 Evagrius
1307 1662 1383 1686 vero,
1404 1654 1551 1689 praefectus
1568 1661 1684 1691 augusta

905 1705 940 1731 lis
954 1709 1014 1732 erat.
1033 1702 1218 1729 Alexandriae.
1235 1700 1287 1734 Qui
1309 1708 1370 1728 cum
1387 1700 1456 1728 nihil
1471 1701 1646 1735 proﬁcerent,
1662 1708 1694 1728 ea

906 1756 966 1783 quae
991 1753 1068 1783 gesta
1095 1747 1204 1774 fuerant
1229 1746 1390 1781 imperatori
1417 1746 1626 1781 signiﬁcarunt;
1648 1754 1697 1774 eos

908 1799 998 1820 autem
1013 1793 1059 1828 qui
1076 1793 1102 1819 in
1120 1791 1237 1827 Serapio
1251 1795 1340 1824 erant,
1358 1792 1508 1818 alacriores
1523 1791 1654 1819 reddebat
1667 1797 1696 1819 et

907 1837 1077 1865 conscientia
1102 1836 1234 1864 facinoris
1253 1837 1326 1864 illius
1355 1836 1429 1871 quod
1456 1836 1643 1869 admiserant;
1667 1841 1695 1864 et

906 1887 1040 1917 praeterea
1053 1882 1195 1918 Olympius
1209 1883 1330 1917 quidam,
1347 1883 1394 1917 qui
1412 1882 1438 1909 in
1458 1882 1553 1909 habitu
1573 1882 1696 1917 philosoo

906 1928 988 1962 phico
1016 1935 1079 1954 cum
1106 1929 1172 1962 ipsis
1189 1928 1303 1963 degens,
1325 1927 1459 1955 suadebat
1482 1927 1693 1962 haudquaquam

902 1972 1065 2007 negligenda
1081 1980 1143 2000 esse
1158 1980 1237 2001 sacra
1254 1974 1354 2007 patria,
1386 1972 1433 2001 sed
1450 1980 1499 2007 pro
1517 1972 1582 2004 illis,
1608 1973 1631 2000 si
1651 1981 1694 2000 res

902 2019 941 2045 ita
965 2019 1132 2053 postularet,
1161 2022 1277 2045 mortem
1297 2026 1406 2053 quoque
1429 2018 1600 2046 subeundam
1619 2026 1689 2046 esse.

904 2064 1028 2099 Cumque
1054 2072 1102 2092 eos
1131 2065 1167 2091 ob
1192 2064 1363 2092 eversionem
1398 2065 1612 2092 simulacrorum
1644 2065 1692 2092 de-

907 2110 1043 2144 spondere
1069 2110 1175 2137 animos
1200 2109 1314 2142 videret,
1341 2111 1472 2137 monebat
1496 2117 1531 2138 ne
1556 2110 1661 2137 idcirco
1678 2117 1692 2135 a

906 2155 1038 2191 religione
1053 2163 1104 2184 sua
1120 2155 1288 2183 absisterent
1304 2164 1311 2182 :
1328 2161 1456 2182 asserens
1472 2158 1580 2184 statuas
1603 2159 1695 2183 mate-

663 2277 799 2306 VALESII
817 2278 1093 2309 ANNOTATIONES.

106 2328 163 2364 (l5)
180 2329 257 2362 Πρὸς
278 2327 358 2365 δὲτὸ
378 2327 498 2365 ἀληθὲς,
513 2326 560 2365 καὶ
573 2325 604 2365 ξς)
618 2325 776 2365 ιξδῲιητον.
793 2326 850 2354 Non

904 2336 977 2355 anno
990 2330 1090 2357 Christi
1103 2329 1166 2363 59f;
1185 2329 1337 2365 eodemque
1352 2336 1423 2357 anno
1441 2327 1583 2358 Romanus
1600 2337 1693 2359 comes

68 2361 167 2392 dubito
183 2361 251 2398 quin
261 2364 434 2391 scribendum
449 2363 484 2389 sit
495 2362 561 2397 πρὸς
574 2361 602 2388 δὲ
613 2361 643 2387 τὸ
659 2361 849 2398 ἅηοεςε-ᾳυονιιι

69 2396 233 2434 scripturam
249 2399 276 2425 in
289 2399 414 2426 versione
437 2405 495 2424 mea
518 2396 584 2423 sum
604 2400 726 2424 secutus.
744 2396 811 2424 Nam
823 2397 851 2424 in

69 2436 182 2469 vulgata
201 2434 313 2469 lectione
326 2434 416 2469 nullus
432 2437 473 2460 est
492 2439 599 2469 sensus.

106 2465 163 2504 (f6)
179 2467 322 2502 Εὺὰῃοιος
347 2468 387 2504 de
399 2467 543 2504 ὖίταρχος.
569 2466 618 2504 llic
635 2465 767 2504 Evagrius
785 2474 854 2501 prae-

71 2500 161 2532 fectus
179 2500 335 2539 Augustalis
352 2502 403 2530 fuit
415 2500 530 2529 Tatiauo
548 2506 575 2528 et
592 2500 750 2537 Symmacho
769 2500 854 2534 cess,

904 2364 942 2404 rei
958 2365 1095 2404 “militaris
1109 2365 1236 2404 fui_t__per_
1247 2363 1406 2404 Egyptum,
1427 2368 1456 2391 ut
1477 2365 1556 2404 docet
1583 2366 1695 2404 le:_t_u_n-

906 2397 1011 2426 decima
1031 2400 1130 2435 Codice
1145 2397 1336 2427 Theodosiaii'o
1351 2400 1388 2427 De
1407 2400 1530 2435 paganis,
1549 2400 1693 2428 sacriﬁciis

906 2439 933 2469 et
954 2434 1072 2469 templis.
1095 2434 1222 2469 Ejusdem
1254 2435 1362 2469 Evagrii
1393 2433 1418 2461 ei
1434 2433 1550 2461 Romani
1568 2435 1694 2462 meminit

909 2467 1048 2503 Eutropius
1073 2469 1099 2496 in
1114 2467 1121 2469 ⁷
1144 2469 1202 2497 Vim
1233 2467 1338 2497 Erlesii
1365 2470 1503 2503 Sophistw.
1525 2469 1578 2497 Ubi
1601 2474 1694 2498 tamen

908 2502 1019 2530 Εὺετίου
1032 2512 1173 2540 perperam
1193 2506 1324 2533 scribitur
1336 2513 1386 2540 pro
1402 2502 1549 2540 Εὑαγρίου.

771 2559 963 2590 νΑκιοιιυΜ.

106 2611 120 2630 ι
137 2610 317 2637 Καθίσταται
332 2608 366 2636 δὲ
388 2607 487 2636 αὐτῶν·
509 2607 676 2640 ἐπίσκοπος
700 2608 854 2642 Εὐάγριος.

69 2644 255 2673 Tlteodoritus
283 2644 366 2671 refert
382 2644 528 2678 Evagrium
547 2651 561 2669 a
575 2643 633 2678 solo
653 2642 767 2669 Paulino
781 2644 856 2678 ordi-

69 2686 165 2708 natum
181 2688 253 2710 esse,
273 2679 345 2714 quod
363 2677 453 2706 tamen
466 2677 544 2714 παρὰ
559 2677 604 2703 τὸν
626 2677 854 2714 ἐκκλησιαστικὸν

68 2715 170 2750 θεσμὸν
200 2712 426 2750 ῐειςιυιίιμιηοιιει.
442 2713 622 2750 (ΤιιΞουοιιιτ.
648 2712 720 2750 Ιζίδι.
737 2712 827 2750 εεςιεδ.
846 2733 854 2745 ,

68 2747 126 2777 lih.'
139 2758 165 2781 ν,
181 2757 206 2775 c.
224 2749 282 2783 25.)
297 2747 376 2775 Ilune
391 2752 481 2775 tamen
495 2747 638 2782 Evagrium
657 2747 857 2783 Romaniponf

68 2785 159 2812 tiﬁces
178 2782 294 2811 Sirieius
311 2788 338 2811 et
359 2783 534 2810 Innocentius
551 2782 671 2817 primus,
694 2786 720 2809 et
736 2782 857 2817 universi

68 2819 268 2854 propemodum
282 2819 463 2846 occidentales
475 2825 523 2853 pro
534 2816 598 2844 vero
610 2816 854 2854 _episcopo_habue-

68 2850 143 2881 'run't.
164 2853 292 2881 Socrates
308 2856 399 2881 autem
413 2853 462 2880 lib.
475 2850 505 2884 ν,
523 2860 584 2887 cap.
607 2850 658 2887 157;
680 2850 715 2887 eti
735 2850 855 2887 Sozom.,

70 2890 88 2916 l.
101 2897 152 2923 vn,
173 2897 233 2924 cap.
247 2889 291 2924 15,
308 2889 428 2923 tradunt,
452 2887 523 2924 quod
549 2885 611 2922 post
639 2886 784 2915 Paulinum
799 2885 855 2912 vita

908 2610 1031 2651 functum
1053 2611 1172 2646 populus
1203 2609 1391 2638 Antiochenus
1405 2609 1549 2644 Evagrium
1573 2615 1694 2669 χειροτοη

908 2646 1021 2669 vna-ovat
1036 2646 1190 2669 conminuit-
1217 2647 1285 2669 adeo
1307 2650 1336 2669 nt
1357 2653 1410 2669 non
1428 2645 1463 2669 sit
1485 2648 1562 2669 extra
1578 2643 1613 2669 du
1637 2642 1692 2669 ium

906 2643 1021 2680 νηθῆναι
1036 2642 1190 2677 constituit.
1217 2647 1285 2673 adeo
1307 2650 1336 2673 ut
1357 2653 1410 2680 non
1428 2642 1474 2671 sit'
1485 2648 1562 2680 extra
1578 2642 1692 2669 dubium

906 2678 998 2708 etim'a
1012 2680 1128 2708 Paulino
1142 2681 1201 2708 solo
1218 2680 1373 2708 ordinatum
1398 2679 1492 2706 fuisse.
1511 2678 1567 2705 Hoc
1586 2681 1694 2704 tantum

907 2718 1011 2742 certum
1028 2722 1080 2747 est,
1096 2717 1167 2751 quod
1182 2715 1205 2742 si
1222 2724 1236 2742 a
1252 2716 1311 2743 solo
1326 2715 1444 2751 Paulino
1454 2714 1564 2751 ordines
1580 2719 1694 2751 accepe-

906 2751 950 2780 rit,
969 2747 1111 2778 canonice
1125 2759 1179 2778 non
1198 2751 1340 2778 ordinatus
1358 2755 1410 2778 est.
1426 2749 1498 2777 Guil.
1516 2747 1691 2781 Bevercgius,

907 2785 1049 2820 Ammttin
1069 2786 1184 2819 primum
1200 2794 1325 2812 cananem
1353 2785 1543 2820 Apostolirum,
1560 2783 1604 2820 qui
1622 2789 1693 2820 prio-

908 2821 982 2856 cipit.
994 2818 1037 2856 l‘le
1054 2816 1115 2856 quis
1140 2821 1282 2856 ordinetur
1299 2816 1458 2856 episcopus,
1473 2819 1526 2847 nisi
1551 2816 1570 2844 α
1582 2816 1693 2845 duohul

908 2855 950 2882 vel
965 2854 1054 2883 tribus
1071 2855 1218 2890 episcopis,
1231 2863 1292 2891 pag.
1308 2855 1353 2883 10.
