1883 3069
51 165 128 206 Hb"!~

512 161 678 190 HISTORIA
699 159 979 188 ECCLESIASTICA.
998 176 1030 179 —
1049 161 1112 187 LlB.
1127 161 1181 202 Vll.

1603 166 1674 192 “$3

47 223 119 248 πολὺ
139 221 180 253 εἰς
203 220 351 256 ἰκκλησίαν
373 221 577 255 μετεσκευὰσθη
591 241 598 253 ,
627 220 769 254 ’Δρκαδίου
790 217 837 245 τοῦ

930 227 952 245 m
984 219 1036 245 hoc
1071 220 1200 255 templum
1242 223 1427 253 everteretur,
1460 221 1538 248 aiunt
1569 222 1683 251 litteras

47 266 185 301 βασιλέως
199 265 361 300 ἐπώνυμον.
382 264 471 291 Είσέτι
498 264 527 292 δὲ
551 264 621 292 κατᾶ
644 265 734 296 πόλεις
763 263 839 295 τινὰς

47 312 200 347 προθύμως
211 311 415 346 ὑπερεμάχοντο
435 310 489 337 τῶν
513 311 583 337 ναῶν
605 311 628 337 οἱ
649 311 837 346 Ἑλληνισται·

48 358 129 394 παρὰ
140 358 188 393 μὲν
204 357 350 393 Ἀραϐίοις,
360 357 487 392 Πετραίοι
508 357 555 383 xui.
571 356 756 391 Ἀρεοπολῖται
766 356 822 392 (20)
832 366 839 372 -

48 404 129 439 παρὰ
157 403 185 430 δὲ
213 404 418 435 Παλαιστινοῖς,
449 402 599 437 Ῥαφιῶται
629 402 676 429 καὶ
710 402 838 434 Γαζαῖοιι

47 449 131 484 παρὰ
151 449 180 475 δὲ
201 448 331 481 Φοίνιξιν,
360 449 385 475 οί
415 449 464 483 τὴν
498 448 667 475 Ἡλιούπολιν
692 447 840 479 οἰκοῦντες.

48 496 148 531 Σύρων
167 495 194 522 δὲ
213 495 329 530 μάλιστα
342 496 367 522 oi
386 494 433 521 τοῦ
449 493 513 521 ναοῦ
536 494 688 529 Ἀπαμείας
703 493 753 529 τῆς
773 493 841 528 πρὸς

48 542 92 576 τῷ
123 540 202 575 Ἀξίῳ
229 540 364 576 ποταμῷ·
394 541 441 572 οὓς
469 540 609 575 ὲπυθόμην
645 539 692 565 ἐπὶ
734 539 840 574 φυλακῇ

49 587 108 613 τῶν
144 587 209 622 παρ’
243 587 334 618 αὐτοῖς
372 586 454 617 ναῶν,
494 585 662 620 συμμαχίαις
690 584 841 620 χρήσασθαι

49 632 186 663 πολλάκις
201 632 350 659 Γαλιλαίων
366 631 483 667 ἀνδρῶν,
512 631 558 657 καὶ
577 629 632 656 τῶν
650 630 714 665 περὶ
734 629 780 656 τὸν
795 629 842 656 Λί-

51 677 138 704 ὄανον
156 677 267 712 κωμῶν.
289 677 325 704 Τδ
340 677 369 703 δὲ
391 677 543 703 τελευταῖον
559 675 605 702 ἐπὶ
626 675 753 701 τοσοῦτον
776 683 841 710 προσ

50 724 143 751 ελθεῖν
165 723 283 758 τόλμης,
300 722 337 754 ὡς
360 722 519 758 Μάρκελλον
538 721 584 748 τὸν
605 721 669 756 τῇδε
694 721 842 747 ἐπίσκοπον

51 770 173 798 ἀνελεῖν,
205 769 392 804 Λογισάμενος
418 769 471 804 γὰρ
498 769 536 799 ὡς
565 767 616 794 οὐκ
639 767 726 798 ἄλλως
751 767 842 799 αὐτοῖς

51 816 146 851 ῥᾴδιον
162 815 342 850 μετατεθῆναι
363 815 412 849 τῆς
433 813 569 848 προτέρας
589 812 753 848 θρησκείας,
778 812 842 844 τοὺς

49 860 108 887 ἀνὰ
123 860 172 896 τὴν
186 860 262 886 πόλιν
283 859 330 886 καὶ
345 859 394 890 τὰς
415 858 511 893 κώμας
527 858 607 890 ναοὺς
627 857 839 892 κατεστρέψατο.

891 262 1024 298 quasdam
1059 271 1130 298 quas
1161 264 1380 300 hieroglyphicas
1410 266 1567 301 appellant,
1597 267 1676 300 signo

891 308 983 336 crucis
1008 308 1129 342 similes,
1157 309 1293 345 lapidibus
1324 310 1429 338 incisas
1458 313 1621 347 apparuisse
1637 314 1646 329 ¹
1667 322 1675 341 :

892 362 961 389 quas
977 362 1038 381 cum
1063 354 1115 382 viri
1135 363 1228 382 earum
1247 364 1337 384 rerum
1359 357 1437 391 periti
1461 358 1677 393 interpretaren-

892 404 947 433 tur,
969 399 1126 435 signiﬁcare
1149 401 1279 429 dixerunt
1295 403 1379 429 vitam
1405 407 1560 432 venturam.
1588 405 1677 439 Atque

892 445 927 472 ob
938 445 1010 473 hanc
1025 453 1136 473 causam
1149 447 1248 475 multos
1261 456 1429 483 paganorum
1445 449 1480 477 ad
1491 450 1676 477 Christianam

892 490 1051 526 religionem
1064 499 1212 521 conversos
1227 501 1287 522 esse
1300 494 1405 526 dicunt,
1419 502 1481 522 cum
1498 496 1558 523 aliae
1567 504 1678 531 quoque

893 536 990 564 litterze
1010 537 1210 572 signiﬁcarent,
1234 539 1365 574 templum
1393 540 1461 568 illud
1484 544 1549 568 tunc
1569 541 1678 568 destru-

892 585 967 608 ctum
979 581 1024 614 iri,
1043 589 1105 609 cum
1122 582 1180 611 hac
1199 588 1264 611 nola
1283 585 1358 612 cruci
1382 585 1480 614 similis
1494 586 1676 621 apparuisset.

893 626 926 654 Et
941 626 1084 662 Serapium
1106 629 1215 664 quidem
1239 629 1290 656 hoc
1306 629 1387 657 modo
1402 635 1512 666 captum
1529 635 1612 666 alque
1630 639 1694 671 ex:

893 677 1054 708 pugnatum,
1071 682 1122 702 nec
1143 675 1231 702 multo
1254 679 1316 710 post
1339 677 1365 703 in
1395 677 1539 704 ecclesiam
1562 677 1680 704 Arcadio

893 718 1052 752 imperatori
1079 720 1273 754 cognominem
1306 721 1478 749 immutatum
1506 727 1557 749 est.
1584 722 1680 751 Adhuc

893 767 983 791 tamen
999 765 1025 791 in
1046 764 1151 800 aliquot
1167 767 1293 799 urbibus,
1309 767 1408 802 pagani
1425 775 1473 802 pro
1492 768 1600 802 templis
1622 768 1681 796 suis

893 811 992 837 acriter
1006 811 1173 839 dimicabant
1195 821 1202 840 τ
1228 813 1256 839 in
1280 813 1381 840 Arabia
1405 813 1514 847 quidem
1540 813 1636 841 Petra‘i
1654 817 1681 840 et

893 857 1058 891 Areopolitze
1076 869 1082 885 :
1108 859 1136 885 in
1154 858 1300 886 Palaestina
1327 858 1499 894 Raphienses
1519 863 1547 887 et
1561 859 1651 886 ϐίηαεὶ
1673 868 1679 885 :

51 906 211 941 Πυθόμενος
230 905 259 932 δὲ
287 905 413 940 μέγιστον
437 902 508 930 εἶναι
530 904 592 941 ναὺν
616 904 644 930 ἐν
669 903 708 937 τῷ
727 902 841 933 Αὐλῶνι,

943 903 1073 931 Phoenice
1101 912 1166 931 vero
1186 904 1369 940 ilciiopolitm.
1389 905 1467 940 Apud
1497 905 1581 940 Syros
1607 904 1683 931 deni-

52 940 141 986 κλῖμα
157 950 184 976 δὲ
200 950 278 976 τοῦτο
293 949 342 984 τῆς
371 948 516 984 Ἀπαμέων
542 940 632 983 χώρας
644 967 651 979 ,
677 946 842 982 στρατιώτας

51 997 132 1029 τινὰς
155 997 202 1023 καὶ
225 995 394 1031 μονομάχους
420 995 602 1030 παραλαϐὼν,
619 994 665 1020 ἐπὶ
684 992 763 1019 τοῦτο
787 992 840 1028 ᾔει.

54 1042 174 1078 Πλησίον
191 1042 219 1069 δὲ
238 1041 402 1076 γενόμενος,
426 1040 478 1074 ἔξω
496 1039 580 1075 βελῶν
602 1039 773 1074 περιέμενεν.
788 1035 841 1064 Ἦν

53 1089 110 1124 γὰρ
125 1087 257 1121 ποδαλγός
271 1096 278 1103 ’
300 1086 347 1113 καὶ
368 1085 430 1113 οὔτε
447 1085 599 1120 μάχεσθαι,
624 1084 685 1111 οὔτε
700 1083 807 1110 διώκειν
825 1083 841 1116 ἢ

55 1134 168 1168 φεύγειν
181 1133 306 1168 ἠδύνατο.
327 1132 443 1167 Ἦσχολη
449 1131 537 1166 μένων
558 1130 587 1156 δὲ
599 1129 654 1156 τῶν
669 1129 841 1164 στρατιωτῶν

55 1180 104 1206 καὶ
115 1179 276 1214 μονομάχων
293 1178 357 1214 περὶ
372 1178 401 1203 τὸ
419 1177 488 1203 ἑλεῖν
504 1176 550 1202 τὸν
560 1176 633 1208 ναὸν,
652 1175 782 1210 μαθόντες
796 1174 841 1200 αὐ-

54 1225 100 1252 τόν
110 1233 183 1256 τινες
194 1224 249 1251 τῶν
266 1223 446 1259 Ἑλληνιστῶν
467 1221 650 1258 μεμονῶσθαι,
662 1220 722 1248 καθ’
734 1220 748 1246 ὃ
761 1220 842 1256 μέρος

56 1270 198 1305 ἐλεύθερον
220 1268 254 1305 ἦν
279 1269 369 1305 μάχης
383 1269 414 1295 τδ
432 1269 541 1304 χωρίον,
568 1267 694 1302 ἐξῆλθον,
712 1266 842 1301 ἐξαπίνης

57 1325 86 1343 τε
108 1316 285 1347 ἐπιστάντες,
308 1315 453 1342 συνέλαϐον
469 1314 568 1346 αὑτὸν,
587 1314 634 1340 καὶ
661 1314 734 1349 πυρᾷ
756 1312 842 1348 ἐμϐα-

55 1361 150 1393 λόντες
164 1361 280 1390 ἀνεῖλον.
297 1361 353 1388 Καὶ
368 1360 436 1396 πρὸς
455 1360 485 1386 τὸ
499 1359 584 1395 παρὸν
599 1359 702 1385 ἔλαθον.
724 1358 800 1384 Ἐπεὶ
815 1357 843 1384 δὲ

52 1407 97 1442 τῷ
120 1407 211 1442 χρόνῳ
233 1406 429 1442 ἐφωράθησαν,
447 1406 471 1432 οἱ
499 1406 548 1440 μὲν
570 1404 729 1440 Μαρκέλλου
750 1403 844 1435 παῖδες

51 1453 191 1488 τιμωρεῖν
211 1451 250 1486 τῷ
267 1452 350 1487 πατρὶ
364 1449 530 1482 ἐσπούδαζον
544 1457 550 1464 ·
577 1450 594 1483 ἡ
611 1449 639 1476 δὲ
656 1448 709 1476 ἀνὰ
721 1450 753 1475 τὸ
769 1447 844 1480 ἔθνος

54 1496 169 1528 σύνοδος
186 1495 332 1524 διεκώλυσε
344 1516 352 1528 ,
383 1495 420 1531 μὴ
440 1495 544 1522 δίκαιον
566 1494 702 1530 νομίσασα
716 1492 844 1527 τοιαύτης

53 1543 188 1578 τελευτῆς
207 1543 343 1578 τιμωρίαν
356 1541 516 1577 λαμϐάνειν,
532 1541 574 1575 ἐφ’
626 1540 747 1576 προσῆκε
765 1540 845 1575 χάριν

53 1587 201 1624 ὁμολογεῖν
226 1587 272 1614 τὸν
295 1583 345 1614 ὧδε
373 1587 504 1618 θανόντα,
530 1586 577 1612 καὶ
600 1584 681 1619 γένος
702 1584 786 1611 αὑτοῦ
800 1583 847 1610 καὶ

893 956 960 984 que,
985 949 1060 976 cives
1077 949 1152 976 urbis
1177 949 1304 983 Apameze
1322 958 1381 984 quae
1400 950 1433 976 ad
1451 950 1551 976 Axium
1570 949 1683 976 ﬂuvium

892 991 945 1018 sita
959 996 1001 1019 est
1019 1002 1027 1020 :
1044 1000 1113 1027 quos
1128 994 1238 1029 quidem
1254 996 1359 1031 accepi,
1375 995 1409 1022 ad
1425 995 1539 1022 tutelam
1564 995 1683 1029 templo—

893 1045 953 1064 rum
972 1045 1084 1065 suorum
1107 1047 1296 1075 saepenumero
1314 1049 1379 1070 usos
1394 1049 1455 1069 esse
1468 1041 1595 1077 praesidio
1609 1040 1685 1068 Gali-

893 1083 1016 1117 laeorum,
1030 1088 1058 1111 et
1077 1086 1245 1113 rusticorum
1261 1087 1404 1114 hominum
1426 1095 1458 1115 ex
1472 1088 1541 1115 vicis
1557 1087 1604 1122 qui
1620 1089 1692 1114 sunt,

893 1128 966 1155 circa
980 1128 1113 1157 Libanum
1126 1139 1132 1158 :
1154 1132 1317 1167 tandemque
1332 1140 1366 1160 eo
1381 1133 1501 1160 audacia:
1514 1132 1683 1167 prorupisse,

894 1179 923 1201 ut
944 1175 1101 1204 Marcellum
1126 1178 1186 1212 ejus
1210 1179 1263 1206 loci
1293 1179 1451 1214 episcopum
1480 1177 1677 1205 interfecerint.

893 1221 960 1249 Nam
976 1229 1037 1248 cum
1054 1221 1099 1250 hic
1119 1223 1285 1259 intelligeret
1302 1225 1363 1252 illos
1390 1232 1442 1252 non
1464 1224 1542 1251 aliter
1558 1231 1573 1250 a
1594 1224 1684 1258 priori

900 1267 1099 1302 superstitione
1124 1268 1203 1296 facile
1230 1269 1353 1296 converti
1369 1276 1461 1304 posse,
1485 1268 1549 1295 fana
1575 1276 1636 1304 quae
1655 1269 1684 1295 in

894 1314 961 1342 urbe
982 1317 1009 1340 et
1026 1314 1054 1340 in
1069 1314 1146 1349 pagis
1162 1318 1242 1341 erant
1258 1314 1403 1341 subvertit.
1415 1307 1541 1348 Cumque
1550 1313 1684 1341 audiisset

893 1359 1045 1386 maximum
1058 1360 1191 1394 templum
1217 1367 1278 1387 esse
1292 1360 1318 1386 in
1336 1359 1440 1387 Auione
1457 1359 1504 1394 qui
1522 1363 1629 1387 tractus
1641 1362 1684 1386 est

894 1403 1015 1438 regionis
1030 1404 1244 1439 Apamenorum,
1262 1404 1413 1439 assumptis
1431 1411 1522 1431 secum
1549 1402 1683 1430 militibus

894 1454 921 1477 et
933 1449 1144 1485 gladiatoribus,
1170 1457 1203 1477 eo
1219 1451 1350 1485 perrexit.
1371 1449 1404 1476 Et
1422 1457 1484 1477 cum
1507 1449 1621 1484 propius
1638 1454 1686 1476 ac—

895 1495 1037 1526 cessisset,
1052 1495 1111 1530 ipse
1125 1495 1235 1529 quidem
1246 1500 1323 1522 extra
1333 1495 1450 1523 telorum
1460 1494 1564 1530 jactum
1576 1501 1686 1522 reman-

897 1539 943 1567 sit.
961 1539 1025 1567 Erat
1049 1540 1123 1568 enim
1147 1540 1264 1575 pedibus
1294 1548 1376 1576 aeger,
1393 1544 1422 1568 et
1440 1547 1529 1576 neque
1551 1547 1683 1575 pugnare,

899 1592 950 1613 nec
965 1586 1092 1621 persequi
1112 1591 1160 1614 aut
1176 1586 1271 1622 fugere
1291 1591 1407 1622 poterat.
1433 1586 1565 1614 Militibus
1580 1593 1646 1613 vero
1660 1590 1687 1612 et

54 1634 165 1669 φίλους,
180 1633 218 1666 ὡς
233 1634 302 1669 ὑπὲρ
322 1633 390 1660 Θεοῦ
412 1632 557 1659 ἀποθανεῖν
568 1630 719 1666 ἠξιωμένου
729 1638 736 1645 ·
753 1630 800 1656 καὶ
812 1630 848 1657 τὰ

930 1631 1100 1660 adiatoribus
1124 1632 1152 1660 in
1178 1633 1382 1669 expugnatione
1410 1633 1506 1668 templi
1526 1632 1690 1666 occupatis,

58 1681 114 1716 μὶν
129 1679 217 1711 οὕτως
232 1679 321 1715 ἔσχεν.

930 1677 983 1713 99
999 1678 1109 1713 quidam
1125 1685 1157 1706 ex
1176 1679 1290 1714 paganis
1305 1686 1368 1708 eum
1385 1679 1441 1706 illic
1456 1678 1545 1706 solum
1560 1678 1689 1705 relictum

54 1732 122 1753 esse
149 1732 212 1752 cum
247 1723 459 1759 cognovissent,
486 1729 540 1757 qua
563 1726 642 1757 parte
668 1723 746 1749 locus
772 1729 862 1757 pugna
881 1724 997 1750 vacabat
1030 1725 1135 1759 egressi
1161 1730 1245 1758 sunt,
1271 1729 1298 1753 et
1321 1733 1353 1753 ex
1381 1725 1532 1760 improviso
1557 1732 1688 1759 superve—

56 1771 181 1804 nientes,
208 1779 270 1799 eum
289 1770 454 1804 corripiunt.
482 1769 670 1805 iniectumque
695 1769 730 1796 in.
754 1777 850 1805 rogum
870 1771 1049 1799 interﬁciunt.
1074 1773 1106 1799 Et
1123 1773 1151 1800 in
1172 1774 1300 1808 przesenti
1325 1774 1446 1808 quidem,
1480 1773 1592 1807 quinam
1624 1772 1693 1799 fuis-

55 1823 124 1848 sent
149 1824 279 1846 auctores
298 1817 392 1847 caedis,
421 1817 510 1844 latuit.
535 1815 684 1851 Postquam
699 1824 765 1844 vero
783 1825 916 1852 processu
949 1819 1084 1854 temporis
1104 1820 1206 1849 detecti
1241 1825 1318 1853 sunt,
1352 1820 1399 1848 ﬁlii
1431 1820 1539 1855 quidem
1573 1819 1691 1846 Marcelli

57 1871 180 1895 mortem
194 1865 281 1900 patris
298 1865 395 1892 ulcisci
411 1864 568 1899 eripiebant.
590 1863 690 1890 Verum
713 1864 859 1898 provinciae
889 1866 1013 1901 synodus
1038 1867 1065 1896 id
1101 1867 1252 1903 prohibuit,
1275 1876 1383 1903 aequum
1409 1875 1463 1895 non
1491 1874 1553 1894 esse
1574 1873 1693 1894 censeris

55 1918 122 1940 eam
159 1911 255 1939 ulcisci
277 1914 406 1943 mortem,
427 1909 462 1936 ob
484 1917 566 1944 quam
588 1909 690 1943 gratias
723 1908 779 1937 Deo
806 1916 886 1945 agere
906 1916 1056 1946 oporteret,
1078 1917 1135 1940 tum
1161 1914 1253 1948 ipsum
1271 1918 1423 1946 mortuum,
1446 1916 1503 1939 tum
1531 1911 1601 1939 ﬁlios
1627 1910 1689 1945 ejus

57 1963 146 1993 atque
170 1957 274 1984 amicos
295 1965 302 1983 :
323 1956 423 1990 quippe
443 1955 490 1990 qui
512 1954 614 1989 dignus
637 1955 749 1982 habitus
779 1959 853 1983 esset
873 1957 918 1992 qui
936 1966 985 1992 pro
1004 1958 1057 1986 Deo
1073 1964 1237 1987 moreretur.
1255 1961 1343 1995 Atque
1362 1960 1421 1987 haec
1436 1959 1545 1995 quidem
1578 1958 1615 1984 ita
1646 1964 1693 1992 ge-

58 2008 106 2033 sta
124 2005 200 2031 sunt.

361 2046 484 2072 KEIMA.
500 2046 558 2079 ις’.

59 2096 162 2126 Ὅπως
178 2094 227 2120 καὶ
247 2093 284 2120 δι’
305 2092 346 2126 ἣν
361 2093 458 2119 αἰτίαν
477 2092 631 2125 ἀνεπαύθη
651 2093 668 2118 ό
684 2092 718 2118 ἐν
737 2093 854 2124 Exun-

99 2130 154 2162 σίᾳ
172 2129 231 2155 τῶν
253 2128 479 2162 μετανοούντων
499 2127 716 2160 πρεσϐύτερος·
737 2127 786 2154 καί
803 2127 854 2153 ἑπ-

99 2163 260 2198 εξερτασια
277 2163 344 2197 περὶ
359 2163 470 2196 τρόπου
482 2162 653 2196 μετανοίας.

100 2211 146 2237 Ἐν
162 2209 249 2244 τούτῳ
262 2209 300 2240 δὲ,
309 2209 362 2236 τῶν
377 2208 486 2235 ἐπὶτῶν
506 2207 705 2242 μετανοούντων
719 2207 853 2242 τεταγμέ-

1214 2047 1289 2074 CAP.
1312 2047 1381 2076 XVI.

909 2091 1045 2124 Quomodo
1065 2097 1090 2119 et
1105 2092 1136 2119 ob
1149 2101 1229 2127 quam
1241 2100 1351 2120 causam
1367 2095 1490 2122 sublatus
1504 2098 1542 2122 est
1557 2096 1584 2122 in
1603 2095 1693 2123 Eccle-

942 2127 984 2153 sia
1004 2127 1151 2161 presbyter,
1171 2128 1216 2161 qui
1238 2129 1422 2160 paenitentibus
1441 2136 1552 2162 prwerut
1566 2139 1575 2157 :
1593 2136 1618 2157 et
1632 2139 1694 2158 nar-

942 2162 1011 2188 ratio
1023 2161 1055 2188 de
1070 2161 1147 2189 modo
1169 2171 1200 2188 ac
1214 2164 1316 2189 ratione
1330 2164 1499 2196 paenitentia.

943 2209 994 2235 Per
1007 2209 1076 2235 idem
1089 2213 1198 2243 tempus
1211 2208 1355 2236 Nectar-ius
1372 2208 1694 2246 Constantinopolitanus

62 2266 111 2284 vov
134 2255 317 2291 πρεσὸύτερον
335 2255 426 2286 οὐκέτι
445 2254 632 2289 συνεχώρησεν
653 2251 722 2280 εἶναι
749 2253 853 2289 πρῶτος

930 2254 1054 2289 piscopus
1081 2255 1271 2290 presbyterum
1290 2255 1365 2281 illum
1389 2255 1435 2289 qui
1456 2257 1620 2290 prmpositus
1637 2263 1695 2285 erat

63 2302 233 2337 Νεκτάριος,
249 2301 263 2326 ὁ
291 2300 340 2336 τὴν
370 2301 515 2336 ἐκκλησίαν
545 2299 854 2329 Κωνσταντινουπόλεως

66 2346 265 2383 ἐπιτροπεύων.
288 2346 524 2381 Ἐπηκολούθησαν
533 2346 561 2372 δὲ
576 2346 669 2381 σχεδὸν
679 2347 702 2372 οἱ
718 2345 854 2381 πανταχοῦ

66 2395 220 2422 ἐπίσκοποι.
238 2391 323 2418 Τοῦτο
337 2393 365 2419 δὲ
383 2393 409 2419 τί
426 2393 490 2419 ποτέ
504 2393 572 2425 ἐστι,
585 2393 601 2427 ἦ
619 2391 700 2418 πόθεν
714 2392 823 2427 ἧρξατο,
837 2392 853 2427 ἦ

909 2300 1120 2335 ρωιιίιοηιίιιυε,
1138 2301 1244 2336 primus
1257 2308 1291 2328 ex
1306 2300 1422 2328 ecclesia
1441 2302 1552 2328 sustulit
1566 2303 1587 2330 ².
1609 2302 1695 2337 Cujus

909 2347 1062 2381 exemplum
1078 2354 1174 2374 omnes
1191 2346 1250 2374 l‘ere
1262 2346 1385 2382 episcopi
1403 2350 1497 2381 postea
1511 2351 1576 2373 sunt
1590 2348 1692 2374 secuti.

908 2392 980 2426 Quid
992 2397 1083 2421 autem
1096 2392 1148 2420 hoc
1161 2393 1207 2426 sit,
1218 2396 1246 2420 et
1261 2393 1333 2420 unde
1341 2392 1476 2428 originem
1490 2393 1651 2427 sumpserit,
1668 2397 1695 2420 et

67 2440 139 2468 κατὰ
153 2439 232 2466 ποίαν
255 2439 344 2465 αίτίαν
364 2439 510 2472 επαύσατο,
527 2439 600 2466 ἄλλοι
625 2439 672 2474 μὲν
690 2439 754 2470 ἴσως
769 2439 853 2470 ἄλλως

930 2447 990 2467 nam
1007 2439 1042 2467 ob
1061 2447 1173 2467 causam
1188 2440 1327 2467 sublatum
1347 2440 1394 2472 sit,
1411 2439 1458 2466 alii
1481 2438 1592 2474 quidem
1616 2439 1696 2466 aliter

103 2498 112 2514 '
125 2497 216 2528 Socr.,
232 2496 279 2523 lib.
297 2504 321 2527 ν,
335 2504 359 2523 c.
380 2497 421 2524 17.
460 2497 469 2512 ¹
487 2497 551 2523 ibid.
570 2504 595 2523 ι’.
608 2495 650 2523 l9.

673 2576 811 2604 VALESII
839 2575 1115 2604 ANNOTATIONES.

102 2624 388 2660 (Ξθ)ηᾉεροπο..ῑῖται.
409 2622 484 2650 Iluuc
498 2623 587 2660 locum
608 2622 778 2660 correxi__ex
807 2629 853 2647 ι·‹)-
907 2622 988 2660 etiam
1008 2621 1090 2660 huius
1102 2620 1435 2660 oppidiIlierouymus_in
1452 2627 1532 2660 caput
1556 2630 1591 2648 xv
1617 2622 1694 2660 Isaia:

65 2656 130 2688 ilice
159 2656 326 2690 Fukeliauo,
356 2660 382 2685 in
409 2666 463 2692 quo
489 2658 619 2691 scriptum
647 2660 690 2683 est
724 2656 849 2692 ’Λρεοπο-
907 2656 950 2682 his
962 2657 1052 2692 verbis
1077 2667 1082 2683 :
1108 2656 1204 2683 Audivi
1229 2656 1366 2690 quemdam
1390 2656 1647 2691 Areopolilmn;scrl
1670 2661 1695 2682 et

66 2697 150 2722 λῖται.
172 2694 258 2728 Hujus
286 2694 362 2721 urbis
378 2691 501 2720 meminit
524 2691 704 2728 Hieronymus
731 2692 758 2717 in
785 2691 853 2728 libro
908 2691 1097 2728 onniispivitas
1121 2693 1193 2728 testis
1211 2697 1260 2728 est,
1289 2697 1362 2728 motu
1379 2697 1454 2719 terra:
1472 2700 1566 2725 magno
1593 2692 1620 2719 in
1635 2700 1692 2718 mea

67 2731 108 2758 De
123 2731 189 2758 locis
206 2725 353 2759 Hebraicis.
371 2729 409 2755 ita
419 2727 542 2754 scribens
560 2736 566 2752 :
584 2725 659 2752 Moab
675 2726 706 2752 ab
718 2734 769 2752 uno
784 2725 854 2760 ﬁliae
907 2726 1032 2760 infantia,
1053 2727 1160 2761 quando
1171 2727 1252 2754 totius
1273 2726 1345 2753 orbis
1359 2727 1434 2754 littus
1454 2732 1618 2761 transgressa
1632 2731 1694 2753 sunt

67 2774 127 2793 rum
141 2765 220 2796 Lotlt,
235 2765 279 2799 qui
296 2765 438 2791 vocabatur
452 2763 540 2799 Moab,
558 2762 649 2788 ciuitas
673 2761 785 2799 Arabia,
797 2769 854 2795 qua:
908 2761 1005 2799 maria.
1020 2762 1109 2799 eadem
1126 2766 1200 2799 nocte
1214 2763 1389 2799 murosilliua
1407 2761 1629 2799 corruisse:_Erat
1647 2769 1692 2788 au~

67 2808 138 2827 nunc
153 2796 288 2834 Areopolis
307 2799 422 2834 dicilur.
434 2798 470 2834 sic
488 2800 640 2834 uocatae“,
656 2796 745 2834 ςιιὶιιε-
759 2801 782 2834 et
811 2803 855 2834 διι-

68 2845 118 2870 pra
133 2830 309 2862 meminimus.
327 2833 398 2859 Ideni
417 2832 496 2870 habet
512 2830 811 2870 Eusebiusl’amluiilus
825 2830 851 2870 in

68 2865 142 2900 Iibro
156 2870 196 2899 De
219 2869 289 2897 locis
324 2875 405 2903 (ptem
427 2866 510 2894 edidit
534 2865 702 2893 Bonii'ei'ius.
733 2865 853 2893 Meminit

909 2796 1015 2832 temin
1038 2796 1088 2822 hac
1112 2797 1179 2823 urbe
1202 2797 1359 2832 praesidium
1388 2799 1510 2832 equitum
1533 2796 1694 2832 Maurorum

907 2830 1135 2866 Illyricianorum,
1153 2835 1182 2858 ut
1195 2830 1273 2860 docet
1289 2831 1392 2860 Notitia
1407 2830 1514 2868 imperii
1530 2831 1656 2859 Romani.
