1883 3069
87 139 150 169 “6|

567 138 731 167 HISTORIA
750 137 1028 167 ECCLESIASTICA.
1048 155 1083 159 —
1102 139 1166 166 LIB.
1188 138 1245 166 Vll.

1640 138 1710 165 “0‘2

86 195 131 223 τοῦ
146 195 258 230 ἐδάφους
272 194 369 221 πίπτει
380 194 435 230 (26)
448 193 512 221 -σῦν
522 193 635 230 ὀλολυγῇ
649 195 704 231 (27)
717 194 763 221 καὶ
775 195 804 221 τὸ
821 194 874 221 πᾶν

978 194 1120 223 imunione
1133 201 1277 223 sacrorum
1300 201 1362 229 quae
1382 193 1498 223 initiatis
1517 194 1634 230 praeberi
1651 203 1710 222 mos

87 242 134 277 τῆς
165 240 324 275 Ἐκκλησίας
353 239 454 274 πλῆθος
483 239 609 276 δακρύων
637 240 815 275 ἐμπίπλαται.
835 239 871 266 Τὸ

90 287 156 323 μετὰ
181 285 259 314 τοῦτο
287 286 336 318 δὲ,
373 285 481 321 πρῶτος
512 286 526 312 ὁ
552 285 700 317 ἐπίσκοπος
729 284 872 317 ἐξανίστα-

88 342 146 367 ται,
171 332 301 364 καὶτοὺς
332 332 475 367 κειμένους
499 331 643 367 ἀνίστησι·
668 330 714 358 καὶ
789 339 874 367 προσ-

87 378 152 412 ῆκεν
181 377 250 412 ὑπὲρ
292 377 493 412 ἡμαρτηκότων
537 376 781 413 μεταμελονμένων
827 377 873 404 εύ-

90 423 210 459 ξάμενος,
226 423 393 458 ἀποπέμπει.
405 422 474 449 Καθ’Ι
485 423 580 450 ἑαυτὸν
593 423 620 450 δὲ
636 423 725 450 ἑκοντὶ
736 422 874 450 ταλαιπω-

91 469 216 506 ρούμενος
228 468 351 500 ἕκαστος,
362 468 379 504 ἢ
393 469 563 504 νηστείαις,ῆ
574 469 745 504 ἀλουσίαις,ἢ
757 469 873 504 ἐδεσμά-

89 523 141 542 των
160 515 263 549 ἀποχῇ,
277 514 293 550 ἢ
305 514 409 549 ἑτέροις
432 511 473 546 οἷς
497 516 714 550 προστέτακται,
732 515 875 551 περιμένει

89 560 134 587 τὸν
149 561 259 596 χρόνον,
276 560 315 591 εἷς
329 560 391 586 ὅσον
407 559 481 595 αὐτῷ
499 560 613 595 τέταχεν
630 561 643 586 ὁ
660 560 819 592 ἐπίσκοπος.
834 561 873 596 Τῇ

89 605 117 633 δὲ
129 604 297 641 προθεσμίᾳ,
311 605 405 640 ὥσπερ
417 614 442 631 τι
458 605 568 640 ὕφλημα
583 605 712 637 διαλύσας
727 605 775 640 τὴν
790 614 876 640 τιμω-

90 650 157 686 ρίαν,
173 651 225 685 τῆς
245 650 384 686 ἁμαρτίας
398 649 501 677 ἀνίεται
519 650 590 685 (28),
606 650 653 677 καὶ
668 650 737 685 μετὰ
751 649 797 676 τοῦ
810 649 875 676 λαοῦ

89 697 272 732 ἐκκλησιάζει.
295 697 364 723 Τάδε
381 697 431 731 μὲν
453 696 573 732 ἀρχῆθεν
591 697 616 722 οἱ
638 696 780 731 Ῥωμαίων
795 696 877 730 ἱερεῖς

89 742 149 778 ἄχρι
164 743 211 769 καὶ
223 743 264 774 εἰς
280 743 352 777 ἡμᾶς
367 743 555 777 φυλάττουσιν.
575 742 619 769 Ἐν
631 742 659 768 δὲ
680 743 713 777 τῇ
730 742 876 768 Κωνσταν-

88 786 238 813 τινουπόλει
261 787 419 823 Ἐκκλησία,
430 787 444 813 ὁ
458 787 504 814 ἐπὶ
518 786 572 814 τῶν
585 786 784 822 μετανοούντων
799 794 878 812 τετα-

90 832 186 867 γμένος
200 833 387 868 πρεσϐύτερος
403 825 582 859 ἐπολιτεύετο.
596 833 689 859 Εισότε
707 831 739 867 δὴ
752 832 819 867 γυνή
835 839 877 863 τις

925 245 977 273 est,
992 248 1055 268 cum
1071 242 1173 276 gemitu
1194 248 1225 268 ac
1242 241 1371 269 lamentis
1387 248 1490 276 pronos
1511 249 1541 269 se
1558 241 1586 268 in
1608 244 1710 268 terram

927 286 1067 321 abjiciunt.
1082 285 1150 313 Tum
1159 286 1305 321 episcopus
1324 293 1386 313 cum
1402 285 1532 321 lacrymis
1548 292 1581 313 ex
1596 284 1712 313 adverso

926 339 1086 364 occurrens,
1104 333 1209 368 pariter
1226 332 1285 367 ipse
1301 333 1374 359 humi
1389 331 1560 367 provolvitur
1574 341 1582 361 ι
1602 335 1630 359 et
1652 331 1714 358 uni-

926 385 1006 406 versa
1026 377 1157 405 Ecclesiae
1174 376 1321 405 multitudo
1350 377 1432 404 simul
1457 377 1603 408 conlitcns,
1623 376 1712 411 lacry-

928 424 980 452 mis
1000 423 1185 459 perfunditur.
1207 423 1331 452 Postlnee
1356 431 1422 451 vero
1459 423 1564 458 primus
1590 422 1715 457 exsurgit

927 470 1084 506 episcopus,
1096 477 1127 497 ac
1140 473 1294 504 prostratos
1307 469 1387 504 erigit
1399 479 1405 496 :
1422 468 1559 503 factaque,
1578 472 1607 495 ut
1623 468 1719 499 decet”

928 516 1088 551 precatione
1107 523 1156 550 pro
1181 515 1372 550 peccatoribus
1397 514 1587 549 paenitentiam
1610 513 1715 547 agenti-

928 561 990 593 bus,
1006 569 1053 588 eos
1069 560 1191 588 dimittit.
1204 560 1334 587 Privatim
1351 564 1441 588 autem
1459 559 1649 594 unusquisque
1664 566 1715 586 sua
1765 559 1770 563 '

930 611 1028 642 sponte
1043 614 1072 634 se
1094 613 1246 637 maceraus,
1269 609 1316 633 aut
1335 605 1459 640 jejuniis,
1480 609 1529 631 aut
1545 605 1648 635 illuvie,
1668 607 1715 630 aut

929 652 1054 680 ciborum
1076 651 1251 684 abstinentia,
1275 651 1317 678 vel
1343 651 1406 677 aliis
1431 651 1531 685 quibus
1556 650 1651 684 jussus
1672 652 1715 676 est

930 697 1028 729 modis,
1052 702 1159 732 tempus
1181 701 1425 731 quantumcunque
1451 696 1502 730 ipsi
1530 695 1564 722 ab
1585 695 1715 729 episeopo

930 745 1111 772 constitutum
1127 747 1181 776 est,
1206 746 1355 777 exspectat.
1388 741 1439 769 Ubi
1461 749 1526 769 vero
1547 741 1716 776 praestitutus

931 790 990 818 dies
1004 790 1124 823 advenit,
1142 793 1273 824 tanquam
1294 788 1387 816 debito
1402 787 1519 823 quodam
1535 787 1685 822 persoluto,
1702 794 1717 812 a

931 844 1012 872 pinna
1035 836 1175 863 commissi
1194 836 1306 864 sceleris
1326 835 1468 867 liberatur,
1494 838 1521 861 et
1539 834 1646 868 reliquo
1669 832 1718 859 Ec-

89 878 141 904 τῶν
149 878 328 914 εὐπατριδῶν,
336 879 382 905 ἐπὶ
390 879 537 914 ἁμαρτίαις
545 875 589 910 αἷς
601 878 792 914 προσήγγειλε.
800 886 880 912 προσ-

978 884 1020 912 sim
1035 883 1135 918 populo
1151 882 1283 910 sociatur.
1302 881 1366 909 llaec
1379 880 1498 916 episcopi
1515 880 1592 908 urbis
1611 879 1716 912 Romzc,

89 925 216 959 ταχθεῖσα.
238 925 315 961 παρὰ
333 925 428 952 τούτου
449 925 495 951 τοῦ
517 924 702 961 πρεσϐυτέρου
725 924 874 960 νηστεύειν,

90 971 192 997 καὶτὸν
207 971 276 998 Θεὸν
294 971 435 1003 ἱκετεύειν,
451 971 545 997 τούτου
562 972 640 1007 χάριν
654 972 682 998 ὲν
697 973 730 1007 τῇ
743 971 877 1007 ἐκκλησίᾳ

90 1017 282 1052 διατρίϐουσα,
298 1016 530 1051 ὲκπεπορνεῦσθαι
556 1017 621 1053 παρ’
642 1017 737 1052 ἀνδρὸς
754 1017 876 1045 διακόνου

91 1063 288 1098 κατεμήνυσεν.
312 1063 369 1097 Ἐφ’
386 1059 408 1096 ᾧ
427 1063 457 1088 τὺ
473 1063 575 1097 πλῆθος
592 1063 687 1098 μαῦὶιν,
703 1063 878 1098 ἐχαλέπαινεν

91 1106 127 1138 ὡς
148 1107 197 1142 τῆς
215 1107 363 1141 ἐκκλησίας
382 1108 559 1143 ὑϐρισμένης.
580 1108 704 1143 Μεγίστη
721 1108 750 1134 δὲ
768 1108 879 1143 διαϐολὴ

92 1153 152 1184 τοὺς
177 1153 343 1188 ίερωμένους
369 1151 452 1189 εἶχεν.
474 1154 598 1189 ’Λπορῶν
623 1154 651 1180 δὲ
671 1154 686 1181 ὃ
703 1163 729 1182 τι
748 1155 880 1190 χρήσαιτο

92 1198 129 1235 τῷ
143 1199 329 1235 συμϐεϐηκότι
343 1200 495 1235 Νεκτάριος
505 1221 512 1233 ,
528 1201 653 1235 ἀφείλετο
672 1201 721 1236 τῆς
743 1200 880 1232 διακονίας

91 1245 135 1272 τὸν
153 1245 333 1281 ἡταιρηκότα.
356 1246 618 1279 Συμϐουλευσάντων
634 1246 662 1272 δέ
676 1255 756 1273 τινων
773 1255 880 1280 συγχω-

93 1292 148 1327 ρεῖν
164 1291 291 1323 ἕκαστον,
307 1292 344 1324 ὡς
365 1291 398 1319 ἃν
424 1293 513 1328 ἐαυτῷ
542 1293 674 1327 συνειδείη
699 1293 746 1319 καὶ
770 1292 881 1329 θαρρεῖν

92 1337 208 1371 δύναιτο,
231 1339 369 1365 κοινωνεῖν
388 1339 441 1366 τῶν
468 1339 634 1374 μυστηρίων,
650 1338 751 1365 ἔπαυσε
765 1339 809 1365 τὸν
835 1339 881 1365 ἐπὶ

92 1383 140 1418 τῆς
169 1382 314 1417 μετανοίας
339 1383 534 1419 πρεσϐύτερον.
553 1383 607 1410 Καὶ
632 1382 661 1415 ἐξ
677 1383 781 1409 ἐκείνου
803 1382 882 1409 τοῦτο

93 1428 209 1463 κρατοῦν
225 1428 358 1464 διέμεινεν
373 1437 380 1444 ⁸
396 1429 447 1464 ἤδη
467 1429 517 1464 τῆς
532 1430 719 1465 ἀρχαιότητος,
733 1428 819 1465 οἶμαι,
836 1430 883 1457 καὶ

93 1475 140 1509 τῆς
154 1476 213 1501 κατ’
226 1475 311 1510 αὐτὴν
324 1475 487 1510 σεμνότητος
499 1476 547 1501 καὶ
561 1475 712 1510 ἀκριϐείας,
723 1477 762 1507 εἰς
771 1476 883 1510 ἀδιάφο-

96 1527 141 1554 ρον
152 1520 199 1547 καὶ⁸
213 1520 386 1556 ἠμελημένον
409 1518 475 1555 ἦθος
490 1521 560 1548 κατὰ
579 1521 675 1557 μικρὸν
696 1521 881 1548 διολισθαίνειν

94 1565 260 1601 ἀρξαμένης.
289 1566 365 1593 Ἐπεὶ
391 1567 538 1602 πρότερον,
555 1567 593 1599 ὡς
606 1566 737 1602 ἡγοῦμαι,
757 1568 824 1603 μείω
848 1567 883 1594 τὰ

95 1611 281 1647 ἁμαρτήματα
304 1610 348 1647 ἦν,
367 1612 418 1638 ὑπό
434 1621 462 1639 τε
482 1612 573 1644 αἰδοῦς
594 1613 648 1640 τῶν
667 1612 883 1648 ἐξαγγελλόντων

94 1658 143 1689 τὰς
170 1657 245 1692 σφῶν
268 1657 358 1685 αὐτῶν
379 1658 570 1694 πλημμελείας
582 1679 589 1691 ,
607 1661 654 1687 καὶ
672 1660 723 1687 ὑπὸ
740 1660 884 1696 ἀκριϐείας

95 1702 147 1729 τῶν
162 1702 319 1738 ὲπὶ“τούτ‹ρ
338 1703 513 1738 τεταγμένων
537 1704 647 1740 κριτῶν.
672 1705 719 1731 Ἐκ
737 1705 838 1740 ταύτης
855 1705 884 1731 δὲ

94 1747 144 1782 τῆς
163 1747 253 1778 αἰτίας
273 1748 438 1782 συμϐάλλω.
463 1749 510 1774 καὶ
536 1749 673 1776 Θεοδόσιον
698 1749 744 1776 τὸν
773 1744 885 1784 βασιλέα

95 1792 293 1828 προνοούμενον
313 1792 362 1827 τῆς
378 1793 431 1819 τῶν
455 1794 622 1828 Ἐκκλησιῶν
643 1794 766 1826 εὐκλείας
785 1804 814 1820 τε
836 1795 884 1821 καὶ

96 1838 262 1873 σεμνότητος
295 1838 475 1873 νομοθετῆσαι
503 1838 551 1869 τὰς
575 1840 706 1872 γυναῖκας
729 1839 829 1876 (Ἡλεί
846 1841 883 1877 μὴ

95 1884 196 1915 παῖδας
214 1884 312 1918 ἔχοιεν,
322 1884 368 1910 καὶ
387 1884 457 1918 ὑπὲρ
473 1883 605 1918 ἐξήκοντα
623 1883 671 1919 ἐτη
686 1884 814 1918 γένοιντο,
829 1885 882 1912 δια-

95 1929 190 1957 κονίαν
211 1928 278 1956 Θεοῦ
295 1929 334 1965 μὴ
360 1929 557 1965 ἐπιτρέπεσθαι
580 1929 602 1962 ι,
620 1931 667 1957 καὶ
681 1930 711 1957 τὸ
735 1932 885 1959 ἀποστόλου

925 930 982 965 jam
1010 929 1073 957 inde
1097 929 1132 956 ab
1149 929 1247 956 ultima
1267 931 1403 954 vetustate
1426 926 1459 952 ad
1477 929 1602 953 nostram
1631 933 1719 959 usque

927 979 1033 1002 aetatem
1051 974 1225 1002 custodiunt.
1247 972 1276 999 ln
1301 971 1608 1005 Constantinopolitana
1628 973 1718 996 autem

928 1022 1069 1053 Ecclesia,
1100 1024 1191 1048 certus
1223 1019 1366 1054 presbyter
1395 1018 1563 1045 constitutus
1584 1019 1645 1043 erat
1672 1016 1718 1050 qui

928 1067 1127 1103 pmnitentibus
1154 1069 1293 1101 praeesset.
1320 1064 1410 1092 Donec
1430 1065 1564 1097 fmatrona
1594 1062 1719 1097 quardam

929 1114 1041 1145 nobilis,
1060 1114 1095 1140 ob
1109 1116 1222 1147 peccata
1238 1119 1298 1146 qua:
1317 1110 1444 1139 confessa
1468 1110 1566 1142 fuerat,
1587 1109 1664 1144 jussa
1686 1108 1720 1135 ab

928 1160 981 1188 hoc
1010 1160 1171 1195 presbytero
1200 1158 1340 1193 jejunare,
1374 1165 1406 1184 ac
1443 1155 1528 1183 Deum
1558 1155 1720 1189 suppliciter

930 1213 1027 1237 orare;
1055 1203 1118 1231 dum
1138 1203 1219 1238 hujus
1240 1203 1279 1229 rei
1299 1209 1383 1229 causa
1408 1201 1435 1228 in
1455 1201 1571 1228 ecclesia
1596 1207 1719 1226 morare-

930 1255 986 1283 tur,
1012 1257 1026 1276 a
1042 1249 1159 1275 diacono
1183 1255 1212 1275 se
1237 1250 1389 1282 stupratam
1421 1253 1483 1274 esse
1501 1245 1631 1280 prodidit.
1659 1244 1720 1277 Quo

931 1296 1051 1331 cognito.
1073 1295 1150 1330 plebs
1176 1293 1267 1321 omnis
1296 1293 1473 1320 vehementer
1494 1290 1663 1322 succensuit,
1687 1298 1720 1318 eo

932 1342 1004 1377 quod
1022 1339 1192 1369 contumelia
1211 1339 1285 1366 illata
1300 1342 1374 1366 esset
1386 1337 1530 1365 ecclesize:
1550 1344 1599 1364 nec
1617 1336 1722 1364 medio-

932 1389 970 1416 cri
993 1387 1095 1422 probro
1116 1385 1234 1420 expositi
1257 1388 1337 1412 erant
1362 1384 1434 1411 sacri
1460 1383 1565 1410 ordinis
1586 1382 1649 1410 viri.
1669 1381 1721 1409 Ne-

932 1434 1037 1465 ctarius
1051 1440 1130 1464 vero,
1147 1439 1208 1459 eum
1224 1431 1270 1458 diu
1287 1430 1459 1465 multumque
1473 1429 1628 1456 dubitasset
1642 1428 1722 1463 quid-

934 1486 996 1506 nam
1018 1478 1046 1505 in
1067 1477 1120 1504 hoc
1137 1476 1246 1511 negotio
1261 1474 1394 1510 agendum
1413 1478 1498 1507 esset,
1517 1481 1580 1502 eum
1598 1474 1644 1509 qui
1662 1477 1723 1501 stu-

895 1540 918 1571 C
934 1532 1012 1560 prum
1034 1523 1194 1555 admiserat,
1219 1521 1366 1549 diaconatu
1393 1520 1481 1548 exuit.
1508 1520 1632 1555 Cumque
1657 1526 1724 1546 non-

934 1570 1000 1598 nulli
1018 1569 1162 1597 consilium
1185 1567 1208 1596 ei
1230 1567 1383 1599 dedissent,
1407 1571 1438 1594 ut
1461 1566 1621 1600 unicuique.
1643 1569 1724 1600 prout

934 1615 985 1642 sibi
1009 1614 1141 1642 conscius
1167 1615 1250 1644 esset,
1278 1619 1311 1639 ac
1335 1612 1462 1639 liduciam
1480 1611 1524 1639 sui
1550 1611 1672 1643 haberet,
1690 1611 1725 1638 ad

934 1669 1076 1689 sacrorum
1102 1659 1296 1696 mysteriorum
1323 1658 1547 1686 communionem
1574 1657 1724 1685 accedendi

932 1707 1045 1734 liberam
1061 1706 1163 1733 faceret
1178 1709 1357 1740 potestatem,
1373 1705 1561 1740 presbyterum
1576 1704 1622 1739 qui
1641 1711 1724 1739 agen-

935 1754 978 1781 dae
998 1753 1167 1788 paenitentize
1180 1751 1345 1787 praepositus
1359 1755 1428 1783 erat,
1445 1751 1573 1778 abolevit.
1590 1750 1678 1785 Atque
1690 1758 1724 1777 ex

936 1806 970 1826 eo
986 1802 1109 1832 tempore
1127 1797 1153 1824 id
1167 1797 1275 1824 tirmum
1293 1803 1325 1823 ac
1345 1796 1443 1823 stabile
1460 1796 1538 1830 301
1555 1796 1722 1830 permansit;

936 1847 1088 1875 vetustate,
1109 1843 1189 1878 eiquc
1212 1842 1342 1876 adjuncta
1363 1841 1497 1876 gravitate
1514 1849 1546 1868 ac
1566 1842 1722 1874 severitate,

935 1889 991 1924 jam
1015 1893 1083 1922 tum,
1101 1893 1129 1916 ut
1150 1889 1259 1924 opinor,
1283 1889 1311 1916 in
1337 1889 1428 1915 laxant
1450 1895 1483 1914 ac
1503 1887 1664 1915 dissolutam
1681 1888 1723 1914 vi-

938 1935 1020 1962 vendi
1040 1935 1177 1961 rationem
1196 1934 1328 1969 paulatim
1348 1933 1470 1969 delapsa.
1491 1933 1559 1960 Nam
1585 1938 1675 1967 antea,
1695 1939 1725 1960 ut

701 1991 836 2025 VALESI!
855 1991 1131 2022 ANNOTATIONES.

132 2037 190 2073 (26)
198 2037 320 2071 Ὁμοίως
338 2037 386 2064 ἐπὶ
404 2036 456 2063 τοῦ
475 2035 606 2073 ἐδάφους
625 2036 734 2064 πίπτει.
756 2036 805 2064 Hic
828 2045 887 2066 mos

97 2077 158 2101 erat
183 2073 311 2100 Ecclesite
339 2072 477 2102 Romanzc,
503 2077 533 2098 ut
559 2072 704 2105 episcopus
730 2079 791 2100 sese
812 2073 886 2100 lmmi

99 2112 286 2144 prosterneret
302 2115 394 2144 coram
412 2107 701 2144 pceuitentibus,_tune
718 2115 780 2134 cum
799 2108 887 2144 punii-

99 2142 212 2170 ientiam
226 2143 318 2170 dabat.
333 2142 431 2170 Postea
452 2149 525 2172 vero.
538 2142 647 2176 quando
659 2149 706 2169 eos
727 2143 888 2169 reconcilia-

99 2179 156 2210 bat.
171 2179 298 2205 similiter
315 2186 344 2206 se
370 2177 573 2211 prosternebat,
596 2180 626 2203 ut
642 2177 722 2204 docet
748 2177 821 2204 Ordo
839 2177 888 2204 Ro-

100 2222 205 2244 manus,
220 2214 246 2239 in
266 2213 349 2240 Cmna
365 2212 482 2240 Domini.
500 2211 550 2245 Qui
568 2212 636 2239 liber
661 2212 724 2239 licet
739 2213 824 2240 multo
844 2220 885 2239 re-

939 2039 976 2065 ita
995 2039 1092 2066 scribit
1111 2038 1184 2066 Ordo
1200 2037 1341 2065 Romanus
1360 2048 1367 2065 :
1386 2037 1435 2065 Hic
1446 2046 1506 2072 ergo
1520 2037 1582 2064 dum
1598 2036 1632 2063 ad
1645 2038 1726 2071 {urni-

941 2074 1042 2100 tudinis
1057 2074 1186 2100 actionem
1202 2074 1282 2099 tantis
1296 2074 1429 2100 excitatur
1445 2074 1582 2107 amrinplis,
1598 2073 1645 2099 sub
1661 2081 1725 2099 con-

942 2113 1031 2142 spectu
1054 2108 1248 2142 ingemiscentis
1271 2107 1407 2140 Ecclesim,
1431 2108 1585 2136 venerabilis
1607 2109 1725 2142 pontifex

938 2148 1100 2178 protestetur
1119 2147 1145 2169 et
1169 2142 1259 2169 dicit:
1284 2142 1442 2178 luit/uitales
1469 2152 1541 2170 meas
1559 2151 1604 2177 ego
1628 2151 1724 2178 cogno-

939 2183 1102 2247 δεῖέἧιὲὺν
1135 2211 1279 2247 ὀλολυγῇ.
1307 2212 1392 2246 Magis
1408 2213 1495 2246 placet
1520 2213 1654 2247 scriptura
1681 2220 1726 2240 cu-

100 2249 207 2286 cent_io_r
224 2249 260 2276 sit
271 2256 351 2286 quam
364 2248 544 2286 Sozomenus.
561 2247 677 2286 plurima
693 2251 782 2286 tamen
798 2253 888 2275 servat
905 2256 928 2286 D
940 2249 1009 2286 dicis
1025 2248 1176 2286 Ftiketiani,
1195 2247 1379 2286 συνομολογεῖ,
1396 2252 1450 2275 etc.
1466 2248 1564 2276 Deessc
1577 2254 1668 2275 tamen
1685 2249 1726 2275 vi-

102 2283 214 2318 vestigia
227 2281 399 2318 antiquitatis
419 2284 491 2310 illius
504 2281 585 2317 quain
611 2283 694 2309 refert
709 2281 885 2310 Sozomenus.

101 2317 193 2346 Primo
206 2319 278 2346 enim
297 2317 376 2352 'quod
405 2319 442 2345 ait
467 2318 648 2348 Sozomenus.
667 2318 834 2353 episcopum
855 2326 887 2345 cx

102 2354 219 2380 adverso
247 2354 437 2388 poenitentium
461 2360 617 2384 occurrere,
648 2352 673 2379 id
695 2352 796 2380 diserte
823 2353 889 2380 dicit

103 2388 175 2415 Ordo
189 2388 320 2416 Romanus
340 2389 383 2415 his
393 2389 484 2415 verbis
500 2398 506 2414 :
527 2388 600 2414 Tunc
616 2388 748 2423 egreditur
765 2389 889 2422 pmnitens

101 2424 134 2449 de
151 2423 208 2450 loco
223 2423 267 2450 ubi
284 2425 462 2458 pmtitentiam
479 2424 567 2458 gessit,
592 2428 620 2449 ut
639 2425 736 2457 gremio
750 2429 891 2457 pru'scnte-

103 2462 148 2484 tur
177 2458 310 2486 Errlesiw.
331 2459 442 2486 Sedente
463 2464 551 2484 autent
573 2459 695 2492 ponti/ica
719 2467 766 2493 pro
788 2459 890 2492 [oribus

101 2493 228 2524 ccc/asini,
241 2495 422 2526 ptrnitentibus
444 2495 469 2519 in
486 2494 554 2520 atrio
577 2494 691 2520 ecclesirt-
707 2495 808 2520 eminus
831 2502 891 2520 cum

103 2528 292 2554 urcltidiucono
313 2529 420 2563 jussunt
445 2529 518 2555 illitis
541 2529 757 2562 pra’stolunlibus
786 2537 795 2556 :
816 2534 890 2555 ante.

103 2571 181 2593 rutam
199 2572 242 2590 eos
258 2565 362 2598 σθεν-(ιι,
378 2565 494 2596 postulat
520 2563 721 2590 archidiaconus
738 2564 778 2590 his
794 2564 887 2591 verbis.

103 2598 157 2625 υιιὶ
179 2599 266 2625 obiter
295 2600 414 2630 notabis,
431 2599 554 2632 singulos
574 2599 737 2633 pmuileutcs
763 2606 887 2626 seorsum

103 2633 176 2659 domi
202 2634 389 2667 pmnitentiam
415 2634 513 2668 egisse.
535 2633 560 2660 id
581 2634 654 2667 quod
674 2635 754 2659 etiam
771 2642 785 2659 a
806 2634 890 2660 Sozo-

104 2676 184 2695 meno
203 2669 246 2696 hic
258 2668 367 2697 dicitur.
383 2669 418 2696 De
429 2669 529 2704 gemitu
544 2676 652 2703 quoque
665 2669 749 2696 totius
763 2669 890 2696 Ecclesia

940 2285 1021 2312 detur
1038 2283 1171 2319 particula
1182 2282 1367 2317 conjunctiva.

976 2316 1197 2354 (Ξ8ΥΔιιιλύσᾳς
1205 2316 1267 2354 γτὴν
1279 2317 1419 2352 τιμωρίαν
1428 2316 1483 2351 τῆς
1495 2317 1638 2351 ἁμαρτίας
1650 2319 1727 2345 ἀνίε-

941 2363 998 2381 ται.
1015 2355 1043 2381 ln
1058 2355 1152 2381 codice
1164 2353 1312 2380 Fuketiano
1333 2356 1394 2387 post
1411 2360 1503 2388 vocem
1527 2353 1660 2388 τιμωρίαν
1680 2362 1728 2386 ap-

943 2390 1080 2424 positacst
1091 2389 1204 2423 virgula.
1220 2389 1345 2424 liamtleln
1357 2395 1465 2424 quoque
1480 2387 1728 2424 lutei-punctionem

944 2422 1085 2452 confirmat
1105 2422 1273 2459 Nicephorus
1289 2424 1315 2449 in
1334 2422 1585 2459 Ιὶιιιυιιιιοιιυξξὶιιιρξ
1603 2431 1662 2459 cap.
1681 2424 1726 2450 ‘28.

980 2461 1035 2494 (29)
1056 2456 1260 2493 Νυμοθετῆσαι
1270 2459 1323 2490 τὰς
1334 2457 1486 2494 γυναῖκας,
1500 2456 1630 2494 intelligit
1638 2456 1727 2492 legum

944 2491 1109 2522 27‘Codit-is
1129 2491 1322 2525 'l'heo‘tlosiaui,
1347 2493 1382 2519 De
1396 2491 1532 2527 episcopis
1556 2496 1582 2517 et
1608 2491 1727 2524 clericis,

942 2539 1002 2565 qua:
1016 2531 1056 2557 sic
1070 2530 1149 2557 habet
1165 2538 1172 2555 :
1187 2529 1270 2565 Nullo
1287 2528 1342 2565 nisi
1355 2527 1467 2554 emensis
1484 2527 1620 2565 sexaginta
1637 2529 1727 2559 annis,

943 2562 985 2592 cui
1008 2566 1091 2592 votiva
1116 2565 1186 2591 domi
1211 2564 1295 2596 proles
1319 2563 1374 2594 sit,
1404 2562 1546 2588 secundum
1571 2566 1729 2595 prwceptum

943 2600 1074 2634 Apostoli,
1100 2601 1133 2627 ad
1153 2599 1365 2626 diaconissarum
1397 2597 1559 2624 Consortium
1582 2597 1728 2631 transfera-

945 2641 999 2668 tur,
1014 2643 1067 2663 etc.

824 2720 1016 2750 VAlthRUM.

143 2766 153 2786 ι
174 2768 334 2795 Διακονίαν
357 2769 430 2796 Θεοῦ
448 2768 491 2803 μὴ
513 2768 731 2802 ἐπιτρέπεσθαι.
752 2768 887 2795 Iustinia-

106 2810 169 2834 nus,
184 2803 287 2830 Novell.
310 2804 371 2835 ηδ,
395 2812 455 2838 cap.
477 2805 527 2834 15.
555 2804 680 2838 pra-cipit
702 2804 887 2831 diaconissam

106 2845 160 2864 non
177 2839 298 2866 ordinari
324 2839 350 2865 in
376 2845 468 2866 sancta
494 2839 633 2870 Ecclesia,
658 2846 717 2872 quae
737 2839 826 2864 minor
848 2841 889 2864 est

107 2879 241 2899 annorum
268 2874 466 2908 quadraginta.
490 2878 537 2901 aut
558 2874 591 2900 ad
617 2873 751 2901 secundas
778 2873 888 2908 nuptias

107 2908 222 2936 venerit.
240 2908 276 2936 De
291 2909 462 2937 ordinatione
480 2918 528 2938 seu
549 2909 738 2938 benedictione
757 2909 892 2936 diaconis-

941 2776 1045 2800 sarum,
1066 2769 1154 2803 deque
1174 2767 1258 2803 variis
1276 2771 1303 2794 et
1320 2764 1519 2803 multiplicibus
1534 2771 1628 2803 earum
1647 2763 1730 2789 mini-

943 2798 1045 2836 steriis,
1061 2798 1146 2830 multa
1161 2802 1264 2837 profert
1275 2811 1307 2829 ex
1328 2798 1449 2837 antiquis
1470 2799 1596 2826 l'atrilnis
1606 2798 1727 2825 Joannes

944 2839 1084 2902 ﬁlip'inpiisj‘
1109 2838 1145 2865 De
1162 2836 1254 2865 sacris
1270 2836 1499 2867 ordinationibus,
1525 2838 1594 2869 part.
1613 2842 1650 2866 ut,
1668 2841 1728 2868 pag.

963 2891 966 2896 -
1000 2891 1006 2902 ,
1042 2891 1044 2894 τ
1079 2892 1085 2899 .

963 2891 1006 2903 ιιι,
1028 2891 1085 2900 ινιν.
