1883 3069
193 119 261 149 Η6¹Ι

918 125 1091 154 8οΖΟΜΕΝΙ

1763 123 1837 152 μεθ

189 185 273 214 quam
292 178 398 215 peritus
417 180 480 209 sim.
500 180 553 210 Per
577 182 650 210 idem
676 182 736 212 fere
760 186 883 220 tempus,
907 185 960 214 inte

1063 187 1156 224 ὶφορος
1181 185 1234 224 ἧν,
1263 187 1438 224 προκριθέντι
1466 186 1634 223 προεστάναι
1661 184 1715 221 τῆς
1739 184 1836 214 αὐτῶν

189 224 307 253 Arianos
330 233 441 262 quoque
455 226 693 262 Constantinopoli
713 228 843 264 degentes
863 230 979 267 quaestio

189 273 285 298 exorta
301 274 343 298 est
367 276 470 303 utrum,
487 275 636 307 antequam
663 271 751 301 Filius
774 278 864 309 esset,
891 275 978 310 siqui-

188 315 251 343 dem
267 315 344 343 illum
357 325 391 344 ex
406 317 491 344 nihilo
506 322 597 345 ortum
612 326 674 346 esse
685 319 822 347 alIirmant
832 340 839 351 ,
856 321 979 355 potuerit

188 359 263 388 Deus
282 361 413 396 appellari
439 361 528 390 Pater.
549 362 589 390 Ae
608 363 761 393 Dorotheus
780 366 908 400 quidem.
929 366 976 402 qui

188 404 336 433 Antiochia
351 407 458 435 accitus
474 408 502 436 in
518 408 607 436 locum
624 410 738 443 Marini,
754 411 864 439 Arianis
879 413 975 447 praesi-

188 449 286 483 debat,
301 457 362 478 cum
381 459 480 480 nomen
497 453 570 481 istud
587 455 731 482 relativum
750 456 804 490 sit,
824 461 973 492 antequam

187 494 275 524 Filius
295 497 476 531 subsisteret,
501 499 584 527 Deum
601 509 654 528 non
671 502 797 536 potuisse
812 503 904 531 vocari
922 503 975 530 Pa-

188 544 258 569 trem
273 543 472 577 pronuntiavit.
490 543 614 573 Marinus
629 554 692 574 vcro
710 549 881 576 contrarium
898 556 976 577 asse—

185 586 259 620 ruit,
274 591 301 614 et
316 588 426 617 Patrem
440 598 550 626 semper
566 599 627 620 esse
649 591 775 625 Patrem.
799 594 881 621 etiam
907 595 975 622 Filio

184 640 240 660 non
266 634 447 668 subsistente,
474 638 582 664 censuit
605 647 612 665 :
639 647 688 667 seu
717 641 790 674 quod
816 649 911 668 revera
937 641 975 668 ita

184 679 317 712 sentiret,
338 688 386 708 seu
402 682 466 716 quia
486 683 611 720 infensus
630 689 690 712 erat
711 685 865 719 Dorotheo,
882 688 928 722 qui
946 688 974 716 in

185 725 361 761 gubernanda
380 727 544 756 Arianorum
563 730 686 758 Ecclesia
710 732 762 766 ipsi
784 734 916 767 praelatus
931 743 976 762 es-

184 773 238 798 set.
254 769 330 799 ﬂanc
348 773 383 800 ob
411 781 523 802 causam
551 775 627 810 plebs
654 775 823 804 Arianorum
852 778 878 805 in
904 779 974 807 duas

184 821 277 851 partes
293 818 382 846 divisa
399 823 452 848 est.
468 820 593 855 Cumque
608 821 761 850 Dorotheus
778 831 831 850 una
849 831 911 853 cum
930 833 974 853 sc-

183 863 336 891 ctatoribus
357 864 434 895 suis.
461 865 488 892 in
516 866 641 894 ecclesiis
674 874 745 902 quas
782 874 969 905 occupaverat
988 857 1008 885 Β

183 913 373 942 permaneret,
387 909 414 937 hi
429 909 476 945 qui
491 907 555 937 cum
571 910 676 939 Marino
690 917 786 946 erant,
801 915 971 944 constructis

183 953 246 981 aliis
270 954 412 987 ecclesiis,
433 957 581 991 separatim
597 963 755 986 conventus
771 965 898 995 egerunt.
916 961 970 989 Vo-

183 998 321 1026 cabantur
335 1004 428 1028 autem
450 1001 496 1029 isti
518 1002 713 1039 Psathyriani,
740 1005 783 1033 vel
807 1005 968 1035 Gothorum.

181 1043 354 1080 Psathyriani
371 1047 500 1081 quidem,
525 1053 674 1084 propterea
697 1051 771 1086 quod
794 1051 970 1081 Theoctistus

180 1089 294 1125 quidam
310 1090 523 1128 Psathyropola,
548 1099 590 1122 est
606 1095 658 1123 hoc
672 1096 775 1131 Popani
800 1105 901 1133 genus,
920 1107 970 1134 pro

181 1135 232 1164 hac
253 1137 383 1172 opinione
406 1139 506 1166 acriter
520 1140 691 1176 decertaret;
711 1142 863 1172 Gothorum
885 1153 968 1180 vero,

179 1187 212 1206 eo
226 1180 299 1215 quod
321 1180 415 1209 Selina
440 1182 593 1212 Gothorum
614 1187 782 1222 episcopus,
808 1188 881 1217 idem
906 1197 969 1218 cum

179 1225 246 1259 ipsis
263 1227 388 1255 sentiret.
406 1227 508 1258 Omnes
533 1231 606 1259 enim
632 1235 830 1268 propemodum
856 1236 968 1265 barbari

179 1271 253 1298 hunc
268 1279 433 1307 sequentes,
449 1282 511 1302 cum
534 1276 596 1304 istis
621 1278 754 1307 collectas
776 1281 966 1311 celebrabant.

179 1317 278 1346 Salinae
293 1320 552 1356 quippeparebant
576 1323 774 1358 libentissime,
797 1331 895 1362 utpote
917 1329 965 1364 qui

177 1368 356 1396 amanuensis
378 1373 406 1395 et
434 1374 582 1398 successor
597 1369 694 1397 fuisset
710 1369 826 1407 Ulpbilae
844 1373 966 1409 ipsorum

176 1412 314 1448 quondam
332 1414 474 1450 episcopi,
493 1420 521 1444 et
538 1416 653 1445 idoneus
673 1423 747 1446 esset
763 1419 796 1446 ad
812 1420 965 1448 docendum

178 1459 307 1492 populum
324 1458 352 1486 in
378 1459 515 1494 ecclesia,
542 1469 598 1489 non
621 1462 711 1490 solum
734 1464 823 1498 patria
843 1465 965 1500 ipsorum

176 1504 268 1538 lingua
280 1523 288 1535 ,
304 1512 400 1532 verum
413 1506 495 1533 etiam
510 1506 615 1535 Graeca.
630 1508 766 1536 Ceterum
786 1510 859 1538 haud
880 1513 965 1541 multo

176 1553 239 1582 post
253 1553 315 1576 orta
330 1550 364 1577 de
379 1550 498 1585 primatu
516 1554 706 1581 controversia
732 1555 805 1582 inter
828 1555 965 1585 Marinum

176 1599 203 1621 et
220 1594 353 1630 Agapium
365 1615 372 1627 ,
388 1603 469 1631 quem
486 1596 609 1626 Marinus
623 1604 705 1627 sectae
720 1607 777 1628 sua:
789 1601 860 1635 apud
878 1601 968 1637 Ephe-

177 1647 238 1666 sum
253 1641 412 1676 episcopum
430 1643 627 1678 ordinaverat;
650 1653 666 1672 a
688 1653 718 1674 se
733 1646 849 1674 invicem
873 1656 968 1682 segre-

1029 233 1205 268 Ἐκκλησίας.
1221 233 1268 261 Ἐκ
1289 233 1392 269 ταύτης
1407 234 1434 260 δὲ
1450 233 1498 268 τῆς
1514 232 1604 264 αἰτίας
1614 252 1622 264 ,
1636 231 1677 263 εἰς
1695 230 1834 264 ἑκάτερον

1027 278 1149 314 διεκρίθη
1164 279 1195 306 τὺ
1209 279 1319 314 πλῆθος.
1338 279 1475 315 Δωροθέου
1494 280 1523 306 δὲ
1539 279 1587 305 σὺν
1600 278 1658 309 τοῖς
1677 275 1760 310 αὐτῷ
1777 284 1839 304 πέμ.

1028 324 1152 359 θομένοις
1161 325 1204 360 ἐφ’
1218 321 1255 352 ὧν
1267 326 1393 360 κατεῖχεν
1402 325 1553 361 εὺκτηρίων
1573 324 1656 350 οἴκων
1669 322 1834 358 μείναντος,

1027 368 1137 405 ἐτέρους
1154 370 1380 406 οἰκοδομήσαντες
1399 371 1424 398 οἱ
1450 370 1522 405 ἀμφὶ
1542 370 1684 405 Μαρῖνον,
1702 367 1760 402 ίδὶᾳ
1786 368 1834 393 ὲκ-

1027 414 1184 449 κλησίαζον,
1207 415 1431 451 Ἐπωνομάζοντο
1453 416 1481 442 δὲ
1496 415 1667 451 ψαθυριανοὶ
1685 415 1751 449 ἦτοι
1778 413 1833 439 τῶν

1026 460 1132 487 Γὸτθων
1148 469 1155 477 ⁸
1173 461 1203 488 τὸ
1222 462 1270 497 μὲν
1295 463 1335 489 ὃτι
1359 462 1518 493 Θεόκτιστός
1548 470 1591 493 τις
1613 458 1833 495 Ψαθυροπώλης

1026 507 1148 534 ποπάνου
1161 508 1189 534 δὲ
1202 508 1280 535 τοῦτο
1293 508 1324 535 τὸ
1341 506 1433 544 εἶδος),
1445 507 1593 544 προθύμως
1605 507 1693 542 ταύτῃ
1708 508 1746 541 τῇ
1765 506 1832 540 δόξῃ

1027 553 1179 581 συνίστατο.
1196 554 1300 581 Γότθων
1318 554 1358 586 δὲ,
1381 554 1475 581 καθότι
1492 555 1538 580 καὶ
1564 553 1677 584 Σελινας
1691 553 1706 579 ὁ
1721 551 1831 578 τούτων

1027 599 1185 632 ἐπίσκοπος,
1202 600 1303 636 ὁμοίως
1332 600 1468 632 ἐδόξαζεν.
1488 599 1782 633 Ἐπακολουθήσαντες
1801 597 1830 623 δὲ

1024 644 1111 679 τούτῳ
1122 645 1215 679 σχεδὸν
1227 646 1326 677 πάντες
1344 645 1487 681 βάρϐαροι,
1500 646 1548 671 σὺν
1563 645 1655 676 αὐτοῖς
1672 643 1829 678 ἐκκλησία-

1025 688 1080 721 ζον.
1097 690 1234 726 Πειθήνιοι
1249 690 1303 726 γὰρ
1317 691 1346 722 ὲς
1359 691 1393 717 τὰ
1409 691 1528 726 μάλιστα
1538 690 1577 724 τῷ
1589 689 1692 723 Σελίνῳ
1707 688 1828 723 ἐτύγχα-

1024 744 1079 767 νον,
1092 736 1246 771 ὑπογραφεῖ
1258 745 1287 762 τε
1303 736 1442 771 γενομένῳ
1455 737 1502 763 καὶ
1512 736 1627 770 διαδόχῳ
1638 735 1766 769 Οὐλφὶλα
1778 734 1828 760 τοῦ

1024 781 1090 816 παρ’
1121 781 1213 813 αὐτοῖς
1241 782 1497 816 ὲπισκοπήσαντος,
1524 781 1571 808 καὶ
1597 781 1644 807 ἐπὶ
1673 780 1829 815 ἐκκλησίας

1026 825 1109 860 ἱκανῷ
1132 825 1279 858 διδάσκειν,
1295 826 1326 852 οὐ
1348 826 1427 862 μόνον
1441 827 1512 853 κατὰ
1535 825 1585 862 τὴν
1601 827 1722 862 πάτριον
1735 825 1827 852 αὐτῶν

1024 869 1126 905 φωνὴν,
1141 869 1209 897 ἀλλὰ
1232 870 1285 906 γὰρ
1312 871 1359 897 καὶ
1380 870 1430 906 τὴν
1454 870 1600 906 Ἑλλήνων.
1621 871 1659 897 Οὐ
1686 869 1783 905 πολλῷ
1800 870 1828 897 δὲ

1024 915 1137 951 ὕστερον
1155 915 1287 951 διαφορᾶς
1298 917 1362 952 περὶ
1376 917 1522 952 προεδρίας
1538 917 1693 952 γενομένης
1706 916 1826 952 Mapin

1024 961 1092 997 πρὸς
1112 962 1253 996 Ἀγάπιον,
1267 963 1296 989 ὃν
1316 963 1464 989 ἐπίσκοπον
1481 962 1536 989 τῶν
1556 963 1586 989 ὲν
1608 962 1718 998 Ἐφέσῳ
1730 961 1826 997 ὁμοδό-

1023 1007 1077 1041 ξων
1093 1008 1280 1044 ἐχειροτόνησε
1291 1029 1299 1039 ,
1316 1009 1502 1044 διακριθέντες
1523 1009 1661 1044 ἀλλήλων,
1679 1008 1826 1044 μονονουχὶ

1023 1053 1091 1088 πρὸς
1115 1055 1185 1088 σφᾶς
1211 1054 1371 1090 ἐπολέμουν,
1388 1055 1584 1090 ὲπαμυνόντων
1610 1054 1739 1089 ’Δγαπίῳ
1770 1054 1825 1080 τῶν

1022 1099 1139 1126 Γότθων.
1157 1100 1204 1127 Ἐκ
1216 1100 1320 1136 ταύτης
1333 1100 1362 1127 δὲ
1378 1100 1428 1136 τῆς
1448 1100 1546 1133 αἰτίας,
1562 1100 1676 1134 λέγεται
1706 1099 1824 1130 πολλοὺς

1022 1143 1076 1170 τῶν
1087 1143 1179 1171 ὲνθὰδε
1194 1144 1343 1181 κληρικῶν,
1359 1145 1548 1180 μεμφομένους
1562 1145 1611 1180 τὴν
1625 1145 1681 1172 τῶν
1701 1145 1823 1180 ἡγουμέ-

1021 1198 1074 1216 νων
1103 1189 1272 1225 φιλοτιμίαν,
1299 1191 1332 1225 τῇ
1363 1190 1476 1217 καθόλου
1512 1190 1663 1225 Ἐκκλησία
1685 1191 1822 1225 κοινωνῆ-

1022 1242 1077 1261 σαι.
1092 1231 1156 1261 Ὧδε
1174 1235 1222 1270 μὲν
1239 1235 1374 1270 Ἀρειανοὶ
1386 1235 1435 1271 τὴν
1449 1235 1536 1272 ἀρχὴν
1553 1235 1760 1271 ἐχωρίσθησαν,
1774 1236 1822 1262 καὶ

1021 1281 1105 1308 εἰσέτι
1116 1280 1163 1308 νῦν
1177 1281 1206 1308 ὲν
1221 1279 1265 1313 αἷς
1285 1282 1337 1308 εἰσι
1358 1281 1487 1314 πόλεσιν,
1508 1281 1561 1317 ἰδίᾳ
1581 1281 1818 1316 ἐκκλησιάζουσι·

1019 1327 1083 1360 τοὺς
1109 1327 1138 1354 δὲ
1160 1327 1189 1355 ἐν
1212 1328 1571 1359 Κωνσταντινουπόλει,ὲπὶ
1596 1328 1748 1363 τριάκοντα
1773 1328 1820 1354 καὶ

1020 1372 1101 1399 πέντε
1123 1372 1194 1399 ἔτεσι
1211 1373 1396 1408 διενεχθέντας
1418 1373 1487 1409 πρὸς
1515 1374 1601 1407 σφᾶς,
1623 1374 1664 1405 εἰς
1688 1374 1819 1409 ὁμόνοιαν

1021 1417 1134 1453 ὕστερον
1151 1418 1270 1453 συνῆψεν
1295 1419 1424 1453 ὸμόδοξος
1446 1419 1484 1446 ὢν
1505 1420 1599 1451 αὐτοῖς
1611 1419 1732 1452 Πλινθᾱς
1748 1420 1818 1455 (55),

1020 1464 1090 1500 ἀνὴρ
1106 1464 1237 1496 ὑπατικὸς
1247 1464 1330 1491 ἵππου
1343 1472 1373 1490 τε
1388 1465 1435 1492 καὶ
1452 1465 1536 1500 πεζῆς
1551 1466 1682 1500 στρατιᾶς
1693 1465 1816 1500 ἡγεμὼν,

1018 1510 1204 1542 δυνατώτατος
1223 1509 1284 1536 τότε
1303 1511 1332 1536 ὲν
1356 1511 1413 1542 τοῖς
1440 1510 1586 1546 βασιλείοις
1605 1511 1740 1545 γεγονώς.
1762 1513 1818 1538 Καὶ

1018 1558 1058 1588 εἰς
1073 1557 1171 1583 ταύτὸν
1189 1556 1370 1589 συνελθόντες,
1391 1557 1558 1592 ἐψηφίσαντο
1573 1558 1610 1593 μή
1631 1567 1697 1585 ποτε
1713 1558 1816 1593 ταύτην

1017 1602 1067 1638 τὴν
1084 1602 1197 1637 ζήτησιν
1213 1602 1254 1634 είς
1269 1594 1383 1634 διάλεξιν
1397 1602 1485 1637 ἄγειν.
1503 1603 1558 1630 Καὶ
1574 1603 1609 1630 τὰ
1624 1604 1686 1638 μὲν,
1702 1602 1816 1639 ὕστερον

1020 1645 1070 1675 ὦδε
1085 1647 1186 1682 ἀπέϐη.

175 1685 248 1720 gati,
264 1686 366 1714 bellum
395 1689 600 1728 quodammodo
635 1691 708 1719 inter
733 1700 762 1720 se
783 1699 949 1728 gesserunt,
980 1694 1076 1723 Gothis
1103 1693 1205 1728 Agapio
1227 1693 1360 1720 auxilium
1388 1693 1554 1722 ferentibus.
1582 1694 1642 1727 Qua
1671 1695 1706 1723 de
1730 1701 1815 1721 causa

176 1733 278 1760 multos
293 1735 339 1768 qui
363 1734 419 1763 illic
439 1740 518 1764 erant
547 1738 672 1771 clericos,
701 1741 850 1774 praesulum
883 1749 997 1770 Suorum
1018 1742 1198 1769 ambiionem
1224 1741 1403 1774 damnantes,
1441 1741 1477 1769 ad
1502 1742 1637 1770 Ecclesiae
1671 1743 1814 1770 catholica

175 1780 393 1807 communionem
416 1783 560 1811 transiisse
585 1784 689 1812 ferunt.
721 1785 799 1814 llunc
827 1787 854 1815 in
881 1789 992 1816 modum
1004 1788 1099 1815 Ariani
1131 1788 1203 1815 inter
1220 1794 1250 1815 se
1278 1787 1398 1822 primum
1423 1787 1505 1816 divisi
1527 1793 1608 1829 sunt,
1634 1794 1662 1816 et
1681 1790 1716 1816 ad
1742 1790 1814 1816 hunc

174 1831 260 1859 usque
275 1825 348 1853 diem
384 1827 411 1854 in
433 1827 466 1855 iis
482 1837 550 1863 quas
576 1830 701 1858 incolunt
722 1831 880 1862 civitatibus
899 1834 1045 1869 separatim
1061 1833 1239 1867 colliguntur.
1257 1833 1311 1861 Eos
1328 1841 1393 1861 vero
1405 1833 1453 1868 qui
1475 1838 1541 1862 sunt
1556 1825 1812 1871 constantinopoli,

173 1877 235 1898 cum
265 1872 386 1907 quinque
409 1881 441 1900 ac
476 1875 588 1910 triginta
615 1883 751 1905 annorum
779 1879 868 1914 spatio
906 1880 978 1907 inter
1005 1887 1036 1907 se
1067 1879 1282 1911 dissensissent.
1309 1879 1337 1906 in
1367 1879 1543 1907 concordiam
1576 1885 1672 1915 postea
1705 1880 1813 1908 reduxit

173 1914 293 1948 Pliutha,
317 1925 351 1945 ex
383 1919 516 1952 consule,
544 1921 675 1956 magister
708 1923 853 1958 utriusque
885 1925 999 1958 militiae,
1018 1924 1065 1960 qui
1088 1928 1146 1951 tum
1171 1924 1303 1959 temporis
1329 1924 1357 1952 in
1388 1925 1490 1960 palatio
1516 1925 1665 1960 plurimum
1692 1932 1809 1963 poterat.

172 1962 261 1998 Atque
291 1964 331 1991 illi
363 1973 427 1993 mox
454 1966 481 1993 in
507 1975 594 1994 unum
620 1971 794 2004 congregati,
820 1971 1008 2000 decreverunt
1041 1972 1183 2000 communi
1217 1971 1365 2008 sulIragio,
1396 1979 1431 1999 ne
1463 1973 1527 2007 quis
1548 1981 1670 2009 unquam
1703 1974 1738 2002 de
1762 1974 1810 2001 hac

172 2011 321 2047 quastione
345 2012 508 2048 disputaret.
537 2014 570 2042 Et
594 2016 651 2044 haec
671 2017 783 2052 quidem
808 2023 904 2054 postea
918 2019 991 2047 hunc
1010 2018 1114 2047 exitum
1135 2018 1303 2047 habuerunt.

428 2070 510 2107 θοι
529 2071 606 2100 CAP.
621 2072 704 2101 xvu.

173 2124 312 2158 Quomodo
329 2125 475 2153 Novatiani
486 2128 569 2154 aliam
582 2128 705 2156 Iiwresim
713 2149 720 2161 ,
734 2129 961 2158 Sabbatianorum

207 2161 325 2201 scilicet,
338 2161 502 2201 ερηῆαηιιιςζ
522 2163 587 2201 Item
599 2164 631 2201 4e
645 2165 745 2200 synodo
760 2166 835 2201 apud
859 2165 963 2201 Sanga-

208 2202 280 2228 rum,
296 2200 321 2222 et
339 2195 371 2222 de
396 2196 462 2230 festo
475 2197 517 2224 die
530 2198 644 2226 Paw/iw
655 2195 733 2235 [onga
747 2195 888 2236 digressio.

229 2291 358 2327 Ejusdem
392 2293 569 2328 imperatoris
606 2298 776 2333 temporibus
812 2299 958 2329 Novatiani

170 2345 280 2373 quoque
294 2338 328 2366 de
343 2338 468 2367 Paschali
491 2339 563 2368 festo
586 2341 658 2369 inter
681 2351 712 2371 se
731 2344 898 2374 dissidentes
910 2346 952 2373 al-

169 2388 256 2412 teram
275 2390 389 2420 sectam,
417 2394 513 2414 eorum
543 2388 591 2423 qui
627 2389 790 2419 Sabbatiani
816 2392 958 2427 dicuntur,

1307 2074 1432 2103 ΚΕΦΑΛ.
1457 2076 1512 2103 Iﬂ'.

1014 2131 1076 2159 ὀτι
1096 2131 1146 2168 καὶ
1168 2132 1348 2159 Ναυατιιινοὶ
1363 2132 1467 2166 ἑτέραν
1489 2134 1608 2168 αἵρεσιν
1623 2133 1685 2161 τῶν
1701 2137 1808 2164 Σαεεα.

1049 2167 1160 2206 τιᾳγῶν
1184 2167 1433 2206 σηῖεστήσᾳντος
1449 2169 1498 2206 καὶ
1521 2169 1717 2206 ἶγιειοὶμτ-ῆςγέν
1738 2173 1809 2206 Σαγ-

1085 2211 1129 2242 pg)
1138 2201 1278 2242 _0'mf660v
1288 2211 1295 2218 '
1307 2203 1360 2242 θεαὶ.
1369 2203 1435 2237 περὶ
1446 2203 1501 2238 τῆς
1515 2201 1623 2238 ἑορτῆς
1632 2201 1688 2232 ¹ἑοῦ
1703 2201 1807 2242 Πάσχα

1069 2236 1292 2272 ιεξοδικώτερον
1313 2237 1464 2272 διήγησις.

1056 2305 1117 2332 Ἐπὶ
1135 2304 1163 2331 δὲ
1180 2305 1230 2340 τῆς
1251 2305 1392 2340 παρούσης
1402 2306 1561 2342 ἡγεμονίας,
1576 2307 1625 2334 καὶ
1640 2308 1807 2337 Ναυατιανοὶ

1014 2350 1083 2386 πρὸς
1095 2351 1165 2384 σφᾶς
1178 2350 1360 2386 διενεχθέντες
1380 2353 1444 2388 περὶ
1460 2353 1510 2388 τῆς
1529 2353 1690 2388 Πασχαλίας
1703 2355 1805 2391 ἑορτῆς,

1013 2396 1109 2431 ἑτέραν
1133 2396 1238 2432 αἵρεσιν
1262 2397 1316 2424 τῶν
1339 2398 1518 2434 καλουμένων
1537 2399 1736 2428 Σαϐὅατιανῶν
1750 2410 1806 2429 συν-

765 2482 900 2512 VALESII
918 2483 1194 2514 ANNOTATIONES.

205 2563 267 2603 (35)
287 2566 429 2603 "profic.
453 2567 503 2596 Hic
519 2573 560 2596 est
579 2568 701 2603 quicum
724 2569 849 2598 Monaxio
861 2572 959 2600 consul

170 2598 222 2635 fuit
238 2607 311 2628 anno
325 2598 430 2630 Natalis
457 2598 594 2631 Dominici
609 2605 671 2632 M9.
699 2605 800 2633 Nescio
828 2598 871 2633 ani
887 2598 958 2635 idem

169 2634 215 2661 ille
236 2636 289 2675 sit",
311 2637 425 2675 dequo
442 2638 616 2675 Marcellinus
638 2639 738 2667 Comes
765 2641 791 2668 in
816 2634 958 2675 Chronico,

169 2676 242 2697 anno
256 2670 358 2699 Christi
375 2670 439 2704 “8.
452 2674 487 2699 ita
503 2674 598 2700 scribit
618 2683 625 2702 :
647 2674 758 2702 Plintha
773 2684 860 2704 comes
875 2670 960 2704 idem;

168 2712 218 2738 que
233 2705 355 2742 rebellio,
378 2709 448 2741 apud
466 2708 640 2736 Palwslinam
666 2711 829 2742 provinciam
860 2712 958 2739 deletus

167 2744 220 2780 est.
243 2741 386 2780 Quomodo
410 2744 483 2780 enim
502 2745 600 2780 consul
621 2753 682 2772 esse
697 2747 783 2780 potuit
806 2754 880 2773 anno
896 2747 957 2777 419,

169 2776 193 2816 si
215 2776 447 2816 superiore__anno
467 2778 573 2806 deletus
589 2779 678 2816 fuerat
695 2776 776 2816 atque
791 2776 958 2816 oppressus?

170 2809 224 2851 éut
241 2809 327 2851 igitur
349 2812 494 2840 dicendum
517 2818 558 2851 est
587 2809 835 2842 Pliutham'illuiii'
855 2817 901 2851 qui
927 2817 954 2843 in

171 2842 317 2873 Palmstina
335 2854 379 2875 res
393 2854 477 2876 novas
492 2849 603 2877 molitus
624 2854 666 2877 est
690 2857 762 2878 anno
781 2851 844 2886 418,
864 2842 954 2880 inter:

1013 2582 1073 2602 sum
1101 2583 1163 2603 esse
1191 2583 1206 2602 a
1234 2575 1345 2615 Pllntha
1370 2575 1486 2602 consule
1504 2581 1516 2615 γι
1533 2577 1593 2615 __aut
1614 2573 1800 2615 Marcellinum

1008 2610 1200 2638 ‘(lel’ectionem
1225 2611 1287 2644 eius
1304 2618 1446 2651 perperam
1470 2609 1692 2651 retulisse_anno
1706 2610 1802 2651 Christi

1013 2645 1076 2680 MS.
1097 2646 1155 2672 Nisi
1172 2645 1244 2673 forte
1258 2644 1383 2673 dicamus
1406 2645 1543 2680 Plinthain
1575 2644 1730 2673 rebellasse
1747 2646 1802 2680 qui-

1014 2679 1075 2719 dem
1089 2680 1120 2719 in‘
1132 2680 1278 2719 Pahgstina
1290 2689 1362 2719 anno
1373 2680 1478 2719 Christi
1494 2679 1557 2719 Mt},
1573 2679 1734 2719 victumque
1748 2688 1800 2719 esse

1014 2722 1028 2741 a
1047 2715 1164 2743 ducibus
1180 2715 1346 2748 Theodosii;
1363 2715 1411 2743 sed
1434 2723 1496 2742 cum
1518 2715 1590 2741 vires
1607 2715 1710 2742 iterum
1725 2716 1799 2743 colle-

1014 2750 1109 2782 gisset,
1126 2758 1220 2785 pacem
1238 2759 1299 2778 eum
1316 2759 1349 2778 co
1363 2751 1475 2781 factum,
1499 2753 1526 2777 et
1538 2751 1704 2777 consulatus
1719 2751 1795 2777 hono-

1013 2792 1069 2811 rem
1088 2786 1112 2812 ei
1127 2784 1256 2813 delatum
1274 2793 1336 2814 esse
1351 2794 1366 2813 a
1382 2785 1517 2821 principe.
1537 2784 1630 2821 Atque
1649 2785 1724 2813 hanc
1741 2794 1797 2814 sen-

1012 2821 1125 2849 tentiam
1142 2821 1278 2849 veriorem
1297 2825 1375 2857 puto.
