1883 3069
98 135 175 166 1469

579 134 744 164 HISTORIA
762 132 1043 162 ECCLESIASTICA.
1065 149 1099 156 η-
1118 135 1184 163 Ι.ΙΒ.
1206 136 1263 164 VII.

1673 135 1747 184 M70_

93 197 271 232 ιστήσαντο.
286 195 435 228 Σαϐϐάτιος
442 195 496 231 γὰρ
516 195 702 232 πρεσϐύτερος
713 195 765 222 ὑπὸ
777 195 905 230 Μαρκια-

975 194 1136 222 ondiderunt
1149 196 1168 224 '.
1178 195 1246 223 Nam
1264 195 1412 224 Sabbatius
1421 196 1469 232 qui
1481 204 1496 223 a
1506 195 1649 224 Marciano
1665 184 1745 232 pres;

94 241 146 269 νοῦ
161 242 385 277 χειροτονηθεὶς,
401 241 460 276 ἃμα
473 241 625 276 Θεοκτίστῳ
639 242 688 268 καὶ
700 239 836 276 Μακαρίῳ
848 241 905 272 τοῖς

96 287 368 323 συμπρεσσυτέροις
388 287 520 321 ἑπόμενος
539 287 595 319 τοῖς
612 287 641 314 ἐν
658 286 831 322 ῐΙαζουκώμῃ
845 294 907 313 συν-

96 332 274 369 εληλυθόσιν
289 334 335 359 ἐπὶ
352 333 403 367 τῆς
414 332 564 364 οὑάλεντος
585 332 834 368 βασιλείας,ὴξίουν
849 332 908 367 ἅμα

95 380 159 410 τοῖς
177 379 324 411 Ἰουδαίοις
335 378 391 413 (56)
408 378 458 413 τὴν
472 378 517 404 τοῦ
538 379 634 413 Πάσχα
653 379 749 414 ἐορτὴν
761 378 905 405 ἐπιτελεῖν.

103 424 253 456 ’Δποστὰς
273 425 301 451 δέ
320 424 371 458 τῆς
390 423 563 459 Ἐκκλησίας,
575 424 609 451 τὰ
626 424 674 459 μὲν
689 424 795 460 πρῶτα,
807 424 845 459 πῆ
859 424 907 459 μὲν

95 469 255 504 ἀσκήσεως
267 468 360 500 ἕνεκα,
376 469 474 503 ἄριστα
490 469 543 503 γὰρ
556 469 642 501 ἐϐίου,
653 468 693 504 πῆ
707 468 736 494 δέ
748 477 824 500 τινας
838 469 907 494 ὑπο-

97 515 174 540 νοεῖν
191 512 326 546 ἀναξίους
344 513 485 545 κοινωνίας
506 513 673 548 μυστηρίων,
691 513 908 548 ἐσκήπτετο.Ὢς

97 559 128 586 δέ
146 559 280 593 ἐγεγόνει
303 559 384 594 δῆλος
399 558 568 594 νεωτερίζων
580 579 587 592 ,
602 559 742 594 ἐμέμφετο
757 559 806 593 μὲν
827 559 909 593 Μαρ-

98 605 200 636 κιανὸς
218 605 273 640 τὴν
290 605 332 631 ἐπ’
346 604 420 640 αὐτῷ
437 604 617 640 χειροτονίαν·
633 604 744 638 ἄμεινόν
763 612 792 630 τε
814 601 847 639 ἦν
862 604 908 631 ἐπὶ

99 650 233 682 ἀκάνθας
249 650 408 685 ἐπιτεθῆναι
430 649 480 681 τὰς
494 651 588 685 χεῖρας
598 649 631 684 ,ἢ
650 649 693 676 ἐπ’
708 649 908 681 αὺτὸν,πολλά-

99 705 159 727 κις,
171 695 272 732 φησιν,
282 694 389 721 ἀνεϐόα.
399 696 476 721 Διατε
481 695 615 730 μνομένην
629 694 656 721 δὲ
666 693 739 729 αὐτῷ
754 695 803 730 τὴν
810 695 909 730 ἐκκλη-

101 739 165 766 σίαν
188 739 232 770 είς
247 738 341 773 ἕτερον
355 738 455 774 πλῆθος
477 738 557 774 ὁρῶν,
569 738 747 765 συνεκάλεσεν
765 739 909 774 ὁμοδόξους

100 784 282 816 ἐπισκόπους
294 785 333 815 είς
349 784 501 818 Σάγγαρον.
517 784 623 819 Χωρίον
634 784 662 810 δέ
679 783 756 810 τοῦτο
771 784 907 816 Βιθυνίας,

101 830 155 856 οὐκ
174 829 236 856 ἀπὸ
265 829 363 857 πολλοῦ
393 830 604 861 Ἐλενουπόλεως
627 830 673 856 ἐπὶ
697 831 747 865 τῆς
771 830 908 865 θαλάσσης

101 875 251 911 κείμενον.
274 875 357 902 Ἔνθα
373 875 404 910 δὴ
421 875 602 907 συνελθόντες,
615 876 827 911 μετεκαλέσαντο
837 877 908 902 Σαϐ-

104 919 215 947 ϐἁτιον.
248 919 325 946 Ἐπεὶ
346 919 374 946 δὲ
394 920 444 954 τῆς
463 919 550 955 λύπης
572 921 621 956 τὴν
641 921 730 947 αἰτίαν
748 921 909 956 ἁπαιτηθεὶς

104 965 214 1000 λέγειν.
231 966 363 1001 ἐπῃτιᾶτο
379 965 427 1000 τῆς
438 966 531 1001 ἑορτῆς
551 966 581 992 τὸ
592 966 728 1001 διάφορον,
743 967 910 1001 ὑπονοήσαν-

105 1019 154 1042 τες
179 1011 270 1047 ἔρωτι
292 1010 438 1047 προεδρίας
455 1011 517 1037 τάδε
534 1011 615 1038 αὐτὸν
633 1011 810 1046 σκήπτεσθαι,
828 1011 909 1046 ὅρκον

106 1057 263 1093 ἁπῄτησαν
288 1057 325 1088 ὡς
353 1056 506 1091 ἐπισκοπὴν
528 1057 578 1083 οὐκ
598 1056 630 1083 ἂν
652 1056 737 1083 ἓλοιτό
762 1065 838 1085 ποτε.
855 1057 908 1084 Τοῦ

105 1102 136 1128 δὲ
159 1102 228 1129 τάδε
255 1102 400 1137 ἐνωμότως
427 1102 656 1137 ὁμολογήσαντος,
672 1102 846 1137 λογισάμενοι
871 1102 909 1139 μὴ

107 1147 268 1183 ἀξιόχρεων
283 1145 353 1174 εῖναι
371 1147 472 1182 ταύτην
487 1147 536 1181 τὴν
546 1146 634 1173 αἰτίαν
650 1147 689 1178 είς
703 1146 840 1182 χωρισμὸν
854 1155 910 1173 κοι-

107 1193 224 1225 νωνίας,
236 1194 361 1225 ἅπαντας
381 1193 430 1227 μὲν
445 1193 568 1227 ὁμονοεῖν
582 1193 628 1219 καὶ¹
644 1193 702 1226 ἅμα
717 1191 910 1227 ἐκκλησιάζειν

110 1239 303 1275 ἐψηφίσαντοι
321 1239 437 1265 ἕκαστον
461 1238 490 1265 δέ
510 1234 527 1275 ᾖ
551 1237 584 1265 ἃν
612 1238 686 1273 αὐτῷ
710 1238 793 1274 δοκῇ,
808 1238 910 1274 ταύτην

109 1287 162 1318 τὴν
177 1286 279 1321 ἐορτὴν
290 1285 433 1312 ἐπιτελεῖν.
442 1285 497 1312 Καὶ
511 1285 610 1312 κανόνα
625 1285 688 1319 περὶ
702 1285 796 1311 τούτου
808 1285 907 1318 ἔθεντο,

109 1333 140 1360 ὃν
151 1331 302 1366 ἀδιάφορον
317 1331 507 1366 ἐπωνόμασαν.
522 1330 578 1357 Καὶ
589 1330 622 1356 τὰ
635 1330 685 1365 μὲν
699 1327 749 1357 ὧδε
766 1330 837 1363 ἔδοξε
853 1331 910 1362 τοῖς

110 1378 142 1405 ἐν
167 1378 306 1412 Σαγγάρῳ
329 1376 515 1404 συνελθοῦσινέ
533 1375 578 1408 Ἐξ
600 1375 703 1403 ἐκείνου
717 1376 745 1402 δέ
761 1376 911 1408 Σαϐϐάτιος

111 1425 170 1455 τοῖς
188 1423 328 1455 Ἰουδαίοις
336 1423 477 1458 ἑπόμενος,
487 1423 512 1449 εί
524 1422 561 1457 μὴ
569 1421 639 1448 κατὰ
650 1422 747 1448 ταύτὸν
760 1422 910 1458 συνηνέχθη

111 1470 224 1502 πάντας
238 1469 315 1503 ἄγειν
332 1469 381 1504 τὴν
396 1468 502 1504 ἑορτὴν,
519 1468 628 1502 φθάνων
638 1468 675 1500 ὡς
691 1467 749 1500 ἔθος
764 1469 909 1503 ἐνήστευε,

958 243 1036 278 byter
1056 244 1199 272 ordinatus
1226 244 1326 277 fuerat,
1351 252 1405 272 una
1433 252 1495 271 cum
1525 244 1683 272 Theoctisto
1715 247 1745 271 et

958 287 1078 316 Macario
1095 290 1328 326 compresbyteris
1338 310 1346 322 ,
1362 297 1480 325 sequens
1495 290 1635 317 decretum
1648 296 1744 316 eorum

958 334 1004 368 qui
1022 333 1143 362 Valentis
1162 331 1316 370 principatu
1341 336 1368 362 in
1382 335 1534 362 Pazucome
1548 337 1743 367 convenerant,-

958 379 1058 406 festum
1066 379 1180 407 Pascha:
1193 380 1265 408 diem
1278 388 1340 407 cum
1354 380 1455 408 Judais
1473 380 1670 408 celebrandum
1683 388 1745 408 esse

958 424 1153 455 contendebat.
1173 424 1296 460 Cumque
1307 425 1341 452 ab
1366 425 1488 453 Ecclesia
1504 425 1677 457 recessisset,
1692 425 1746 452 ini-

959 469 998 497 tio
1017 470 1127 504 quidem
1165 471 1340 498 abstinentiae
1371 474 1399 498 et
1432 471 1562 498 arctioris
1592 471 1746 505 disciplima

958 523 1063 549 causa,
1086 516 1193 544 vivebat
1219 518 1293 544 enim
1322 517 1519 550 sanctissime,
1544 520 1572 544 et
1601 522 1745 551 propterea

959 562 1033 597 quod
1046 562 1235 597 suspicaretur
1253 563 1387 598 quosdam
1407 562 1604 590 communione
1617 563 1746 597 indignos

959 614 1032 638 esse,
1047 607 1252 634 seahscessisse
1270 607 1427 634 simulabat.
1449 605 1500 634 Ubi
1516 614 1582 634 vero
1592 607 1747 642 deprehen-

959 660 1020 680 sum
1034 655 1078 679 est
1091 659 1152 679 eum
1171 659 1216 679 res
1229 659 1312 679 novas
1325 652 1440 687 agitare,
1457 651 1615 680 Marcianus
1634 653 1746 688 quidem

959 698 994 725 de
1003 698 1178 725 ordinatione
1193 697 1268 724 illius
1285 698 1466 732 querebatur.
1493 698 1532 725 Ac
1545 705 1744 733 saepenumero,

959 746 990 770 ut
1001 743 1095 774 aiunt,
1114 742 1270 770 exclamare
1288 742 1388 769 solitus
1408 746 1484 775 erat,
1507 743 1596 770 satius
1613 742 1699 770 fuisse
1716 746 1746 769 ut

960 795 1043 822 super
1057 786 1164 822 spinas,
1180 793 1263 821 quam
1290 791 1319 813 ut
1333 794 1416 821 super
1439 790 1521 822 caput
1534 787 1609 814 illius
1626 806 1633 818 ,
1649 794 1746 814 manus

959 832 1122 867 imponeret.
1151 831 1220 858 Cum
1244 836 1335 859 autem
1350 831 1481 860 Ecclesia!
1505 840 1562 860 suae
1576 833 1705 868 populum
1719 832 1746 859 in

959 877 1027 905 duas
1039 882 1131 912 partes
1143 877 1265 904 divisum
1279 877 1382 904 videret
1395 896 1403 908 ,
1430 881 1512 905 secta:
1527 885 1583 905 suae
1599 878 1746 912 episcopos

960 922 1112 958 Sangarum
1123 923 1297 950 convocavit.
1315 922 1364 950 Est
1389 922 1435 950 hic
1460 923 1539 950 locus
1555 923 1583 950 in
1608 922 1746 957 Bithynia.

960 969 994 995 ad
1008 975 1083 995 mare
1099 968 1170 996 situs
1186 967 1260 995 haud
1273 967 1370 1003 procul
1394 966 1565 1002 Helenopoli.
1588 967 1648 994 illic
1663 968 1749 1002 igitur

959 1013 1132 1048 congregati,
1150 1012 1310 1039 Sabbatium
1329 1015 1489 1039 accersunt.
1506 1011 1559 1043 Qui
1570 1011 1668 1044 jussus
1679 1018 1748 1038 cau—

959 1065 1018 1086 sam
1038 1058 1141 1085 doloris
1166 1058 1210 1086 sui
1231 1057 1337 1089 dicere,
1357 1063 1421 1084 cum
1441 1056 1660 1091 discrepantiam
1684 1056 1748 1083 festi

960 1104 1102 1138 allegaret,
1114 1103 1248 1138 suspicati
1277 1103 1400 1138 episcopi
1416 1109 1479 1129 eum
1503 1101 1682 1137 episcopatus
1697 1109 1749 1129 cu-

960 1149 1076 1185 piditate
1093 1149 1207 1178 ductum
1232 1149 1286 1178 ista
1311 1152 1472 1184 praetexere,
1491 1147 1687 1182 jusjurandum
1714 1147 1749 1174 ab

959 1194 1007 1222 illo
1020 1197 1179 1229 exegerunt,
1191 1194 1266 1229 quod
1279 1193 1470 1228 episcopatum
1495 1198 1638 1226 nunquam
1654 1198 1750 1218 susce-

959 1244 1058 1276 pturus
1074 1244 1159 1268 esset.
1184 1239 1212 1267 ιιι
1238 1247 1301 1267 cum
1327 1239 1374 1267 ille
1396 1238 1560 1273 interposita
1584 1236 1749 1265 sacramenti

960 1285 1014 1312 ﬁde
1029 1284 1210 1320 promisisset,
1229 1284 1270 1311 illi
1295 1291 1406 1311 causam
1426 1283 1498 1310 hanc
1523 1289 1578 1310 non
1602 1281 1670 1310 satis
1693 1281 1751 1309 ido-

960 1337 1040 1357 neam
1057 1336 1119 1357 esse
1130 1328 1258 1356 arbitrati
1278 1328 1313 1356 ob
1328 1335 1409 1363 quam
1426 1327 1586 1355 communio
1604 1326 1751 1354 divellere-

960 1379 1016 1408 tur,
1040 1375 1221 1403 decreverunt
1242 1377 1273 1401 ut
1293 1381 1390 1401 omnes
1411 1373 1522 1408 quidem
1543 1373 1614 1400 inter
1629 1379 1660 1400 se
1684 1379 1751 1399 con-

960 1421 1104 1454 sentirent,
1117 1424 1144 1448 et
1158 1420 1289 1448 collectas
1307 1426 1361 1446 una
1383 1419 1575 1451 celebrarent,
1590 1417 1743 1452 unusquis-

960 1474 1015 1502 que
1025 1473 1090 1494 vero
1104 1473 1155 1502 pro
1171 1473 1222 1493 suo
1237 1464 1374 1492 arbitratu
1390 1463 1491 1491 festum
1506 1463 1579 1490 diem
1597 1464 1750 1497 perageret.

112 1516 163 1543 καὶ
180 1515 244 1542 καθ’
262 1515 357 1541 ἑαυτὸν
380 1514 425 1541 διὰ
439 1513 494 1541 τῶν
515 1513 714 1549 νενομισμένων
741 1513 862 1541 ἐπετέλει
879 1513 910 1540 τὺ

975 1514 1053 1549 anue
1071 1512 1104 1541 de
1120 1520 1150 1540 re
1166 1508 1300 1540 cano'nem
1318 1510 1503 1546 scripserunt,
1518 1516 1600 1544 quem
1621 1507 1752 1543 adiapho-

113 1561 227 1595 Πάσχα.
243 1560 287 1595 Τῷ
308 1559 336 1586 δέ
353 1559 486 1594 Σαϐϐάτῳ
502 1559 548 1593 ἀφ’
566 1558 683 1594 ἑσπέρας
696 1559 743 1585 ἐπὶ
757 1559 803 1585 τὸν
818 1558 910 1585 δέοντα

114 1606 215 1641 καιρὸν
235 1606 265 1632 ἐν
291 1605 428 1641 ἀγρυπνίᾳ
453 1605 501 1631 καὶ
516 1606 576 1636 ταῖς
597 1605 797 1639 προσηκούσαις
818 1605 910 1639 εὐχαῖς

115 1651 317 1686 διαγινόμενος1
329 1652 361 1686 τῇ
378 1651 442 1686 ἑξῆς
456 1651 548 1686 ἡμέρᾳ
561 1652 637 1685 κοινῇ
648 1651 729 1677 πᾶσιν
738 1650 910 1685 ἐκκλησίαζε,

115 1697 165 1723 καὶ
182 1697 238 1723 τῶν
255 1697 412 1731 μυστηρίων
437 1697 555 1731 μετεῖχε.
573 1696 627 1722 Καὶ
646 1696 680 1722 τὰ
698 1696 746 1730 μὲν
763 1696 869 1731 πρῶτα,
881 1691 912 1723 τὸ

116 1741 223 1776 πλῆθος
240 1741 383 1768 ἐλάνθανεν
398 1749 404 1755 ⁸
425 1741 462 1772 ὡς
477 1740 506 1766 δὲ
520 1740 558 1775 τῷ
575 1741 663 1775 χρόνῳ
682 1740 804 1767 ἐντεῦθεν
819 1741 912 1775 ἐπίση-

119 1795 171 1821 μος
202 1786 328 1820 ἐγένετο,
359 1785 473 1817 πολλοὺς
497 1787 559 1817 τοὺς
588 1785 734 1821 ζηλοῦντας
762 1785 840 1821 ἔσχε,
865 1785 913 1812 καὶ

119 1831 243 1866 μάλιστα
272 1830 380 1866 Φρύγας
412 1831 460 1857 καὶ
487 1830 629 1862 Γαλάτας,
648 1828 688 1862 οἷς
722 1830 836 1865 πάτριον
862 1827 912 1856 ὦδε

117 1875 169 1910 τὴν
199 1876 294 1911 ἑορτὴν
321 1876 422 1911 ταύτην
449 1876 592 1902 ἐπιτελεῖν.
610 1876 741 1911 ’Ὕστερον
765 1876 793 1902 δὲ
821 1877 860 1907 εἰς
883 1875 913 1902 τὸ

119 1920 261 1956 προφανὲς
281 1921 411 1953 ἀποστὰς,
429 1921 483 1948 τῶν
507 1921 581 1956 αὐτῷ
597 1922 764 1957 πειθομένων
786 1922 834 1957 τὴν
852 1923 914 1948 ἐπι-

121 1967 231 2003 σκοπὴν
258 1967 416 2001 ἀνεδέξατο,
433 1968 471 2000 ὼς
493 1969 522 1995 ἐν
551 1968 640 2004 καιρῷ
666 1967 810 2000 λελέξεται.
837 1969 914 2003 Ἐμοὶ

121 2013 150 2039 δέ
181 2012 331 2048 θαυμάζειν
357 2012 445 2040 ἔπεισι
470 2013 548 2040 τοῦδε
576 2014 623 2040 τοῦ
651 2013 766 2049 ἀνδρὸς,
784 2014 831 2042 καὶ
861 2014 915 2041 τῶν

122 2058 266 2093 ἑπομένων
293 2058 385 2093 αὐτῷ,
405 2059 446 2085 ὅτι
470 2059 532 2086 τάδε
556 2060 735 2094 ἐνεωτέρισαν
749 2068 756 2075 ·
783 2060 915 2095 Ἑϐραίων

123 2103 178 2130 τῶν
193 2103 295 2135 πάλαι,
314 2103 352 2135 ὡς
368 2104 469 2139 ἱστορεῖ
482 2104 611 2136 Εὐσέϐιος
626 2103 682 2139 (57)
694 2126 701 2137 ,
720 2105 772 2132 ὑπὸ
798 2105 915 2141 μάρτυσί

122 2156 153 2174 τε
167 2148 264 2175 Φίλωνι
278 2148 325 2175 καὶ
343 2148 467 2183 Ἰωσήπῳ
480 2168 488 2180 ,
505 2148 552 2175 καὶ
573 2149 780 2185 ’Δριστοόούλῳ,
796 2149 842 2176 καὶ
857 2149 915 2176 ἐτέ-

126 2203 183 2229 ροις
202 2195 337 2227 πλείστοις
349 2216 356 2227 ,
373 2195 444 2231 μετὰ
459 2195 568 2230 ἐαρινὴν
587 2195 730 2230 ἰσημερίαν
743 2196 776 2222 τὰ
790 2195 916 2232 διαϐατή-
930 2187 953 2215 D

127 2250 173 2276 ρια
187 2241 397 2277 θυόντων,ἡλίου
408 2242 439 2268 τὸ
452 2241 559 2277 πρῶτον
573 2241 808 2278 δωδεκατημόριον
818 2243 916 2278 τμῆμα

126 2287 273 2318 ὁδεύοντος,
281 2287 295 2313 ὃ
307 2288 382 2323 κριὸν
391 2288 520 2323 ’Έλληνες
533 2287 708 2322 ὀνομάζουσιν
719 2295 725 2302 '
737 2289 765 2315 ἐν
779 2287 916 2323 διαμέτρῳ

127 2332 154 2358 δέ
174 2333 221 2366 τῆς
251 2333 364 2367 σελήνης
381 2333 710 2368 τεσσαρεσκαιδεκαταίοις
733 2333 782 2368 τὴν
803 2333 916 2369 πορείαν

129 2378 302 2412 ποιουμένης.
312 2378 388 2404 Ἐπεὶ
401 2379 448 2404 καὶ
462 2379 538 2405 αὐτοὶ
548 2380 711 2405 Ναυατιανοὶ
724 2377 764 2410 οἷς
775 2379 916 2414 ἀκριϐείας

130 2423 216 2456 μέλει,
230 2423 422 2458 ἰσχυρίζονται,
436 2424 474 2455 ὡς
488 2424 548 2450 οὔτε
562 2425 662 2456 αὐτοῖς,
676 2423 736 2450 οὔτε
750 2424 788 2459 τῷ
803 2424 917 2460 ἀρχηγῷ

128 2468 176 2502 τῆς
193 2469 342 2503 αἱρέσεως,
366 2469 445 2496 τοῦτο
471 2470 602 2505 πρότερον
629 2468 662 2505 ἦν
684 2470 761 2502 ἔθος·
786 2471 844 2498 ἀλλ’
866 2471 917 2498 ὑπὸ

129 2513 184 2539 τῶν
218 2515 246 2540 ἐν
272 2515 444 2550 Παζουκώμῃ
473 2516 688 2550 συνεληλυθότων
717 2517 916 2552 ἐνεωτερίσθηι

131 2558 214 2585 ιίσέτι
227 2568 255 2585 τε
272 2560 318 2586 καὶ
341 2560 387 2586 νῦν
409 2561 437 2586 ὲν
455 2562 489 2596 τῇ
506 2562 679 2598 πρεσϐυτέρᾳ.
695 2562 789 2598 Ῥώμῃ
800 2583 807 2595 ,
824 2563 918 2599 ὁμοδό-

190 2615 268 2644 Socr.
281 2616 328 2644 lib.
351 2626 377 2650 ν,
392 2625 417 2645 c.
434 2617 479 2650 2i,
491 2616 538 2646 22.

961 1567 1012 1587 ron
1031 1559 1213 1594 appellarunt.
1235 1557 1268 1585 Et
1282 1557 1342 1584 haec
1365 1556 1477 1592 quidem
1493 1555 1605 1583 decreta
1630 1557 1695 1581 sunt
1717 1553 1752 1580 ab

962 1605 1017 1633 illis
1030 1605 1076 1640 qui
1101 1609 1158 1632 tum
1185 1602 1300 1639 Sangari
1330 1604 1527 1630 convenerant.
1555 1599 1663 1627 Exinde
1685 1604 1753 1626 vero

963 1651 1112 1679 Sabbatius
1132 1649 1242 1678 Judaos
1263 1652 1385 1682 secutus,
1412 1647 1466 1676 nisi
1491 1646 1564 1674 forte
1592 1644 1754 1679 contigisset

962 1701 992 1724 ut
1006 1704 1102 1724 omnes
1123 1696 1219 1724 eodem
1241 1699 1365 1730 tempore
1386 1693 1469 1722 simul
1495 1691 1602 1720 Pascha
1627 1690 1754 1718 celebra-

963 1747 1035 1774 rent,
1058 1743 1115 1777 ipse
1130 1741 1313 1777 praeveniens,
1329 1744 1360 1768 ut
1376 1740 1462 1768 moris
1485 1742 1538 1771 est,
1553 1736 1708 1773 jejunabat,
1726 1738 1755 1763 et

964 1789 1090 1824 privatim
1115 1787 1249 1815 solemnia
1277 1787 1404 1815 Mosaicae
1426 1786 1495 1821 legis
1513 1785 1675 1816 observans,
1702 1781 1755 1810 Pa-

964 1834 1029 1862 scha
1054 1833 1209 1868 peragebat.
1241 1831 1290 1859 Die
1315 1839 1380 1860 vero
1407 1830 1531 1862 Sabbati,
1552 1837 1567 1857 a
1590 1834 1703 1867 vespere
1720 1826 1755 1854 ad

964 1882 1097 1907 statutum
1118 1885 1206 1912 usque
1222 1880 1341 1912 tempus,
1360 1874 1462 1910 vigiliis
1477 1879 1505 1902 et
1518 1873 1609 1902 solitis
1623 1871 1756 1900 orationi-

965 1924 1015 1951 bus
1030 1930 1141 1952 vacans.
1162 1921 1288 1956 sequenti
1311 1921 1357 1948 die
1377 1920 1460 1948 simul
1475 1926 1540 1947 cum
1559 1918 1673 1953 reliquis
1695 1924 1756 1944 om-

965 1968 1047 1996 nibus
1064 1968 1092 1994 in
1110 1966 1256 1995 ecclesiam
1271 1965 1468 1996 conveniebat,
1481 1966 1509 1991 et
1523 1970 1603 1991 sacra
1623 1961 1753 1997 mysteria

965 2013 1145 2049 percipiebat.
1171 2011 1203 2039 Et
1228 2010 1308 2038 initio
1339 2009 1460 2045 quidem,
1486 2007 1690 2035 multitudinem
1717 2008 1756 2034 la-

966 2060 1019 2088 tuit
1038 2068 1045 2087 z
1065 2065 1213 2095 progressu
1234 2064 1302 2085 vero
1324 2054 1469 2090 temporis,
1486 2061 1548 2081 cum
1569 2060 1602 2080 ea
1623 2053 1657 2080 de
1672 2059 1756 2079 causa

969 2106 1088 2141 insignis
1101 2108 1185 2138 esset,
1210 2104 1312 2131 multos
1334 2102 1490 2129 imitatores
1510 2098 1617 2131 habuit,
1635 2105 1667 2126 ac
1688 2105 1756 2132 prae-

968 2153 1062 2181 sertim
1078 2151 1202 2187 Phrygas
1218 2153 1246 2177 et
1258 2149 1382 2178 Galatas.
1397 2147 1498 2182 quibus
1514 2144 1622 2187 patrius
1639 2151 1699 2171 mes
1714 2148 1757 2171 est

969 2199 1068 2226 festum
1087 2181 1202 2225 Pascha:
1219 2197 1256 2223 ita
1271 2181 1423 2223 celebrare.
1447 2181 1568 2220 Tandeui
1587 2198 1655 2218 vero
1666 2189 1756 2226 palam

966 2243 1109 2277 deﬁciens,
1132 2249 1226 2271 eorum
1243 2241 1291 2276 qui
1313 2238 1480 2268 sententiam
1503 2237 1592 2272 ipsius
1609 2235 1759 2271 sequeban-

966 2294 1022 2323 tur,
1039 2289 1230 2324 episeopatum
1248 2285 1378 2320 suscepit,
1393 2284 1466 2312 sicut
1477 2290 1528 2310 suo
1543 2282 1605 2309 loco
1622 2281 1771 2308 dicemusr

967 2335 1031 2364 Mihi
1052 2342 1118 2363 vero
1132 2333 1225 2361 mirari
1246 2331 1319 2360 subit
1341 2335 1396 2358 tum
1425 2328 1560 2355 hominem
1584 2327 1676 2359 istum,
1702 2331 1758 2351 tum

968 2389 1016 2410 eos
1028 2382 1074 2417 qui
1094 2380 1168 2407 illum
1198 2378 1294 2407 sectati
1311 2380 1384 2407 sunt,
1403 2382 1451 2401 cur
1471 2373 1541 2400 hanc
1555 2372 1701 2417 novitatem
1710 2371 1759 2417 in-

970 2415 1115 2456 duxerint:
1130 2433 1192 2453 cum
1212 2430 1318 2452 veteres
1336 2420 1451 2451 Hebraei,
1468 2418 1548 2454 305
1562 2421 1592 2444 ut
1611 2415 1697 2444 refert
1709 2415 1764 2442 Eu-

971 2475 1072 2506 sebius,
1100 2472 1232 2503 Philonis,
1258 2467 1380 2503 Iosephi,
1407 2463 1566 2497 Aristobuli,
1590 2462 1759 2495 aliorumque

971 2518 1152 2553 complurium
1177 2515 1316 2543 adducens
1342 2510 1539 2541 testimonium,
1562 2512 1623 2543 post
1646 2513 1759 2553 vernum

972 2550 1165 2599 aequinoctium
1199 2560 1304 2588 Pascha
1333 2556 1547 2587 immolaverint,
1576 2551 1688 2588 quando
1719 2550 1760 2579 sol

699 2695 884 2724 VARIORUM
902 2696 1181 2725 ANNOTATIONES.

171 2765 234 2801 (36)
249 2764 373 2797 Ἢξίυυν
392 2765 452 2799 ἅμα
470 2763 531 2798 τοῖς
552 2763 714 2795 Ἰουδαίοις.
734 2762 917 2790 Scribcndum

135 2808 176 2830 est
191 2800 277 2833 ἠξίου,
295 2805 323 2826 ιιι
341 2805 460 2834 :tppart-t.

190 2832 246 2869 (3'7)
264 2836 311 2868 Ὧι,-
322 2832 432 2870 ὶσὲορεῐ
446 2835 598 2867 Εὐσέϐιος.
610 2833 665 2860 [tuo
682 2832 825 2861 Anatolius
838 2832 910 2866 apud

975 2765 1123 2791 Eusebium
1143 2764 1171 2790 in
1187 2762 1257 2790 libro
1271 2761 1390 2797 scptimo
1404 2757 1534 2787 llistoria:
1548 2754 1754 2786 ecclesiastica,

971 2808 1032 2835 cap.
1047 2800 1092 2827 5‘2.
