1883 3069
79 169 150 198 1477

553 172 718 201 HISTORIA
738 171 1023 201 ECCLESIASTICA.
1036 171 1138 200 —LIB.
1152 171 1208 200 VII.

1654 171 1724 202 M78

79 229 279 266 πρεσϐύτερος
304 230 342 256 ὢν
354 250 362 262 ,
380 231 446 266 περὶ
464 230 511 258 τοῦ
534 231 671 267 δόγματος
697 232 882 268 διαλεγόμενος

974 230 1018 262 te,
1028 237 1078 258 nec
1088 231 1244 266 episcopus,
1261 237 1311 257 nec
1322 229 1391 258 alius
1406 229 1552 266 quisquam
1566 230 1594 258 in
1607 231 1724 259 ecclesia

80 271 370 311 évsméptosJEévsv
390 277 419 303 δὲ
447 277 557 304 κάκεῖνο
573 279 650 313 παρὰ
679 277 882 312 Ἀλεξανδρεῦσι

79 319 201 351 τούτοις.
232 321 512 357 ’Λναγινωσκομένων
538 323 593 358 γὰρ
615 323 669 350 τῶν
697 323 881 357 Εὐαγγελίων,

79 365 132 392 οὐκ
157 366 344 393 ἐπανίσταται
363 367 377 393 6
395 367 564 400 ἑπίσκοπος·
593 368 607 395 ὃ
633 368 698 404 παρ’
716 368 805 399 ἄλλοις
826 366 882 394 οὔτ’

81 410 183 444 ἔγνων,
196 410 257 438 οὒτ’
266 413 383 447 ἀκήκοα.
397 411 506 448 Ταύτην
519 413 547 440 δὲ
560 413 609 448 τὴν
624 413 700 449 ἱερὰν
713 413 802 448 βίϐλον
816 414 882 440 ἀνα-

81 456 218 490 γινώσκει
242 458 337 484 ὲνθὰδε
360 458 439 494 μόνος
462 459 476 485 6
497 459 685 493 ἀρχιδιάκονος
700 464 711 478 ι’
731 467 738 475 ·
762 458 839 494 παρὰ
854 459 882 485 δὲ

81 502 198 534 ἄλλοις,
226 503 368 530 διάκονον
394 504 423 531 ἐν
448 504 558 536 πολλαῖς
585 504 613 531 δὲ
643 505 836 540 Ἑκκλησίαις,
856 505 882 532 οἱ

83 549 169 584 ἱερεῖς
185 548 276 584 μόνοι.
301 550 346 576 Ἐν
361 549 390 576 δὲ
406 550 555 585 ἐπισήμοις
572 550 689 586 ἡμέραις
701 570 708 582 ,
726 551 880 584 ἐπίσκοποι,

81 593 121 625 ὡς
138 593 169 619 ἐν
184 595 476 621 Κωνσταντινουπόλει
495 594 565 621 κατὰ
579 595 628 630 τὴν
648 595 759 631 πρώτην
774 596 881 631 ἡμέραν

81 639 133 675 τῆς
150 640 344 676 άναστασίμου
365 640 421 675 (49)
438 641 545 676 ἑορτῆς.
560 641 616 668 Καὶ
639 641 688 677 τὴν
710 642 764 677 πρὸ
780 642 882 676 ταύτης

81 684 111 711 δὲ
137 685 317 721 καλουμένην
346 686 588 722 τεσσαρακοστὴν,
604 687 633 714 ὲν
660 684 677 724 ᾖ
701 687 825 722 νηστεύει
851 686 882 714 τδ

83 729 189 765 πλῆθος
199 750 208 763 ,
222 731 249 757 οι
266 730 316 766 μὲν
329 731 370 763 είς
389 730 419 764 ἓξ
435 730 585 766 ἐὸδομάδας
595 731 707 766 ἡμερῶν
718 731 880 765 λογίζονται,

82 774 121 806 ὡς
145 775 277 811 Ἰλλυριοὶ
293 776 341 802 καὶ
356 777 380 803 ol
399 776 469 811 πρὸς
481 776 558 803 δύσιν
569 797 576 809 ,
591 776 678 812 Λιὸύη
695 785 725 803 τε
740 778 816 804 πᾶσα
833 777 880 804 καὶ

81 819 227 853 Αἴγυπτος
242 821 292 847 σὺν
301 821 358 852 τοῖς
371 821 569 853 Παλαιστινοῖς.
585 821 616 848 Ol
635 821 674 854 δὲ,
693 821 763 848 ἑπτὰ
773 842 780 854 ,
793 821 830 853 ὡς
850 822 880 848 ὲν

80 866 390 899 Κωνσταντινουπόλει,
411 867 536 900 καὶ”τοῖς
561 867 643 903 πέριξ
668 867 775 900 ἔθνεσι,
797 868 879 903 μέχρι

80 912 228 939 Φοινίκων.
251 912 343 939 Ἄλλοι
357 912 404 945 δὲ,
431 915 506 949 τρεῖς
525 913 662 949 σποράδην
688 914 718 940 ὲν
741 914 801 945 ταῖς
813 913 876 949 ἐξῆ

81 958 154 984 ἑπτὰ
164 958 358 994 νηστεύουσιν,
378 959 409 985 Ol
424 958 463 990 δὲ,
480 959 538 994 ἃμα
559 960 634 995 τρεῖς
647 958 701 995 πρὸ
718 959 767 995 τῆς
780 959 878 994 ἑορτῆς

82 1003 273 1031 συνάπτουσιν
284 1012 291 1019 ·
305 1005 330 1031 οἱ
340 1004 379 1036 δὲ,
393 1004 450 1037 δύο,
465 1005 503 1036 ὼς
513 1006 537 1032 οἱ
551 1005 585 1032 τὰ
597 1005 737 1032 Μοντανοῦ
748 1004 879 1040 φρονοῦν-

81 1058 138 1080 τες.
153 1049 192 1076 οὐ
214 1050 271 1085 μὴν
281 1050 349 1077 ἀλλὰ
364 1051 412 1077 καὶ
430 1050 479 1077 τοῦ
496 1051 688 1086 ἐκκλησιάζειν
705 1051 755 1086 οὐχ
767 1051 781 1077 6
797 1049 879 1081 αὐτὸς

83 1094 159 1129 παρὰ
174 1095 250 1122 πᾶσι
270 1096 365 1131 καιρὸς
381 1096 397 1131 ἢ
413 1097 522 1132 τρόπος.
545 1096 653 1132 Ἀμέλει
671 1097 695 1123 οῖ
713 1096 762 1132 μὲν
778 1097 826 1123 καὶ
839 1096 878 1132 τῷ

82 1140 231 1176 Σαϐϐάτῳ,
249 1141 350 1176 ὁμοίως
365 1143 398 1177 τῇ
417 1143 466 1177 μιᾷ
486 1141 626 1169 Σαῦϐάτου
640 1142 876 1177 ἐκκλησιάζουσιν,

81 1186 120 1218 ὡς
136 1188 166 1213 ὲν
179 1187 486 1220 Κωνσταντινουπόλει,
498 1188 545 1215 καὶ
561 1188 654 1224 σχεδὸν
667 1188 804 1224 πανταχοῦ
817 1197 824 1204 ·
849 1189 878 1215 έν

88 1232 186 1269 Ῥώμῃ
205 1232 237 1259 δὲ
253 1233 300 1259 καὶ
325 1233 512 1269 Ἀλεξανδρείᾳ
522 1253 529 1266 ,
545 1233 636 1261 οὐκέτι
647 1241 654 1250 ε
667 1234 741 1270 παρὰ
754 1234 782 1261 δὲ
796 1235 878 1268 Δίγυ·

84 1277 176 1310 πτίοις
186 1278 216 1304 ὲν
236 1278 346 1310 πολλαῖς
359 1279 453 1306 πόλεσι
467 1279 513 1306 καὶ
526 1279 649 1314 κώμαις,
664 1280 739 1315 παρὰ
752 1279 784 1306 τὸ
801 1281 877 1315 κοινῇ

84 1323 153 1349 πᾶσι
172 1324 380 1359 νενομισμένον,
395 1324 464 1360 πρὸς
479 1325 599 1360 ἑσπέραν
614 1324 652 1360 τῷ
666 1325 798 1359 Σαϐϐάτῳ
816 1333 879 1351 συν-

85 1367 193 1400 ιόντες,
220 1369 400 1404 ἠριστηκότες
428 1369 497 1404 ἤδη,
538 1369 696 1405 μυστηρίων
724 1369 878 1405 μετέχουσι.

85 1413 141 1440 Καὶ
162 1414 260 1449 εὐχαῖς
276 1414 304 1441 δὲ
329 1415 376 1442 καὶ
403 1415 574 1450 ψαλμῳδίαις
595 1416 654 1447 ταῖς
668 1415 792 1451 αὐταῖςῆ
813 1416 879 1442 ἀνα-

85 1459 235 1495 γνώσμασι
248 1481 256 1493 ,
275 1461 346 1487 κατὰ
361 1461 407 1488 τὸν
430 1461 511 1488 αὐτὸν
531 1461 627 1497 καιρὸν
643 1461 698 1496 (50)
712 1481 719 1492 ,
734 1461 763 1488 οὐ
777 1461 880 1493 πάντας

86 1505 279 1540 κεχρημένους
292 1506 381 1541 εὑρεῖν
404 1506 489 1533 ἔστιν.
509 1506 586 1533 Οὕτω
608 1506 673 1541 γοῦν
685 1506 734 1542 τὴν
748 1506 880 1541 καλουμέ-

87 1558 136 1584 νην
158 1550 345 1586 ’Λποκάλυψιν
358 1551 474 1587 Πέτρου,
495 1551 533 1583 ὡς
554 1551 630 1578 νόθον
649 1551 788 1583 παντελῶς
811 1551 879 1587 πρὸς

936 275 1066 310 populum
1081 275 1170 302 docet.
1193 274 1245 302 Sed
1265 275 1335 310 apud
1350 275 1550 304 Alexandrinos
1565 275 1642 304 solus
1655 277 1724 304 civi~

935 319 1001 346 tatis
1023 319 1214 347 Alexandrinae
1243 320 1390 355 episcopus
1419 321 1608 348 concionatur.
1636 321 1723 354 Quam
1739 327 1752 330 “

933 365 1169 397 consuetudinem,
1182 373 1243 392 cum
1257 369 1336 393 antea
1348 373 1402 393 non
1415 365 1522 397 fuisset,
1539 367 1722 394 introductam

931 417 995 438 csse
1019 410 1120 443 lerunt,
1144 417 1176 438 ex
1197 417 1252 445 quo
1276 411 1358 438 Arius
1383 411 1524 447 presbyter
1544 411 1578 439 de
1597 411 1722 439 doctrina

931 455 994 483 ﬁdei
1009 455 1160 489 disserens,
1187 463 1259 483 nova
1284 455 1411 491 dogmata
1428 456 1540 484 invexit.
1568 457 1617 484 Est
1639 458 1722 484 etiam

932 501 1004 536 apud
1027 501 1229 529 Alexandrinos
1257 502 1309 529 hoc
1343 510 1444 529 novum
1473 507 1557 537 atque
1589 503 1720 531 insolens.

931 545 1000 572 Dum
1017 546 1090 573 enim
1109 546 1235 580 leguntur
1258 547 1416 582 Evangelia,
1441 555 1497 574 non
1525 549 1646 584 assurgit
1665 549 1723 584 epi-

931 599 1055 626 scopus:
1087 592 1170 626 308
1196 592 1269 627 quod
1293 596 1384 620 tamen
1416 594 1483 621 alibi
1503 601 1617 633 usquam
1651 594 1721 627 ﬁeri,

931 644 1020 672 neque
1044 637 1110 669 vidi,
1139 645 1228 672 neque
1247 638 1348 665 audivi.
1370 637 1404 665 Et
1429 638 1486 666 illic
1511 640 1620 674 quidem
1646 641 1722 668 solus

930 683 1140 711 archidiaconus
1167 690 1277 711 sacrum
1301 683 1377 710 illum
1405 684 1527 712 codicem
1552 686 1636 720 legit:
1657 686 1722 720 alibi

930 736 1005 760 vero,
1021 729 1151 762 diaconi;
1167 729 1195 756 in
1212 729 1306 756 multis
1321 734 1410 757 autem
1430 730 1570 762 Ecclesiis,
1586 731 1636 758 soli
1650 731 1721 759 dun-

930 778 1005 802 taxat
1021 774 1186 810 presbyteri.
1204 775 1310 802 Alicubi
1327 775 1354 802 in
1367 776 1513 810 prtecipuis
1527 776 1722 804 festivitatibus

929 820 1052 854 episcopi
1074 819 1187 854 legunt;
1215 824 1245 846 ut
1259 820 1496 856 Constantinopoli
1513 822 1600 857 primo
1612 822 1655 850 die
1673 822 1723 849 Pa-

931 865 1030 892 schalis
1048 863 1216 893 festivitatis.
1243 865 1486 901 Quadragesimam
1508 875 1573 895 vero
1594 876 1654 903 qua:
1672 868 1724 895 hoc

931 909 1030 938 festum
1042 911 1165 945 proxime
1179 912 1326 944 antecedit,
1347 913 1374 939 in
1396 920 1449 947 qua
1465 913 1582 948 populus
1597 914 1723 949 jejunare

931 956 1011 989 solet,
1032 957 1078 983 alii
1094 956 1205 991 quidem
1233 965 1280 985 sex
1297 958 1406 985 dierum
1429 959 1589 993 septimanis
1607 967 1722 995 compu-

928 1006 999 1036 tant,
1019 1007 1049 1030 ut
1072 1004 1157 1040 Illyrii
1177 1008 1204 1031 et
1223 1003 1426 1044 Occidentales,
1454 1008 1566 1040 totaque
1583 1005 1675 1033 Africa
1695 1009 1724 1033 et

929 1048 1064 1084 Egyptus
1081 1056 1112 1076 ac
1139 1049 1291 1077 Palaestina.
1319 1050 1373 1077 Alii
1398 1058 1462 1078 vcro
1489 1056 1592 1085 septem
1621 1051 1724 1079 Itebdu~

929 1094 1024 1123 madas
1039 1100 1215 1130 computant,
1237 1100 1265 1122 ut
1281 1096 1519 1132 Constantinopoli
1541 1101 1568 1125 et
1583 1105 1632 1132 per
1653 1105 1722 1126 cun‘

929 1141 1030 1168 ctasin
1047 1141 1165 1168 circuitu
1198 1141 1354 1176 provincias
1386 1150 1472 1177 usque
1498 1142 1532 1170 ad
1561 1142 1720 1171 Plitenicen.

929 1185 1061 1218 Nonnulli
1084 1193 1099 1213 e
1116 1193 1163 1214 sex
1183 1190 1230 1213 aut
1252 1191 1355 1222 septem
1374 1187 1430 1215 illis
1451 1187 1646 1220 hebdomadis,
1665 1192 1722 1216 tres

930 1239 979 1267 per
991 1232 1135 1259 intervalla
1150 1231 1292 1266 jejunant;
1307 1233 1355 1259 alii
1368 1236 1426 1261 tres
1437 1234 1519 1260 simul
1531 1233 1720 1261 hebdomadas

931 1276 1069 1305 Paschale
1099 1277 1201 1304 festum
1238 1278 1363 1311 proxime
1396 1278 1591 1306 antecedentes
1628 1280 1721 1306 conli-

931 1326 1044 1355 nuant;
1062 1321 1174 1357 quidam
1190 1321 1261 1349 duas
1277 1325 1397 1354 tantum,
1414 1327 1444 1350 ut
1465 1322 1646 1351 Montanislte.
1668 1323 1722 1350 Sed

930 1376 1019 1403 neque
1039 1375 1135 1395 omnes
1149 1367 1245 1395 eodem
1261 1371 1396 1403 tempore,
1408 1373 1455 1396 aut
1469 1370 1564 1397 eodem
1585 1370 1678 1403 modo,
1693 1371 1721 1398 in

931 1414 1082 1442 ecclesiam
1103 1414 1285 1441 conveniunt.
1301 1414 1355 1441 Alii
1372 1415 1446 1442 enim
1459 1415 1591 1448 Sabbato,
1609 1416 1723 1451 perinde

931 1466 964 1486 ac
979 1459 1126 1486 Dominico
1143 1458 1198 1489 die.
1216 1463 1370 1487 conventus
1393 1463 1494 1495 agunt;
1518 1465 1548 1487 ut
1567 1460 1724 1489 Constanti-

930 1504 1035 1539 nopoli,
1055 1511 1087 1531 ac
1101 1504 1158 1532 l'ere
1171 1505 1285 1540 ubique.
1303 1504 1397 1533 Romae
1413 1513 1478 1532 vero
1495 1510 1523 1534 et
1535 1506 1722 1541 Alexandrim,

932 1557 985 1577 non
1006 1550 1083 1577 item.
1099 1549 1129 1577 In
1144 1550 1238 1578 multis
1253 1554 1345 1578 autem
1362 1551 1478 1579 urbibus
1494 1559 1527 1579 ac
1550 1553 1618 1580 vicis
1638 1552 1724 1588 Egy-

86 1596 142 1622 τῶν
165 1597 288 1632 ἀρχαίων
312 1597 538 1633 δοκιμασθεῖσαν,
563 1597 592 1624 ἕν
610 1605 681 1624 τισιν
707 1597 880 1632 Ἐκκλησίαις

977 1615 984 1626 .
999 1600 1097 1622 contra
1112 1601 1252 1631 receptam
1275 1597 1396 1624 onmium
1413 1598 1654 1631 consuetudinem,
1677 1599 1723 1627 die

87 1643 138 1676 τῆς
150 1643 336 1678 Παλαιστίνης
350 1644 433 1671 εἰσέτι
447 1644 495 1671 νῦν
507 1643 580 1676 ἅπαξ
593 1644 708 1671 ἑκάστου
724 1643 799 1675 ἔτους
813 1644 878 1670 ἀνα.-

88 1689 298 1724 γινωσκομένην
315 1689 439 1725 ἔγνωμεν
453 1709 460 1722 ,
477 1690 506 1716 ὲν
521 1691 553 1725 τῇ
575 1689 667 1725 ἡμέρᾳ
686 1689 878 1724 Παρασκευῆς,

88 1733 123 1769 ἢν
142 1734 266 1766 εὐλαϐῶς
282 1734 351 1768 ἄγαν
366 1735 379 1761 6
394 1735 457 1767 λαὸς
470 1734 594 1770 νηστεύει
610 1735 656 1761 ἐπὶ
669 1734 819 1769 ἀναμνήσει
832 1733 879 1760 τοῦ

89 1780 231 1815 Σωτηρίου
246 1780 349 1813 πάθους
362 1790 368 1796 ·
390 1780 439 1816 τὴν
460 1781 488 1808 δὲ
503 1780 550 1807 νῦν
564 1781 601 1813 ὼς
622 1779 804 1814 ’Λποκάλυψιν
824 1779 880 1815 (51)

88 1825 200 1852 Παύλου
226 1826 272 1853 τοῦ
291 1826 439 1853 ἀποστόλου
462 1826 632 1862 φερομένην,
660 1826 694 1861 ἢν
721 1826 809 1857 οὐδεὶς
833 1826 883 1861 ἀρ-

88 1871 178 1906 χαίων
187 1869 382 1904 εἷδε,πλεῐστοι
392 1871 516 1907 μοναχῶν
531 1871 698 1899 ἐπαινοῦσιν.
714 1870 882 1907 Ἐπῖταύτης

934 1642 1050 1668 Sabbati
1067 1642 1121 1669 sub
1145 1650 1291 1677 vesperam
1313 1644 1520 1678 convenientes,
1537 1644 1593 1680 jam
1615 1646 1721 1680 pransi,

933 1694 1011 1714 sacra
1042 1687 1173 1722 mysteria
1202 1688 1371 1723 percipiunt.
1401 1688 1532 1717 Precibus
1561 1698 1671 1725 quoque
1694 1695 1723 1718 et

933 1732 1048 1767 psalmis
1074 1739 1106 1758 ac
1133 1732 1312 1766 lectionibus,
1340 1742 1391 1762 nec
1418 1735 1514 1762 iisdem
1539 1743 1646 1768 omnes,
1671 1744 1723 1763 nec

933 1777 1027 1804 eodem
1049 1781 1171 1812 tempore
1189 1779 1227 1804 uti
1243 1780 1377 1814 reperies.
1392 1781 1438 1808 Sic
1452 1782 1655 1809 Rcvelationem
1673 1781 1724 1809 Pe-

932 1822 981 1855 tri,
998 1830 1060 1857 qua:
1082 1826 1112 1848 ut
1135 1822 1292 1850 adulterina
1315 1831 1330 1850 a
1347 1826 1489 1853 veteribus
1507 1827 1648 1861 repudiata
1662 1832 1716 1860 est,

933 1872 962 1900 in
976 1868 1144 1906 quibusdam
1156 1868 1290 1898 Ecclesiis
1304 1871 1457 1900 Palaestina}
1473 1874 1558 1901 semel
1569 1875 1721 1909 quotannis

688 1958 826 1987 VALESII
841 1959 1120 1990 ANNOTATIONES.

90 2000 210 2028 nitatem
227 2001 255 2028 in
280 2001 397 2029 ecclesia
408 2001 616 2037 proﬁtebantur.
633 2003 718 2037 Quem
731 2009 880 2032 tractatum

91 2036 257 2072 Ambrosius
283 2041 370 2072 totum
389 2037 536 2072 descripsit
552 2039 579 2064 in
598 2036 684 2066 libfut
702 2039 741 2067 De
758 2041 875 2068 velandis

92 2071 253 2105 virginibus.
283 2071 333 2099 Sed
360 2071 521 2107 responderi
555 2077 645 2107 potest
678 2074 752 2102 hunc
776 2075 881 2102 Liberii

93 2106 251 2142 sermonem
276 2115 330 2134 non
350 2106 436 2134 fuisse
453 2107 487 2134 ad
511 2106 664 2142 populum,
683 2110 729 2136 sed
753 2111 883 2137 exhorta-

93 2141 197 2167 tionem
216 2142 366 2172 duntaxat.
392 2145 419 2169 et
438 2141 632 2170 allocutionem
646 2144 679 2170 ad
696 2144 881 2172 Mareellinam

93 2175 240 2212 virginem.
262 2177 344 2212 Atqui
362 2176 532 2204 Sozomenus
548 2177 599 2204 hoc
615 2178 674 2205 loco
695 2179 728 2206 de
744 2180 881 2206 sermoni-

932 2007 1016 2042 Addit
1030 2012 1161 2042 praeterea
1174 2029 1181 2041 ,
1208 2016 1262 2036 non
1285 2009 1372 2036 solum
1389 2009 1433 2036 die
1450 2008 1626 2039 Pasclim.sed
1639 2008 1722 2036 etiam

933 2041 961 2069 in
987 2041 1125 2078 principio
1153 2044 1236 2075 anni,
1253 2043 1279 2070 id
1306 2048 1348 2070 est
1375 2043 1504 2071 Kalendis
1528 2043 1672 2075 Januarii,
1694 2048 1724 2070 ut

933 2077 1064 2114 opinor,
1079 2077 1266 2114 patriarchain
1281 2078 1617 2114 Constantinopolitanum
1632 2079 1723 2106 Evan-

934 2112 1034 2147 gelium
1059 2112 1087 2140 in
1117 2114 1234 2141 ecclesia
1261 2113 1351 2146 legere
1379 2112 1490 2147 solitqu
1515 2122 1522 2140 :
1553 2117 1635 2148 atque
1652 2114 1722 2141 hanc

935 2148 1079 2175 lectionem
1097 2148 1245 2183 dupliciter
1260 2148 1319 2174 lieri
1338 2151 1498 2183 7:7qliantum
1527 2149 1598 2176 eniut
1627 2150 1723 2175 recitat

936 2183 1096 2218 episcopus,
1117 2182 1287 2210 tantumdem
1302 2182 1418 2209 subinde
1433 2184 1541 2210 τρύμη-ἱ
1559 2189 1581 2212 ελ
1594 2184 1722 2211 diacono.

93 2209 149 2238 bus
165 2211 297 2252 loquitur,
308 2209 360 2247 'qui
381 2212 478 2252 ﬁebant
497 2212 530 2252 ad
549 2213 679 2252 populqu
702 2215 772 2241 inter
784 2214 883 2252 Missa-
899 2214 921 2241 D
937 2209 1024 2250 liuius
1034 2209 1137 2246 ‘a’uitﬁ
1149 2209 1192 2246 rei
1211 2218 1302 2252 plures
1315 2225 1414 2244 causas
1429 2209 1628 2246 ibideuialiert
1643 2209 1724 2246 Nico;

95 2252 157 2283 rum
181 2247 313 2283 solemnia
326 2267 333 2278 .
350 2255 419 2282 quas
435 2247 521 2275 Graeci
547 2248 655 2283 ὁμιλίας
678 2253 787 2275 vocant.
803 2251 884 2277 Certe

94 2280 209 2317 verbum
223 2280 480 2317 διδάσκεινριιορτίο
492 2283 526 2310 de
537 2280 571 2310 iis
584 2284 758 2311 sermonibus
768 2283 882 2312 dicitur.

95 2314 231 2343 Practerca
256 2318 307 2344 etsi
331 2314 517 2345 concedamus
542 2326 696 2346 sermonem
726 2324 790 2345 tunc
807 2326 822 2345 a
839 2318 884 2346 Li-

96 2349 174 2385 berio
205 2351 327 2379 habitum
360 2360 442 2385 esse,
472 2353 542 2380 nihil
574 2353 627 2381 hoc
660 2353 725 2381 facit
752 2353 884 2381 adversus

97 2383 291 2414 Sozomenum.
308 2387 334 2413 Id
352 2388 424 2414 enim
435 2383 519 2414 extra
543 2388 667 2415 ordinem
691 2388 794 2417 factum
810 2393 851 2416 est
868 2397 883 2416 a

96 2417 208 2457 Libet-io
232 2421 260 2448 in
283 2425 399 2457 gratiam
425 2421 600 2450 Marcelline.
625 2423 796 2452 Sozomenus
820 2431 884 2451 vero

97 2454 219 2516 {gguitur
234 2457 269 2484 de
283 2454 360 2484 inore
375 2461 487 2493 recepto
505 2462 590 2493 atque
605 2459 708 2487 usitato
721 2460 749 2487 in
761 2458 885 2486 Ecclesia

142 2498 234 2516 mana.

122 2497 234 2518 01113113-

92 2526 96 2554 Ῑ
127 2525 187 2562 Δ(49)
204 2525 285 2562 κατὰ
310 2525 368 2562 τὴν
389 2525 510 2562 πρώτην
534 2527 650 2562 ἡμέραν
667 2527 723 2562 τῆς
745 2529 886 2557 ἀναστα-

98 2559 200 2600 ᾳίμου.
226 2559 397 2600 Nicephorns
409 2559 598 2591 Calli‘stus‘Vin
621 2564 668 2591 lib.
691 2559 741 2598 xit,
762 2573 822 2600 cap.
839 2566 885 2597 54,

100 2594 174 2623 hunc
195 2594 302 2626 morem
322 2599 411 2627 adhuc
438 2608 488 2627 sua
513 2604 594 2630 tctate
616 2594 753 2628 mansisse
771 2594 879 2629 scribit.

936 2253 1050 2287 pIiOl'llS,
1068 2262 1138 2288 quas
1151 2254 1293 2281 studiosus
1311 2253 1398 2279 lector
1413 2253 1466 2280 illic
1482 2253 1611 2280 inveniet.

973 2288 1029 2323 (50)
1047 2289 1129 2316 Κατὰ
1150 2289 1203 2316 τὸν
1228 2288 1321 2315 αὑτὸν
1340 2288 1453 2323 καιρόν.
1481 2288 1638 2322 Supplenda
1656 2288 1722 2315 milii

936 2322 1045 2349 videtur
1069 2324 1201 2353 particula
1223 2324 1273 2350 Ιιοο
1295 2322 1394 2353 modo,
1418 2323 1464 2348 καὶ
1486 2323 1557 2349 κατὰ
1579 2323 1624 2349 τὸν
1643 2323 1724 2350 αὑτὸν

937 2358 1042 2391 καιρόν.
1069 2357 1208 2394 Dupliccm
1229 2358 1401 2394 enimrnotat
1425 2357 1625 2394 tliﬂcretitiam.
1649 2359 1722 2393 quod

937 2399 1027 2426 neque
1050 2393 1151 2420 eaedem
1172 2398 1266 2422 essent
1287 2393 1388 2427 ubique
1406 2400 1502 2427 preces
1522 2397 1549 2419 et
1574 2393 1723 2427 lectiones;

937 2434 1026 2463 neque
1049 2429 1143 2454 eodem
1159 2433 1281 2463 tempore
1302 2428 1397 2455 ﬁerent
1414 2428 1486 2462 apud
1509 2435 1615 2463 omnes.

972 2462 1032 2524 (EQ
1051 2463 1111 2497 Τὴν
1132 2463 1169 2504 δέ
1190 2462 1248 2490 νῦν
1268 2464 1309 2497 ὡς
1342 2462 1558 2497 Ἀποκάλυψιν.
1584 2462 1620 2503 ln_
1630 2464 1725 2492 codice

972 2501 1089 2524 I'ettano
1116 2502 1250 2524 scrmtum
1266 2503 1309 2524 est
1327 2499 1378 2524 τὴν
1402 2498 1430 2524 δὲ
1455 2499 1518 2524 μήν.
1544 2495 1675 2524 Rectius.
1694 2504 1724 2524 ut

936 2495 1089 2534 Fuketiano
1116 2499 1250 2532 scriptum
1266 2495 1309 2526 est
1327 2499 1378 2534 τὴν
1402 2498 1430 2525 δὲ
1454 2495 1518 2534 μήν.
1544 2495 1675 2531 Rectius,
1694 2504 1724 2526 ut

937 2533 1047 2567 opinor.
1062 2533 1236 2569 Nicepliorus
1251 2542 1318 2562 vero
1338 2541 1398 2562 eam
1424 2533 1518 2561 vecem
1536 2534 1724 2568 praetermisit.

938 2573 967 2595 ut
983 2569 1161 2604 superﬂuam.

822 2689 1018 2719 VARIORUM.

135 2736 153 2771 ξ
169 2733 282 2771 Ταύτην
294 2734 328 2762 δὲ
342 2734 398 2769 τὴν
410 2735 492 2771 ἱερὰν
502 2736 613 2768 ,βίϐλον
630 2735 826 2771 ἀναγινώσκει
837 2737 885 2763 ἑν-

93 2766 170 2805 ράδε
187 2766 281 2802 μόνος
300 2771 316 2797 ό
339 2766 559 2804 deﬁat-duorm.
591 2785 626 2791 —
655 2766 715 2806 Syri
735 2771 884 2805 Maronitm,

94 2806 247 2842 lquantum_
264 2813 297 2832 ex
320 2812 425 2842 eorum
451 2805 625 2842 ordinatione
657 2805 750 2842 colligi
782 2810 882 2840 potest,

94 2836 300 2875 iAlexandrinos
320 2839 421 2867 imitari
438 2840 577 2867 videnlur.
603 2839 669 2867 Nam
687 2836 806 2867 dia-cono
823 2836 885 2875 post

94 2875 183 2910 iuriam
196 2872 399 2910 ordinationem
423 2875 542 2902 traditur
563 2876 792 2910 Apostolus,rscu
815 2872 883 2903 liber

94 2905 300 2949 (Epistolarum;
325 2909 520 2938 archidiacouo
543 2905 606 2939 vero
627 2911 696 2939 liber
718 2909 912 2954 Evangelia-ﬁ

940 2744 1000 2764 rum
1014 2756 1021 2767 .
1043 2735 1130 2771 cujus
1161 2735 1304 2771 pcricopcn
1331 2738 1403 2764 inter
1422 2738 1567 2766 missarum
1591 2735 1723 2765 solemnia

939 2772 1013 2806 legit.
1028 2770 1183 2798 Nestoriani
1197 2779 1262 2798 vero
1275 2772 1410 2798 secundos
1426 2773 1489 2800 illos
1503 2774 1643 2800 imitantur
1654 2779 1723 2806 quos

939 2805 1110 2834 SOzouieuus
1130 2811 1336 2833 commemorat.
1353 2806 1434 2833 Juxta
1453 2808 1525 2834 enim
1545 2807 1724 2834 Nestoriauo-

938 2848 999 2867 rum
1017 2841 1098 2868 ritum
1114 2841 1231 2868 diacono
1248 2848 1302 2868 non
1317 2841 1398 2868 datur
1417 2842 1485 2876 liber
1500 2842 1722 2876 Evangelioruut,

938 2875 985 2903 sed
1001 2876 1204 2910 Epistolarum,
1225 2876 1321 2904 lectori
1341 2883 1405 2904 vero
1422 2875 1649 2910 Testamentum;
1674 2875 1722 2903 sed

937 2911 1098 2946 presbytero
1123 2912 1192 2945 soli,
1215 2919 1278 2940 cum
1295 2912 1455 2945 ordinatur,
1478 2911 1548 2940 liber
1562 2910 1724 2947 Evangelia-
