1883 3069
77 185 148 214 MSS
582 187 742 214 HISTORIA
761 185 1039 214 ECCLESIASTICA.
1059 201 1094 206 --
1113 185 1176 214 LIB.
1199 184 1254 212 VII.
1655 186 1723 214 MSS

74 245 196 279 διέτριὸε
210 253 215 259 ·
231 244 326 271 διεϐίω
338 245 366 271 δὲ
379 245 549 281 ἱεροπρεπῶς
566 245 638 280 μάλα
653 245 700 271 καὶ
718 245 870 280 σωφρόνως.

947 250 957 272 ι
974 244 1120 280 multiplici
1137 249 1195 272 tum
1213 242 1374 280 gentilium,
1392 247 1450 271 tum
1468 243 1721 272 ecclesiasticarum

77 288 156 324 ἱερῶν
184 289 332 325 παρθένων
356 290 511 326 ήγουμένη’
535 288 572 317 ὧν
592 291 677 317 είσὲτι
701 290 749 317 νῦν
774 291 870 323 πολλὰς

945 293 1098 327 criptorum
1115 291 1271 326 cognitione
1289 291 1339 317 fuit
1359 290 1523 319 instructus.
1545 290 1617 318 Idem
1637 290 1723 317 mori-

74 336 213 371 περιεῖναι
228 336 371 372 ὲπυοόμην
381 357 388 368 ,
406 338 456 371 τῆς
476 337 528 364 ὑπὸ
538 337 693 373 Ματρώναν
707 337 870 369 παιδεύσεως

945 344 981 364 »υε
996 336 1087 364 civilis
1103 343 1136 363 ac
1151 335 1328 368 moderatus,
1349 335 1414 363 licet
1430 335 1588 372 imperatori
1608 340 1633 363 et
1653 335 1723 362 auli-

74 381 149 413 ἄξιον
170 381 311 416 φερούσας
326 379 402 417 ἦθος.

947 383 969 410 is
987 382 1133 410 familiaris
1148 386 1238 414 esset,
1253 385 1281 410 et
1297 381 1475 417 splendidmn
1497 382 1523 409 in
1540 382 1644 417 palatio
1663 381 1720 408 olli-

75 428 148 455 cimn
163 433 287 462 gereret.
300 428 334 455 Et
347 429 430 464 hujus
440 430 551 465 quidem
565 431 616 458 viri
632 431 754 458 celebris
770 429 844 458 fama
854 435 908 462 est,
922 434 978 457 tum
994 431 1065 465 apud
1078 431 1325 466 praestantissimos
1336 430 1498 464 monachos,
1510 434 1566 457 tum
1580 429 1651 465 apud
1663 430 1724 465 pios

75 481 107 500 ac
121 474 273 509 religiosos
286 474 413 503 homines
424 497 431 509 ,
446 477 492 512 qui
510 477 637 504 notitiam
655 477 716 511 ejus
729 477 897 504 habuerunt.
916 476 1043 504 Matrona
1063 485 1128 504 vero
1142 485 1230 513 usque
1245 476 1280 504 ad
1296 477 1401 505 exitum
1422 478 1484 504 vita:
1496 478 1598 504 mansit
1617 477 1644 504 in
1664 477 1725 504 vico

74 519 189 551 Cosilai,
209 519 334 556 vixitque
350 526 446 549 sancte
461 522 610 549 admodum
627 529 658 549 ac
675 522 805 557 religiose
816 543 823 555 ,
838 529 981 550 sacrarum
997 522 1136 557 virginum
1155 523 1286 557 magistra
1301 532 1308 550 :
1325 529 1442 557 quarum
1464 522 1612 558 plerasque
1631 521 1724 549 adhuc

76 568 241 603 superstites
257 576 319 596 esse
332 569 444 604 accepi,
461 570 586 599 moribus
604 570 734 598 Matronae
752 570 910 606 magisterio
928 570 1001 598 haud
1022 578 1160 606 quaquam
1180 570 1302 606 indignis
1317 574 1525 598 conversantes.

375 617 500 645 ΚΕΦΛΛ.
515 618 581 645 ΚΒ¹.

75 661 222 698 Περὶγτῆς
240 661 278 689 δι’
294 662 428 697 ἀγχόνης
454 663 601 698 τελευτῆς
621 665 873 692 Obruerat-mret?

107 697 161 724 τοῦ
186 697 261 734 νέοι)
276 698 430 730 ,βασιλέως
446 698 481 725 ἐν
515 699 625 733 Ῥώμῃ,
654 700 702 726 καὶ
730 701 796 733 περὶ
818 700 874 734 τῆς

107 733 293 770 τιιρᾳννίδος
303 734 450 770 ξύγενίου
462 742 468 750 ·
481 734 531 770 καὶ
543 735 610 768 ,περὶ
626 734 682 768 τῆς
692 735 874 770 προφητείας

108 767 255 795 Ἰωάννου
277 768 331 795 τοῦ
347 769 382 795 ἐν
395 769 517 803 Θηϐαΐδι
536 767 686 804 μοᾷλαχοῦ.

109 814 164 840 Καὶ
177 815 191 840 6
204 813 256 848 μὲν
268 813 426 847 Θεοδόσιος,
443 814 472 841 ὲν
488 816 584 852 εἰρήνῃ
597 816 647 852 τὴν
663 816 733 852 πρὸς
751 817 808 844 "Em
820 817 873 853 ἀρ-

1232 617 1309 645 CAP.
1328 617 1412 645 XXII.

926 666 965 694 De
984 675 1045 694 nece
1065 667 1233 700 imperatoris
1260 665 1442 693 Valentiniani
1462 665 1654 700 Junioristet
1679 668 1722 698 ty-

962 702 1074 729 rannide
1101 698 1226 736 Eugenii.
1255 700 1325 728 Item
1351 700 1382 728 de
1405 701 1579 734 prwdictione
1606 698 1722 726 Joannis

964 737 1085 764 monac/ti
1102 737 1128 764 in
1147 736 1291 764 Thebaide.
1494 753 1498 757 ι

962 814 1002 842 Ae
1017 814 1193 842 Theodosius
1208 814 1319 849 quidem
1330 833 1338 846 ,
1352 821 1416 842 cum
1433 813 1556 841 Orientis
1574 813 1722 848 imperium

73 860 194 895 χομένην
211 860 321 893 ἰθύνων,
337 861 366 888 ὲν
375 860 482 893 τούτοις
493 862 656 895 ἐσπούδαζε,
674 863 721 890 καὶ
737 863 870 898 ἐπιμελῶς

945 864 1024 889 acate
1038 861 1226 896 gubernaret,
1245 861 1290 888 his
1307 860 1392 888 rebus
1405 860 1527 887 intentus
1543 862 1621 892 erat,
1637 862 1665 886 et
1677 858 1721 885 di-

75 907 147 942 μάλα
165 907 198 933 τὸ
214 907 297 934 Θείον
310 907 488 944 ἐθεράπευεν.
509 907 553 934 Ἐν
569 907 655 943 τούτῳ
670 908 698 935 δὲ
713 909 877 943 ἀγγέλλεται.

74 953 299 985 Οὐαλεντινιανὸς
328 954 342 980 6
368 953 495 988 βασιλεὺς
526 953 631 990 ἀγχόνῃ
656 953 827 982 ἀπολωλέναι
851 956 872 981 ι.

79 996 204 1032 Ἐλέγετο
220 998 252 1025 δὲ
266 998 367 1034 ταύτην
378 998 452 1034 αὐτῷ
471 999 605 1026 καττύεται
622 999 672 1035 τὴν
686 999 817 1035 τελευτὴν
829 1000 874 1027 διὰ

72 1044 125 1071 τῶν
138 1044 346 1080 Θαλαμηπόλων
372 1045 508 1080 εὐνούχων
520 1045 617 1077 ἄλλους
629 1045 658 1072 τέ
673 1054 748 1078 τινας
766 1047 820 1073 τῶν
833 1047 874 1078 είς

72 1089 106 1116 τὰ
125 1090 277 1129 βασίλεια.)
304 1091 349 1118 καὶ
378 1091 563 1127 Ἀρϐογάστην
587 1091 633 1118 τὸν
649 1092 762 1119 ἐπὶτῶν
789 1093 872 1119 αὑτοῦ

74 1136 291 1172 στρατευμάτων
306 1137 473 1173 τεταγμένον
486 1146 492 1153 ·
517 1137 612 1164 καθότι
634 1137 812 1173 πατρώζοντα
828 1138 873 1165 τὸν

73 1183 131 1209 νέον
146 1183 239 1219 εὑρὼν
260 1184 325 1220 περὶ
339 1183 388 1219 τὴν
412 1184 500 1220 ἀρχὴν
514 1204 522 1217 ,
551 1185 599 1212 καὶ
624 1184 693 1220 πρὸς
710 1185 796 1212 πολλὰ
818 1185 873 1212 τῶν

74 1227 187 1260 ἐκείνοις
199 1228 354 1256 δοκούντων
367 1229 577 1264 χαλεπαίνοντα.
595 1230 626 1257 0i
641 1230 669 1257 δὲ
682 1230 763 1258 αὐτὸν
775 1231 874 1267 ἡγοῦν-

74 1282 116 1300 ται
132 1274 283 1310 αὐτόχειρα
295 1274 391 1302 ἑαυτοῦ
403 1276 540 1310 γενέσθαι,
549 1276 586 1308 ὡς
599 1277 791 1312 ἐπιχειροῦντά
801 1286 873 1305 τισιν

74 1320 104 1345 οὐ
119 1319 178 1346 δέον
195 1320 255 1356 (60)
273 1321 301 1347 ὲν
319 1320 357 1357 τῷ
381 1321 469 1354 ζέοντι
484 1322 535 1357 τῆς
561 1322 687 1358 ἡλικίας,
707 1323 754 1350 καὶ
772 1323 874 1350 κωλυό-

77 1373 156 1400 μενον
168 1374 175 1381 ·
192 1366 242 1393 καὶ
270 1366 364 1393 τούτου
382 1367 463 1403 χάριν
480 1367 510 1394 οὐ
523 1367 731 1402 καταξιώσαντα
745 1369 794 1405 ζῇν
806 1389 814 1402 ,
832 1371 872 1397 ὅτι

77 1409 229 1444 βασιλεύων
257 1411 295 1446 μὴ
319 1413 486 1446 συγχωροῖτο
502 1413 588 1438 ποιεῖν
615 1411 632 1439 ἃ
649 1412 784 1448 βούλεται.
805 1413 873 1440 Φασί

76 1465 107 1490 γε
129 1457 182 1493 μὴν
199 1457 281 1484 τοῦτο
295 1458 325 1484 τὺ
351 1458 493 1494 μειράκιον
519 1458 646 1494 εὐγενείᾳ
663 1458 789 1494 σώματος
802 1479 808 1491 ,
825 1460 872 1487 καὶ

78 1502 227 1537 βασιλικῶν
242 1503 352 1538 τρόπων
369 1504 454 1540 ἀρετῇ
468 1524 475 1536 ,
493 1503 639 1539 ὑπερφυῶς
652 1503 725 1536 δόξαι
742 1505 792 1540 τῆς
808 1505 873 1539 ἠγε-

80 1549 172 1584 μονίας
191 1549 267 1582 ἄξιον
280 1570 286 1583 ,
304 1551 352 1577 καὶ
380 1548 434 1582 οἷος
450 1539 651 1586 νμεγαλύψυχος
664 1551 719 1585 (6|)
734 1572 741 1584 ,
766 1551 814 1579 καὶ
832 1552 872 1579 δι-
887 1539 909 1570 c

79 1595 208 1632 καιοσύνῃ
227 1596 428 1632 ὑπερϐαλέσθαι
440 1597 484 1623 τὸν
496 1596 579 1624 αὑτοῦ
593 1597 709 1633 πατέρα,
725 1598 750 1624 εί
766 1598 873 1633 παρῆλ-

79 1641 124 1668 θεν
143 1642 184 1674 είς
206 1642 306 1678 ἄνδρας
324 1642 397 1678 (62)·
416 1643 464 1669 καὶ
491 1643 505 1669 6
535 1643 584 1678 μὲν
604 1643 725 1675 τοιοῦτος
743 1643 798 1675 ὢν,
822 1640 873 1670 ὧδε

78 1687 219 1723 τέθνηκεν.
244 1688 373 1723 Εύγένιος
400 1688 428 1715 δέ
454 1697 496 1720 τις
518 1689 568 1724 οὐχ
595 1689 679 1724 ὑγιῶς
703 1689 874 1725 διακείμενος

79 1735 142 1768 περὶ
153 1735 184 1761 τὸ
199 1735 287 1770 δόγμα
303 1735 357 1761 τῶν
375 1735 562 1771 Χριστιανῶν,
577 1736 731 1771 ἑπεισπηδᾷ
743 1737 776 1771 τῇ
790 1737 872 1772 ἀρχῇ,

78 1781 123 1807 καὶ
135 1781 169 1808 τὰ
188 1781 312 1816 σύμὸολα
326 1781 375 1816 τῆς
388 1781 528 1816 βασιλείας
540 1781 732 1817 ἀμφιέννυται.
747 1782 827 1817 ᾬετο
845 1782 874 1809 δὲ

78 1827 123 1853 τοῦ
143 1827 361 1863 ἐπιχειρήματος
373 1828 503 1862 ἀσφαλῶς
516 1828 664 1864 κρατήσειν
675 1848 683 1861 ,
702 1828 874 1864 ὑπαγόμενος

77 1872 164 1908 λόγοις
182 1873 337 1910 ἀνθρώπων
350 1874 449 1901 ειδέναι
466 1874 496 1901 τὸ
524 1874 620 1910 μέλλον
639 1875 872 1910 ὑπισχνουμένων,

78 1921 205 1954 σφαγίοις
231 1920 286 1946 τισὶ
310 1920 356 1947 καὶ
383 1920 622 1956 ἡπατοσκοπίαις,
647 1922 696 1948 καὶ
721 1921 873 1957 καταλήψει

77 1964 212 2000 ἀστέρων.
223 1964 404 1998 Ἐσπούδαζον
419 1965 448 1992 δὲ
461 1966 526 2002 περὶ
544 1966 630 1993 ταῦτα
644 1966 719 1994 ἄλλοι
736 1976 765 1993 τε
779 1966 874 1994 πολλοὶ

77 2011 131 2037 τῶν
155 2012 184 2037 ὲν
212 2011 451 2047 τέλειῬωμαίων,
472 2012 519 2039 καὶ
535 2012 684 2045 Φλαὸιανὺς
701 2013 757 2049 (65)
774 2013 788 2039 ὁ
811 2012 872 2040 τότε

80 2056 202 2093 ’ύπαρχος
216 2078 223 2090 ,
252 2058 323 2094 ἀνὴρ
343 2057 501 2094 ἐλλόγιμος,
520 2059 566 2085 καὶ
599 2059 662 2094 περὶ
686 2058 720 2085 τὰ
746 2059 872 2086 πολιτικὰ

80 2103 204 2140 ἐχέφρων
224 2102 295 2131 εἶναι
311 2103 397 2131 δοκῶν
410 2113 417 2120 ’
441 2105 553 2140 προσέτι
570 2104 598 2131 δὲ
619 2104 667 2131 καὶ
689 2105 723 2131 τὰ
742 2105 873 2140 μέλλοντα.

80 2151 210 2187 ἀκριϐοῦν
239 2151 413 2187 λογιζόμενος
437 2152 577 2187 ἐπιστήμῃ
604 2150 777 2185 παντοδαπῆς
805 2159 872 2186 μαν-

927 907 1023 933 vinum
1044 914 1146 934 numen
1167 906 1265 934 scdulo
1284 906 1471 934 venerabatur
1489 907 1509 933 ‘.
1530 905 1637 933 Interea
1654 913 1723 933 vero

927 952 1043 980 nuntius
1073 952 1156 987 312
1178 951 1304 985 adertur,
1331 951 1527 987 imperatorem
1548 950 1722 979 Valentinia-

927 1006 993 1025 num
1012 999 1112 1033 laqueo
1128 998 1281 1027 interiisse.
1302 999 1364 1032 Quo
1380 999 1480 1026 mortis
1494 1005 1594 1034 genere
1610 1005 1659 1033 per
1673 1006 1723 1026 cu-

927 1045 1078 1073 bicularios
1089 1045 1236 1073 eunuchos
1250 1046 1407 1073 exstinctus
1417 1045 1504 1073 fuisse
1515 1044 1671 1076 dicebatur,
1683 1044 1722 1071 in<

927 1091 1098 1126 stigantibus
1112 1092 1210 1119 aulicis
1226 1092 1411 1127 quibusdam,
1429 1098 1462 1119 ac
1478 1091 1617 1126 praecipue
1630 1091 1721 1118 Arbo-

927 1143 1004 1172 gaste
1023 1137 1157 1173 magistro
1173 1138 1294 1170 militiae,
1310 1145 1343 1165 eo
1360 1137 1433 1173 quod
1453 1137 1530 1164 illum
1552 1137 1581 1164 in
1601 1136 1722 1172 regendo

927 1184 1043 1219 imperio
1067 1189 1190 1220 paternae
1221 1184 1335 1212 virtutis
1359 1184 1547 1212 simulatorem
1573 1184 1718 1216 viderent,

927 1238 978 1258 nec
998 1230 1033 1259 iis
1053 1239 1114 1267 quae
1132 1231 1202 1265 ipsis
1223 1231 1388 1266 placuerant
1407 1230 1640 1265 acquiescentem.
1665 1229 1720 1257 Alii

926 1276 1034 1309 dicunt,
1047 1284 1109 1304 eum
1123 1277 1177 1305 sibi
1193 1284 1292 1305 manus
1309 1276 1448 1309 intulisse,
1465 1281 1613 1312 propterea
1627 1276 1716 1312 quod,

926 1329 989 1349 cum
1019 1322 1047 1349 in
1074 1321 1165 1349 aetatis
1192 1321 1302 1350 fervore
1334 1321 1459 1356 qumdam
1496 1325 1598 1356 praeter
1621 1321 1668 1357 jus
1691 1326 1720 1349 et
1743 1319 1748 1323 ”

926 1376 1034 1403 Equum
1048 1367 1253 1403 aggrederetur,
1271 1368 1388 1403 proximi
1404 1368 1495 1403 ipsum
1515 1367 1697 1403 prohiberent
1711 1388 1717 1394 .

927 1417 1009 1449 atque
1027 1413 1133 1441 idcirco
1151 1421 1214 1442 eum
1234 1414 1351 1441 ulterius
1369 1413 1462 1441 vivere
1484 1413 1626 1446 noluisse,
1644 1413 1719 1448 quod

926 1467 988 1488 cum
1003 1460 1153 1495 imperator
1165 1464 1257 1492 esset,
1272 1467 1305 1487 ea
1317 1467 1379 1494 quae
1394 1459 1503 1487 volebat
1516 1466 1600 1495 agere
1614 1466 1719 1494 nequa-

926 1513 1009 1541 quam
1024 1506 1241 1541 permitteretur.
1261 1505 1362 1542 Fertur
1376 1512 1460 1541 porro
1474 1505 1548 1533 hunc
1563 1505 1720 1533 adolescen-

926 1555 980 1579 tem
992 1572 1000 1585 ,
1016 1552 1051 1580 ob
1067 1552 1195 1580 decorem
1229 1552 1356 1587 corporis
1382 1555 1409 1580 et
1420 1552 1456 1580 ob
1475 1552 1579 1587 regiam
1599 1551 1718 1579 indolem

926 1606 957 1625 ac
971 1598 1120 1631 virtutem,
1147 1598 1266 1633 imperio
1287 1598 1483 1634 dignissimum
1506 1597 1669 1632 exstitisse,
1692 1602 1720 1624 et

926 1644 1116 1679 magnitudine
1132 1644 1218 1672 animi
1239 1651 1271 1672 ac
1288 1644 1398 1679 justitia
1419 1648 1525 1680 patrem
1545 1637 1580 1672 ab
1595 1644 1645 1671 illo
1666 1651 1716 1679 po-

925 1691 1014 1719 tuisse
1039 1691 1185 1727 superari,
1203 1691 1227 1719 si
1251 1691 1285 1718 ad
1310 1691 1418 1719 virilem
1443 1694 1551 1719 :etatem
1574 1691 1721 1727 pervenire

925 1737 949 1765 ei
965 1737 1098 1765 licuisset.
1117 1738 1207 1773 Atque
1225 1737 1270 1765 hic
1287 1737 1398 1773 quidem
1410 1757 1418 1770 ,
1434 1744 1498 1765 cum
1516 1737 1654 1772 ejusmodi
1672 1745 1718 1766 es-

926 1786 985 1814 set,
1003 1782 1051 1810 tali
1073 1783 1149 1810 exitu
1172 1783 1265 1818 periit.
1294 1782 1434 1818 Eugenius
1464 1787 1557 1810 autem
1582 1783 1719 1818 quidam,

925 1828 998 1855 haud
1014 1828 1125 1856 sincero
1147 1829 1242 1856 animo
1264 1835 1328 1864 erga
1351 1828 1515 1863 religionem
1539 1828 1718 1857 Christiano-

925 1882 987 1901 rum
1007 1874 1139 1908 allectus,
1161 1874 1307 1910 imperiunm
1329 1874 1447 1907 invasit,
1464 1874 1581 1909 ejusque
1598 1874 1718 1910 insignia

925 1921 979 1949 sibi
1002 1922 1164 1956 assumpsit.
1191 1921 1328 1956 Sperabat
1356 1925 1448 1948 autem
1474 1928 1503 1948 se
1531 1921 1716 1956 principatum

926 1967 1042 1995 ﬁrmiter
1061 1971 1236 1995 retenturum
1248 1986 1256 1999 ,
1275 1966 1406 1994 inductus
1422 1966 1514 1994 verbis
1531 1967 1717 2002 quorumdam

925 2014 1087 2048 hominum,
1105 2014 1153 2048 qui
1176 2021 1206 2041 se
1227 2012 1320 2040 futura
1356 2019 1440 2040 nosse
1460 2012 1603 2047 iactabant
1628 2020 1661 2040 ex
1676 2013 1717 2053 yi-

925 2060 1018 2089 ctimis
1053 2059 1220 2095 quibusdam
1257 2058 1439 2094 extorumque
1472 2058 1658 2093 inspectione,
1689 2063 1720 2086 et

925 2106 1119 2135 observatione
1144 2105 1279 2133 siderum.
1306 2105 1356 2133 Cui
1386 2104 1581 2140 superstitioni
1610 2104 1717 2133 addicti

925 2156 1005 2180 erant
1022 2159 1056 2179 co
1079 2155 1221 2187 tempore,
1241 2155 1299 2178 tum
1318 2151 1363 2178 alii
1383 2151 1477 2186 plures
1496 2158 1529 2178 ex
1550 2151 1716 2186 proceribus

80 2196 163 2228 τείας.
183 2197 276 2234 Ταύτῃ
301 2197 354 2233 γὰρ
375 2196 490 2232 μάλιστα
509 2197 555 2224 τὸν
573 2196 700 2231 Εύγένιον
724 2196 816 2223 ἔπεισε
831 2197 870 2228 εἰς

945 2205 1113 2226 .omanorum
1125 2218 1132 2230 ,
1153 2201 1209 2225 tum
1228 2196 1375 2224 Flavianus
1393 2197 1543 2232 praefectus
1563 2197 1695 2232 praetorio
1707 2219 1714 2229 ,

81 2241 199 2277 πόλεμον
212 2242 493 2278 παρασκευάσασθαι,
510 2243 640 2278 μοιρίδιον
652 2240 721 2269 εἶναι
736 2242 870 2278 αὐτῷτὴν

945 2244 969 2271 ir
998 2242 1117 2270 eximius
1139 2247 1165 2270 et
1184 2243 1210 2269 in
1231 2243 1372 2278 republica
1391 2242 1511 2278 gerenda
1531 2242 1717 2277 prudentissi-

121 2299 218 2328 ‘Socr.
234 2301 280 2327 lib.
298 2309 326 2334 ν,
337 2309 360 2329 c.
377 2300 422 2328 '25.

665 2344 802 2373 VALESII
820 2343 1099 2372 ANNOTATIONES.

115 2394 170 2429 (60)
189 2394 413 2429 Ἐπιχειροῦντιὶ
419 2402 500 2422 τισιν
510 2396 545 2422 οὐ
556 2395 636 2422 δέον.
651 2393 715 2421 Dure
727 2399 870 2430 postremae

82 2437 162 2457 voces
176 2430 275 2457 desunt
289 2430 316 2457 in
328 2430 422 2458 codice
432 2429 594 2461 Fuketiano,
611 2437 662 2458 nec
678 2431 806 2458 videntur
823 2430 870 2457 ad-

83 2465 190 2492 modum
203 2466 376 2493 necessariae.

115 2501 171 2536 (61)
190 2501 244 2527 Kal
278 2498 341 2533 οἷος
362 2502 587 2536 μεγαλόψυχος.
620 2501 800 2528 Scribeudum
827 2504 871 2536 est

84 2536 174 2572 praeui
187 2537 271 2572 dubio
283 2537 330 2572 κα).
353 2535 409 2563 οἷον
433 2536 620 2572 μεγαλοψυχίᾳ
642 2536 689 2562 καὶ
711 2535 869 2572 δικαιοσύνῃ

84 2570 291 2606 ὑπερϐαλέσθαι.
310 2571 396 2604 Quam
419 2570 635 2599 emendationem
653 2572 798 2598 continuat
823 2570 870 2597 Ni-

84 2608 217 2640 ccpliorus
239 2607 265 2632 in
282 2615 307 2633 c.
336 2607 380 2637 59.
398 2607 457 2633 Iib..
472 2615 520 2633 xu.
550 2606 596 2633 Sic
614 2606 685 2633 enim
712 2607 804 2638 habet,
829 2606 868 2640 τῷ

84 2639 110 2666 δὲ
119 2639 302 2678 μεγαλοψύχῳ
316 2642 364 2669 καὶ
377 2641 415 2677 τῷ
430 2642 479 2677 τῆς
488 2642 662 2676 δικαιοσύνης
674 2641 752 2676 ἄκρῳ
767 2642 813 2668 καὶ
825 2639 870 2667 τὸν

924 2394 1028 2421 ἐκείνου
1042 2395 1056 2421 ύ
1062 2394 1243 2429 περΰαλὲσθαι
1257 2393 1372 2429 πατέρα.

959 2427 1236 2491 ((ξὶϐΕἱσὲίιρῆλθεν
1261 2427 1437 2462 εὶς-ἄνδρας.
1464 2427 1570 2456 Mallem
1595 2430 1715 2458 scribere

959 2474 994 2491 ’θη
1030 2473 1067 2491 εν.

924 2473 944 2490 π
948 2473 1058 2491 οοηλυεν
1063 2485 1067 2491 .

948 2473 1208 2534 Ἧῶυῗᾷαειανός.
1226 2499 1286 2526 llaec
1303 2507 1335 2526 ex
1349 2498 1440 2526 Butini
1452 2499 1521 2526 libro
1539 2507 1570 2531 ιι,
1587 2499 1715 2528 Historia:

926 2535 1130 2566 Ecclesiasticw,
1152 2543 1211 2570 cap.
1225 2536 1270 2566 55,
1291 2536 1409 2569 sumpsit
1425 2534 1605 2562 Sozomenus.
1628 2536 1715 2563 Caete-

924 2579 984 2597 rum
1006 2571 1040 2598 de
1064 2571 1115 2598 hoc
1135 2569 1266 2597 Flaviano
1284 2569 1368 2596 multa
1397 2569 1488 2596 notavi
1514 2570 1547 2596 ad
1569 2570 1616 2597 lib.
1639 2579 1713 2598 xxvii

924 2606 1061 2633 Aminiani
1096 2605 1255 2632 Marcellini.
1282 2604 1410 2640 Ejusdem
1443 2604 1564 2632 Flaviani
1591 2605 1712 2640 praefecti

925 2645 1003 2676 praet.
1018 2641 1144 2669 meminit
1160 2640 1292 2668 Paulinus
1313 2641 1339 2667 in
1354 2639 1414 2666 Vita
1429 2640 1501 2667 beati
1512 2639 1658 2668 Ambrosii.

809 2695 1009 2725 VARIORUM.

122 2745 130 2763 ¹
151 2744 399 2778 Οὐαλεντινιανὸς
420 2745 534 2780 ἀγχόνῃ
554 2744 753 2772 ἀπολωλέναι.
769 2743 867 2772 Obitus

87 2779 264 2808 Valentiniani
286 2781 409 2808 Junioris
424 2781 563 2808 nobilibus
576 2780 784 2808 characteribus
799 2787 867 2806 con-

88 2818 208 2850 signatus
220 2818 254 2844 ab
270 2816 432 2852 Epiphanio,
449 2816 521 2852 libro
535 2815 571 2843 De
582 2816 712 2852 mensuris
733 2819 757 2842 et
771 2815 869 2848 ponde-

88 2851 165 2882 ribus,
183 2860 258 2879 num.
278 2850 327 2884 arx,
339 2852 384 2878 ubi
402 2852 440 2878 ait
458 2861 463 2878 :
480 2851 582 2884 Quibus
598 2850 749 2878 consulibus
761 2851 870 2884 (nempe

89 2886 202 2914 Arcadio
225 2886 257 2917 II.
281 2892 308 2913 et
330 2887 437 2917 Iiulinn)
458 2891 579 2913 mortuus
600 2891 638 2913 est
669 2885 868 2912 Valentinianus

86 2921 182 2957 junior,
214 2921 392 2950 Valentiniani
406 2921 498 2958 Magni
513 2922 585 2957 ﬁlius
601 2930 608 2949 :
623 2922 668 2953 qui
695 2920 815 2955 subinde,
831 2920 874 2960 uti

921 2745 1021 2779 ferunt,
1033 2746 1192 2780 prwfocntus
1201 2747 1228 2772 in
1239 2745 1340 2779 pnlalio
1354 2748 1470 2778 repertus
1483 2748 1532 2775 est,
1544 2743 1635 2780 Idibus
1647 2743 1714 2780 Maii

919 2781 1005 2813 pridie
1025 2779 1200 2813 Perilccosles,
1217 2781 1260 2807 die
1277 2780 1389 2808 Sabbuti
1405 2786 1414 2805 :
1429 2780 1485 2813 ipso
1506 2787 1565 2806 vero
1585 2779 1627 2806 die
1641 2779 1695 2806 Pen

922 2820 1031 2843 tet-astes
1050 2816 1138 2843 elatus
1161 2821 1210 2843 est.
1240 2815 1356 2843 Occisus
1373 2819 1414 2842 est
1429 2815 1521 2843 itaque
1536 2814 1579 2841 die
1606 2814 1712 2842 decima

921 2852 1016 2885 quinta
1030 2851 1132 2878 mensis
1148 2851 1221 2882 Maii,
1236 2851 1300 2878 anni
1316 2851 1381 2878 Chr.
1403 2849 1465 2885 592.
1481 2849 1625 2885 Imperium
1642 2858 1710 2884 qua-

922 2884 1028 2957 drigips
1043 2886 1164 2922 suscepit
1181 2886 1326 2923 anno_575.
1339 2886 1413 2922 (Ant.
1431 2884 1507 2921 Pagi,
1522 2884 1555 2912 ad
1571 2892 1635 2912 ann.
1649 2884 1711 2919 39?,

923 2929 950 2949 n.
967 2932 992 2948 ι).

923 2929 950 2949 η.
967 2929 992 2948 ἔ).
