1883 3069
87 162 158 191 1489

83 265 179 300 ἀφιεὶς
193 266 295 300 φωνάς.
322 265 397 292 Ἐπεὶ
411 266 438 293 δὲ
454 267 567 300 πολλοὺς
589 268 746 304 Ἀντιοχέων
762 270 882 306 διαφθεῖ-

85 317 133 344 ραι
150 309 289 344 διενοεῖτο,
303 311 350 337 καὶ
363 311 432 346 πρὸς
447 312 532 348 μόνην
547 313 595 349 τὴν
611 314 704 350 φήμην
721 316 881 352 κατεπλάγη

83 355 117 381 τὸ
131 355 234 391 πλῆθος
245 365 251 371 ·
265 358 313 384 καὶ
326 357 497 394 παυσάμενοι
511 359 654 395 μαίνεσθαι
668 362 864 398 μετεμελοῦπο
874 372 880 378 ·

86 402 137 428 καὶ
164 401 202 434 ὡς
234 403 287 442 ἐπὶ.
307 405 425 439 παροῦσι
455 406 512 438 τοῖς
538 406 751 442 ἀγγελλομένοις
776 407 881 443 κακοῖς,

84 445 198 473 ἑστενόν
227 455 256 473 τε
285 448 332 474 καὶ
345 448 493 484 ἐδάκρυον,
522 451 568 477 καὶ
591 451 637 478 τὸν
663 452 730 479 Θεὸν
761 453 882 481 ἱκέτευον

84 490 209 526 πραῧναι
222 492 270 519 τοῦ
286 494 449 529 κρατοῦντος
470 496 519 531 τὴν
534 496 631 533 ὀργὴν,
647 498 791 534 μελῳδίαις
810 500 884 528 τισὶν

84 538 274 574 ὀλοφυρτικῶς
297 540 365 575 πρὸς
378 541 427 573 τὰς
442 542 519 574 λιτὰς
536 544 711 578 κεχρημένοι.
740 545 835 572 Ἡνίκα
849 546 883 582 δὴ

85 585 136 612 καὶ
147 586 296 618 Φλαὸιανὸς
310 588 324 614 ὁ
346 588 504 623 ’Δντιοχέων
519 589 679 623 ἐπίσκοπος,
696 592 882 628 πρεσϐευόμε-

84 640 131 664 νος
147 633 216 668 ὑπὲρ
231 633 284 661 τῶν
298 634 426 667 πολιτῶν,
443 635 483 662 ἔτι
498 635 545 662 τοῦ
561 636 692 671 βασιλέως
706 638 883 673 χαλεπαίνον-

84 687 143 711 τος,
173 679 288 705 πέπεικε
315 680 378 711 τοὺς
406 681 482 716 παρὰ
505 681 554 718 τὴν
569 682 712 719 βασιλικὴν
741 685 882 720 τράπεζαν

84 724 161 758 ᾄδειν
176 724 303 757 εἰωθότας
320 725 409 758 νέους,
424 727 474 758 τὰς
489 727 518 754 ὲν
535 729 595 760 ταῖς
607 729 693 761 λιταῖς
709 730 762 757 τῶν
784 731 883 759 Ἀντιο-

83 770 159 804 χέων
174 771 331 807 ψαλμῳδίας
347 773 432 801 εἰπεῖν
443 782 450 789 ”
471 774 514 809 ἐφ’
535 771 557 808 ᾧ
569 775 677 809 λέγεται
692 777 883 814 φιλανθρωπίᾳ

81 817 250 852 διαχυθέντα
274 819 320 846 τὸν
349 820 461 856 βασιλέα
485 821 655 857 κρατηθῆναι
680 823 719 858 τῷ
740 823 817 859 ἐλέῳ,
835 826 883 851 καὶ

83 863 187 890 αὐτίκα
203 864 253 899 τὴν
265 865 349 901 ὀργὴν
362 866 497 899 ἐκϐαλεῖν,
515 867 562 893 καὶ
576 868 737 896 σπείσασθαι
753 870 821 904 πρὸς
833 871 882 906 τὴν

565 165 726 195 HISTORIA
745 169 1022 200 ECCLESIASTICA.
1044 188 1076 195 -ς
1097 173 1160 200 LIB.
1184 173 1239 200 VII.

84 221 146 252 οἵας
162 219 235 252 εικδς
262 220 314 248 ὑπὸ
338 220 548 256 χαλεπαίνοντος
562 223 697 259 πλήθους,
721 225 880 260 ὐὸριστικὰς

982 250 988 261 ,
1004 230 1202 258 contumeliosa
1221 230 1334 264 insuper
1353 229 1434 257 verba
1455 230 1596 264 adjcieus,
1614 232 1688 259 sicut
1707 240 1725 259 ιι

1661 174 1726 205 1490

936 267 1112 303 multitudine
1127 276 1290 303 exacerbata
1311 276 1368 304 (ieri
1387 277 1467 304 solet.
1486 275 1571 304 Porro
1591 284 1654 304 cum
1673 276 1724 304 im-

936 325 1047 356 perator
1070 322 1171 349 multos
1195 321 1430 349 Antiochenorum
1457 322 1613 351 interﬁcere
1640 324 1675 351 ob
1698 323 1725 351 id

936 367 1031 400 vellet,
1048 367 1081 394 ad
1099 368 1188 395 solum
1202 368 1263 402 ejus
1281 369 1322 396 rei
1337 376 1476 396 rumorem
1494 368 1572 403 plebs
1589 369 1725 404 obstupe-

936 411 1008 440 facta
1026 417 1078 440 est.
1096 412 1212 448 Jamque
1226 413 1322 441 sedato
1345 413 1456 445 furore,
1482 414 1557 449 ipsos
1581 413 1645 442 facti
1667 422 1727 448 poe-

935 458 1060 486 nitebat:
1074 463 1101 486 et
1116 459 1195 494 quasi
1211 459 1282 486 mala
1295 467 1356 494 quae
1368 459 1568 486 nuntiabantur
1577 459 1634 494 jam
1647 459 1728 486 ades-

936 509 1016 537 sent,
1038 505 1191 540 gemebant
1215 512 1312 532 omnes
1340 513 1371 532 ac
1399 505 1550 540 lugebant,
1583 504 1727 539 Deumque

936 551 1121 586 precabantur
1134 555 1164 578 ut
1179 550 1355 586 imperatoris
1369 551 1491 578 animum
1507 550 1646 584 placaret,
1661 557 1728 577 can-

936 595 999 623 ticis
1012 595 1178 630 quibusdam
1192 595 1357 630 lugubribus
1373 594 1406 622 ad
1419 602 1478 622 eam
1491 595 1727 630 supplicationem
1739 586 1741 589 ’

936 645 1055 669 utentes.
1083 641 1144 674 Quo
1174 641 1285 676 quidem
1311 645 1436 676 tempore
1457 641 1605 669 Flavianus
1629 640 1729 668 Aulio-

935 687 1047 715 cbeusis
1063 687 1211 722 episcopus
1221 706 1229 718 .
1250 694 1300 722 pro
1314 686 1423 714 civibus
1438 687 1499 714 suis
1514 686 1650 721 legatione
1663 684 1727 712 lun-

935 741 1003 768 gens
1015 753 1023 765 .
1041 741 1103 761 cum
1121 733 1273 768 imperator
1290 732 1381 760 adhuc
1399 732 1590 767 indignatione
1605 731 1727 767 percitus

935 783 1010 807 esset
1020 798 1027 810 ,
1045 779 1184 813 persuasit
1199 778 1424 806 adolescentibus
1437 778 1487 812 qui
1503 777 1537 804 ad
1552 776 1728 811 imperatoris

936 832 1059 852 mensam
1075 831 1174 852 cauere
1188 824 1331 855 solebant,
1347 828 1376 851 ut
1391 823 1500 851 cantica
1517 822 1617 858 quibus
1631 821 1728 849 Antio-

936 870 1016 897 Cllt‘nl
1041 870 1070 898 in
1094 869 1348 905 supplicationibus
1372 870 1431 898 suis
1458 869 1618 900 utebantur,
1635 871 1729 895 canta.

84 909 177 942 πόλιν,
192 910 306 947 δάκρυσι
329 911 465 947 βρέξαντᾳ
476 913 526 949 τὴν
543 914 651 950 φιάλην,
671 915 703 950 ἢν
721 915 799 951 ἔτυχε
815 909 881 942 κατ-

973 920 1005 942 ιι.
1029 916 1090 948 Quo
1113 916 1188 943 facto
1205 916 1358 951 imperator
1376 916 1404 944 in
1422 915 1597 943 clementiam
1624 913 1728 946 ﬂexus.

84 955 169 990 έχων.
195 957 271 990 Φασὶ,
285 957 313 985 δὲ
337 958 386 993 τῆς
401 958 545 994 φθασάσης
561 960 658 992 νυκτὸς
679 961 738 996 μεθ’
754 961 788 996 ἢν
802 961 883 992 εὐθὺς

85 1002 284 1038 ἐπιγενομένης
309 1004 415 1040 ἡμέρας
439 1004 455 1040 ἡ
479 1006 573 1037 στάσις
595 1006 721 1041 ἐγένετο,
755 1008 852 1043 φάσμα
869 1015 883 1029 ιι

85 1047 217 1081 γυναικὸς
232 1048 372 1083 θεαθῆναι,
397 1050 508 1085 μεγέθει
531 1052 649 1085 ἐξαίσιον
675 1053 721 1080 καὶ
736 1052 786 1089 θέᾳ
801 1053 883 1088 φοϐε-

85 1092 152 1128 ρὸν,
177 1093 323 1128 μετάρσιόν
349 1102 378 1121 τε
401 1094 542 1130 διατρέχον
569 1096 621 1123 ἀνὰ
643 1097 693 1129 τὰς
713 1098 812 1132 ἀγυιὰς
833 1098 883 1133 τῆς

84 1138 209 1172 πόλεως,
232 1139 278 1166 τὸν
303 1139 371 1175 ἀέρα
398 1140 540 1176 μαστίζειν
563 1143 615 1169 ὑπὸ
631 1143 744 1178 μάστιγι
762 1144 882 1180 δυσὴχῳ.

82 1184 158 1216 οἵαις
175 1186 215 1216 είς
236 1185 321 1220 θυμὸν
332 1187 528 1221 προκαλοῦνται
544 1188 607 1219 τοὺς
622 1188 710 1223 θῆρας
728 1189 753 1215 οι
771 1189 834 1225 περὶ
850 1188 885 1217 τὰ

83 1229 199 1256 τοιαῦτα
209 1230 310 1266 θέατρα
324 1231 478 1263 πονοῦντες.
495 1232 573 1259 Οὕτω
589 1241 631 1264 τις
643 1233 769 1269 ἀλάστωρ
780 1234 883 1270 δαίμων

85 1276 288 1312 ὲπιὸουλῇ(67)
315 1278 364 1313 τὴν
392 1279 486 1306 στάσιν
501 1279 635 1314 ἐκίνησεν.
666 1280 884 1315 Ἐπηκολούθησε

84 1321 110 1347 δ’
129 1321 162 1348 ἂν
179 1323 226 1349 καὶ
246 1323 325 1358 φόνος
345 1324 439 1357 πολὺς,
456 1324 479 1351 εί
498 1325 535 1360 μὴ
549 1325 599 1360 τὴν
615 1326 700 1361 ὀργὴν
712 1325 884 1353 κατέπαυσεν

84 1368 101 1394 ὁ
129 1367 271 1402 βασιλεὺς,
295 1370 343 1406 τὴν
371 1371 511 1406 ἱερατικὴν
534 1371 585 1398 ὑπὸ
607 1372 746 1404 εὐσεϐείας
777 1372 885 1399 ἱκεσίαν

86 1413 236 1446 αἰδεσθείς.

934 968 961 990 et
977 962 1156 990 miseratione
1170 965 1317 997 superatus
1329 982 1337 995 ,
1353 962 1422 989 iram
1440 961 1569 996 protinus
1591 960 1730 995 abjecisse

935 1009 1050 1041 dicitur,
1066 1012 1094 1036 et
1107 1015 1169 1035 cum
1182 1007 1419 1035 Antiochensibus
1431 1007 1458 1034 iu
1471 1007 1587 1041 gratiam
1604 1006 1729 1040 rediisse,

935 1054 1048 1090 perfuso
1064 1054 1193 1089 laerymis
1210 1053 1311 1088 poculo
1341 1052 1414 1088 quod
1433 1056 1492 1080 tum
1509 1053 1580 1079 forte
1596 1052 1623 1078 in
1639 1051 1728 1078 mani-

935 1101 986 1129 bus
1003 1100 1133 1128 habebat.
1149 1100 1285 1127 Caeterum
1302 1099 1401 1131 aiunt,
1419 1102 1503 1126 nocte
1521 1098 1566 1125 illa
1579 1105 1642 1133 quae
1656 1096 1729 1124 diem

934 1152 989 1180 quo
1004 1143 1103 1172 seditio
1119 1143 1192 1171 facta
1206 1147 1247 1171 est
1261 1143 1418 1179 praecessit.
1430 1146 1570 1178 spectrum
1587 1142 1728 1177 quoddam

935 1189 1070 1218 muliebre
1085 1188 1173 1216 visum
1187 1196 1265 1220 esse,
1290 1188 1480 1224 magnitudine
1504 1187 1679 1219 incredibili,
1700 1192 1729 1215 et

934 1234 1017 1270 314.
1038 1238 1152 1270 aspectu
1170 1233 1314 1262 terribile:
1332 1233 1405 1268 quod
1423 1233 1543 1261 sublime
1559 1241 1607 1269 per
1623 1233 1728 1268 plateas

936 1280 1013 1307 urbis
1028 1279 1190 1307 discurrens
1201 1299 1207 1311 ,
1231 1285 1322 1306 aerem
1344 1279 1462 1306 caederet
1481 1277 1590 1314 ﬂagello
1606 1277 1727 1313 quodam

936 1325 1103 1357 horrisono,
1126 1325 1283 1361 cujusmodi
1305 1324 1398 1360 ﬂagris
1414 1325 1518 1353 bestias
1546 1325 1580 1352 ad
1605 1323 1727 1352 furorem

937 1372 1080 1400 concitare
1098 1371 1188 1400 solent
1204 1371 1241 1404 ii,
1258 1371 1305 1406 qui
1322 1371 1460 1406 ejusmodi
1479 1371 1648 1406 spectaculis
1664 1378 1730 1405 ope-

938 1425 996 1446 ram
1024 1425 1101 1445 suam
1130 1418 1234 1448 locant.
1263 1417 1301 1444 lta
1325 1417 1460 1445 exitiosus
1485 1416 1597 1452 quidam
1622 1416 1729 1444 daemon

88 1461 164 1488 hanc
180 1461 343 1490 seditionem
368 1459 505 1490 insidiose
529 1463 668 1491 conﬂavit.
697 1465 735 1492 Ae
760 1464 883 1499 profecto
902 1464 999 1499 ingens
1014 1463 1104 1491 caedes
1120 1467 1270 1491 consecuta
1286 1466 1380 1494 esset,
1393 1463 1447 1490 nisi
1480 1463 1630 1499 imperator
1660 1462 1729 1490 iram

85 1517 169 1537 Suam
191 1511 385 1545 repressisset,
401 1511 553 1540 sacerdotis
574 1512 801 1542 intercessionem
820 1521 871 1548 pro
889 1513 991 1549 pietate
1006 1521 1056 1542 sua
1072 1513 1218 1540 reveritus.

379 1567 504 1594 ΚΕΦΑΛ.
527 1568 590 1596 KA'.

85 1622 161 1657 Περὶ
177 1622 231 1656 τῆς
246 1623 299 1650 τοῦ
317 1623 479 1651 Θεοδοσίου
496 1625 549 1651 τοῦ
562 1625 716 1659 ,ϐασιλέως
732 1627 806 1653 κατὰ
830 1627 883 1654 τοῦ

353 1660 498 1693 Εὐγενὶου
518 1660 616 1693 νίκης.

131 1695 209 1730 Ἐπεὶ
225 1704 254 1731 δὲ
273 1705 306 1732 τὰ
328 1705 395 1740 πρὸς
412 1706 458 1732 τὸν
475 1706 592 1741 πόλεμον
612 1706 687 1742 αὐτῷ
709 1707 884 1742 ηὐτρέπιστο,

87 1752 255 1788 ἀναγορεύει
277 1753 388 1788 βασιλέα
409 1754 536 1789 Ὀιλώριον
552 1760 564 1773 ν
592 1755 637 1781 τὸν
665 1755 797 1791 νεώτερον
818 1756 885 1782 υἱόν.

95 1798 239 1833 Ἀρκάδων
265 1798 319 1833 γὰρ
336 1799 385 1834 ἤδη
407 1801 600 1835 χειροτονήσας
625 1799 668 1836 ἦν.
698 1802 798 1836 Ἄμφω
811 1801 839 1827 δὲ
859 1803 888 1827 ἐν

87 1844 377 1870 Κωνσταντινουπόλει
389 1845 555 1877 καταλιπὼν,
569 1846 669 1881 σπουδῇ
680 1847 726 1873 σὺν
739 1848 798 1878 ταῖς
807 1856 888 1881 στρα-

87 1891 164 1922 τιαῖς
190 1890 243 1916 ἀπὸ
266 1890 316 1925 τῆς
336 1891 394 1917 Ἕω
412 1891 458 1917 ἐπὶ
479 1891 528 1926 τὴν
552 1892 619 1927 πρὸς
636 1893 718 1919 Δύσιν
734 1892 888 1928 ἀρχομένην

88 1936 233 1972 ἠπείγετο.
253 1937 398 1963 Συνείπετο
412 1937 439 1963 δὲ
459 1937 532 1972 αὐτῷ
546 1938 593 1964 καὶ
607 1938 710 1973 πλῆθος
724 1938 887 1973 συμμάχων,

89 1982 147 2008 τῶν
169 1982 234 2017 περὶ
258 1982 304 2009 τὸν
323 1983 430 2017 Ἴστρον
457 1983 612 2020 βαρϐάρων.
643 1985 759 2018 Λέγεται
779 1985 807 2011 δὲ
827 1984 888 2010 τότε

91 2030 144 2062 τῆς
159 2028 471 2061 Κωνσταντινουπόλεοξ
487 2030 624 2065 ἐκδημῶν,
644 2031 711 2066 πρὸς
726 2031 765 2066 τῷ
782 2031 890 2066 ἑϐδόμῳ

94 2072 178 2107 μιλίῳ
191 2073 346 2107 γενόμενος,
361 2073 563 2108 προσεύξασθαι
578 2074 617 2110 τῷ
629 2075 689 2111 Θεῷ
703 2076 732 2102 ὲν
748 2077 781 2111 τῇ
794 2075 887 2102 ἐνθάδε

94 2118 245 2153 ἐκκλησίᾳ,
271 2119 305 2154 ἢν
333 2119 379 2145 ἐπὶ
405 2121 474 2154 τιμῇ
515 2120 638 2147 Ἰωάννου
663 2121 709 2148 τοῦ
734 2121 887 2148 Βαπτιστοῦ

93 2165 220 2199 ἐδείματο
233 2172 239 2180 ”
266 2165 376 2200 αἱτῆσαί
395 2174 424 2192 τε
451 2166 542 2192 αἰσίαν
564 2167 639 2202 αὐτῷ
655 2168 702 2194 καὶ
721 2169 754 2203 τῇ
776 2168 891 2203 στρατιᾷ.

133 2254 140 2269 ¹
158 2254 234 2281 Socr.
251 2254 298 2281 lib.
315 2262 342 2287 ι’,
359 2261 385 2281 c.
401 2255 449 2281 ‘15.

1234 1568 1312 1596 CAP.
1331 1567 1429 1597 XXIV.

936 1627 974 1655 De
991 1628 1101 1654 uictoria
1119 1635 1199 1662 quam
1216 1627 1362 1658 imperator
1378 1624 1540 1653 Theodosius
1559 1625 1591 1651 de
1612 1624 1734 1659 Eugenio

1219 1663 1374 1696 reportavit.

972 1706 1060 1733 Porro
1086 1713 1148 1733 cum
1170 1706 1264 1732 omnia
1291 1713 1353 1740 qua:
1381 1705 1415 1733 ad
1443 1706 1545 1734 bellum
1571 1704 1730 1732 necessaria

939 1755 1036 1783 erant,
1052 1750 1162 1778 abunde
1177 1754 1383 1785 comparasset,
1408 1751 1494 1778 ﬁlium
1516 1751 1654 1778 minorem
1675 1749 1732 1775 llo-

939 1797 1048 1824 norium
1071 1796 1225 1831 Augustum
1248 1796 1418 1830 tumcupavit
1434 1797 1453 1824 '.
1476 1796 1625 1823 Arcadium
1653 1795 1727 1822 enim

939 1844 995 1878 jam
1011 1847 1091 1870 antea
1114 1843 1269 1877 Augustum
1296 1843 1514 1870 renuntiaverat.
1538 1842 1662 1876 Utroque
1684 1849 1731 1868 au.

942 1894 995 1917 tem
1019 1889 1116 1917 relicto
1138 1888 1398 1923 Constantinopoli,
1421 1888 1481 1923 ipse
1502 1896 1564 1915 cum
1587 1887 1675 1922 copiis
1697 1895 1732 1914 ex

941 1935 1063 1963 Orientis
1082 1935 1208 1970 partibus
1226 1934 1386 1969 profectus,
1410 1935 1443 1961 ad
1470 1934 1656 1961 Occidentalis
1679 1933 1731 1960 itu~

942 1982 1010 2016 perii
1041 1981 1198 2016 provincias
1229 1988 1348 2015 propere
1376 1980 1529 2007 contendit.
1556 1980 1732 2014 Sequebatur

942 2029 1018 2056 illum
1036 2028 1132 2063 ingens
1157 2027 1238 2054 turba
1255 2026 1450 2058 auxiliarium,
1473 2033 1506 2053 ex
1532 2025 1658 2053 barbaris
1682 2026 1729 2059 qui

940 2075 1016 2102 circa
1039 2073 1194 2100 Danubium
1216 2072 1390 2099 habitabant.
1409 2071 1477 2099 Cum
1494 2075 1586 2099 autem
1602 2078 1730 2105 egressus

941 2119 1201 2153 Constantinopoli,
1225 2118 1260 2145 ad
1282 2118 1430 2153 septimum
1456 2117 1574 2145 milliare
1590 2117 1731 2152 pervenis-

941 2171 1000 2198 set,
1021 2166 1104 2193 Deum
1123 2166 1179 2193 illic
1197 2172 1292 2193 orasse
1306 2164 1410 2192 dicitur
1429 2165 1456 2191 in
1472 2163 1588 2191 ecclesia
1602 2171 1684 2198 quam
1701 2163 1731 2190 in

699 2329 834 2357 VALESH
856 2329 1131 2357 ANNOTATIONES.

131 2388 187 2422 (67)
204 2389 354 2423 Δαιμόνιον
376 2387 531 2421 ἐπιϐουλῇ.
551 2387 628 2414 llunc
649 2388 738 2423 locum
756 2387 885 2423 praeclare

973 2387 1050 2422 ίμων,
1069 2387 1099 2419 ἐξ
1107 2386 1251 2422 amoma;
1266 2386 1314 2421 τὴν
1330 2385 1424 2423 στᾲσιν
1443 2385 1578 2423 εκιίνησεν.
1593 2385 1728 2423 Emenda-

95 2424 164 2450 mihi
181 2421 274 2450 videor
288 2424 449 2451 restituisse.
467 2423 532 2449 Nam
553 2431 614 2449 cum
638 2423 664 2450 in
683 2422 777 2449 codice
801 2421 886 2449 Pulic-

95 2459 173 2485 tiano
189 2459 321 2493 scriptum
335 2459 500 2485 invenissem
515 2458 620 2492 δαίμων
632 2457 787 2493 ξπιϐουλῆς,
799 2461 885 2484 totum

96 2495 188 2521 locum
210 2492 464 2521 ita’emcudandum
481 2494 575 2528 putavi
591 2501 597 2519 :
613 2492 686 2519 οὕτω
700 2501 743 2523 τις
759 2493 886 2526 ἀλάστωρ

941 2420 1041 2449 tionem
1061 2426 1182 2448 nostram
1201 2420 1345 2448 conliriuat
1366 2421 1546 2456 Nicephorus,
1561 2420 1608 2456 qui
1633 2421 1670 2456 ita
1686 2421 1728 2447 di-

941 2463 1013 2484 serte
1034 2457 1167 2491 scriptum
1197 2457 1278 2483 habet
1294 2461 1323 2482 ut
1341 2456 1524 2491 eonjeceram,
1548 2455 1728 2490 quemadmo-

941 2493 1005 2520 dum
1021 2492 1111 2519 videre
1127 2495 1168 2519 est
1181 2492 1208 2518 in
1224 2499 1283 2526 cap.
1302 2491 1336 2518 45
1350 2491 1398 2518 lib.
1419 2498 1466 2518 xu.

790 2581 983 2610 νΑιιιΟΙιυΜ.

133 2648 146 2662 υ
162 2642 280 2676 Φάσμα.
305 2641 586 2676 Spectrahujusmodi
611 2649 804 2676 nonnunquam
829 2642 886 2668 visa

98 2678 187 2705 fuisse
214 2681 367 2703 memorant
390 2681 417 2704 et
444 2677 545 2703 ethnici
571 2677 728 2710 scriptores,
753 2677 888 2711 prteripue

99 2713 264 2740 Plutarchus
280 2713 305 2739 in
329 2711 388 2738 Vita
407 2711 445 2738 Μ.
465 2712 552 2738 Bruti.

134 2753 148 2766 ν
169 2748 350 2780 Ἀναγορεύει
362 2747 496 2779 βασιλέα
515 2745 661 2780 Ὀνώριον.
681 2745 817 2772 llnrmrius
833 2747 887 2772 Au-

99 2786 320 2818 gustus_creatus
344 2790 368 2808 IV
388 2781 450 2809 ldus
476 2781 631 2818 Januarias,
658 2780 885 2818 anno_(lhr.:’i!.)2,

100 2815 395 2854 patreA'l‘hcpdosiotu
408 2823 437 2854 et,
457 2816 633 2854 Abundantio
645 2815 808 2854 coss.__Socr.
827 2816 845 2842 Ι.
862 2824 887 2847 v,

100 2850 161 2887 cap.
177 2852 223 2880 24.
239 2851 413 2878 Marcellinus
431 2853 457 2879 iu
476 2851 615 2879 Chronico.
642 2850 809 2878 Claudianus
825 2858 889 2887 quo-

99 2885 155 2925 qu'c
172 2887 205 2915 dc
230 2887 280 2914 hoc
296 2887 361 2922 agit,
385 2888 551 2923 Panegyrico
566 2886 592 2914 in
609 2891 736 2922 quartum
760 2893 816 2913 cos.
835 2885 888 2912 llo-

939 2641 1020 2673 norii,
1037 2649 1063 2667 ν.
1090 2641 1150 2671 170,
1164 2640 1287 2674 ctc..qui
1314 2639 1551 2673 Constantinopoli
1577 2639 1603 2674 id
1625 2639 1727 2666 factum

941 2676 1054 2707 iudicat,
1079 2684 1107 2702 ν.
1131 2675 1191 2702 177.
1217 2673 1392 2702 Goruornsn.
1416 2675 1443 2701 in
1471 2673 1645 2709 Chronologio
1665 2673 1726 2700 cod.

941 2711 1066 2738 ’I'Iieodos.
1083 2710 1174 2738 Verno
1189 2716 1311 2745 tempore
1320 2710 1458 2744 sequentis
1474 2709 1655 2743 anni,nempe
1664 2709 1727 2745 $94,

940 2746 1110 2773 Theodosius
1143 2743 1276 2780 adversus
1297 2743 1446 2780 Eugenium
1469 2751 1604 2780 movens,
1633 2743 1726 2770 relicta

938 2781 1188 2814 Constantinopoli,
1208 2779 1364 2807 lleracleain
1393 2785 1419 2807 et
1437 2779 1642 2813 Adrianopolim
1665 2786 1728 2814 pro-

939 2816 1070 2850 greditur.
1087 2815 1209 2841 Tandem
1220 2822 1346 2842 conserto
1356 2815 1462 2850 proelio,
1480 2816 1567 2841 victus
1579 2821 1722 2848 caesusquc

939 2849 981 2878 est
996 2850 1131 2884 Eugenius
1149 2854 1280 2884 tyrannus
1303 2851 1334 2877 ad
1353 2849 1493 2884 Frigidum
1518 2856 1624 2877 amnem
1643 2855 1728 2884 prope

943 2886 1105 2921 Aquileiam,
1118 2892 1163 2911 \'tt|
1177 2884 1213 2912 Id.
1233 2885 1369 2919 Septemb.
1383 2884 1432 2918 lo.,
1450 2884 1512 2912 ibid.
