1883 3069
191 146 259 178 lii“

920 144 1033 173 $010M
1037 145 1081 172 ΕΝ
1087 146 1095 174 l

1774 146 1849 174 I519.

187 208 342 233 sectatores
358 209 454 239 erant,
469 203 754 241 transgrediebantur.
776 203 930 232 Macedonia

1101 215 1113 233 ηι
1128 206 1176 242 τῆς
1195 207 1329 242 ἐχομένης
1351 207 1489 242 βασιλείας
1505 208 1674 242 διεγένοντο.
1695 206 1844 233 Naturan-

188 255 282 280 autem
309 252 357 287 qui
374 255 455 280 erant
481 250 742 286 Constantinopoli,
771 250 798 278 id
826 250 978 286 plurimum

190 298 295 330 nocuit,
311 299 384 334 quod
400 306 434 326 eo
450 302 577 333 tempore
591 297 698 324 nullum
715 296 857 325 habebant
870 297 979 333 episco-

190 352 267 380 pum.
285 345 352 372 Nam
366 353 399 372 ex
414 352 469 380 quo
489 343 633 372 Eudoxius
655 351 719 372 cum
740 344 817 376 suis,
846 347 980 379 regnante

187 390 366 423 Constantio,
389 390 526 418 ecclesias
551 390 607 419 illis
632 390 782 422 ademerat,
801 389 979 425 sequentium

188 437 319 472 deinceps
336 436 538 472 imperatorum
551 436 734 472 temporibus,
759 436 812 464 sub
828 435 895 463 solis
916 442 979 470 pre~

189 484 308 519 sbyteris
325 487 549 518 permanserunt.
564 484 598 511 At
616 483 771 515 Novatiani,
791 482 856 510 licet
868 482 979 516 quidam

188 530 311 565 ipsorum
334 530 439 558 turbati
455 534 550 558 essent
570 530 606 558 ob
622 529 803 566 quaestionem
813 528 847 556 de
861 527 977 560 Pascha,

188 584 270 610 quam
298 575 447 604 Sabbatius
474 577 557 612 paulo
583 580 647 604 ante
671 576 854 608 excitaverat,
881 573 978 609 majori

188 627 280 650 tamen
300 630 332 650 ex
349 628 425 657 parte
452 623 480 650 in
495 622 619 650 Ecclesia
637 629 686 650 sua
700 622 883 657 quieverunt.
910 619 978 648 Nam

187 675 278 704 neque
289 668 387 696 iisdem
399 669 489 704 pcenis
505 676 538 696 ac
548 668 666 704 legibus,
676 668 775 702 quibus
795 667 910 702 reliqua:
923 667 979 694 bte-

187 723 273 746 rcses,
289 714 403 742 obnoxii
421 708 519 746 erant»,
540 718 636 749 utpote
659 714 706 749 qui
730 712 894 741 Trinitatem
909 719 977 740 con-

187 761 399 789 Substantialem
423 764 593 793 assererem,
617 763 644 788 et
671 764 738 787 tunc
765 759 911 794 tempOris,
943 758 979 787 ob

187 807 376 842 praestantiam
390 807 584 841 episcoporum
608 812 735 838 suorum,
761 805 886 832 ﬁrmiore
904 805 978 834 inter

188 851 378 878 seconcordia
395 850 518 878 devincti
533 853 622 877 erant.
639 848 707 876 Nam
723 853 786 885 post
802 849 893 884 Agelii
906 856 978 885 prat-

187 897 306 925 sulatum
338 896 509 924 Marcianum
537 896 690 924 antistitem
705 896 779 924 nacti
794 895 915 930 fuerant,
936 896 977 924 vi-

187 951 248 971 rum
266 943 418 979 egregium.
436 943 497 976 Quo
510 950 559 977 per
575 942 600 970 id
617 946 729 977 tempus
743 949 840 970 recens
854 946 975 975 mortuo,

187 990 375 1026 episcopatum
391 989 454 1023 ejus
467 988 592 1024 suscepit
619 987 759 1020 Sisinius,
787 988 829 1015 vir
852 987 977 1022 apprime

187 1037 324 1066 eruditus.
338 1040 364 1063 et
379 1034 632 1070 philosophicorum
661 1034 820 1070 dogmatum
838 1041 870 1061 ac
885 1040 976 1061 sacra-

187 1090 248 1109 rum
263 1081 468 1116 Scripturarum
489 1079 608 1107 scientia
628 1079 813 1111 instructus‘,
831 1079 863 1106 ad
881 1078 976 1114 dispu~

187 1127 302 1154 tandum
333 1133 445 1160 quoque
471 1128 615 1160 promptus
629 1132 662 1152 ac
685 1128 798 1160 paratus
821 1133 828 1151 :
848 1124 917 1152 adeo
946 1128 977 1152 ut

186 1172 247 1207 ipse
261 1179 370 1207 quoque
393 1171 559 1204 Eunomius,
587 1171 634 1206 qui
652 1179 685 1199 eo
717 1171 831 1198 nomine
856 1170 976 1199 celebris

187 1217 349 1249 habebatur,
369 1220 395 1244 et
407 1216 478 1244 hanc
491 1220 578 1244 artem
593 1217 729 1252 praecipue
745 1217 897 1249 excolebat,
914 1224 976 1244 cum

186 1272 219 1292 co
233 1263 366 1299 congredi
382 1271 571 1299 saepenumero
581 1264 729 1292 recusarit.
745 1263 782 1291 Ac
793 1264 848 1290 vita
865 1263 976 1299 quidem

186 1315 279 1338 castus
292 1314 376 1346 atque
392 1310 499 1345 integer
515 1310 578 1342 l‘uit,
593 1310 630 1336 ita
643 1313 672 1337 ut
687 1310 761 1337 omni
774 1310 914 1338 calumnia
927 1317 975 1338 su-

186 1358 278 1392 perior
292 1361 378 1390 esset,
398 1357 472 1384 victu
495 1361 586 1384 tamen
609 1356 729 1384 delicato
749 1364 781 1384 ac
813 1356 975 1392 superﬂuo;

187 1403 255 1431 adeo
278 1408 307 1430 ut
324 1402 344 1429 ii
370 1403 472 1438 quibus
496 1402 608 1438 ignotus
630 1405 702 1435 erat,
731 1402 897 1437 pcrsuadere
923 1402 975 1430 sibi

186 1456 242 1476 non
260 1452 385 1483 possent,
402 1448 480 1476 illum
506 1448 534 1475 in
553 1448 638 1475 tantis
665 1448 776 1477 deliciis
795 1448 976 1476 nihilominus

188 1498 390 1530 temperantem
407 1502 479 1522 esse.
501 1494 625 1523 Moribus
640 1495 875 1530 porrojucundus
901 1499 973 1529 erat,

188 1548 220 1567 ac
237 1541 331 1569 suavis
344 1541 373 1568 in
388 1541 583 1576 congressibus
600 1550 607 1568 :
625 1545 708 1576 atque
719 1540 824 1568 idcirco
841 1549 903 1569 cum
917 1541 975 1576 epi-
988 1547 1011 1578 ο

190 1586 285 1621 scopis
300 1585 434 1614 Ecclesiae
450 1586 604 1619 catholicae,
628 1590 687 1613 tum
715 1586 924 1622 magistratibus
949 1590 976 1613 et

187 1631 296 1659 erudito
311 1632 412 1667 cuique
426 1635 485 1659 erat
508 1635 650 1667 acceptus.
675 1630 783 1666 Quippe
805 1631 894 1666 jocari
912 1639 974 1658 cum

188 1682 344 1711 venustate,
358 1681 387 1705 et
400 1678 480 1713 jocos
503 1678 639 1713 patienter
664 1677 801 1713 excipere,
827 1681 977 1713 utrumque

187 1732 255 1752 vero
269 1725 339 1752 citra
355 1724 489 1752 odensam
515 1723 618 1757 facere,
651 1727 784 1759 praeterea
798 1723 976 1758 interrogatis

189 1771 277 1799 tacete
313 1778 347 1798 ac
368 1770 496 1798 celeriter
520 1769 689 1805 respondere
717 1770 820 1797 eximie
849 1769 976 1798 callebat.

186 1817 268 1853 335
285 1816 404 1844 Proinde
417 1817 605 1851 interrogatus
621 1816 780 1851 aliquando,
797 1817 975 1851 quamobrem

187 1870 250 1890 curn
266 1863 411 1898 episcopus
433 1866 518 1895 esset,
535 1862 579 1890 bis
591 1870 640 1897 per
666 1861 739 1892 diem
757 1862 862 1890 lavaret
877 1871 884 1890 :
906 1861 977 1895 Quia

188 1913 240 1941 ter.
257 1909 358 1944 inquit,
376 1917 431 1936 non
448 1909 561 1936 accedo.
587 1908 696 1936 Rursus
708 1909 837 1944 quoniam
858 1908 977 1936 candida

186 1961 264 1984 veste
279 1961 411 1992 perpetuo
425 1956 570 1987 utebatur.
583 1955 694 1983 derisus
709 1958 752 1982 est
769 1961 784 1981 a
796 1953 915 1990 quodam
928 1953 978 1981 Ec-

187 2003 277 2030 clesiae
294 2002 439 2030 catholicae
456 2002 527 2029 viro.
541 2001 582 2028 Ad
597 2008 679 2036 quem
691 2000 738 2027 ille
757 2009 764 2027 :
785 1999 902 2028 Ubinam
912 2007 977 2027 vero

187 2049 322 2084 scriptum
335 2054 388 2082 est,
404 2048 507 2084 inquit,
521 2047 600 2082 nigra
626 2050 702 2074 veste
726 2046 803 2074 indui
829 2046 977 2081 oportere?

129 2091 134 2096 ’
187 2095 239 2129 Qui
255 2102 317 2122 cum
334 2094 472 2126 haesisset,
490 2093 610 2129 subjecit
631 2092 771 2120 Sisinius:
794 2091 836 2120 Tu
867 2093 976 2128 quidem

188 2148 328 2175 nunquam
343 2139 368 2167 id
382 2139 529 2167 ostendere
546 2138 684 2174 potueris.
706 2137 773 2165 Mihi
789 2145 856 2165 vero
870 2138 978 2174 sapien-

188 2187 312 2214 tissimus
329 2185 442 2212 Salomo
459 2185 583 2220 prmcipit
595 2185 638 2212 his
649 2184 740 2212 verbis
761 2194 767 2211 :
787 2192 798 2210 ι
815 2183 875 2211 Sint
888 2185 973 2212 vesti-

188 2236 281 2260 menta
297 2236 343 2258 tua
357 2238 465 2266 semper
478 2231 558 2258 alba'
572 2240 579 2258 :
597 2240 606 2257 ›
627 2235 654 2259 et
663 2230 791 2258 Christus
805 2232 874 2266 ipse,
885 2231 932 2265 qui
947 2231 975 2258 in

188 2277 344 2314 Evangeliis
365 2284 473 2312 semper
487 2275 596 2304 albatus
616 2276 753 2309 cernitur,
777 2281 804 2304 et
835 2275 973 2310 ejusmodi

187 2330 265 2353 veste
280 2325 393 2352 indutos
408 2323 508 2351 Mosem
527 2327 610 2358 atque
634 2322 738 2350 Heliam
760 2323 893 2357 apostolis
917 2322 975 2350 suis

187 2372 322 2400 exhibuit.
336 2370 410 2400 Istud
425 2378 538 2405 quoque
551 2377 612 2397 meo
627 2369 737 2405 quidem
754 2368 860 2404 judicio
885 2368 976 2403 lepide

188 2419 291 2446 dictum
313 2422 356 2445 est
369 2425 385 2444 a
408 2416 510 2444 Sisinio
527 2425 534 2443 :
551 2415 711 2443 Morabatur
729 2414 974 2450 Constantinopoli

189 2464 319 2492 Leontius
341 2463 486 2499 episcopus
499 2463 615 2498 Ancyrae
632 2462 660 2489 in
682 2461 799 2493 Galatia,
816 2460 862 2496 qui
885 2460 975 2489 Nova-

226 2531 233 2547 ¹
254 2531 330 2558 Socr.
348 2529 396 2558 lib.
417 2538 453 2562 Vl,
469 2537 528 2565 cap.
543 2528 588 2556 22.
629 2529 638 2544 ²
654 2527 728 2556 Eccl.
746 2536 783 2559 ix,
799 2527 826 2554 8.

1031 252 1071 279 vol.
1092 252 1137 285 δὲ,
1157 254 1182 279 εί
1207 253 1253 280 καί
1276 261 1353 285 τινας
1374 253 1476 281 τούτων
1493 254 1646 289 ἐτάραττεν
1665 254 1683 288 ἡ
1713 253 1785 288 περὶ
1802 254 1846 279 τοῦ

1031 298 1127 333 Πάσχα
1139 298 1252 333 ζήτησις
1264 320 1273 332 ,
1284 300 1317 335 ἢν
1328 299 1479 331 Σαϐϐάτιος
1496 300 1681 334 ἐνεωτέρισεν
1693 318 1702 331 ,
1721 298 1788 325 ἀλλ’
1802 296 1845 324 οὖν.

1030 345 1054 371 οἱ
1071 344 1180 376 πλείους
1192 345 1238 371 ἐπὶ
1249 345 1299 380 τῆς
1313 345 1403 372 αὐτῶν
1422 345 1588 380 Ἑκκλησίας
1607 345 1753 381 ἠρέμουν.
1774 343 1843 371 Οὖτε

1029 390 1084 425 γὰρ
1110 392 1167 422 τοῖς
1187 390 1279 422 αὐτοῖς
1302 391 1450 426 ἐπιτιμίοις
1472 391 1489 426 ἢ
1506 391 1601 426 νόμοις
1619 412 1626 422 ,
1645 391 1759 426 ὁμοίως
1784 392 1843 422 ταῖς

1030 436 1125 468 ἄλλαις
1146 437 1285 473 αἱρέσεσιν
1300 437 1384 472 ἔνοχοι
1400 435 1485 472 ἦσαν,
1503 437 1541 468 ὡς
1561 437 1716 472 όμοοὺσιον
1732 437 1841 471 Τριάδα

1031 481 1199 516 δοξάζοντες,
1224 483 1272 509 καὶ
1305 483 1366 510 τότε
1393 483 1566 518 βεϐαιότερον
1594 486 1630 519 τῇ
1661 485 1759 519 ἀρετῇ
1789 484 1842 510 τῶν

1031 529 1189 564 ἡγουμένων
1207 529 1365 556 συνίσταντο
1381 529 1449 564 πρὸς
1465 530 1602 564 ὁμόνοιαν,
1613 530 1697 557 Μετὰ
1714 529 1777 565 γὰρ
1792 530 1842 565 τὴν

1037 575 1156 610 Ἀγελίου
1171 575 1349 611 προστασίαν,
1364 574 1414 610 τῆς
1432 576 1593 611 Μαρκιανοῦ
1609 576 1714 611 ἀνδρὸς
1730 577 1839 610 ἁγαθοῦ

1029 621 1207 656 τετυχήκασι.
1216 621 1270 648 Καὶ
1280 620 1376 648 τούτου
1387 621 1415 648 δὲ
1433 621 1546 656 ἔναγχος
1560 622 1633 649 κατὰ
1647 622 1697 648 τὸν
1708 623 1837 657 παρόντα

1029 668 1124 704 χρόνον
1137 668 1349 704 τελευτήσαντος
1366 673 1389 700 ε,
1400 668 1536 700 διεδέξατο
1546 669 1597 704 τὴν
1615 668 1706 695 αὑτοῦ
1721 670 1837 695 ἐπισκο-

1030 713 1084 750 πὴν
1098 713 1214 745 Σισίνιος
1225 733 1231 745 ,
1248 713 1317 749 ἀνὴρ
1330 713 1472 749 ἐλλόγιμος
1491 714 1533 741 ὅτι
1549 714 1673 749 μάλιστα
1686 734 1694 746 ,
1718 715 1770 740 καὶ
1795 723 1836 748 ςι-

1029 759 1150 794 λοσόφων
1164 759 1307 795 δογμάτων
1319 759 1367 786 κα)⁵
1379 759 1433 786 τῶν
1448 759 1528 794 ἱερῶν
1543 759 1633 793 λόγων
1650 760 1834 794 ἐπιστήμων,

1029 806 1077 833 καὶ
1095 805 1164 841 πρὸς
1190 805 1320 838 διαλέξεις
1340 804 1447 840 ἕτοιμος
1460 813 1466 820 ’
1480 805 1518 837 ὡς
1542 806 1590 832 καὶ
1616 805 1762 841 Εὐνόμιον
1791 806 1835 831 ἐπὶ

1029 851 1142 883 ταύταις
1153 850 1347 887 εὐδοκιμοῦντα
1357 871 1365 884 ,
1388 851 1435 878 καὶ
1447 851 1528 878 τοῦτο
1539 851 1622 886 ἔργον
1649 851 1832 886 ποιούμενον,

1029 897 1159 929 πολλάκις
1176 897 1397 934 παραιτήσασθαι
1410 897 1474 929 τοὺς
1489 898 1558 933 πρὸς
1575 897 1660 925 αὑτὸν
1673 897 1831 931 διαλόγους.

1034 944 1159 978 Ἐγένετο
1183 944 1212 971 δὲ
1240 943 1357 979 σώφρων
1381 943 1426 970 τὸν
1453 943 1527 979 βίον,
1543 943 1582 974 ὡς
1602 944 1747 978 κρείττων
1765 941 1832 970 εἶναι

1027 990 1169 1025 διασολῆς,
1191 990 1255 1025 περὶ
1271 990 1299 1016 δὲ
1315 989 1364 1025 τὴν
1378 990 1482 1017 δίαιταν
1500 989 1584 1025 ἁδρὸς
1613 989 1662 1016 καὶ
1687 990 1830 1020 1:011:10;-

1027 1035 1066 1066 ὼς
1080 1035 1144 1066 τοὺς
1160 1034 1325 1069 ἀγνοοῦντας
1337 1035 1472 1068 άπιστεῖν,
1491 1036 1514 1062 εὶ
1537 1036 1692 1070 σωφρονεῖν
1707 1035 1830 1065 δύναιτο.

1027 1079 1154 1106 τοσοῦτον
1170 1079 1293 1115 τρυφῶν.
1310 1080 1346 1106 To
1372 1080 1400 1107 δὲ
1415 1077 1481 1115 ἦθος
1510 1077 1544 1115 ἦν
1561 1080 1673 1115 χαρίεις
1699 1080 1752 1106 καὶ
1771 1080 1832 1114 ἡδὺς

1028 1127 1056 1153 ὲν
1067 1127 1128 1158 ταῖς
1143 1126 1314 1158 συνουσίαις·
1332 1126 1379 1153 καὶ
1393 1126 1437 1153 διὰ
1459 1127 1545 1153 ταῦτα.
1568 1127 1616 1153 καὶ
1638 1128 1699 1158 τοῖς
1719 1127 1832 1153 ἐπισκό-

1028 1183 1089 1206 ποις
1113 1173 1163 1208 τῆς
1183 1173 1298 1200 καθόλου
1320 1173 1500 1208 Ἐκκλησίας,
1519 1174 1567 1199 καὶ
1588 1174 1645 1204 τοῖς
1678 1174 1710 1199 ἐν
1732 1173 1832 1209 ἀρχαῖς

1028 1220 1075 1246 καὶ
1090 1218 1181 1252 λόγοις
1194 1217 1361 1253 καταθύμιος
1383 1215 1428 1253 ἦν,
1451 1218 1587 1245 σκώπτειν
1605 1227 1636 1244 τε
1655 1219 1708 1244 σὺν
1725 1219 1830 1254 χάριτι,

1028 1264 1074 1291 καὶ
1092 1255 1269 1300 σκωμμάτων
1284 1263 1446 1299 ἀνέχεσθαι,
1462 1264 1508 1290 καὶ
1524 1264 1657 1300 ἑκάτερον
1677 1264 1831 1299 ἀπεχθείας

1027 1310 1105 1342 ἐκτὸς
1127 1310 1291 1345 ὑπομένειν,
1310 1309 1423 1344 κομψῶς
1444 1317 1474 1336 τε
1500 1310 1548 1336 σὺν
1573 1309 1654 1344 τάχει
1682 1310 1758 1345 πρὸς
1783 1310 1830 1341 τὰς

1027 1355 1176 1391 ἐρωτήσεις
1193 1356 1325 1391 ὑπαντᾷν,
1336 1353 1364 1382 εὖ
1379 1355 1452 1390 μάλα
1468 1354 1630 1390 ἐπιτηδείως
1647 1355 1733 1390 ἔχων.
1745 1356 1827 1390 Ἐρω-

1027 1402 1120 1438 mea;
1134 1401 1181 1429 οὖν
1197 1403 1257 1429 ὅτου
1275 1403 1357 1429 ἕνεκα
1371 1402 1498 1436 δεύτερον
1515 1402 1620 1429 λούοιτο
1636 1403 1690 1438 τῆς
1706 1402 1827 1437 ἡμέρας,

1027 1449 1176 1481 ἐπίσκοπος
1192 1449 1243 1476 ὢν·
1259 1449 1320 1476 Ὅτι
1336 1449 1372 1485 μὴ
1387 1449 1488 1484 τρίτον,
1501 1448 1563 1484 ἔφη.
1577 1449 1686 1484 φθάνω.
1708 1448 1790 1475 Ἐπεὶ
1801 1448 1827 1475 δὲ

1027 1495 1109 1530 λευκῇ
1121 1495 1213 1530 ἐσθῆτι
1230 1494 1343 1522 διετέλει
1360 1494 1500 1530 χρώμενος
1510 1515 1517 1527 ,
1533 1493 1681 1529 ἐπέσκωψὲ
1693 1503 1739 1526 τις
1754 1494 1826 1529 αὐτῷ

1026 1541 1080 1567 τῶν
1091 1541 1143 1567 άπὸ
1157 1541 1206 1575 τῆς
1223 1540 1338 1567 καθόλου
1357 1540 1531 1575 Ἐκκλησίας.
1553 1541 1582 1567 '0
1604 1541 1632 1567 δὲ
1647 1541 1718 1575 πρὸς
1735 1540 1824 1566 αὐτόν·

1028 1586 1134 1613 Οὐκοῦν
1148 1587 1229 1617 εἰπὲ,
1248 1585 1299 1613 ποῦ
1316 1586 1423 1622 εἴρηται
1445 1586 1548 1622 ἐσθῆτα
1566 1587 1700 1621 μέλαιναν
1728 1586 1824 1621 χρῆναι

1027 1632 1227 1668 ἀμφιέννυσθαι
1239 1641 1246 1665 ;
1258 1632 1312 1659 Τοῦ
1325 1633 1353 1659 δὲ
1367 1633 1557 1668 ἀπορήσαντος
1567 1653 1574 1665 ,
1592 1633 1745 1660 ὑπολαϐὼν
1761 1633 1822 1668 ἔφη·

1027 1680 1063 1707 Σὺ
1077 1680 1126 1715 μὲν
1142 1679 1221 1706 τοῦτο
1238 1680 1288 1706 οὐκ
1308 1679 1340 1706 ἂν
1361 1679 1495 1711 ἐπιδεῖξαι
1509 1680 1627 1715 δυνήσῃ⁴
1646 1679 1712 1714 ἐμοὶ
1735 1679 1763 1706 δὲ
1779 1680 1823 1705 καὶ

1027 1725 1152 1761 Σολομῶν
1170 1726 1184 1751 ό
1200 1725 1371 1760 σοφώτατος,
1386 1725 1528 1752 Ἔστωσαν
1544 1733 1592 1751 σου
1608 1725 1642 1751 τὰ
1666 1725 1763 1760 ἱμάτια
1782 1725 1822 1751 ἀεὶ

1026 1772 1121 1805 λευκὰ,
1136 1773 1265 1807 παραινεῖ
1279 1771 1379 1806 λέγων’
1398 1771 1444 1798 καὶ
1459 1771 1540 1804 αὐτὸς
1555 1772 1569 1798 ό
1582 1771 1702 1806 Χριστὸς
1719 1771 1821 1805 λευχει-

1029 1827 1087 1852 μων
1105 1818 1133 1844 ὲν
1143 1819 1199 1850 τοῖς
1215 1817 1396 1852 Εὐαγγελίοις
1409 1817 1572 1852 φαινόμενος
1585 1836 1592 1848 ,
1607 1817 1714 1851 Μωσῆν
1727 1825 1756 1842 τε
1776 1816 1822 1842 καὶ

1035 1863 1127 1890 Ἠλίαν
1139 1863 1276 1896 τοιούτους
1288 1864 1344 1895 τοῖς
1356 1862 1516 1895 ἀποστόλοις
1531 1862 1697 1894 ἐπιδεικνύς.
1715 1863 1752 1889 Οὐ
1770 1863 1821 1897 μὴν

1028 1908 1095 1935 ἀλλὰ
1120 1908 1230 1936 κάκεῖνο
1251 1908 1305 1935 τῶν
1330 1908 1482 1944 εἰρημένων
1494 1908 1604 1943 Σισινίῳ
1623 1908 1720 1943 χάριεν
1733 1905 1810 1942 οἶμαι

1034 1953 1174 1989 Ἐνεδήμει
1200 1954 1250 1989 μὲν
1275 1955 1308 1990 τῇ
1334 1953 1619 1981 Κωνσταντινουπόλει
1645 1954 1789 1987 Λεόντιος,
1807 1954 1820 1979 ὁ

1028 1999 1103 2036 παρὰ
1129 2000 1263 2032 Γαλάταις
1278 2001 1329 2036 τῆς
1347 2001 1484 2036 Ἀγκύρας
1509 2000 1669 2032 ἐπίσκοπος.
1707 2001 1817 2036 Ἐκκλη-

1028 2047 1089 2078 σίας
1112 2046 1141 2072 δὲ
1165 2046 1220 2073 τῶν
1238 2047 1328 2074 ἐκεῖσε
1354 2046 1533 2073 Ναυατιανῶν
1551 2046 1732 2081 ἀφῃρημένος
1754 2046 1816 2081 (96},

1026 2089 1077 2127 ἧκε
1104 2092 1172 2128 πρὸς
1191 2092 1272 2120 αὑτὸν
1298 2091 1446 2119 ἀπολαϐεῖν
1468 2091 1570 2123 ταύτας
1589 2091 1726 2126 δεόμενος.
1746 2092 1816 2118 Ἐπεῖ

1026 2138 1055 2165 δὲ
1067 2138 1118 2165 οὐκ
1140 2138 1264 2165 ἀπεδίδου
1276 2157 1284 2170 ,
1310 2137 1439 2173 ἐλοιδόρει
1456 2137 1483 2164 δὲ
1497 2137 1561 2169 τοὺς
1578 2137 1767 2169 Ναυατιανοὺς
1784 2137 1816 2170 ὡς

1027 2185 1077 2211 οὐκ
1092 2184 1184 2217 ἀξίους
1201 2183 1401 2219 ἐκκλησιάζειν,
1418 2183 1562 2219 μετάνοιαν
1573 2184 1621 2210 καὶ
1635 2183 1687 2219 τὴν
1705 2185 1738 2209 ἐκ
1753 2184 1816 2210 Θεοῦ

991 2220 1015 2250 D
1028 2230 1233 2266 φιλανθρωπίαν
1250 2231 1371 2266 ἀναιρεῖν
1398 2231 1497 2261 αὐτοὺς
1521 2229 1621 2264 λέγων,
1645 2229 1728 2257 Ἀλλὰ
1757 2229 1815 2265 μὴν,

1025 2277 1077 2311 ἔφη
1093 2276 1209 2308 Σισίνιος
1223 2297 1230 2309 ,
1245 2276 1331 2308 οὐδεὶς
1345 2276 1432 2308 οὕτως
1451 2275 1488 2308 ὡς
1506 2275 1562 2310 ἐγὼ
1582 2278 1720 2312 μετανοεῖ.
1746 2277 1816 2312 Ἐρο-

1027 2323 1107 2358 μένου
1132 2322 1160 2349 δὲ
1185 2323 1311 2349 Λεοντίου
1333 2323 1393 2349 τίνα
1411 2323 1512 2358 τρόπον
1524 2331 1530 2337 ·
1551 2323 1613 2350 ’Ὁτι
1629 2332 1660 2350 σε
1676 2323 1816 2359 τεθέαμαι,

1025 2369 1201 2404 ἁπεκρίνατο.
1219 2370 1277 2396 Καὶ
1301 2369 1383 2404 ἕτερα
1410 2369 1437 2395 δὲ
1457 2369 1543 2396 πολλὰ
1571 2370 1657 2397 αὐτοῦ
1686 2372 1816 2406 εὐστόχως

1028 2415 1162 2451 εἰρημένα
1177 2416 1463 2451 ἀπομνημονεύουσιν.
1478 2417 1536 2443 Οὐκ
1551 2417 1698 2453 ἀκόμψως
1712 2426 1741 2444 τε
1759 2418 1816 2444 πολ-

1028 2463 1091 2494 λοὺς
1119 2462 1201 2488 αὑτοῦ
1229 2461 1327 2496 λόγους
1354 2463 1421 2496 φασὶ
1451 2463 1594 2498 φέρεσθαι.
1622 2464 1766 2499 Ἐπῃνεῖτο
1791 2464 1816 2491 δὲ

773 2584 906 2612 VALESll
927 2586 1206 2629 ANNOTATIONES.

224 2643 280 2678 (96)
313 2643 495 2678 Ἑκκλησὶας
514 2644 548 2670 δὲ
572 2644 638 2671 τῶν-
655 2643 753 2671 ἐκεῖσε
781 2644 976 2672 Ναυατιανῶν

188 2678 387 2713 ἁφῃρτυιένος.
401 2680 501 2706 Suidas
523 2680 549 2706 in
564 2679 663 2706 Lexico
683 2679 755 2706 hunc
776 2679 921 2706 Sozoutcni
936 2681 977 2707 lo-

188 2721 252 2742 cum
282 2714 458 2747 describens,
478 2715 541 2750 legit
565 2715 756 2750 ἀφῃρημένης,
778 2714 852 2749 quod
881 2715 979 2750 procul

1028 2647 1111 2675 dubio
1126 2647 1229 2674 rectius
1240 2649 1292 2673 est.
1304 2645 1394 2673 Locus
1407 2645 1497 2673 Suidaa
1509 2650 1603 2674 exstat
1614 2647 1643 2674 in
1659 2655 1728 2676 voce
1735 2646 1812 2675 Σισίν-

1027 2691 1093 2714 νιος.

901 2782 1093 2811 VABIORUM.

231 2828 243 2843 ε
259 2827 311 2863 Καὶ
332 2828 439 2854 τούτου
462 2827 496 2854 δὲ
518 2828 767 2862 τελευτήσαντος.
791 2829 918 2856 Mortuus
935 2831 978 2854 est

189 2859 346 2890 Marcianus
369 2863 412 2891 die
434 2871 447 2891 v
482 2859 780 2892 Kalendas'Deccmh.
808 2865 873 2892 anni
909 2864 974 2896 595,

1031 2829 1126 2857 eodem
1143 2830 1248 2858 scilicet
1270 2830 1315 2858 die
1336 2838 1475 2866 ananue,
1496 2837 1552 2866 quo
1573 2830 1702 2861 Ruﬁnus
1717 2839 1814 2863 accitu,

1032 2869 1084 2893 est.
1106 2865 1184 2895 (Ant.
1201 2866 1278 2900 Pam,
1295 2867 1327 2894 ad
1344 2865 1447 2894 annuin
1463 2865 1524 2897 595.
1543 2874 1572 2895 n.
1592 2867 1636 2903 4.)
