1883 3069
28 119 103 148 1513
515 122 678 152 HISTORIA
697 123 981 153 ECCIESIASTICA.
1000 140 1034 146 —-
1055 125 1117 153 LIB.
1141 125 1208 153 VIII.
1614 127 1682 155 I5”

31 177 140 213 μᾶλλον
155 178 272 212 λέγων,
291 181 328 213 ὡς
350 179 449 216 ἄριστα
475 180 704 216 ὑποκρινόμενος,
719 183 794 217 φωνῇ
817 190 842 208 τε

930 181 985 209 mis
999 181 1056 209 illic
1077 181 1240 218 degentibus
1269 182 1402 210 ecclesias
1417 183 1567 210 ademerat.
1582 184 1681 211 Acces-

27 223 76 251 καὶ
90 223 262 260 βλέμματι,
280 227 326 253 καὶ
345 226 514 262 χαριεστάτῳ
528 227 665 262 προσώπῳ
677 227 723 254 τὸν
741 228 842 262 ἀκροα-

930 228 981 255 ηιιό
998 236 1060 256 eum
1083 228 1205 256 Sisinius
1225 232 1254 255 ut
1275 235 1322 256 eas
1343 233 1527 264 recuperaret.
1549 229 1602 257 Sed
1618 237 1682 257 cum

27 269 79 304 τὴν
97 269 176 296 ἑλεῖν
208 271 308 303 ἱκανός
321 279 328 286 ·
344 270 413 298 ἀλλὰ
437 269 491 304 οἷος
515 272 564 307 μὲν
578 270 612 308 ἦν
628 270 705 304 οὗτος
731 274 745 300 ὁ
762 272 841 308 ἀνὴρ,

27 314 94 342 τάδε
107 315 256 351 εἰρήσθω,
270 318 310 348 εἰς
325 316 460 349 ἀπόδειξιν
476 314 510 353 ἧς
526 317 605 353 ἔλαχε
622 318 729 352 φύσεως
741 338 748 350 ,
767 319 842 352 ἀγω-

931 320 953 347 is
966 320 1267 354 incesSeret,tanquam
1286 319 1413 355 indignos
1430 320 1476 354 qui
1491 320 1519 346 in
1531 319 1681 346 Ecclesium

28 358 85 393 γῆς
104 369 137 386 τε
158 361 214 388 καὶ
231 362 306 397 βίου.
496 392 500 404 Ι

930 364 1035 397 nirent,
1051 364 1241 399 paenitentiam
1256 368 1284 391 et
1306 364 1392 391 divini
1411 363 1537 391 Numinis
1560 364 1682 391 clemen-

27 407 101 436 nam
111 415 166 437 eos
182 410 301 442 tollere,
318 410 412 438 dicens
430 418 436 437 :
455 411 573 444 Atenim,
600 411 689 447 inquit
707 411 836 443 Sisinius,
856 419 938 440 nemo
956 416 1061 452 tantam
1075 413 1132 448 agit
1151 412 1340 447 ptenitcntiam
1362 416 1493 448 quantam
1525 419 1586 447 ego.
1619 412 1684 439 I‘er-

25 458 162 484 contauti
183 462 285 486 autem
298 458 412 486 Leontio
427 459 562 487 rationem
594 459 656 494 ejus
686 459 876 494 paenitentiae:
898 459 937 487 Eo
951 460 1024 495 quod
1059 464 1085 487 te
1106 460 1243 492 viderim,
1269 460 1412 495 respondit
1433 460 1565 488 Sisinius.
1596 460 1684 486 Multa

25 511 147 538 quoque
159 505 221 531 alia
235 505 334 533 abillo
348 506 418 533 scite
432 506 505 534 dicta
535 507 715 534 referuntur:
752 514 802 534 nec
831 514 935 542 paucos
971 507 1032 542 ejus
1057 507 1143 534 libros
1168 511 1276 534 exstare
1304 507 1404 539 aiunt,
1440 507 1508 534 satis
1530 506 1681 541 elegantes.

26 549 121 578 Porro
144 552 246 587 magis
269 552 437 588 probabatur
453 561 515 580 cum
533 553 639 581 diceret
659 555 780 589 :quippe
797 554 843 588 qui
862 553 967 589 optime
976 553 1115 585 recitaret,
1133 556 1159 580 et
1179 560 1246 580 voce
1267 557 1349 588 atque
1363 553 1452 580 oculis
1485 556 1513 580 et.
1545 553 1684 580 venustis~

27 597 103 625 simo
137 597 240 630 vultu,
263 599 297 626 ad
317 600 481 628 alliciendos
496 600 638 628 auditores
653 605 726 628 esset
755 600 927 636 aptissimus.
964 599 1065 627 Verum
1090 599 1246 634 cuiusmodi
1274 599 1320 626 hic.
1346 599 1386 626 vir
1423 598 1516 630 fuerit,
1547 599 1682 626 hactenus

27 643 143 671 dictum
167 644 210 671 sit
228 651 262 672 ut
282 645 357 673 illius
384 646 523 681 ingenium
539 651 566 673 et
584 647 720 674 institutio
745 654 776 674 ac
792 645 902 673 vivendi
928 646 1000 672 ratio
1023 653 1054 672 ex
1073 645 1115 673 his
1137 645 1255 680 perspici
1271 644 1368 679 possit.

896 273 1027 301 Leontius
1040 281 1087 301 eas
1097 281 1151 301 non
1171 273 1314 305 redderet,
1348 273 1404 300 itno
1430 272 1598 301 Novatianos
1618 281 1683 308 pro-

354 693 479 719 ΚΕΦΑΛ.
500 693 537 720 B'.

28 737 102 772 Περὶ
133 737 267 773 ἀγωγῆς
290 738 338 764 καὶ
367 738 483 771 διαίτης
498 758 505 769 ,

65 807 172 843 τάλου
209 808 351 843 Ἰωάννου
377 809 431 835 τοῦ
458 807 673 843 Χρυσοστόμου
690 818 697 825 ·
720 810 768 836 καὶ

66 843 221 877 ἐμποδὼν
249 842 329 875 αὐτῷ
349 844 524 871 καθίσταται
555 842 698 878 Θεόφιλος
720 846 736 871 ὀ
757 845 839 872 Ἀλε-

67 878 259 912 ξανδρείας.

67 923 142 959 Περὶ
155 923 188 949 δὲ
213 922 312 950 τοῦτον
327 923 373 949 τὴν
387 923 482 958 χρόνον
497 923 648 959 Νεκταρίου
662 923 840 958 τελευτήσαν-

31 977 78 1000 τος
91 988 98 1000 ,
119 969 172 994 κα)¹
191 967 296 1003 βουλῆς
312 967 395 1004 οὔσης
414 969 475 995 τινα
498 968 552 995 δέοι
574 970 752 1003 χειροτονεῖν,
767 968 841 995 ἄλλοι

34 1015 85 1051 μὲν
97 1015 203 1046 ἄλλους
217 1014 395 1049 ἐψηφίζοντο,
412 1015 459 1041 καὶ
475 1015 506 1041 οὐ
517 1015 551 1041 τὰ
566 1015 635 1041 αὐτὰ
645 1015 728 1041 πᾶσιν
744 1015 840 1041 ἐδόκειο

33 1061 83 1087 καὶ
95 1061 111 1087 ό
127 1061 234 1096 χρόνος
249 1060 383 1095 ἐτρίϐετο.
400 1057 454 1086 Ἦν
468 1059 497 1086 δέ
519 1068 562 1092 τις
585 1061 614 1086 ἐν
637 1059 785 1095 Ἀντιοχείᾳ
808 1060 841 1095 τῇ

34 1107 101 1143 παρ’
125 1107 250 1142 Ὀρόντῃ
267 1105 451 1141 πρεσϐύτερος
461 1125 468 1136 .
510 1106 595 1141 όνομα
610 1106 750 1140 Ἰωάννης,
764 1106 841 1139 γένος

34 1153 92 1179 τῶν
113 1151 297 1188 εὐπατριδῶν
311 1159 318 1166 ·
335 1151 437 1185 ἀγαθὸς
460 1152 506 1177 τὸν
531 1151 607 1186 βίον,
635 1150 726 1184 λέγειν
749 1159 778 1176 τε
795 1150 842 1177 καὶ

36 1198 146 1225 πείθειν
164 1198 258 1229 δεινὸς
269 1217 277 1230 ,
292 1197 338 1224 καὶ
351 1198 414 1228 τοὺς
434 1198 495 1224 κατ’
505 1197 586 1224 αὑτὸν
603 1197 780 1232 ὑπερϐάλλων
797 1197 843 1232 ρή-

35 1253 138 1282 τορας,
167 1245 210 1276 ὡς
227 1244 277 1271 καὶ
293 1243 420 1276 Λιῦάνιος
434 1245 447 1271 ό
464 1243 549 1280 Σύρος
572 1243 702 1278 σοφιστὴς
725 1243 843 1278 ἐμαρτύ-

39 1299 138 1326 ρησεν.
165 1290 269 1318 Ἠνίκα
287 1289 342 1324 γὰρ
363 1289 458 1325 ἔμελλε
483 1289 620 1325 τελευτᾷν,
634 1289 842 1324 πυνθανομένων

38 1337 95 1363 τῶν
109 1336 282 1372 ἐπιτηδείων
295 1336 336 1367 τίς
350 1335 407 1362 ἀντ’
420 1335 502 1362 αὐτοῦ
516 1335 591 1362 ἔσται
604 1356 611 1367 ,
627 1335 735 1370 λέγεται
753 1335 842 1362 Ἰωάν-

39 1390 90 1417 νην
105 1383 213 1413 εἰπεῖν,
228 1382 252 1408 ει
270 1381 308 1417 μὴ
324 1381 483 1417 Χριστιανοὶ
500 1381 593 1408 τοῦτον
610 1381 756 1417 ἐσύλησαν.
767 1381 842 1408 Πλεί-

40 1436 126 1459 στους
146 1427 177 1456 δὲ
195 1427 252 1454 τῶν
264 1425 348 1454 αὑτοῦ
360 1427 513 1454 ἀκουόντων
528 1427 584 1462 (97)
602 1427 645 1453 ἐπ’
668 1427 841 1462 Ἐκκλησίας,

41 1474 82 1505 si;
104 1473 213 1509 ἀρετὴν
230 1472 354 1508 ὠφέλησε
366 1491 374 1504 ,
396 1473 442 1499 καὶ
458 1473 611 1509 ὁμόφρονας
635 1473 709 1508 αὐτῷ
733 1473 797 1508 περὶ
811 1471 842 1498 τὸ

45 1519 125 1547 Θεῖον
144 1520 272 1554 εποίησε.
292 1519 376 1551 Θειως
392 1519 446 1554 γὰρ
463 1519 679 1555 πολιτευόμενος,
693 1520 737 1546 τὸν
750 1520 782 1546 ὲκ
792 1519 842 1554 τῆς

531 738 579 765 καὶ
613 739 764 772 πολιτείας
792 739 843 765 καὶ

66 774 190 808 σοφίας
206 793 214 803 ,
234 773 286 800 καὶ
304 774 347 806 εις
371 774 425 800 τὸν
443 775 551 807 θρόνον
574 774 707 808 παρόδου
723 775 776 801 τοῦ
788 783 841 808 με·

801 810 841 842 ὡς

1226 690 1303 719 CAP.
1325 691 1356 717 II.

897 737 934 765 De
956 738 1121 765 institutione
1139 742 1163 764 et
1180 738 1212 764 de
1224 737 1328 764 ratione
1345 738 1439 767 uictus.
1455 737 1535 770 deque
1546 722 1681 764 conuersa-

931 774 1000 800 tione
1032 778 1056 800 et
1079 773 1210 807 sapientia
1233 773 1323 806 magni
1338 771 1452 799 Joannis
1490 772 1679 807 Chrysostomi.

929 815 952 835 et
985 809 1115 843 quomodo
1142 808 1176 835 ad
1203 807 1528 843 Cgtstantinopalttanum
1557 808 1681 834 thronum

927 839 1029 904 eiectus
1042 845 1091 884 _sit
1106 852 1114 870 :
1130 848 1154 871 cl
1182 848 1210 869 ut
1229 839 1386 877 Theophilus
1414 843 1613 870 Alexandrinus
1640 843 1682 869 illi

928 887 943 904 ο
961 883 1070 904 stiterit.

928 883 1070 905 obstiterit.

929 924 980 951 Per
992 924 1062 951 idem
1079 929 1188 959 tempus
1202 929 1312 951 mortuo
1324 923 1554 956 Nectario‘,dum
1568 923 1666 950 consul

893 975 998 997 [aretur
1010 971 1072 1004 quis
1089 970 1116 996 in
1133 970 1193 1004 ejus
1214 970 1304 997 locum
1318 968 1511 1003 subrogandus
1526 973 1618 1000 esset,
1634 969 1681 995 alii

892 1015 1003 1050 quidem
1022 1015 1091 1042 alios
1106 1014 1295 1048 nominabant,
1320 1022 1370 1041 nec
1386 1013 1457 1041 idem
1474 1014 1603 1041 omnibus
1623 1013 1682 1048 pla-

892 1060 986 1093 cebat;
1003 1064 1111 1095 tempus
1127 1067 1192 1088 vero
1215 1060 1353 1087 incassum
1370 1059 1521 1086 terebatur.
1544 1059 1610 1086 Erat
1625 1059 1682 1086 An-

892 1105 1002 1132 tiochiae
1022 1105 1056 1132 ad
1090 1103 1222 1132 Orontem
1248 1104 1392 1139 presbyter
1412 1103 1541 1138 quidam,
1570 1103 1682 1130 nomine

891 1151 1028 1184 Joannes,
1050 1151 1134 1179 nobili
1154 1157 1255 1186 genere
1288 1154 1369 1177 natus
1388 1169 1396 1181 .
1411 1149 1467 1176 vita
1484 1149 1588 1183 integer
1604 1169 1612 1180 ,
1640 1148 1683 1175 di-

892 1199 970 1226 cendi
991 1198 1230 1233 persuadendique
1246 1196 1344 1224 artifex
1360 1195 1540 1231 egregius,et
1555 1194 1680 1222 omnium

893 1244 937 1272 sui
958 1243 1091 1278 temporis
1114 1246 1256 1270 oratorum
1273 1240 1536 1276 praestantissimus,
1554 1240 1626 1268 sicut
1639 1239 1682 1266 Li.

892 1292 994 1319 banius
1019 1290 1106 1326 Syrus
1135 1289 1260 1324 sophista
1286 1291 1405 1315 testatus
1435 1291 1488 1314 est.
1521 1286 1587 1313 Nam
1616 1294 1681 1315 cum

893 1338 1046 1365 moriturus
1073 1339 1158 1369 esset,
1187 1333 1415 1370 percontantibus
1443 1333 1540 1360 amicis
1566 1333 1630 1367 quis
1652 1333 1681 1360 in

892 1383 954 1418 ejus
977 1383 1069 1410 locum
1093 1379 1255 1409 succederet
1279 1388 1288 1407 ι
1314 1378 1456 1410 Joannes,
1479 1377 1591 1413 inquit,
1625 1378 1681 1405 nisi

893 1428 1044 1458 Christiani
1066 1428 1144 1454 illum
1165 1426 1382 1460 subripuissent.
1400 1424 1502 1450 Multos
1526 1431 1610 1459 porro
1633 1425 1680 1459 Qui

895 1477 923 1504 in
938 1475 1060 1505 ecclesia
1077 1475 1168 1510 ipsum
1185 1473 1334 1501 audiebant
1347 1491 1354 1502 ,
1375 1471 1409 1498 ad
1427 1470 1537 1498 virtutis
1558 1470 1680 1498 studium

894 1523 1024 1558 impulit,
1044 1526 1072 1549 et
1095 1521 1123 1548 in
1150 1520 1278 1547 doctrina
1300 1519 1362 1547 ﬁdei
1385 1524 1416 1546 ut
1443 1517 1513 1544 idem
1539 1524 1601 1544 cum
1620 1515 1682 1551 ipso

857 901 877 928 Β

42 1566 152 1597 οἰκείας
177 1566 280 1601 ἀρετῆς
297 1565 410 1592 ἐνετίθει
432 1564 511 1600 ζῆλον
528 1567 584 1597 τοῖς
608 1566 774 1601 ἁκροαταῖς”
794 1565 841 1591 καὶ

933 1569 1038 1595 ntirent
1052 1567 1152 1594 eliecit.
1169 1565 1238 1593 Nam
1258 1573 1321 1593 cum
1338 1566 1421 1593 vitam
1437 1569 1529 1600 ageret
1543 1564 1621 1598 plane
1637 1562 1680 1590 di-

44 1611 92 1638 ἐπὶ
108 1612 194 1638 τοῦτο
212 1611 311 1647 ῥᾳδίως
326 1611 382 1647 (98)
395 1611 431 1642 ὡς
446 1611 476 1637 οὺ
492 1611 574 1647 τέχνῃ
595 1613 648 1637 τινὶ
667 1611 714 1638 καὶ
727 1611 840 1645 δυνάμει

43 1657 127 1692 λόγου
144 1658 270 1693 βιάζεται
282 1656 461 1692 παραπλήσια
483 1656 604 1690 δοξάζειν
618 1657 707 1692 αὐτῷ·
726 1657 783 1684 ἀλλ’
803 1656 841 1688 ὡς

45 1702 102 1737 ἔχει
124 1703 259 1739 ἀληθείας
276 1703 351 1737 (99),
375 1703 527 1736 εἰλικρινῶς
551 1702 600 1734 τὰς
621 1703 696 1738 ἱερὰς
719 1703 842 1738 ἐξηγεῖτο

45 1748 164 1780 Βίϐλους
176 1757 184 1764 ·
203 1749 281 1781 λόγος
299 1748 353 1783 γὰρ
377 1748 429 1774 ὑπὸ
458 1748 512 1774 τῶν
537 1748 626 1783 ἔργων
644 1748 840 1784 κοσμούμενος,

45 1796 172 1827 πίστεως
198 1795 273 1827 ἄξιος
299 1795 410 1826 εἰκότως
427 1795 562 1828 φαίνεται.
580 1796 662 1821 Ἀνευ
683 1795 711 1822 δὲ
728 1796 840 1828 τούτων,

46 1840 150 1875 εἴρωνα
169 1840 218 1867 καὶ
241 1839 293 1866 τῶν
310 1839 383 1866 ἰδίων
410 1839 495 1872 λόγων
520 1840 671 1876 κατήγορον
697 1841 841 1874 ἀποψαίνει

46 1885 92 1912 τὸν
110 1886 230 1920 λέγοντα
245 1904 253 1916 ,
277 1885 328 1911 κᾶν
353 1885 490 1921 σπουδάζῃ
518 1886 659 1913 διδάσκων.
677 1886 722 1922 Τῷ
742 1887 770 1914 δὲ
783 1887 844 1914 κατ’

47 1931 199 1965 ἀμφότερα
217 1930 370 1965 εὐδοκιμεῖν
390 1931 504 1966 προσῆν.
523 1931 629 1966 ’Δγωγῇ
650 1932 699 1967 μὲν
716 1932 771 1967 γὰρ
786 1933 844 1967 βίου

49 1977 173 2011 σώφρονι
187 1995 194 2008 ,
222 1976 269 2002 καὶ
292 1975 414 2011 πολιτείᾳ
437 1976 545 2011 ἀκριῦεῖ
569 1977 683 2012 ἐχρῆτο·
700 1978 797 2013 φράσει
817 1978 844 2004 δὲ

49 2020 132 2055 λόγου
152 2022 236 2053 σαφεῖ
248 2021 317 2056 μετὰ
331 2021 521 2057 λαμπρότητος
534 2031 540 2037 ·
559 2023 667 2056 φύσεώς
687 2032 717 2050 τε
737 2024 791 2059 γὰρ
814 2021 844 2051 εὖ

50 2065 126 2100 ἔσχε,
142 2066 323 2097 Διδασκάλους
338 2066 386 2099 δὲ,
410 2068 460 2102 τῆς
489 2068 537 2102 μὲν
562 2069 625 2104 περὶ
647 2069 709 2102 τοὺς
727 2071 844 2105 ῥήτορας

52 2111 216 2146 ἀσκήσεως,
231 2112 376 2140 Λιϐάνιον·
409 2113 599 2148 Ἀνδραγάθιον
627 2114 674 2148 δὲ,
700 2115 753 2142 τῶν
780 2116 844 2151 περὶ

53 2157 216 2192 φιλοσοφίας
229 2158 325 2192 λόγων,
341 2158 542 2194 Προσδοκηοεὶς
558 2159 586 2186 δὲ
599 2159 676 2192 δίκας
690 2161 832 2195 ἀγορεύειν

95 2215 102 2229 ¹
118 2215 198 2243 Socr.
227 2215 271 2242 lib.
289 2223 326 2247 γι,
345 2223 369 2242 c.
387 2215 404 2242 2
428 2216 454 2244 5.

893 1614 999 1645 vinani,
1023 1613 1055 1639 ad
1070 1612 1275 1640 aemulationem
1299 1611 1412 1639 virtutis
1439 1618 1496 1639 sum
1523 1609 1681 1636 auditorum

895 1661 1003 1687 animos
1021 1659 1169 1686 excitabat.
1185 1657 1251 1685 Post
1269 1657 1326 1684 haec
1341 1665 1406 1685 vero
1429 1657 1511 1692 326
1533 1655 1613 1682 facile
1634 1661 1682 1682 eos

894 1705 1060 1737 adducebat,
1076 1709 1107 1731 ut
1132 1704 1254 1731 eamdem
1269 1711 1364 1731 secum
1389 1703 1553 1731 sententiam
1580 1700 1683 1735 ample-

892 1755 1051 1782 cterentur;
1069 1750 1170 1784 quippe
1184 1750 1230 1784 qui
1250 1757 1304 1776 non
1328 1753 1388 1776 arte
1409 1749 1528 1783 quadam
1557 1752 1605 1775 aut
1629 1748 1683 1774 elo-

892 1797 1013 1832 quentia:
1037 1797 1063 1822 vi
1091 1795 1167 1823 istud
1196 1800 1312 1830 ageret,
1331 1794 1379 1821 sed
1405 1796 1523 1825 sincere.
1552 1799 1680 1828 tauquam

891 1841 1017 1869 veritatis
1033 1840 1187 1871 studiosus.
1213 1846 1308 1866 sacras
1335 1838 1493 1873 Scripturas
1519 1841 1680 1872 exponeret;

871 1888 993 1915 .etenim
1019 1887 1108 1913 oratio
1146 1893 1206 1920 quae
1233 1885 1363 1920 operibus
1385 1889 1555 1916 exernatur,
1581 1884 1681 1910 merito

893 1932 1005 1958 videtur
1020 1924 1072 1958 lide
1088 1930 1169 1965 digna
1185 1939 1192 1963 ;
1209 1930 1233 1957 si
1249 1936 1314 1956 vero
1331 1929 1464 1964 operibus
1483 1929 1615 1956 destituta
1632 1929 1679 1961 sit,

892 1982 1029 2005 oratorem
1049 1977 1226 2012 impostorem
1251 1983 1312 2003 esse
1330 1975 1431 2011 arguit,
1448 1983 1481 2002 ac
1506 1982 1619 2002 suorum
1638 1975 1680 2009 ip-

893 2023 952 2051 sius
967 2024 1103 2050 dictorum
1127 2023 1365 2057 reprehensorem,
1391 2021 1502 2049 tametsi
1529 2021 1553 2048 is
1579 2021 1605 2048 in
1631 2021 1681 2048 do-

895 2068 987 2096 cendo
1000 2075 1107 2103 magna:
1123 2067 1160 2095 sit
1176 2066 1334 2102 diligentiae.
1353 2067 1442 2094 Porro
1466 2065 1587 2093 Joannes
1609 2069 1682 2093 utra-

894 2122 949 2150 que
965 2114 1046 2141 laude
1062 2121 1094 2141 ex
1113 2121 1193 2148 aequo
1214 2113 1317 2140 ﬂoruit.
1331 2112 1397 2139 Nam
1414 2113 1476 2146 ejus
1501 2112 1611 2146 quidem
1639 2111 1681 2139 vi-

894 2160 977 2188 vendi
993 2160 1064 2188 ratio
1079 2164 1106 2187 et
1125 2159 1302 2186 conversatio
1324 2159 1417 2193 gravis
1439 2158 1488 2186 fuit
1509 2165 1541 2185 ac
1561 2165 1656 2186 severa
1673 2167 1681 2185 :

631 2261 765 2289 VALESII
782 2261 1057 2290 ANNOTATIONES.

93 2319 149 2354 (97)
182 2321 347 2355 Πλείστους
373 2320 407 2346 δὲ
436 2320 495 2347 τῶν
529 2319 622 2355 αὑτοῦ
660 2320 841 2347 ἀκουόντων.

930 2321 1124 2355 terpretatione
1135 2328 1277 2348 sacrorum
1291 2320 1446 2347 Librorum.
1462 2320 1510 2346 llic
1523 2325 1563 2347 est
1583 2327 1682 2355 sensus

56 2353 179 2381 Joannes
195 2354 303 2388 Langus
321 2356 366 2389 qui
385 2355 568 2390 Nicephorum
593 2354 686 2382 Latine
706 2356 841 2388 interpre—

58 2393 130 2416 tatus
148 2393 201 2420 est,
228 2390 285 2417 haec
310 2391 344 2417 de
372 2390 477 2417 Libanii
494 2391 638 2424 discipulis
666 2390 720 2417 dici
747 2390 842 2417 existi-

59 2425 152 2455 mavit,
170 2425 227 2458 qui,
245 2432 307 2452 cum
321 2425 452 2452 Joannem
471 2426 578 2460 publice
603 2425 629 2452 iu
653 2425 771 2452 ecclesia
790 2425 840 2452 do-

59 2463 165 2486 centem
183 2461 277 2486 audire
292 2459 513 2491 consuevissent,
526 2461 558 2486 ad
572 2459 673 2487 Christi
687 2460 765 2487 iidem
777 2468 843 2487 con-

61 2495 132 2530 yersi
150 2499 226 2522 stult.
243 2496 358 2522 Priestat
374 2501 463 2522 tamen
482 2496 539 2522 haec
553 2496 585 2522 de
611 2496 718 2522 cunctis
729 2503 843 2530 genera-

63 2529 133 2566 liter.
151 2534 206 2556 tam
220 2531 342 2564 paganis.
363 2538 444 2564 quam
472 2530 606 2566 haereticis
621 2529 784 2566 intelligere,
797 2531 843 2566 qui

63 2565 93 2590 a.l
108 2563 239 2591 Joannem
257 2563 420 2592 audiendum
435 2565 618 2592 conﬂuebant.

98 2599 153 2639 (98)
167 2635 172 2639 _
184 2600 238 2639 Καὶ
258 2600 308 2639 eat
326 2601 414 2639 τοῦτο
428 2599 555 2639 ρᾳδζως.
587 2601 702 2639 Sensum
726 2600 842 2639 quidem

65 2633 148 2668 hujus
165 2635 218 2662 loci
233 2636 300 2663 satis
316 2633 464 2670 perspicio.
485 2635 573 2670 Supra
589 2636 660 2661 enim
677 2633 748 2662 dixit
759 2635 844 2662 Sozo-

65 2676 161 2697 Ineuus
189 2670 321 2697 Joanncm
351 2671 378 2697 in
396 2671 511 2697 ecclesia
536 2670 743 2697 conciunautem
766 2670 844 2697 audi-

67 2708 136 2732 tores
153 2713 218 2732 suos
233 2707 265 2732 ad
284 2706 392 2733 virtutis
404 2705 534 2737 studimn,
550 2709 577 2731 et
590 2705 623 2731 ad
643 2710 744 2731 rectam
762 2710 844 2740 atque

66 2740 242 2767 orthodoxam
261 2741 339 2767 [idem
358 2741 523 2768 traduxisse.
550 2740 589 2766 Ac
608 2740 716 2767 virttttis
737 2741 848 2775 quidem

68 2775 183 2802 studium
204 2783 298 2802 eorum
315 2776 452 2803 mentibus
474 2776 632 2803 insinuasse
645 2776 769 2803 exetnnlo
786 2775 848 2802 vitae

69 2814 99 2835 ac
129 2811 348 2838 conversationis
373 2819 454 2838 sure:
479 2815 580 2837 rectam
607 2817 672 2837 vero
697 2810 776 2838 ﬁdem
808 2810 849 2837 eis

69 2846 244 2877 penna-isse,
263 2853 316 2872 non
332 2847 358 2873 vi
379 2845 522 2878 lacuudize,
541 2845 588 2873 sed
608 2852 675 2881 pura
692 2851 723 2872 ac
741 2845 848 2873 sincera

224 2891 364 2922 Parnm.
384 2892 441 2922 Gn.
467 2891 582 2922 LXVII.

896 2354 980 2385 huius
999 2356 1072 2382 loci:
1095 2355 1157 2382 licet
1181 2356 1261 2382 verba
1286 2360 1414 2385 corrupta
1441 2355 1506 2382 sint.
1538 2355 1564 2381 In
1587 2354 1683 2382 codice

896 2389 1045 2418 Fuketiano
1068 2391 1198 2424 scriptum
1227 2391 1316 2417 inverti
1335 2389 1382 2417 καὶ
1409 2390 1453 2416 ἐπὶ
1479 2389 1606 2416 τοσοῦτον
1622 2391 1683 2425 7ρᾳ-

894 2425 969 2457 δεως.
983 2430 1036 2452 etc.
1052 2425 1108 2460 Ego
1121 2433 1184 2452 vero
1197 2425 1371 2452 scribendum
1384 2429 1450 2459 puto
1465 2425 1512 2451 καὶ
1522 2425 1568 2451 ἐπὶ
1583 2424 1680 2460 τούτῳ.

897 2460 983 2492 Quam
1005 2461 1147 2487 lectionem
1176 2461 1202 2487 in
1228 2460 1353 2487 versione
1385 2467 1443 2486 mea
1470 2467 1530 2487 sum
1558 2464 1682 2487 secutus.

896 2496 931 2522 At
956 2495 1126 2529 Niccpluorus
1155 2495 1227 2522 hunc
1247 2495 1390 2522 Sozomeni
1407 2495 1496 2521 locum
1513 2495 1550 2521 ita
1572 2502 1684 2528 expres-

896 2531 930 2558 sit
947 2540 952 2557 :
966 2531 1016 2566 nat
1029 2531 1166 2566 ἐχειροῦτο
1190 2530 1286 2566 ῥᾳδίως
1306 2529 1429 2566 ἐντεῦθεν
1440 2530 1513 2566 (tab;
1529 2529 1682 2566 πλειστους,

897 2566 943 2592 καί
962 2574 993 2599 γε
1004 2558 1096 2592 ἔπειθὲ
1113 2558 1290 2600 παραπλήσια
1303 2564 1421 2597 δοξάζειν
1437 2558 1544 2599 ἐκείνῳ·
1560 2565 1590 2591 οὐ
1601 2558 1682 2600 τέχνῇ

897 2575 943 2592 και
962 2574 993 2599 γε
1004 2573 1096 2592 suam:
1113 2573 1290 2600 παραπλησια
1303 2573 1421 2597 οοςαςειν
1437 2573 1544 2599 εκεινῳ·
1560 2573 1590 2591 ου
1601 2573 1630 2590 τε
1649 2573 1682 2600 νῃ

896 2601 927 2635 δή
943 2609 996 2627 τινι
1010 2600 1149 2642 ιρώὐμῃ
1159 2600 1251 2642 ,λόγων
1267 2600 1444 2642 πρὸςηὲαυτὸν
1456 2599 1545 2642 ἓλῃκειν
1560 2573 1684 2642 secuit-

899 2633 1075 2672 item-an"
1099 2633 1252 2672 egernes;
1267 2633 1314 2672 ἦνἐ
1340 2636 1435 2670 ὅτιπερ
1457 2634 1610 2668 εἱλιγρινῶς
1635 2633 1684 2664 τὰς

898 2671 973 2705 ἱερὰς
987 2671 1110 2706 ἐξηγεῖτο
1122 2670 1245 2706 Γραφάς.

935 2706 990 2740 (99)
1013 2703 1088 2732 Ἀλλ’
1108 2703 1152 2739 ὡς’
1166 2703 1228 2739 ἔχει
1249 2705 1401 2738 ἀληθείας.
1426 2704 1491 2732 Post
1519 2704 1577 2740 luet:
1604 2703 1684 2740 verba

900 2738 987 2777 adjeci
999 2738 1157 2777 adverbium
1171 2741 1393 2777 νείλικρινῶςμεχ
1410 2740 1505 2777 codice
1523 2738 1684 2777 Ftrltetiano.

899 2773 983 2811 qu'odr
1002 2776 1117 2803 habetur
1141 2776 1223 2804 etiam
1248 2773 1319 2811 apud
1339 2775 1534 2811 Nicephorum.
1556 2773 1684 2811 I:orro_iu

900 2804 952 2872 teme
978 2810 1040 2872 loqo
1069 2811 1179 2839 mallem
1203 2804 1324 2840 scribere
1339 2811 1376 2843 ὡς
1398 2804 1453 2846 ἔχει
1485 2809 1520 2836 τὰ
1548 2804 1596 2844 τῆς
1619 2807 1685 2843 ἀλη-

918 2854 986 2873 ειας.
999 2853 1012 2873 c
1027 2853 1051 2873 c.
1270 2864 1274 2867 -

918 2854 986 2878 ειας,
999 2854 1051 2873 etc.
1270 2864 1274 2867 -

962 2855 986 2884 ς,
999 2855 1051 2873 ctc.
1270 2864 1274 2867 -

1484 2890 1520 2921 48
