1883 3069
59 128 125 158 15η

563 123 725 152 HISTORIA
742 121 1063 153 ECCLESIASTiCA.—
1083 121 1145 161 LVlB.
1168 121 1234 149 Vlll.

1624 120 1694 148 1518

64 196 117 224 ριεν
130 180 263 221 ἐτύγχανε
275 194 286 202 ·
304 185 424 220 λυπηρὸν
440 184 468 211 δὲ
482 184 538 215 τοῖς
560 183 699 214 πλουσίοις
711 183 758 209 καὶ
776 182 806 208 δυ

951 180 1018 207 idem
1030 180 1137 214 judicio
1154 181 1255 216 conjici
1271 184 1371 215 potest,
1390 185 1494 215 quanta
1510 182 1694 215 persuadendi

64 233 155 268 μένοις
165 251 173 262 .
189 231 254 266 παρ’
267 227 308 262 οἷς
327 230 361 256 τὰ
375 228 460 256 πολλὰ
478 229 532 255 τῶν
546 227 755 264 ἁμαρτημάτων
770 227 852 253 ἐστίν.

69 279 218 313 Ἐπίσημος
234 274 280 303 οὖν
296 277 351 307 τοῖς
374 275 424 310 μὲν
451 275 549 306 εἰδόσι,
575 276 608 310 τῇ
638 273 731 308 πείρᾳ,
753 274 808 304 τοῖς
825 272 853 298 δὲ

65 323 199 359 ἀγνοοῦσι,
213 324 246 357 τῇ
260 322 357 357 φήμῃ,
374 321 406 347 ἐκ
420 329 448 348 τε
463 321 517 347 τῶν
535 321 622 354 λόγων
635 320 682 346 καὶ
697 319 750 346 τῶν
766 319 853 353 ἔργων

63 369 208 404 γενόμενος
227 367 281 394 ἀνὰ
293 367 383 392 πᾶσαν
397 366 446 402 τὴν
469 365 612 401 Ῥωμαίων
629 365 766 399 ὑπήκοον,
781 363 854 395 ἔδοξε

64 412 350 441 Κωνσταντινουπόλει
364 411 517 446 ἐπιτήδειος
532 408 601 436 εἴναι
615 410 666 444 τῆς
692 408 854 443 Ἐκκλησίας

63 458 233 485 ἐπισκοπεῖν.
246 456 454 492 Ψηφισαμένων
471 456 499 482 δὲ
515 454 594 482 τοῦτο
605 455 651 481 τοῦ
666 454 731 480 λαοῦ
747 454 794 480 καὶ
807 452 853 480 τοῦ

64 505 175 540 κλήρου,
196 504 244 530 καὶ
264 504 278 529 6
303 503 430 538 βασιλεὺς
456 502 580 537 συνῄνει,
597 501 644 528 καὶ
663 502 724 532 τοὺς
741 500 854 533 ἄξοντας

64 550 142 577 αὑτὸν
158 549 302 585 πέπομφε.
318 548 464 575 Συνεκὰλει
481 548 509 574 δὲ
523 548 570 574 καὶ⁸
582 547 699 578 σύνοδον,
710 547 757 572 καὶ
768 545 855 580 τούτῳ

66 597 228 632 σεμνοτέραν
246 597 296 631 τὴν
309 595 476 632 χειροτονίαν
487 594 602 625 δεικνύς.
622 594 678 621 Οὐκ
691 593 731 625 εἰς
746 592 854 628 μακρὰν

64 643 91 670 δὲ
115 642 148 668 τὰ
174 641 308 677 βασιλέως
333 641 486 677 γράμματα
504 639 649 676 δεξάμενος
680 639 816 674 Ἀστέριος
841 638 856 664 6

64 689 111 724 τῆς
127 688 185 714 Ἕω
204 687 356 723 ἡγούμενος
369 707 376 720 ,
402 687 537 722 ἐδήλωσεν
567 686 675 721 Ἰωάννῃ
703 684 856 720 παραγενέ-

67 735 125 761 σθαι
141 734 210 770 πρὸς
226 733 320 765 αὐτὸν,
333 733 371 764 ὡς
389 733 454 769 περί
470 741 516 759 του
538 731 710 767 δεησόμενος.
728 730 854 757 Ἐλθόντα

64 780 102 811 δὲ,
113 780 212 806 αὐτίκα
224 781 266 811 είς
278 780 368 815 ὄχημα
381 778 429 805 σὺν
440 778 514 813 αὐτῴ
526 778 682 810 ἀνεϐίϐασε,
693 778 738 804 καὶ
753 777 854 812 σπουδῇ

65 828 161 859 ἐλάσας
172 846 179 860 ,
196 824 266 862 ἧκεν
289 827 329 858 είς
345 827 457 861 Πάγρας
470 845 476 857 ,
496 825 615 861 σταθμὸν
635 825 705 852 οὕτω
723 824 857 860 καλούμε-

64 882 117 900 νον.
138 873 273 900 Ἐνταῦθα
293 872 322 898 δὲ
346 872 484 907 παραδοὺς
499 871 579 898 αὑτὸν
596 872 652 902 τοῖς
676 871 708 897 ὲκ
725 869 857 904 βασιλέως

66 920 268 950 ἀποσταλεῖσιν,
280 918 455 953 ἀνέστρεψεν.
475 916 569 949 Ἔδοξε
586 916 660 942 δὲτὰ
682 917 746 952 περὶ
760 917 856 943 τούτου

66 965 154 997 καλῶς
168 965 346 1000 διῳκηκέναι,
360 964 423 999 πρὶν
438 962 591 997 Ἀντιοχέας
605 962 710 997 μαθεῖν,
722 961 857 997 χαλεπούς

65 1019 94 1038 τε
109 1011 172 1046 περὶ
199 1010 310 1041 στάσεις
322 1029 329 1042 ,
353 1009 399 1048 καὶ
414 1008 510 1042 δήλους
526 1007 620 1039 ὂντας,
639 1007 676 1039 ὡς
691 1007 720 1034 οὕ
742 1015 806 1033 ποτε
825 1006 858 1033 ἂν

67 1058 176 1089 ἑκόντες
208 1056 332 1083 Ἰωάννου
353 1054 566 1090 ἀπηλλάγησαν,
593 1053 656 1090 πρὶν
684 1053 779 1079 παθεῖν
798 1061 824 1078 τι
841 1051 857 1087 ἢ

67 1104 173 1140 δρᾶσαι.
200 1103 244 1134 Ὠς
258 1102 286 1129 δὲ
304 1103 344 1133 εἰς
364 1100 650 1128 Κωνσταντινοὺπολιν
663 1099 792 1133 ἀφίκετο,
812 1098 858 1124 καὶ

67 1151 92 1176 οἱ
103 1150 251 1185 κληθέντες
267 1149 349 1184 ἱερεῖς
366 1147 601 1182 συνεληλύθεισαν,
613 1145 737 1180 ἐμποδὼν
750 1145 859 1179 ἐγένετο

68 1198 100 1232 τῇ
129 1195 283 1231 χειροτονίᾳ
306 1194 434 1229 Θεόφιλος
453 1193 511 1229 (lt),
533 1191 661 1227 Ἰσιδώρῳ
689 1191 856 1223 σπουδάζων.

72 1242 118 1274 ’ος
132 1242 318 1277 πρεσϐύτερος
332 1238 366 1276 ἦν
383 1240 442 1266 τότε
462 1239 516 1266 τῶν
532 1239 577 1265 ὑπ’
596 1239 676 1265 αὺτθν
689 1258 696 1270 ,
714 1238 860 1272 ἐπίτροπος

69 1289 96 1315 δὲ
113 1287 165 1315 τῶν
180 1289 208 1314 ἐν
230 1286 422 1321 Ἀλεξανδρείᾳ
437 1285 519 1318 ξένων
534 1285 580 1311 καὶ
595 1284 720 1319 πτωχῶν.
737 1284 784 1310 Ἐκ
799 1283 860 1310 νέου

70 1335 96 1361 δὲ
114 1335 164 1361 ἀνὰ
188 1334 239 1370 τὴν
261 1333 360 1368 Σκῆτιν
381 1332 481 1368 ἄριστα
502 1330 713 1365 ἐφιλοσόφησεν,
730 1330 767 1361 ὡς
794 1331 860 1365 παρ’

71 1379 173 1416 ἀνδρῶν
199 1378 276 1414 αὐτῷ
302 1378 509 1413 συγγενομένων
536 1376 685 1411 ἐπυθόμην.
705 1376 735 1402 Οἱ
751 1375 780 1402 δὲ
795 1384 860 1410 φασι

72 1425 192 1461 Θεοφίλῳ
216 1424 310 1452 τοῦτον
333 1423 461 1458 γενέσθαι
484 1422 560 1457 φίλον
574 1442 581 1455 ,
605 1421 642 1453 ὡς
659 1421 786 1448 κοινωνὸν
814 1421 861 1447 καὶ

74 1472 218 1507 συνίστορα
241 1470 403 1506 πράγματος
429 1468 599 1496 ἐπικινδύνου
625 1468 782 1502 γενόμενον.
808 1466 860 1493 Λέ-

74 1527 149 1552 γουσι
165 1518 231 1553 γὰρ,
253 1517 290 1548 ὠς
308 1516 389 1552 ἡνίκα
401 1517 415 1542 6
432 1515 499 1550 πρὸς
514 1513 640 1548 Μάξιμον
659 1513 800 1539 συνίστατο
814 1511 861 1538 7:6-

72 1547 178 1599 λεμος,¹
201 1547 354 1598 δῶραγδοὺς
377 1547 618 1596 αὑτῷ-Θεόφιλος,
641 1560 688 1586 καὶ
715 1559 865 1594 γράμματα
879 1547 899 1576 C

75 1609 141 1645 πρὸς
154 1609 200 1636 τὸν
217 1608 330 1643 βασιλέα
350 1607 397 1633 καλ⁸
409 1606 454 1640 τζιν
469 1605 600 1642 τύραννον
613 1625 621 1637 ,
645 1604 796 1630 ἐνετείλατο
815 1612 866 1630 κα-

74 1655 202 1681 ταλαϐεῖν
218 1654 268 1689 τὴν
284 1653 392 1688 Ῥώμην
403 1672 410 1684 ,
422 1651 469 1678 καὶ
483 1652 638 1686 πῖριμεῖναι
650 1651 699 1685 τῆς
716 1649 805 1684 μάχης
819 1649 868 1684 τὴν

75 1701 219 1732 ἀπόϐασιν,
238 1700 283 1726 καὶ
298 1698 336 1734 τῷ
351 1699 494 1732 νικήσαντι
510 1697 608 1723 διδόναι
626 1695 694 1731 μετὰ
708 1696 761 1722 τῶν
778 1704 868 1731 γραμ-

78 1747 168 1781 μάτων
179 1745 215 1772 τὰ
225 1745 309 1779 δῶρα.
329 1744 380 1770 Τὸν
397 1743 424 1769 δὲ
438 1762 444 1774 ,
470 1743 532 1769 τάδε
546 1742 697 1776 ποιήσαντα
718 1741 754 1776 μὴ
774 1741 866 1767 διαλα-

76 1791 140 1821 θεῖν,
157 1789 286 1817 δείσαντά
298 1798 339 1821 τε,
359 1788 466 1822 φυγάδα
481 1789 520 1819 είς
535 1787 737 1822 Ἀλεξάνδρειαν
752 1787 864 1813 ἐπανελ-

76 1838 142 1864 θεῖν.
168 1837 212 1870 Ἐξ
229 1836 333 1862 ἐκείνου
347 1835 375 1861 δὲ
394 1834 522 1869 Θεόφιλον
538 1833 591 1859 τῶν
608 1833 682 1868 αὑτῴ
697 1833 865 1860 πιστοτάτων

74 1883 120 1910 τὸν
137 1883 222 1917 ἄνδρα
237 1882 431 1916 ποιησάμενον,
444 1881 483 1912 εἰς
497 1880 590 1915 καιρὸν
606 1879 713 1914 νομίσαι
729 1879 782 1905 τῶν
795 1879 864 1915 ὑπὲρ

76 1928 157 1956 αὐτοῦ
174 1927 304 1954 κινδύνων
318 1926 464 1953 ἀποδοῦναι
477 1927 527 1960 τὴν
541 1921 662 1961 ἀμοιϐὴν
671 1944 678 1955 ,
694 1925 718 1950 εί
729 1925 778 1959 τῆς
788 1926 865 1951 Κων-

79 1973 323 2005 σταντινουπόλεως
359 1972 508 1998 ἐπίσκοπον
544 1971 625 1998 αὑτὸν
657 1971 864 2006 καταστήσειεν.

84 2023 153 2050 Ἀλλ’
168 2023 223 2050 εἴτε
239 2022 364 2049 ἐντεῦθεν
376 2043 384 2055 ,
399 2023 454 2048 εἴτε
469 2022 507 2053 ὡς
524 2021 607 2058 ἄνδρα
622 2021 724 2056 ἀγαθὸν
746 2030 866 2057 χειροτο-

80 2070 134 2095 νεῖν
150 2069 243 2096 τοῦτον
260 2068 389 2103 ὴΰούλετο
407 2068 538 2102 Θεόφιλος
552 2088 559 2099 ,
571 2068 725 2094 τελευταῖον
739 2069 868 2103 συνῄνεσε

79 2116 133 2147 τοῖς
160 2115 207 2142 ἐπὶ
238 2115 348 2150 Ἰωάννῃ
366 2114 555 2148 δεδογμένοις·
579 2113 698 2148 ἀτεχνῶς
723 2113 809 2150 ταύτῃ
834 2115 867 2148 τῇ

908 228 949 255 vis
966 228 992 254 in
1010 226 1126 255 Joannis
1142 228 1269 254 oratione
1284 227 1384 255 inerat.
1411 227 1485 254 Vicit
1497 228 1571 254 enim
1585 227 1631 255 illa
1647 235 1696 256 eos

907 274 954 308 qui
971 273 1028 308 pari
1048 273 1158 301 dicendi
1185 281 1217 300 ac
1242 273 1427 307 persuadendi
1449 273 1580 301 facultate
1609 275 1694 309 polle-

909 320 985 346 bant.
1002 318 1129 353 llacipsa
1142 319 1273 354 populum
1288 319 1372 346 etiam
1389 318 1422 345 ad
1442 326 1473 347 se
1490 321 1635 353 pertraxit.
1663 328 1695 347 eo

908 365 1025 392 maxime
1043 365 1117 400 quod
1135 370 1280 399 peccantes
1292 365 1388 392 crebro
1412 371 1574 400 coarguerct
1593 367 1619 392 in
1646 366 1697 392 lic-

907 410 1011 440 clesia,
1041 413 1067 437 ct
1095 410 1228 437 adversus
1253 417 1301 436 eos
1324 410 1372 444 qui
1396 409 1526 444 injuriam
1554 409 1695 444 fecissent,

908 459 1040 489 tanquam
1055 455 1112 490 ipse
1127 455 1230 490 injuria
1245 455 1360 482 affectus
1379 460 1609 483 commoveretur.
1629 456 1696 489 Qua:

909 509 953 528 res
969 505 1049 536 grata
1069 501 1181 536 quidem
1202 505 1262 529 erat
1281 502 1462 534 multitudini,
1486 503 1601 529 molesta
1632 511 1697 530 vero

908 547 1128 582 opulentioribus
1146 554 1178 574 ac
1193 547 1410 582 potentioribus;
1423 556 1438 575 a
1453 548 1553 582 quibus
1570 549 1627 576 fere
1647 551 1696 576 de-

907 593 973 620 licta
985 593 1119 620 committi
1137 593 1235 621 solent.
1256 592 1323 620 Cum
1350 593 1433 629 igitur
1448 594 1519 628 apud
1535 599 1616 622 notos
1632 596 1696 630 qui-
1732 603 1737 606 ’

908 639 971 666 dem
983 647 1035 667 usu
1054 639 1115 674 ipso
1134 643 1161 666 ct
1175 640 1389 672 consuetudine,
1405 641 1476 675 apud
1492 648 1540 668 eos
1555 649 1620 669 vero
1636 643 1698 676 qui-

908 685 961 713 bus
971 690 1028 712 erat
1042 685 1164 720 ignotus,
1195 685 1266 712 fatua
1287 692 1319 713 ac
1335 693 1448 713 rumore
1471 694 1520 722 per
1537 687 1697 715 universum

909 732 1003 759 orbem
1022 730 1177 759 Romanum
1192 733 1368 761 clarissimus
1387 733 1531 766 evasiGSet,
1557 737 1613 760 tum
1634 741 1698 761 ora-

909 777 1025 809 tionum,
1044 782 1101 805 tum
1114 779 1228 807 virtutis
1245 786 1345 813 causa;
1366 779 1484 808 idoneus
1505 781 1581 809 visus
1595 787 1637 809 est
1652 783 1698 816 qui

909 823 1249 859 Constantiuopolitanam
1262 825 1413 853 Ecclesiam
1424 827 1601 861 gubernaret.
1619 827 1699 860 Quod

873 868 894 896 Β
908 876 970 896 cum
991 869 1111 903 populus
1126 870 1209 897 simul
1229 874 1256 897 et
1281 870 1374 898 clerus
1402 879 1459 898 uno
1486 879 1623 900 consensu
1651 873 1699 900 de—

911 915 1084 947 crevissent,
1112 916 1263 951 imperator
1289 924 1401 952 quoquc
1423 918 1626 952 comprobavit,
1648 921 1699 946 mi-

912 961 1002 995 sitque
1017 961 1139 995 quicum
1159 962 1341 990 adducerent.
1368 962 1569 998 Episcoporum
1588 971 1700 999 praetcr-

912 1014 943 1034 ea
963 1006 1099 1042 synodum
1115 1008 1288 1040 convocavit,
1307 1012 1336 1035 ut
1354 1015 1386 1036 eo
1415 1012 1495 1043 pacto
1520 1009 1700 1037 illustriorem

913 1053 1038 1081 redderet
1054 1054 1115 1088 ejus
1132 1054 1347 1082 ordinationem.
1367 1054 1426 1082 Non
1454 1055 1541 1082 multo
1567 1060 1629 1090 post
1654 1057 1703 1084 As-

913 1099 1000 1126 terius
1015 1106 1108 1126 comes
1133 1099 1274 1133 0rientis,-.
1295 1107 1359 1127 cum
1394 1101 1570 1135 imperatoris
1597 1103 1703 1131 litteras

911 1145 1077 1180 accepisset,
1089 1145 1223 1173 Joannem
1240 1146 1275 1174 ad
1296 1155 1325 1174 se
1337 1147 1447 1179 accivit,
1458 1149 1539 1183 quasi
1558 1150 1701 1185 quidpiam

913 1192 994 1218 abeo
1015 1192 1218 1228 postulaturus.
1239 1192 1367 1225 Quicum
1395 1194 1527 1228 venisset,
1553 1195 1701 1223 confestim

913 1237 1040 1265 Asterius
1055 1245 1118 1265 eum
1132 1246 1184 1265 una
1211 1246 1305 1265 secum
1325 1239 1352 1266 in
1381 1240 1536 1267 vehiculum
1560 1241 1702 1276 imposuit,

913 1288 940 1310 ct
954 1283 1063 1310 concito
1076 1290 1160 1311 cursu
1178 1283 1281 1318 Pagros
1300 1292 1389 1319 usque
1402 1293 1464 1311 eum
1489 1285 1614 1318 deduxit,
1642 1295 1703 1322 quze

914 1329 997 1357 statio
1009 1333 1051 1356 est
1067 1329 1103 1355 ita
1119 1328 1256 1356 dicta.lbi
1284 1337 1346 1357 cum
1371 1329 1504 1358 Joannem
1531 1331 1588 1359 illis
1615 1333 1662 1368 qui
1687 1341 1704 1360 a

914 1375 1039 1410 principe
1054 1375 1131 1403 missi
1169 1380 1249 1402 erant
1273 1376 1444 1409 tradidisset,
1467 1378 1641 1405 Antiochiam
1661 1386 1704 1406 re-

915 1429 1013 1448 versus
1026 1424 1078 1448 est.
1095 1421 1247 1449 Prudenter
1259 1427 1350 1450 autem
1367 1423 1418 1450 hoc
1434 1423 1575 1458 negotium
1588 1432 1705 1454 curasse

915 1467 993 1495 visus
1014 1472 1069 1501 est,
1093 1472 1240 1503 antequam
1257 1469 1421 1496 Antiocheni
1440 1470 1594 1505 quidquam
1617 1474 1704 1500 resci-

916 1518 988 1545 rent,
1008 1514 1054 1549 qui
1072 1518 1099 1542 et
1121 1515 1211 1549 asperi
1232 1518 1314 1542 erant
1328 1515 1355 1542 in
1375 1515 1571 1548 seditionibus,
1585 1525 1635 1544 nec
1654 1526 1706 1544 un-

916 1567 998 1594 quam
1016 1568 1065 1587 sna
1081 1564 1180 1595 sponte
1202 1559 1338 1588 Joannem
1357 1561 1501 1590 dimissuri
1528 1563 1706 1597 videbantur,

916 1605 1078 1640 priusquam
1091 1606 1154 1632 mali
1168 1606 1311 1642 quidpiam
1333 1611 1381 1634 aut
1398 1612 1556 1642 patrassent
1573 1610 1636 1644 ipsi,
1658 1618 1703 1638 aut

916 1653 990 1686 passi
1016 1656 1123 1680 essent.
1147 1652 1235 1681 Porro
1253 1661 1316 1680 eum
1333 1655 1455 1683 venisset
1473 1654 1708 1692 Constantinopo-

916 1698 976 1729 lim,
992 1705 1113 1732 eumque
1125 1699 1248 1733 episcopi
1265 1699 1313 1734 qui
1329 1700 1419 1726 vocali
1436 1699 1544 1727 fuerant
1557 1701 1613 1735 jam
1627 1702 1707 1729 ades-

917 1749 990 1775 sent,
1006 1743 1175 1771 ordinationi
1186 1745 1247 1779 ejus
1266 1745 1492 1780 impedimentum
1508 1747 1600 1773 attulit
1618 1748 1708 1774 Theo-

919 1789 1022 1823 philus,
1036 1789 1131 1816 favens
1152 1789 1258 1816 Isidoro
1271 1800 1277 1817 :
1292 1791 1339 1825 qui
1359 1796 1415 1817 tum
1435 1791 1544 1825 quidem
1564 1792 1708 1828 presbyter

918 1839 978 1861 erat
993 1835 1045 1862 sub
1058 1835 1106 1862 illo
1120 1835 1300 1867 constitutus,
1320 1841 1346 1863 et
1364 1843 1515 1871 pauperum
1533 1845 1565 1864 ac
1584 1838 1707 1873 peregri-

920 1889 1018 1908 norum
1040 1884 1154 1908 curator
1176 1881 1204 1908 in
1229 1882 1298 1909 urbe
1316 1882 1493 1909 Alexandria.
1516 1883 1654 1910 Caeterum
1675 1884 1709 1911 ab

919 1928 1031 1955 ineunte
1050 1932 1130 1958 aetate
1146 1927 1220 1962 apud
1245 1927 1348 1955 Scetim
1370 1930 1478 1964 egregie
1500 1930 1709 1964 philosophatus

919 1974 1022 2007 fuerat,
1046 1974 1119 2002 sicut
1133 1982 1148 2001 a
1163 1975 1330 2010 quibusdam
1350 1975 1418 2003 viris
1441 1976 1487 2010 qui
1506 1983 1568 2003 cum
1586 1977 1634 2004 illd
1650 1984 1709 2005 ver-

919 2021 971 2048 sati
990 2020 1099 2047 fuerant
1117 2021 1221 2056 accepi.
1243 2021 1295 2047 Alii
1314 2021 1410 2048 dicunt
1427 2021 1501 2048 hunc
1511 2021 1574 2049 ideo
1589 2023 1709 2050 amicum

920 2066 1005 2093 fuisse
1019 2066 1175 2101 Theophili.
1185 2067 1258 2101 quod
1269 2067 1401 2095 conscius
1415 2066 1512 2096 fuisset
1527 2075 1559 2095 ac
1571 2069 1709 2103 particeps

920 2112 1053 2140 facinoris
1077 2113 1219 2148 cujusdam
1245 2113 1404 2148 periculosi.
1430 2113 1498 2140 Nam
1519 2113 1584 2141 dum
1608 2114 1708 2142 bellum

664 2200 801 2228 VALESll
821 2200 1101 2229 ANNOTATIONES.

116 2248 154 2282 (.i)
169 2248 322 2281 Θεόφιλος.
343 2247 523 2282 ’l‘henphilnm
542 2245 656 2274 Joannis
678 2246 865 2281 Chrysostomi
885 2249 905 2275 D
921 2251 1005 2275 verbo
1029 2249 1145 2275 innuere
1160 2247 1271 2274 videtur
1295 2246 1446 2279 Palladius,
1471 2247 1652 2282 Theophilum
1676 2256 1709 2274 eo

82 2279 245 2310 ordinationi
275 2279 434 2310 interfuisse
459 2286 575 2309 testatur
591 2282 673 2308 ctiam
693 2279 822 2308 Socrates
839 2282 866 2308 in

82 2319 150 2346 libro
179 2323 268 2344 sexlo.
299 2317 437 2344 Palladius
470 2323 560 2344 tamen
587 2317 613 2343 in
634 2316 745 2351 Dialogo
761 2316 792 2343 de
812 2318 866 2343 vita

82 2353 193 2380 Joannis
209 2352 399 2388 C/trysoslomi,
416 2353 597 2387 Theophilum
624 2357 733 2386 peracta
749 2351 862 2388 jampr-

83 2389 221 2416 dinatione
246 2387 439 2416 supervenisse
469 2388 572 2414 indicat
600 2388 642 2414 his
670 2387 785 2414 verbis:
808 2387 867 2412 Ἀπ’

83 2425 167 2459 ἀρχῆς
180 2421 257 2462 οὗνδ
279 2421 406 2462 85690.9;
420 2424 445 2462 _6
464 2422 514 2456 τῆς
537 2422 734 2462 Ἀλεξανδρέων
755 2422 868 2462 ἐπίσκο-

84 2457 142 2490 πόξ,
156 2458 283 2493 προσχὼν
303 2458 388 2484 αὑτοῦ
402 2459 434 2493 τῇ
447 2458 622 2487 καταστάσει,
641 2457 679 2492 τῷ
693 2457 869 2493 ἀνεπιλήπτῳ

83 2496 129 2529 τῆς
141 2492 296 2528 παρρησίας
313 2493 443 2528 ἡψυχώοη
460 2493 528 2529 πρδς
539 2493 587 2528 τὴν
607 2492 783 2529 χειροτονίαν,
803 2493 867 2519 Nam

84 2528 193 2556 verbum
207 2530 272 2556 illud
283 2530 411 2564 προσχεῖν
424 2528 560 2563 signiﬁcat
571 2528 777 2562 appellereJloc
788 2528 871 2562 igitur

922 2288 1043 2317 tempore
1058 2282 1202 2310 advenisse
1217 2291 1272 2317 quo
1292 2288 1339 2309 aut
1359 2283 1566 2315 celebrabatur,
1588 2287 1635 2309 aut
1653 2284 1709 2316 jam

921 2319 1058 2345 celebrata
1075 2322 1134 2344 erat
1153 2317 1267 2345 Joannis
1285 2318 1432 2344 ordinatin.
1450 2317 1602 2344 Cutifirmat
1617 2323 1708 2344 autem

913 2354 992 2380 'hani:
1008 2354 1171 2379 sententiam
1186 2353 1210 2379 id
1227 2354 1299 2388 quod
1317 2353 1565 2388 staliinsuhjuugit
1580 2353 1710 2379 Sozomc-

921 2396 973 2416 nus
990 2388 1165 2422 :Eutropium
1183 2388 1287 2415 scilicet
1302 2387 1477 2423 praepositum
1490 2389 1561 2414 sacri
1577 2389 1710 2421 cubiculi,

920 2425 1043 2459 coegisse
1070 2423 1250 2457 Theophilum
1287 2428 1315 2459 ut
1352 2423 1521 2456 reliquorum
1550 2424 1710 2459 antistitum

921 2458 1063 2487 sententia:
1081 2459 1280 2487 Subscribercl.
1301 2458 1361 2485 .lam
1387 2458 1471 2493 igitur
1495 2459 1529 2484 ab
1548 2458 1582 2485 iis
1601 2458 1712 2486 ordina-

921 2499 965 2522 tus
985 2496 1072 2522 fuerat
1086 2495 1311 2528 Chrysostoinus.

806 2614 999 2644 VARIORUM.

87 2667 304 2702 Mopsucstenum
315 2671 340 2694 el
366 2665 539 2702 Theodorum
562 2664 773 2702 Antiochenum,
787 2664 868 2702 cujus

86 2700 163 2730 toties
189 2703 260 2737 apud
284 2702 466 2737 Gennadium,
498 2700 642 2737 Photiuin,
660 2705 692 2737 et_
714 2701 740 2737 in
762 2700 868 2725 catt-nis

87 2738 196 2768 mentio,
209 2733 290 2764 'cxtra
301 2735 600 2773 omnedubiutnponit
615 2733 741 2773 Photinsj
754 2741 785 2760 ac
797 2738 869 2773 post-

86 2779 115 2807 ea
133 2773 307 2807 Mopsuestia:
328 2773 355 2798 in
369 2771 463 2799 Cllicia
479 2771 651 2807 cpiscopus;_
666 2773 694 2807 et
707 2769 867 2807 aliquandiu

87 2803 239 2835 Nestorium
251 2807 481 2834 etThemlm-itum
495 2803 634 2832 auditores
647 2803 749 2830 habuit.
762 2803 869 2829 Claruit

87 2850 154 2870 anno
170 2844 233 2875 407,
255 2844 319 2878 quin
341 2843 363 2869 si
388 2842 483 2868 mortis
500 2840 559 2875 ejus
575 2845 682 2873 tempus
707 2842 780 2866 recte
794 2845 869 2865 asse-

921 2671 1000 2698 quar,
1015 2663 1070 2697 jam
1084 2663 1119 2689 ab
1133 2669 1205 2688 anno
1215 2661 1277 2698 59%,
1287 2661 1591 2698 episcopatumAtenuit.
1605 2660 1712 2698 0bi_isse

921 2695 993 2726 enim
1008 2695 1113 2725 videtur
1133 2705 1204 2724 anno
1217 2697 1279 2728 428,
1302 2695 1446 2731 postquam
1469 2695 1620 2723 Ecclesiam
1639 2695 1713 2731 Mop-

922 2738 1079 2761 suesteuam
1110 2741 1158 2767 per
1186 2733 1220 2759 .36
1246 2739 1334 2759 annos
1361 2730 1551 2767 g’uliernasset.
1580 2730 1662 2758 Varia
1679 2730 1712 2757 de

923 2769 969 2795 illo
985 2766 1222 2800 ferunturrjudiria
1241 2776 1247 2793 :
1266 2768 1391 2794 laudatur
1410 2767 1443 2793 ab
1465 2766 1518 2794 his.
1536 2767 1664 2801 culpatur
1679 2767 1713 2793 ab

922 2804 988 2831 illis.
1008 2802 1079 2829 Guil.
1098 2804 1181 2834 (lari-1,
1200 2802 1241 2829 Ad
1257 2810 1320 2830 ann.
1337 2803 1400 2834 407,
1420 2809 1481 2837 pag.
1504 2801 1559 2830 296
