1883 3069
185 82 256 125 iiiis

901 96 1072 125 SOZOMENI

183 161 326 194 gereretur
341 157 424 194 328
446 158 579 187 adversus
599 157 759 190 Maximum,
778 157 856 184 aiunt
875 156 961 185 Theo-

1045 156 1168 193 ;ιροτονίᾳ
1189 157 1372 189 σπουδάζοντα
1395 158 1486 190 δείσας
1501 158 1668 193 saepem»,
1688 157 1737 184 τὸν
1750 159 1803 186 τότε

183 203 288 239 philum
304 203 378 231 datis
400 203 507 232 Isidoro
522 204 682 232 muneribus
701 208 729 231 et
744 203 885 239 epistolis,
907 206 967 230 tum

182 249 216 276 ad
237 249 440 284 imperatorem,
462 255 518 276 tum
543 250 578 277 ad
593 253 750 284 tyrannum,
771 248 920 275 mandasse
941 247 966 274 ei

183 298 212 322 ut
225 294 319 322 Romae
330 299 463 329 maneret,
475 295 594 330 bellique
609 298 735 322 eventum
747 294 966 329 praestolaretur,

182 345 208 368 et
229 342 335 369 litteras
361 348 428 369 suas
452 349 515 368 cum
538 341 700 368 muneribus
720 340 832 368 oh‘erret
855 338 965 366 victori.

180 384 258 414 Hunc
274 394 349 419 vero,
365 394 428 414 cum
440 387 516 414 istud
528 387 652 419 fecisset,
669 387 774 414 detecta
787 384 895 416 fraude,
913 384 966 411 sibi

1017 201 1177 237 προεστῶτα
1188 203 1235 229 τοῦ
1253 203 1385 238 βασιλέως
1396 203 1483 230 οἴκου.
1498 204 1549 230 ’ον
1569 212 1657 238 φασιν
1675 203 1802 238 ἄντικρυς

1015 249 1092 285 αὐτῷ
1106 249 1261 285 ἀπειλῆσαι,
1286 251 1303 286 ἢ
1323 249 1409 277 ταυτα
1425 252 1481 282 τοῖς
1499 250 1590 282 ἄλλοις
1614 249 1724 286 ἱερεῦσι
1744 258 1805 284 συμ-

1013 295 1200 330 ψηφίσασθαι,
1213 296 1230 331 ἢ
1253 297 1309 328 τοῖς
1325 296 1451 331 ἐγκαλεῖν
1467 296 1643 332 βουλομένοις
1671 295 1804 330 ἀπολογή-

1014 340 1122 367 σασθαι.
1147 341 1262 375 Ἔτυχον
1278 341 1332 376 γὰρ
1354 340 1436 367 αὑτὸν
1461 340 1554 367 πολλοὶ
1580 340 1642 366 τότε
1673 338 1754 374 παρὰ
1776 341 1804 374 τῇ

1014 385 1114 420 συνόδῳ
1130 385 1311 420 γραψάμενοι.

178 439 353 468 metuentem,
379 434 441 470 fuga
457 434 652 462 Alexandriam
679 433 832 468 repetiisse.
859 431 965 458 Exinde
983 439 1048 463 vesp
1070 432 1264 467 Theophilum,
1303 439 1365 460 cum
1388 433 1459 460 inter
1495 432 1671 460 ﬁdelissimos
1695 430 1807 458 haberet

181 480 326 512 lsidorum.
346 482 528 518 Opportunani
545 489 574 509 se
590 482 743 509 mercedem
758 481 881 507 laborum
914 486 984 513 quos
1020 486 1070 513 pro
1090 478 1152 515 ipso
1174 480 1344 507 sustinuerat
1367 479 1392 507 ei
1412 487 1594 514 reponsurum
1615 478 1806 509 existimasse,

180 527 202 554 si
219 527 476 563 Constantinopolis
496 529 656 563 episcopum
680 527 756 554 illum
774 526 965 554 constitueret.
986 523 1088 552 Verum
1115 525 1172 552 sive
1194 525 1246 552 hac
1266 525 1300 553 de
1336 533 1439 558 causa,
1476 526 1535 553 sive
1556 529 1691 560 tanquam
1719 523 1806 549 virum

180 573 429 606 bonum,ordinare
440 574 517 600 illum
532 574 644 602 voluerit
679 573 859 608 Theophilus,
885 571 997 599 tandem
1016 570 1132 598 Joannis
1152 571 1281 598 electioni
1307 579 1452 599 assensum
1479 571 1615 606 prmbuit,
1642 569 1807 602 Eutropium

179 618 295 649 veritus,
314 617 465 652 imperialis
485 618 607 646 cuniculi
626 623 693 646 tunc
708 619 899 654 praepositum,
915 617 963 652 qui
981 616 1097 644 Joannis
1111 616 1281 644 ordinationi
1298 624 1463 652 magnopere
1500 617 1617 644 favebat.
1643 615 1697 642 Hic
1736 615 1807 641 enim

178 665 267 700 palam
284 664 309 692 ei
329 664 508 696 denuntiasse
543 665 657 699 dicitur,
691 673 721 693 ut
747 671 796 694 aut
828 665 1000 700 reliquorum
1020 663 1194 691 sacerdotum
1215 663 1353 698 suﬂragiis
1372 663 1526 697 accederet,
1543 669 1592 691 aut
1606 663 1641 690 iis
1660 663 1711 697 qui
1724 668 1807 689 accu-

178 717 241 738 sare
266 710 355 745 ipsum
378 710 517 742 volebant,
533 711 723 746 responderet.
752 709 860 746 Quippe
881 709 965 737 multi
983 712 1041 736 tum
1058 709 1183 741 aderant,
1194 709 1240 744 qui
1255 716 1348 736 coram
1364 709 1470 745 synodo
1484 717 1545 737 eum
1564 713 1749 737 accusarant.

501 759 577 786 CAP.
600 759 643 787 Ill.

177 806 317 838 Quomodo
333 804 450 832 Joannes
467 806 500 831 ad
516 809 694 839 episcopatum
707 810 854 839 promotus,
872 805 963 831 statim

213 840 289 867 rebus
304 840 424 874 gerendis
439 841 611 867 vehementius
625 841 816 874 incubuerit,et
832 839 963 867 Ecclesia:

212 875 307 909 ubique
326 875 443 902 locorum
457 875 620 902 correxerit:
637 876 775 908 missisque
794 875 905 903 Romam
921 874 962 901 le-

212 911 292 945 galis,
309 909 433 936 Flaviani
445 915 581 944 peccatum
595 911 758 938 dissolverit.

214 987 300 1014 Porro
318 986 439 1015 Joannes
456 988 538 1016 simul
552 993 633 1023 atque
656 989 683 1016 in
703 992 861 1024 episcopatu
879 988 964 1015 collo-

178 1037 258 1061 catus
274 1037 327 1063 est,
347 1038 410 1061 ante
439 1035 532 1061 omnia
558 1034 721 1061 clericorum
747 1041 860 1061 suorum
880 1038 962 1060 vitam

172 1079 324 1107 emendare
345 1079 462 1108 studuit.
486 1079 519 1106 Et
537 1080 564 1107 in
586 1087 737 1115 processus
757 1085 784 1108 et
810 1080 912 1107 victum
932 1085 964 1106 ac

171 1126 311 1160 reliquam
333 1133 428 1153 eorum
451 1127 690 1153 conversationem
710 1125 856 1161 diligenter
872 1124 964 1160 inqui-

169 1179 262 1204 rens,
289 1171 470 1206 redarguebat
496 1171 558 1200 illos
584 1176 612 1199 et
634 1171 801 1207 corrigebat.
824 1170 963 1205 Quosdam

175 1214 260 1240 etiam
275 1213 400 1241 Ecclesia
415 1214 506 1249 ejecit.
522 1213 591 1241 Nam
608 1222 671 1241 cum
693 1215 726 1241 ad
743 1214 962 1249 redarguendum

169 1264 274 1295 suopte
291 1260 401 1295 ingenio
414 1260 544 1294 proclivis
559 1263 644 1292 esset,
660 1264 688 1287 et
698 1260 832 1287 adversus
848 1267 897 1287 eos
914 1259 962 1294 qui

178 1308 307 1342 injuriam
326 1307 458 1335 fecissent
472 1307 549 1341 justa
568 1306 760 1342 indignatione
775 1314 963 1334 commovere-

178 1359 234 1386 tur,
257 1361 305 1381 eos
319 1353 433 1380 affectus
447 1353 535 1380 multo
549 1353 638 1388 magis
651 1353 728 1380 auxit
747 1354 776 1380 in
791 1353 961 1389 episcopatu.

176 1400 279 1428 Natura
295 1400 368 1427 enim
384 1400 523 1427 licentiam
542 1404 633 1432 nacta,
652 1400 773 1435 linguam
799 1399 832 1426 ad
844 1407 962 1435 arguen-

166 1447 243 1473 rdum
260 1446 339 1473 l'acile
352 1445 520 1480 impellebat,
532 1449 559 1472 et
572 1445 641 1472 iram
658 1434 790 1473 adversus
801 1434 963 1481 delinquen-
976 1434 998 1463 (ἶ

166 1497 220 1520 -tes
235 1492 388 1527 promptius
411 1491 553 1519 incitabat.
578 1491 672 1527 Neque
688 1499 753 1519 vero
767 1499 847 1520 suam
861 1492 963 1519 dunta-

173 1541 235 1570 σοι,
251 1537 299 1565 sed
313 1542 340 1565 et
354 1537 473 1572 reliquas
486 1537 587 1572 ubique
600 1537 722 1565 locorum
740 1537 888 1570 Ecclesias,
901 1543 962 1565 tan-

177 1592 259 1619 quam
277 1583 366 1611 bonus
380 1588 406 1610 et
432 1583 541 1611 excelso
561 1583 652 1610 animo
664 1585 807 1618 praeditus,
825 1584 963 1619 corrigere

166 1629 341 1657 'conabatur.
356 1628 480 1656 Proinde
502 1629 529 1656 iu
552 1629 612 1663 ipso
630 1629 805 1664 episcopatus
825 1630 867 1656 sui
883 1637 964 1657 exor-

175 1675 233 1706 dio,
247 1681 309 1701 cum
326 1673 518 1701 Occidentales
527 1676 558 1701 et
572 1673 693 1708 [Ευριῆ
716 1673 875 1701 sacerdotes
894 1674 964 1700 Pau-

177 1719 225 1746 lini
240 1720 327 1754 gratia
341 1719 377 1746 ab
390 1717 576 1746 Orientalibus
589 1719 727 1753 episcopis
739 1719 830 1746 adhuc
846 1719 966 1747 dissideo

168 1771 247 1796 -rent,
263 1769 290 1792 et
306 1765 444 1799 publicum
459 1764 599 1800 quoddam
618 1765 764 1792 discidium
777 1765 813 1792 ob
827 1771 887 1791 eam
906 1772 963 1792 rem

168 1812 263 1839 totius
284 1811 391 1846 imperii
414 1810 531 1837 Romani
557 1810 696 1837 Ecclesias
717 1810 874 1842 obtineret,
905 1811 963 1844 ipse

172 1856 356 1892 =Theophi|um
373 1855 486 1890 rogavit,
500 1859 529 1882 ut
553 1863 631 1883 suam
649 1855 700 1890 ipsi
714 1863 825 1891 operam
841 1863 964 1883 commo-

174 1903 263 1934 daret,
284 1906 311 1930 ct
334 1901 489 1929 Romanum
504 1902 664 1937 episcopum
680 1901 813 1929 Flaviano
839 1903 963 1930 reconci-

168 1949 265 1976 ~liaret.
288 1947 365 1981 Quod
377 1955 438 1975 cum
451 1948 613 1983 placuisset,
630 1949 712 1976 electi
729 1953 792 1976 sunt
809 1949 842 1976 ad
867 1949 892 1976 id
916 1956 963 1976 ne-

169 1994 279 2029 .gotium
292 1993 374 2029 339
385 1992 502 2021 Aeacius
518 1994 665 2029 episcopus
678 1993 780 2021 Beroeaa
791 1999 818 2021 et
830 1994 961 2027 Isidorus;

175 2041 199 2066 is
219 2039 298 2074 cujus
317 2039 404 2074 gratia
420 2037 590 2074 Theophilus
605 2038 720 2066 Joannis
733 2038 901 2066 ordinatimii
915 2038 963 2065 ad-

1320 758 1444 784 ΚΕΦΔΛ.
1461 757 1500 784 Γ¹.

1021 803 1068 843 ’ῼς
1084 803 1218 843 ἐπελθὼν
1229 803 1376 843 [ιωάννης
1383 803 1444 843 ,ἐπὶ
1462 802 1520 836 τὴν
1535 802 1724 843 ἐςιιίιυιωινὴν2
1737 809 1807 843 σφρ-

1034 835 1192 873 ”δρότερον
1223 838 1333 872 ἥπτετο
1352 835 1419 864 ἐῶν
1446 835 1646 872 πραγμάτων,
1675 835 1727 864 καὶ
1755 835 1785 863 ξ’

1048 873 1223 899 ἁπανταγοῦ
1245 873 1424 899 Ἐκκλησιασ
1436 873 1611 899 ὲπηγώοθου
1623 881 1629 887 ·
1648 872 1701 899 καὶ
1716 873 1760 899 ὠ(-
1773 847 1806 899 :3

1048 873 1223 907 ἁπανταχοῦ
1245 873 1424 907 Ἐκκλησίας
1436 873 1611 906 ἐπηνώρθου
1623 881 1629 887 ·
1648 872 1701 899 καὶ
1716 873 1760 904 ὡς
1775 881 1791 898 υ

1049 908 1124 935 κατὰ
1140 908 1194 934 τὸν
1216 908 1384 935 Φλαὸιανὸν
1410 907 1543 942 πταῖσμα
1564 907 1807 941 διαπρεσϐευσά-

1044 951 1137 977 μενος
1149 944 1193 976 sic
1215 943 1330 978 Ῥώμην
1350 942 1483 970 διέλυσε,

1051 987 1082 1013 '0
1097 987 1126 1014 δὲ
1139 987 1266 1023 Ἰωάννης
1279 988 1326 1013 ἐπὶ
1337 987 1387 1022 τῆς
1399 986 1551 1022 ἐπισκοπῆς
1565 986 1727 1021 γενόμενος,
1742 987 1806 1022 πρό-

1012 1042 1092 1070 τερον
1112 1032 1282 1068 διορθοῦσθαι
1298 1033 1361 1064 τοὺς
1385 1032 1458 1068 βίους
1474 1032 1528 1059 τῶν
1546 1032 1592 1058 ὑπ’
1610 1032 1695 1058 αὐτὸν
1713 1031 1806 1067 κληρι-

1013 1079 1070 1106 κῶν
1084 1079 1233 1111 ἐσπούδαζε
1246 1087 1252 1094 ·
1270 1078 1399 1114 προόδους
1420 1087 1449 1105 τε
1467 1078 1556 1106 αὐτῶν
1580 1078 1628 1104 καὶ
1640 1078 1750 1105 δίαιταν
1763 1078 1807 1105 καὶ

1012 1125 1062 1160 τὴν
1077 1125 1161 1160 ἀλλην
1177 1125 1288 1160 ἀγωγὴν
1305 1124 1540 1160 πολυπραγμονῶν
1553 1145 1561 1157 ,
1579 1124 1683 1159 ἧλετχέ
1709 1133 1742 1150 τε
1763 1124 1807 1150 καὶ

1013 1171 1166 1207 ἐπέστρεφε
1176 1179 1183 1185 ·
1207 1171 1269 1203 τοὺς
1287 1171 1316 1197 δέ
1328 1170 1375 1197 καὶ
1389 1170 1439 1205 τῆς
1462 1170 1627 1205 Ἐκκλησίας
1655 1169 1768 1202 ἐξεοῦτο
1782 1175 1805 1197 ε.

1019 1217 1190 1252 Ἐλεγκτικὸς
1201 1217 1256 1253 γὰρ
1270 1216 1306 1244 ὣν
1322 1217 1412 1252 φύσει,
1424 1216 1471 1243 καὶ
1485 1215 1555 1243 κατὰ
1567 1216 1623 1243 τῶν
1638 1215 1806 1242 ἀδικούντων

1013 1264 1043 1291 ἐν
1055 1264 1116 1300 δίκῃ
1132 1263 1304 1298 ἀγανακτῶν,
1323 1263 1363 1289 ἐτι
1377 1262 1477 1298 μᾶλλον
1498 1263 1527 1289 ἐν
1541 1263 1575 1298 τῇ
1598 1262 1740 1297 ἐπισκοπῇ
1759 1262 1805 1287 ἐπ-

1014 1311 1098 1337 έδωκε
1112 1311 1278 1342 τούτοιςτοῖς
1290 1309 1457 1345 παθήμασιν.
1475 1308 1508 1336 Ἡ
1518 1308 1572 1344 γὰρ
1585 1307 1669 1343 φύσις
1681 1307 1807 1339 ἐξουσίας

1013 1357 1197 1392 ἐπιλαϐομένη
1208 1377 1215 1389 ,
1232 1357 1330 1393 ῥαδίως
1352 1357 1392 1388 είς
1406 1356 1518 1391 ἔλεγχον
1542 1355 1623 1390 ἐξῆγε
1640 1354 1692 1390 τὴν
1717 1354 1807 1388 γλῶσ-

1014 1412 1079 1436 σαν,
1095 1403 1142 1430 καὶ
1157 1403 1207 1438 τὴν
1224 1402 1310 1438 ὀργὴν
1331 1402 1503 1437 ἑτοιμότερον
1522 1400 1592 1428 κατὰ
1607 1400 1664 1427 τῶν
1680 1401 1807 1435 ἁμαρτα-

1014 1449 1113 1477 νόντων
1135 1448 1230 1474 ἐκίνει.
1243 1447 1279 1473 Οὐ
1305 1446 1384 1482 μόνον
1408 1446 1437 1472 δὲ
1461 1445 1511 1480 τὴν
1528 1444 1574 1471 ὑπ’
1587 1444 1672 1477 αὐτὸν
1692 1443 1807 1477 Ἐκκλη-

1016 1495 1094 1526 σίαν,
1114 1494 1171 1521 ἀλλ’
1194 1494 1232 1525 ὼς
1252 1492 1351 1528 ἀγαθὸς
1378 1492 1424 1518 καὶ
1453 1491 1651 1526 μεγαλόφρων,
1679 1489 1729 1516 καὶ
1756 1488 1807 1520 τὰς

1015 1540 1152 1576 πανταχοῦ
1174 1539 1340 1574 ἐπανορθοῦν
1362 1537 1538 1569 ἐσπούδαζεν.
1557 1536 1663 1563 Αὐτίκα
1680 1535 1747 1570 γοῦν
1761 1534 1807 1561 ἐπὶ

1014 1586 1062 1621 τὴν
1079 1585 1230 1620 ἐπισκοπὴν
1240 1583 1393 1619 παρελθὼν,
1411 1582 1451 1608 ἔτι
1465 1582 1519 1608 τῶν
1535 1580 1586 1608 ἀνὰ
1601 1581 1652 1616 τὴν
1667 1580 1807 1614 Αἴγυπτον

1014 1633 1062 1660 καὶ
1080 1632 1160 1659 Δύσιν
1180 1631 1275 1666 ἱερέων
1289 1630 1356 1665 πρὸς
1372 1630 1435 1660 τοὺς
1450 1630 1478 1655 ἐν
1492 1630 1525 1664 τῇ
1540 1628 1596 1663 "Em
1609 1627 1655 1654 διὰ
1671 1627 1806 1653 Παυλῖνον

1013 1677 1231 1713 διαφερομένων,
1253 1677 1301 1702 καὶ
1323 1675 1416 1708 κοινῆς
1439 1683 1510 1705 τινος
1529 1673 1640 1708 ἀμιξίας
1660 1672 1705 1699 διὰ
1727 1672 1806 1698 τοῦτο

1013 1723 1062 1754 τὰς
1086 1723 1138 1749 ἀνὰ
1162 1723 1215 1748 πᾶν
1239 1721 1270 1747 τὸ
1291 1721 1412 1755 ὑπήκοον
1433 1718 1595 1754 Ἑκκλησίας
1620 1717 1805 1752 κατεχούσης,

1014 1768 1112 1803 ἐδεήθη
1134 1767 1265 1802 Θεοφίλου
1282 1765 1441 1801 συμπρᾶξαι
1463 1764 1552 1799 αὐτῷ,
1567 1763 1614 1790 καὶ
1635 1763 1804 1794 καταλλάξαι

1013 1813 1154 1848 Φλαϐιανῷ
1179 1813 1224 1839 τὸν
1244 1811 1388 1847 Ῥωμαίων
1405 1811 1563 1837 ἐπίσκοπον.
1580 1807 1644 1836 Ὧδε
1662 1809 1695 1835 δὲ
1712 1809 1804 1841 δόξαν,

1014 1858 1154 1894 αἱροῦνται
1171 1858 1218 1884 ἐπὶ
1231 1857 1309 1884 τοῦτο
1329 1856 1456 1888 ’Δκάκιος
1473 1856 1512 1890 (5)
1526 1855 1541 1881 ὁ
1558 1855 1671 1890 Βεροίας
1692 1855 1802 1881 ἐπίσκςν

1014 1914 1080 1937 πος,
1096 1905 1143 1931 καὶ
1163 1904 1296 1940 Ἰσίδωρος
1307 1924 1315 1937 ,
1330 1904 1363 1930 δι’
1376 1903 1405 1930 ὃν
1416 1903 1545 1937 Θεόφιλος
1559 1902 1679 1933 ἐναντίος
1694 1901 1802 1935 ἐγένετο

1013 1951 1045 1985 τῇ
1071 1949 1153 1976 αὑτοῦ
1176 1949 1337 1985 χειροτονίᾳ.
1356 1949 1412 1975 Καὶ
1438 1948 1657 1986 παραγενόμενοι
1673 1948 1715 1979 εἰς
1737 1947 1800 1973 Ῥώ-

1014 2004 1078 2031 μην,
1091 1996 1184 2030 ἐπειδὴ
1201 1995 1272 2022 κατὰ
1283 1994 1396 2030 γνώμην
1411 1995 1502 2026 αὐτοῖς
1514 1996 1530 2029 ἡ
1551 1994 1685 2029 πρεσϐεία
1700 1994 1800 2028 ἀπέϐη,

1012 2040 1203 2067 κατέπλευσαν
1213 2041 1252 2071 εἰς
1262 2040 1398 2074 Αἴγυπτον
1409 2049 1416 2056 ·
1429 2039 1552 2067 ἐντεῦθεν
1565 2040 1605 2071 είς
1619 2039 1722 2074 Συρίαν
1735 2038 1799 2074 ἧκεν

175 2089 301 2113 versatus
317 2084 416 2112 fuerat.
428 2084 461 2111 lli
475 2084 588 2112 Romam
599 2084 691 2117 delati,
706 2092 767 2111 cum
777 2085 876 2120 legatio
888 2084 957 2118 ipsis

1045 2086 1165 2118 ,κάκιος,
1187 2086 1343 2120 Αἰγυπτίων
1364 2086 1411 2112 καὶ
1436 2085 1491 2112 τῶν
1507 2085 1576 2121 πρὸς
1600 2085 1684 2111 Δύο-ιν
1707 2085 1799 2120 ἱερέων

174 2138 208 2158 ex
232 2130 316 2157 animi
336 2130 470 2157 sententia
493 2130 684 2162 successisset,
699 2130 727 2157 in
748 2129 895 2165 Egyptum
911 2137 960 2156 na-

174 2175 313 2209 vigarunt.
336 2173 400 2201 lnde
413 2175 531 2202 Aeacius
545 2175 573 2202 in
592 2175 700 2211 Syriam
719 2183 857 2208 reversus,
876 2175 961 2211 Egy-

175 2221 294 2256 ptiorum
308 2224 335 2248 et
347 2220 565 2248 Occidentalium
586 2223 740 2250 antistitum
761 2222 867 2250 litteras
885 2223 959 2256 paci-

172 2267 242 2294 ﬂcas
255 2266 347 2293 attulit
361 2265 501 2294 Flaviano.
519 2266 587 2295 Sero
600 2267 708 2296 tandem
724 2268 798 2296 hunc
809 2270 836 2295 in
846 2269 956 2296 modum

1013 2133 1138 2168 εἰρηναῖα
1151 2132 1302 2168 γράμματα
1318 2132 1374 2163 τοῖς
1385 2132 1457 2167 ἀμφὶ
1467 2131 1616 2157 Φλαὸιανὸν
1633 2131 1735 2166 φέρων.
1748 2131 1798 2157 Καὶ

1013 2177 1041 2203 αἱ
1070 2177 1118 2212 μὲν
1147 2176 1304 2212 Ἐκκλησίαι
1323 2176 1372 2210 ὀψέ
1388 2184 1453 2202 ποτε
1469 2175 1571 2210 ταύτης
1594 2175 1645 2210 τῆς
1667 2175 1798 2210 διχονοίας

1011 2219 1062 2249 ὦδε
1077 2222 1286 2256 ἀπαλλαγεῖσαι,
1298 2222 1346 2257 τὴν
1358 2222 1426 2257 πρὸς
1440 2221 1557 2257 ἀλλήλας
1574 2220 1719 2248 κοινωνίαν
1749 2221 1798 2247 ἁπ-

1012 2268 1117 2295 έλαϐον.
1132 2268 1168 2295 Τὸ
1184 2268 1212 2295 δὲ
1229 2268 1329 2304 πλῆθος
1342 2268 1396 2296 τῶν
1411 2269 1439 2295 ἐν
1456 2267 1606 2303 Ἀντιοχείᾳ
1623 2266 1799 2302 καλουμένων

773 2359 907 2387 VALESII
925 2360 1198 2389 ANNOTATIONES.

209 2412 247 2447 (5)
258 2412 412 2451 Δίροῦτται
427 2413 589 2451 ξπζέτοῦτον
604 2415 744 2451 Ἀκάκιος.
758 2415 796 2443 De
812 2416 863 2443 hac
884 2420 958 2451 lcga-

172 2448 248 2487 t_ione
273 2448 364 2487 Acacii
382 2451 410 2487 et
422 2448 542 2487 __|si_t_luri_
559 2448 957 2487 ailrltoxnanumpontiﬁcism

173 2482 360 2520 Anastasium,
383 2482 521 2511 Palladius
537 2484 563 2511 in
578 2485 690 2520 Dialogo
714 2485 745 2512 de
764 2482 818 2512 vita
844 2486 957 2513 Joannis

173 2517 354 2553 Gltrrysostonti
375 2521 412 2544 ita
441 2519 557 2546 scribit:
585 2517 670 2547 Οἶσθα
694 2520 722 2547 δὲ
748 2520 795 2546 καὶ
815 2521 896 2553 aii-rb;
910 2522 957 2548 τὸν

173 2552 286 2594 avom.“
299 2552 379 2594 ἡνίκα
406 2553 454 2579 σὺν
485 2553 603 2594 Ἀκακίιρ
628 2555 722 2594 ἐλθὼν,
744 2555 792 2594 την
807 2552 956 2594 Φλαδιανοῦ

174 2586 242 2622 προς
267 2586 396 2621 Θεόφιλον
420 2589 561 2616 κοινωνίαν
588 2586 727 2625 ἐκόμισεν,
752 2586 839 2617 εἴκοσι
863 2591 952 2618 ἐτεσιν

171 2622 415 2652 ἁπεσχοινισμένην
435 2623 567 2652 Εὐαγοίου
594 2625 696 2652 ἕνεκεν.
711 2629 764 2652 etc.
783 2626 816 2652 Et
834 2626 952 2652 Aeacius

172 2630 415 2663 απεσχοινισμενην
435 2630 567 2666 δυαχριου
594 2630 696 2657 ἕνεκεν,
711 2630 764 2652 etc.
783 2630 816 2652 Et
834 2630 952 2654 Aeacius

172 2657 282 2692 quidem
295 2664 396 2684 missus
412 2661 453 2684 est
463 2665 478 2684 a
488 2657 617 2687 Havrano
631 2660 802 2688 Antiocheno
814 2660 953 2696 episcopo,

1005 2418 1085 2453 cujus
1097 2421 1156 2444 erat
1169 2416 1353 2453 suﬂraganus.
1372 2416 1494 2453 Isidorus
1506 2425 1572 2444 vero
1587 2417 1692 2453 missus
1706 2421 1765 2444 erat
1781 2425 1794 2443 τι

1006 2452 1158 2488 Theophilo
1189 2452 1386 2488 Alexandrino,
1414 2456 1444 2478 ut
1460 2452 1572 2488 litteras
1596 2452 1731 2488 paciﬁcos
1750 2460 1796 2479 seu

1005 2485 1267 2515 coiumunicatorias
1281 2494 1348 2522 quas
1361 2485 1514 2521 Theophila
1527 2485 1680 2521 scripserat
1692 2487 1800 2514 Flavia-

1005 2523 1104 2553 nus,ad
1113 2522 1291 2549 Anastasium
1303 2523 1460 2556 episcopum
1474 2523 1550 2549 urbis
1563 2522 1656 2548 Roma:
1664 2521 1798 2548 deferret.

1006 2557 1034 2584 Id
1052 2562 1142 2585 autem
1157 2557 1260 2584 factum
1276 2561 1318 2584 est
1338 2564 1410 2584 anno
1425 2557 1531 2585 Christi
1546 2557 1610 2590 398,
1636 2557 1691 2584 sub
1713 2564 1799 2584 exor-

1006 2593 1081 2620 dium
1094 2593 1274 2630 episcopatus
1296 2590 1411 2620 Joannis
1434 2592 1642 2630 Chrysostomi,
1669 2596 1699 2619 ut
1725 2595 1797 2619 recte

1006 2628 1113 2655 monuit
1128 2627 1274 2655 Baronius.

882 2752 1071 2782 VARIORUM.

205 2809 218 2821 ν
239 2804 382 2838 Ἑξεοῦτο,
396 2806 510 2836 Videtur
525 2809 665 2845 legendum
685 2810 827 2843 ἐξεώσατο.
851 2810 883 2838 W
901 2810 1012 2840 Lowru.

1834 33 1853 150 ι

1840 235 1851 359 l

1845 396 1859 825 ἓ

1853 831 1864 1197 ἰ

1860 1290 1871 1572 ἱ

1864 1574 1875 1864 l
