1883 3069
67 136 149 164 1ῖὶἳῦ

559 137 721 164 HISTORIA
741 137 1017 168 ECCLESIASTICA.
1037 156 1069 160 —
1091 141 1153 168 LIB.
1177 140 1242 168 VIII.

1634 138 1710 165 132W

63 192 193 228 πέμψας
224 192 386 229 βαρϐάρων,
404 194 556 222 ἐνετείλατο
583 194 616 222 τὰ
640 195 763 229 βασίλεια
786 197 859 232 ὲμπι·

937 198 1069 233 epraedari
1085 199 1180 227 urbem
1200 199 1396 227 meditabatur.
1414 198 1488 231 Quas
1501 197 1612 232 quidem
1635 197 1703 223 iusi-

64 239 164 274 πρᾷν.
180 239 211 265 Ol
224 239 262 271 δὲ,
277 239 412 275 ἄπρακτοι
423 240 469 267 καὶ
482 241 681 276 κατεπτηχότες
689 241 869 277 ὑπέστρεφον.

68 284 121 315 Ὠς
147 284 204 320 γὰρ
227 285 340 321 πλησίον
369 286 502 319 ἐγένοντο,
524 287 624 322 πλῆθος
645 287 761 315 ὁπλιτῶν
778 287 869 320 ἔδοξαν

62 331 143 365 ὁρᾷν
165 332 194 358 ἑν
211 332 338 366 μεγάλοις
354 332 486 367 σώμασιν.
507 333 720 369 Ὑπονοήπαντες
728 334 756 360 δὲ
773 334 868 369 νέηλυν

62 375 145 404 εἶναι
169 378 308 413 στρατιὰν,
326 378 455 413 ήγγειλαν
475 379 513 414 τῷ
527 379 609 416 Γαῖνᾷ
621 388 627 395 ·
645 380 660 406 ὁ
673 380 701 406 δὲ
715 380 724 416 (
737 381 869 415 ἠπίστατο

64 423 127 457 γὰρ
167 423 204 458 μὴ
231 422 339 454 πλείους
365 422 419 449 τῶν
447 423 580 450 εἰωθότων
596 425 628 459 τῇ
657 424 729 451 πόλει
744 425 869 459 ἐνδημεῖν

65 468 260 503 στρατιώτας)
288 469 337 495 οὐκ
350 469 425 503 ἠξίου
454 471 510 500 τοῖς
535 469 694 504 λεγομένοις
719 470 868 498 πιστεύειν.

71 515 162 541 Ἐπεὶ
183 515 211 541 δὲ
227 516 273 541 καὶ
287 515 335 549 τῆς
349 516 480 551 ἐχομένης
495 516 589 547 νυκτὸς
602 516 799 548 ἀποσταλέντες
810 517 870 544 ἕτε-

65 569 127 594 ροι,
161 561 248 587 ταυτα
274 562 329 593 τοῖς
358 562 489 597 πρότερον
513 561 652 596 ἤγγειλαν,
677 561 756 593 αὐτὸς
773 562 867 594 ἐλθὼν,

65 606 218 641 αὐτόπτης
233 606 340 640 ἐγένετο
350 606 397 632 τοῦ
416 606 567 641 παραδόξου
580 606 726 642 θεάματος.
745 607 869 641 Νομίσας

65 661 97 678 τε
132 652 220 679 αὐτοῦ
245 653 323 686 χάριν
356 652 563 687 συνεληλυθέναι
579 653 640 684 τοὺς
664 653 696 679 ὲκ
710 653 764 679 τῶν
781 653 868 679 ἄλλων

66 696 183 723 πόλεων
201 696 377 731 στρατιώτας,
391 697 497 732 νύκτωρ
512 698 560 732 μὲν
581 699 710 733 φρουρεῖν
726 698 774 733 τὴν
791 698 867 724 πόλιν

66 743 117 769 καὶ
135 743 174 769 τΞι
196 742 328 777 βασίλεια,
348 743 376 768 ἐν
392 743 482 778 ἡμέρᾳ
501 743 528 769 δὲ
548 743 698 776 λανθάνειν,
717 745 867 779 σκήπτεται

63 789 208 824 δαιμονᾷν
223 798 230 803 ·
257 789 294 820 ὼς
321 789 463 824 εὐξάμενός
484 798 513 815 τε
530 789 733 824 καταλαμϐάνει
757 790 805 825 τὴν
820 791 866 817 ὲκ-

66 834 204 869 κλησίαν,
223 835 255 869 ἦν
274 835 318 860 ὲπί
328 836 394 869 τιμῇ
412 834 534 861 Ἰωάννου
551 834 596 860 τοῦ
612 835 772 865 Βαπτιστοῦ,
793 837 806 862 ὁ
819 835 864 862 τοῦ

66 879 211 914 βασιλέως
222 879 312 914 πατὴρ
323 879 480 915 ᾠκοδόμησε
495 879 562 915 πρὸς
577 880 615 915 τῷ
629 880 824 916 Ἐϐδόμῳ.Τῶν
837 881 865 907 δὲ

67 924 240 960 βαρϐάρων,
258 925 281 951 οἱ
297 925 355 960 μὲν,
373 924 445 951 ἔνδον
465 925 559 960 ἔμενον
572 935 578 940 ·
602 926 624 952 οἱ
647 926 685 958 δὲ,
705 927 788 961 Γαῖνᾷ
803 935 865 953 συν-

65 969 201 1005 εξῄεσαν.
225 971 319 1006 Λάθρα
343 971 370 998 δὲ
400 971 545 1005 συνεξῆγον
566 971 635 997 ὅπλα
653 972 680 997 ἐν
700 972 866 1004 γυναικείοις

66 1017 198 1051 ὀχήμασι
213 1017 258 1043 καὶ
271 1016 407 1052 κεράμους
420 1016 503 1051 βελῶν
520 1016 573 1051 (15)
585 1025 591 1032 ·
607 1017 666 1044 ἐπεὶ
681 1017 708 1043 δὲ
722 1017 866 1053 ἐφωράθη-

68 1070 133 1090 σαν.
149 1063 213 1094 τοὺς
229 1062 350 1097 φύλακας
360 1062 511 1089 τῶνπυλῶν
523 1062 673 1098 ἀναιροῦσι,
688 1063 866 1098 πειραθέντας

67 1106 200 1133 κωλύσαι
233 1107 281 1142 τὴν
296 1107 349 1133 τῶν
369 1107 460 1134 ὅπλων
474 1107 630 1142 ἐκκομιδὴν.
654 1108 700 1134 Ἐκ
716 1108 810 1135 τούτου
836 1109 864 1135 δὲ

66 1152 200 1186 ταραχῆς
217 1151 263 1177 καὶ
279 1151 392 1186 θορύϐου
410 1152 552 1183 ἀνάπλεως
566 1153 582 1186 ὴ
601 1152 677 1184 πόλις
698 1153 815 1187 ἐγένετο,
827 1155 865 1186 ὡς

68 1196 176 1222 αὑτίκα
193 1195 361 1230 ἁλωσομένη.
382 1196 483 1231 ’Λγαθὴ
499 1196 526 1222 δὲ
552 1196 649 1232 γνώμη
667 1197 777 1233 ἐκράτει
796 1199 865 1234 πρὸς

66 1243 104 1270 τὰ
122 1242 250 1277 παρόντα
265 1242 347 1268 δεινά.
371 1242 400 1268 '0
413 1243 466 1278 γὰρ
479 1243 603 1278 βασιλεὺς
620 1243 702 1279 μηδὲν
717 1244 862 1279 μελλήσας,

67 1288 117 1315 τὸν
141 1289 194 1322 μὲν
207 1288 305 1314 Γαῖνᾶν
325 1288 451 1323 πολέμιον
467 1289 618 1325 ἀνεκήρυξε
630 1298 637 1304 ·
662 1291 724 1322 τοὺς
743 1291 770 1317 δὲ
786 1299 864 1327 περι-

67 1333 235 1368 λειφθέντας
245 1335 273 1360 ὲν
284 1335 316 1369 τῇ
332 1334 408 1361 πόλει
421 1334 584 1371 βαρϐάρους,
594 1337 769 1372 ἀναιρεθῆναι
782 1345 865 1372 προσ-

68 1379 182 1412 έταξεν.
203 1380 373 1415 Ἐπιθέμενοι
392 1381 420 1406 δὲ
431 1380 536 1412 τούτοις
550 1382 574 1408 οἰ
598 1383 772 1415 στρατιῶται,
787 1384 864 1410 ἀναι-

70 1425 153 1460 ροῦσι
166 1426 229 1457 τοὺς
245 1426 386 1458 πλείστους
397 1427 460 1462 ’τὴν
473 1426 501 1453 δὲ
515 1427 685 1464 καλουμένην
692 1429 746 1455 τῶν
759 1429 863 1457 Γότθων

69 1472 225 1506 ἐκκλησίαν
247 1472 433 1507 ὲμπιπρῶσιν.
465 1473 507 1504 Ὠς
522 1474 562 1505 εἰς
578 1474 679 1510 συνήθη
698 1475 751 1510 γὰρ
765 1476 863 1511 εὖκτή-

920 246 981 273 dias
1006 246 1196 281 praenuntiavit
1212 250 1342 279 cometes,
1367 245 1413 281 qui
1435 252 1467 273 eo
1482 249 1604 278 tempore
1621 250 1703 277 supra

920 291 1058 319 civitatem
1070 293 1205 319 maximus
1217 293 1355 327 apparuit,
1372 291 1405 318 ad
1423 291 1512 326 ipsam
1530 290 1587 317 fere
1600 294 1701 316 terram

920 338 1088 373 pertingens,
1105 342 1133 365 et
1157 337 1248 372 qualis
1272 342 1412 371 nunquam
1435 340 1514 363 antea
1541 335 1618 362 visus
1644 341 1705 361 esse

921 388 1098 411 memoratur.
1123 384 1162 410 Ac
1183 384 1270 418 primo
1291 384 1400 418 quidem
1422 382 1642 417 argentariorum
1663 383 1704 405 ta-

920 431 1020 458 bernas
1046 429 1174 457 invadere
1193 429 1328 462 tentavit,
1347 429 1492 456 maximam
1521 428 1700 462 pecuniarum

919 475 1025 510 copiam
1056 474 1120 501 inde
1148 474 1327 501 collecturum
1353 481 1383 501 se
1406 480 1530 508 sperans.
1560 472 1612 499 Sed
1640 478 1701 498 cum

919 528 1013 547 rumor
1029 520 1152 555 vulgatus
1164 524 1237 547 esset
1252 528 1312 546 eum
1328 519 1378 546 ista
1391 518 1527 551 meditari,
1537 523 1565 545 et
1579 522 1703 552 argenta-

920 566 952 593 rii
976 565 1109 600 quidquid
1133 565 1281 600 pretiosum
1310 565 1447 591 habebant
1473 564 1701 593 abscondissent.

917 611 996 646 331
1018 619 1067 638 nec
1085 611 1228 645 pecuniam
1245 610 1272 636 in
1285 610 1387 636 tnensis
1403 616 1478 636 more
1492 608 1573 635 solito
1584 606 1702 642 amplius

919 656 1027 691 publice
1050 659 1253 690 proponerent;
1274 659 1330 682 tum
1353 653 1438 681 Gaina
1461 654 1592 680 immissis
1619 656 1702 679 noctu

917 702 1042 729 barbaris
1060 701 1208 734 mandavit,
1220 706 1248 727 ut
1264 701 1394 736 palatium
1405 700 1590 727 incenderent.
1602 697 1702 725 Verum

918 748 969 780 illi,
989 756 1017 775 re
1034 747 1147 781 infecta,
1162 747 1254 782 pavidi
1268 747 1422 774 redierunt.
1433 745 1501 772 Nam
1518 753 1579 772 cum
1589 744 1703 780 propius

917 791 1120 826 acceSsissetlt,
1142 793 1234 821 videre
1255 793 1308 820 sibi
1332 793 1384 820 visi
1410 795 1476 819 sunt
1500 790 1702 817 multitudinem

918 832 1033 866 militum
1056 839 1176 874 ingentis
1198 842 1321 866 staturae.
1342 837 1536 872 Suspicatique
1550 835 1702 864 exercitum

918 892 978 911 esse
993 884 1039 919 qui
1059 891 1155 911 recens
1168 884 1334 916 advenisset,
1348 891 1405 910 rem
1418 882 1511 910 Gaius:
1527 882 1702 909 nuntiarunt.

919 930 975 963 Ille,
994 934 1087 964 utpote
1103 930 1149 964 qui
1166 930 1250 957 sciret
1266 929 1336 956 haud
1354 929 1447 963 plures
1466 928 1547 955 solito
1561 927 1660 954 milites
1675 926 1704 953 in

919 977 985 1003 urbe
1000 980 1065 1003 tunc
1078 983 1150 1006 esse,
1162 975 1244 1002 dictis
1256 974 1335 1002 ﬁdem
1349 974 1450 1001 habere
1463 973 1559 1000 noluit.
1573 971 1626 998 Sed
1640 979 1703 998 cum

918 1022 963 1048 alii
977 1022 1102 1056 sequenti
1115 1026 1193 1048 nocte
1209 1020 1284 1048 missi
1300 1019 1370 1047 idem
1386 1027 1495 1055 quoque
1512 1018 1583 1053 quod
1597 1016 1705 1053 priores

917 1068 955 1095 illi
970 1067 1188 1098 renuntiassent,
1206 1067 1263 1101 ipse
1280 1065 1424 1098 accedens,
1446 1065 1525 1092 testis
1544 1064 1596 1091 fuit
1615 1063 1704 1090 adrni-

916 1114 994 1142 randi
1011 1114 1172 1149 spectaculi.
1188 1113 1329 1147 ltatusque
1343 1111 1448 1138 accitos
1465 1119 1497 1138 ex
1511 1110 1572 1137 aliis
1588 1109 1703 1136 urbibus

917 1160 1018 1187 milites
1044 1159 1212 1186 convenisse
1237 1158 1323 1193 ipsius
1353 1164 1459 1188 causa,
1487 1163 1589 1190 eosque
1618 1157 1701 1180 noctu

917 1203 1025 1238 quidem
1055 1204 1150 1230 urbem
1179 1208 1205 1230 et
1235 1203 1367 1238 palatium
1397 1201 1556 1231 custodire.
1583 1199 1702 1226 interdiu

916 1257 980 1276 vero
1001 1249 1153 1283 oecullari;
1171 1249 1282 1276 simulat
1299 1256 1329 1276 se
1351 1251 1507 1282 correptum
1528 1253 1589 1273 esse
1612 1253 1627 1272 a
1650 1244 1704 1272 da:-

917 1302 1006 1322 mone.
1032 1294 1065 1321 Et
1085 1295 1163 1329 quasi
1185 1294 1268 1322 Deum
1285 1297 1424 1324 oraturus,
1448 1293 1537 1327 pergit
1559 1292 1593 1319 ad
1613 1291 1704 1318 eccle-

916 1339 1003 1370 siam,
1031 1347 1112 1374 quam
1138 1339 1166 1366 in
1186 1339 1318 1366 honorem
1343 1337 1457 1365 Joannis
1476 1336 1607 1371 Baptistae
1627 1341 1703 1370 pater

916 1382 1089 1416 imperatoris
1106 1382 1133 1409 in
1158 1382 1280 1417 Septimo
1300 1385 1506 1410 construxerat.
1522 1380 1560 1407 Ex
1579 1379 1704 1407 barbaris

916 1435 980 1455 vero
998 1428 1044 1454 alii
1066 1429 1092 1455 in
1107 1429 1175 1455 urbe
1190 1432 1383 1455 remansemnt
1395 1447 1403 1459 ,
1431 1427 1477 1453 alii
1495 1426 1578 1454 simul
1598 1425 1704 1460 egressi

916 1477 980 1500 sunt
1000 1481 1063 1500 cum
1089 1473 1187 1501 Gaina.
1210 1473 1373 1500 Clanculum
1392 1480 1458 1500 vero
1477 1479 1554 1499 arma
1578 1471 1604 1498 in
1625 1471 1704 1498 vehi-

70 1527 132 1553 ριον
147 1516 223 1544 οἷκον
239 1518 330 1545 ἐνθάδε
353 1518 526 1554 ἡθροισμένοι
549 1519 704 1556 ἐτύγχανον,
719 1519 759 1553 οἷς
773 1521 859 1548 οὐκέτι

936 1519 984 1547 ulis
999 1519 1161 1546 fetninarum
1174 1522 1201 1546 et
1216 1519 1331 1546 telorum
1347 1519 1420 1546 dolia
1435 1518 1629 1553 exportabant.
1647 1516 1702 1544 Sed

69 1566 174 1598 φυγεῖν
205 1563 342 1598 ἐξεγένετο
369 1564 437 1599 (III).
455 1565 509 1591 τῶν
539 1567 629 1593 πυλῶν
651 1567 861 1602 κεκλεισμένων.

70 1610 168 1636 Ταῦτα
185 1610 212 1636 δὲ
229 1610 321 1645 μαθὼν
349 1612 363 1637 ὀ
383 1611 490 1643 Γαῖνᾶς,
504 1611 546 1638 διὰ
559 1612 669 1648 Θρᾴκης
684 1613 782 1644 ἐλάσας
796 1611 863 1648 ἧκεν

69 1657 112 1687 εἰς
126 1657 310 1692 Χερρόνησον,
329 1657 376 1682 καὶ
396 1657 441 1683 τὸν
465 1657 658 1692 Ἑλλήσποντον
686 1659 863 1694 περαιοῦσθαι

70 1701 234 1733 ἐσπούδαζε.
250 1702 380 1728 Διενοεῖτο
389 1702 453 1737 γάρ,
463 1702 499 1733 ὡς
510 1703 533 1728 εἰ
545 1702 594 1737 τῆς
609 1703 756 1739 ἀντιπέραν
772 1704 865 1736 Ἀσίας

70 1749 234 1783 κρατήσειε,
252 1748 350 1782 ῥᾳδίως
360 1748 449 1774 πάντα
462 1748 496 1774 τὰ
511 1749 578 1782 πρὸς
595 1749 632 1775 Em
649 1751 698 1785 τῆς
711 1750 864 1785 ἀρχομένης

70 1794 137 1829 ἔθνη
159 1794 203 1828 ὑφ’
223 1794 317 1820 ὲαυτὺν
341 1794 457 1828 ποιήεει.
479 1794 546 1829 Παρ*
562 1794 671 1826 ἐλπίδας
687 1795 715 1821 δὲ
734 1795 865 1830 αὐτῷκαὶ

69 1840 135 1866 τάδε
150 1841 266 1874 ἀπήντα,
285 1839 345 1874 θείᾳ
362 1841 430 1874 ῥοπῇ
444 1839 584 1867 κάνταῦθα
607 1841 748 1876 Ῥωμαίων
760 1850 864 1877 χρησα-

72 1886 177 1921 μένων.
195 1885 286 1919 Παρῆν
304 1885 352 1919 μὲν
366 1885 420 1920 γὰρ
432 1885 547 1920 στρατιὰ
559 1887 629 1912 κατὰ
645 1887 695 1922 γῆν
709 1887 754 1913 καὶ
766 1887 865 1914 θάλατ-

70 1940 133 1964 ταν,
150 1931 226 1966 παρὰ
241 1931 372 1966 βασιλέως
382 1931 585 1967 ἀπεσταλμένη,
603 1930 637 1968 ἧς
659 1934 752 1968 ἠγεῖτο
765 1933 864 1960 Φλαϐί-

70 1986 121 2009 τας
150 1977 217 2011 (15),
247 1977 316 2012 ἀνὴρ
334 1977 469 2012 βάρϐαρος
495 1977 526 2004 τὺ
546 1978 634 2012 γένος,
652 1978 754 2012 ἀγαθὸς
776 1979 804 2005 δὲ
820 1979 865 2005 τὸν

71 2023 186 2058 τρόπον,
205 2022 251 2048 καὶ
265 2022 454 2057 στρατηγικός.
483 2023 514 2049 Ol
540 2023 567 2049 δὲ
585 2023 720 2060 βάρϐαροι
746 2024 811 2055 ναῦς
829 2024 865 2060 μὴ

72 2069 194 2103 ἔχοντες,
210 2068 256 2094 ἐπὶ
273 2068 386 2103 σχεδιῶν
399 2068 548 2104 ἐπειρῶντο
557 2069 693 2096 διεκπλεῖν
709 2070 755 2096 τὸν
777 2070 866 2105 Ἐλλή-

73 2121 189 2140 σπυντον
207 2113 274 2149 πρὸς
296 2113 345 2149 τὴν
372 2113 487 2148 ἀντικρὺ
512 2114 634 2149 ἤπειρον.
667 2115 811 2150 Ἐξαπίνης
837 2115 866 2141 δὲ

72 2160 160 2192 πολὺς
190 2160 355 2191 ἐπιπνεύσας
372 2160 489 2196 ζέφυρος
505 2161 555 2192 τὰς
582 2161 689 2195 σχεδίας
699 2161 804 2188 διέλυσε
818 2162 866 2188 σὺν

913 1573 976 1593 cum
1001 1565 1165 1600 deprehensi
1194 1570 1306 1597 essent,
1332 1569 1476 1600 portarum
1502 1564 1633 1592 custodes
1654 1563 1702 1599 qui

913 1613 1130 1646 exportatiouem
1154 1620 1294 1639 armorum
1322 1613 1467 1647 prohibere
1494 1612 1587 1639 conati
1611 1615 1702 1643 erant,

914 1658 1123 1685 interfecerunt.
1141 1657 1238 1692 Ingens
1261 1665 1292 1685 ex
1319 1665 1350 1685 ea
1371 1665 1401 1685 re
1416 1657 1589 1692 perturbatio
1610 1664 1643 1683 ac
1659 1660 1704 1684 tu-

914 1704 1016 1730 multus
1038 1704 1131 1730 urbem
1153 1703 1311 1738 complevit,
1329 1703 1409 1738 quasi
1435 1703 1549 1738 jamjam
1571 1701 1705 1737 capienda

914 1752 997 1776 esset.
1012 1747 1114 1775 Verum
1138 1749 1272 1776 adversus
1296 1749 1442 1783 praesentia
1470 1749 1540 1776 mala
1568 1749 1702 1783 optimum

914 1793 1065 1820 consilium
1082 1793 1180 1821 adfuit.
1202 1793 1354 1827 Imperator
1368 1795 1440 1821 enim
1459 1794 1527 1821 nihil
1543 1798 1702 1824 cttnctatus.

913 1840 1028 1867 Gainam
1053 1840 1159 1867 hostem
1186 1840 1326 1874 publicum
1350 1840 1540 1867 renuntiavit:
1568 1840 1704 1868 barbaros

914 1893 989 1916 vero,
1011 1886 1056 1920 qui
1074 1886 1101 1912 in
1117 1885 1185 1912 urbe
1199 1890 1401 1917 remanserant,
1430 1886 1517 1913 occidi
1540 1886 1634 1920 jussit.
1652 1886 1703 1913 Mi-

915 1931 978 1958 lites
998 1931 1082 1965 igitur
1100 1931 1203 1965 impetu
1225 1931 1252 1957 in
1273 1938 1321 1958 eos
1348 1931 1432 1963 facto,
1456 1939 1581 1965 magnam
1606 1939 1702 1959 eorum

916 1981 1021 2011 partem
1035 1976 1248 2003 interfecerunt:
1267 1977 1412 2004 ecclesiam
1436 1985 1501 2004 vero
1514 1986 1574 2012 quae
1591 1979 1704 2005 diceba-

914 2028 959 2050 tur
992 2022 1144 2049 Gothornm
1162 2042 1169 2051 .
1200 2023 1329 2050 inccndio
1358 2027 1601 2057 consumpserunt.
1635 2024 1703 2051 Illuc

914 2070 999 2100 enim,
1015 2069 1088 2096 velut
1102 2069 1128 2096 in
1145 2069 1230 2095 aedem
1249 2076 1353 2096 sacram
1373 2068 1400 2094 in
1418 2076 1470 2103 qua
1494 2076 1590 2103 preces
1613 2069 1703 2097 facere

915 2116 1052 2146 solebant,
1069 2115 1267 2150 confugerant:
1285 2122 1334 2141 nec
1353 2114 1470 2148 amplius
1496 2114 1628 2149 aufugere
1652 2122 1702 2150 po-

917 2166 1017 2192 terant.
1032 2166 1125 2196 tttpnle
1142 2162 1249 2188 foribus
1264 2161 1401 2187 occlusis.
1419 2160 1466 2188 His
1481 2160 1701 2196 coguitis,Gaiua

674 2241 807 2269 VALESII
827 2240 1094 2269 ANNOTATIONES

111 2288 171 2322 (15)
190 2288 245 2314 Καὶ
270 2287 416 2322 κεράμοινς
435 2288 547 2320 βελῶν.
568 2287 666 2315 Eadem
688 2296 738 2315 vox
767 2288 859 2323 legitut

938 2289 1011 2315 otius
1025 2289 1169 2323 _dicuntur
1186 2295 1268 2323 quam
1292 2286 1395 2323 templi.
1423 2285 1525 2323 Deinde
1541 2290 1613 2323 _a_nte
1626 2321 1631 2323 _
1645 2287 1702 2315 haec

74 2323 146 2358 apud
179 2323 373 2358 Nicephorum.
391 2323 442 2350 Ubi
469 2323 590 2351 Joannes
618 2323 725 2358 Langus
753 2325 830 2351 vertit
858 2332 865 2350 ι

83 2357 158 2385 Vasa
171 2357 267 2392 ﬁctilia
290 2358 347 2385 telis
364 2359 450 2392 plena.
474 2359 593 2386 Savilius
620 2366 684 2385 vero
702 2359 728 2385 in
746 2360 874 2394 margine

75 2395 118 2419 sui
147 2394 263 2425 codicis,
293 2394 490 2428 interpretatur
509 2394 592 2424 dolia.
622 2394 694 2428 qttod
717 2394 788 2420 idem
813 2398 865 2421 est.

76 2428 152 2455 Dolia
163 2430 235 2456 enim
257 2429 432 2462 antiquorum
456 2435 535 2456 erant
552 2430 657 2456 ﬁctilia.
684 2429 768 2456 Porro
790 2437 867 2456 arma

75 2468 100 2488 et
110 2465 163 2491 tela
180 2472 194 2490 a
215 2464 340 2490 barbaris
352 2468 493 2498 exportata
506 2464 590 2492 fuisse.
603 2464 671 2491 dicit
687 2464 865 2496 Sozomenus,

76 2499 104 2524 ἐν
116 2500 282 2532 γυναικείοις
294 2500 423 2534 ὀχήμασι,
443 2499 467 2525 id
485 2504 528 2526 cst
539 2502 566 2526 in
583 2500 688 2527 lecticis
699 2507 746 2527 seu
760 2500 864 2527 baster-

77 2535 130 2565 nis,
157 2540 186 2561 ut
204 2535 355 2561 occultiora
375 2539 479 2566 essent,
497 2543 559 2561 cum
586 2535 730 2561 mulierum
752 2535 861 2563 lecticas

77 2577 157 2596 IIL‘IIIO
175 2570 286 2596 auderet
304 2575 439 2596 CXCIIIBI‘C.

112 2604 166 2639 (II)
179 2601 229 2636 Οἷς
245 2604 342 2631 οὐκέτι
367 2604 474 2639 φυγεῖν
489 2604 652 2638 ἐξεγένετο,
667 2605 767 2639 Duplex
778 2605 860 2639 hujus

76 2639 128 2665 loci
144 2644 231 2674 potest
246 2647 306 2666 esse
323 2647 430 2667 sensus.
447 2640 498 2666 Attt
513 2640 585 2666 enim
601 2640 657 2665 vult
673 2639 764 2667 dicere
778 2641 861 2668 Stom-

79 2682 185 2705 menus.
204 2683 250 2702 eos
268 2676 313 2710 qui
331 2676 358 2702 in
373 2675 491 2702 ecclesia
505 2675 549 2701 illa
575 2679 658 2710 erant
680 2674 790 2704 inclusi.
804 2684 859 2703 non

80 2711 199 2742 potuisse
213 2709 329 2744 amplius
351 2710 491 2744 aufugere,
511 2717 543 2737 eo
555 2710 626 2744 quod
649 2709 722 2736 fores
735 2710 859 2739 ecclesia:

78 2745 176 2772 clausa:
199 2749 301 2772 essent.
323 2746 375 2771 Aut
393 2749 467 2772 certe
480 2745 559 2776 dicit,
575 2752 622 2771 eos
636 2745 680 2778 qui
697 2753 758 2770 cum
774 2745 860 2772 Gaiua

78 2786 108 2805 cx
122 2781 186 2806 urbe
198 2780 315 2815 ell‘ugerc
330 2788 383 2807 non
399 2784 544 2814 potuerant
554 2801 560 2809 .
574 2784 667 2814 utpote
681 2780 764 2813 portis
784 2781 859 2808 urbis

79 2815 157 2850 regia;
169 2816 271 2843 clausis
283 2837 290 2846 ,
304 2816 330 2842 iu
345 2816 491 2842 ecclesiam
507 2816 581 2842 illam
593 2815 759 2848 confugisse.
772 2816 860 2850 Atque

79 2848 286 2881 huncpsensum
313 2851 446 2878 veriorem
480 2854 553 2886 puto.
573 2850 638 2877 Nam
664 2849 757 2882 πύλαι,
784 2848 858 2878 urbis

915 2320 1049 2353 verbamt’c
1068 2324 1168 2355 οὐκετι,
1181 2320 1248 2353 θὶς..
1263 2322 1290 2348 in
1304 2322 1422 2348 editione
1436 2321 1546 2348 Roberti
1561 2321 1700 2355 Stephani,

916 2366 996 2395 quam
1024 2357 1360 2395 Gencvensisrexpressit
1385 2356 1480 2387 editio,
1507 2357 1629 2395 apposita
1658 2362 1701 2384 est

915 2392 1119 2425 subdistinctio,
1132 2402 1193 2428 quae
1207 2394 1279 2420 hunc
1297 2399 1407 2420 sensum
1424 2399 1535 2426 prorsus
1546 2392 1699 2419 continuat.

918 2429 971 2457 Sed
989 2433 1015 2455 cl
1028 2427 1200 2463 Nicephorus
1222 2427 1347 2455 etnndem
1367 2434 1480 2463 sensum
1501 2431 1612 2463 secutus
1646 2431 1699 2458 est.

916 2470 945 2492 ut
963 2467 1035 2498 palct
1052 2473 1084 2491 ex
1098 2460 1164 2498 'cap.
1194 2464 1210 2491 6
1229 2463 1275 2489 lib.
1293 2470 1351 2493 xm,
1374 2462 1400 2488 in
1413 2461 1516 2498 codice
1531 2496 1535 2498 _
1548 2460 1700 2489 Fuketiano

917 2496 980 2527 ante
996 2506 1089 2526 vocem
1113 2496 1163 2530 οἷς,
1192 2499 1280 2533 posita
1302 2501 1344 2524 est
1359 2497 1446 2524 media
1472 2496 1626 2529 distinctio,
1642 2506 1702 2532 qua:

917 2536 1008 2562 favere
1029 2535 1137 2561 videtur
1148 2534 1231 2569 priori
1249 2533 1352 2569 sensui.

953 2570 1008 2603 (15)
1020 2567 1179 2601 Φλαυΐτιὶς.
1195 2570 1222 2595 In
1236 2568 1330 2595 codice
1355 2567 1505 2594 Fuketiano
1519 2570 1548 2603 et
1561 2567 1632 2603 apud
1652 2567 1698 2594 Ni-

916 2601 1066 2639 cephorum
1089 2604 1223 2635 Φλαϐἰτας
1248 2603 1379 2639 scribitur
1395 2601 1658 2639 rectius.__Zosimu_s
1673 2603 1700 2629 iu

916 2636 963 2668 Iib'.
977 2649 1004 2671 v,
1021 2644 1048 2667 et
1064 2640 1202 2674 Eunapius
1217 2637 1364 2673 Φραούῐθον
1385 2641 1493 2674 vocant.
1513 2636 1562 2664 Hic
1576 2636 1700 2674 estFra-V

915 2678 980 2708 vita,
997 2676 1043 2708 qui
1059 2683 1119 2702 cum
1143 2671 1291 2701 'Vincentio
1309 2673 1403 2700 consul
1430 2671 1482 2699 fuit
1508 2679 1580 2698 anno
1597 2671 1701 2699 Christi

913 2711 976 2738 401.
996 2707 1060 2744 Eius
1077 2710 1199 2745 Elogium
1215 2709 1298 2736 babes
1309 2708 1503 2745 ameSnidam
1518 2708 1544 2734 iu
1558 2707 1702 2745 νυροψρὰ-

911 2746 998 2777 ὃιθος⁷
1023 2753 1055 2772 ex
1085 2743 1205 2772 ΙΙίέιονία
1238 2744 1350 2778 Eunapii
1372 2743 1498 2778 Sardiani
1533 2749 1609 2776 :quo
1639 2743 1699 2770 loco

914 2781 1045 2808 narrabat
1066 2780 1217 2814 Eunapius,
1241 2787 1294 2814 qua
1315 2777 1420 2806 ratione
1444 2777 1554 2814 Fravita
1571 2778 1700 2814 magister

913 2816 1030 2842 militum
1056 2812 1186 2846 Orientis,
1212 2812 1347 2842 latronum
1362 2814 1458 2850 globos
1472 2813 1518 2848 qui
1543 2819 1591 2847 per
1606 2812 1700 2840 Asiam

912 2851 1122 2885 grassabantur,
1140 2849 1330 2878 exstinxisset.
