1883 3069
230 153 298 180 1537

945 161 1115 192 SOZOMENI

1804 171 1864 200 15%

225 217 274 243 per
290 209 434 239 Thraciam
461 214 620 248 profectus,
649 211 677 242 in
696 215 899 246 Chersonesum
924 220 1004 254 venit,

228 258 250 264 ,.
280 254 301 264 η
322 256 337 264 ..
429 262 434 264 .
513 262 517 264 .
556 259 572 264 ..
744 261 749 264 .
867 262 890 264 μ

1093 231 1119 258 ᾳ,
1136 225 1182 250 καὶ
1208 225 1278 252 κατὰ
1290 226 1392 252 τούτων
1408 226 1458 258 τὰς
1483 227 1630 262 Ῥωμαίων
1655 228 1728 260 ναῦς
1755 229 1862 264 ἧὶαυιε.

223 258 252 282 et
280 254 484 292 Hellespontum
510 259 640 293 trajicere
671 261 833 289 conabatur.
864 262 910 290 Sic
935 264 1009 291 enim

223 302 362 337 cogitabat
385 311 425 336 se,
450 304 473 331 si
497 305 590 332 Asiam
617 313 680 341 quae
705 314 738 333 ex
766 307 882 336 adverso
903 309 1010 344 objecta

222 354 294 381 erat,
308 350 506 384 occupavisset,
528 352 648 387 reliquas
667 353 790 382 Orientis
808 355 966 389 provincias
981 356 1009 382 in

222 402 300 421 suam
332 399 494 430 potestatem
527 397 608 425 facile
638 398 825 426 redacturum.
853 399 953 427 Verum
985 401 1009 428 is

221 449 332 476 quoque
358 447 473 470 conatus
491 443 638 472 infeliciter
653 446 677 472 ei
699 447 852 479 successit,
877 446 1009 477 Rornanis

220 485 312 512 divina
333 492 383 520 0pc
399 486 444 514 hic
463 488 546 515 etiam
560 489 672 524 adjutis.
690 489 796 518 Etenim
812 492 955 526 pedestres
977 501 1009 521 ac

221 531 331 559 navales
346 533 431 567 copia:
445 533 478 560 ab
500 534 666 569 imperatore
683 535 786 568 missa,
805 542 906 572 prmsto
920 540 1009 572 fuere,

219 584 336 611 quarum
355 578 410 604 dux
425 583 483 606 erat
496 578 603 607 Fravita
615 600 621 612 ,
637 581 680 607 vir
695 582 805 610 natione
820 583 930 618 quidem
946 584 1009 611 bar-

219 622 315 656 barus,
332 624 379 651 sed
395 625 474 652 bonis
487 626 622 659 moribus,
638 631 665 654 et
680 629 788 663 peritus
808 629 847 655 rei
867 630 1004 658 militaris.

218 667 300 704 332
319 669 431 698 Barbari
455 679 522 699 vero
538 680 601 699 cum
625 681 709 701 naves
728 682 781 701 non
801 675 946 708 haberent,
962 685 1006 704 ra-

219 713 293 741 tibus
311 717 392 747 vecti,
405 716 608 751 Hellespontum
622 718 761 753 trajicere,
772 723 799 747 et
813 720 839 747 in
851 721 1006 756 oppositam

1064 268 1124 295 Τῶν
1152 269 1179 296 δὲ
1207 269 1362 306 βαρϐάρων,
1379 272 1404 298 οἱ
1432 272 1542 305 πλείους
1558 274 1622 308 μὲν,
1651 274 1753 305 αὐτοῖς
1775 275 1863 306 ἵπποις

1063 314 1223 350 ὑποὸρύχιοι
1247 316 1388 350 ἐγένοντο·
1413 318 1438 343 οι
1462 318 1501 350 δὲ,
1532 318 1585 344 ὑπὸ
1604 318 1661 345 τῶν
1687 320 1864 355 στρατιωτῶν

1063 361 1244 397 ἀνῃρέθησαν.
1266 361 1295 388 Ὀ
1318 362 1347 388 δὲ
1373 363 1472 396 Γαῖνᾶς
1489 364 1546 399 ἅμα
1569 365 1674 399 ὀλίγοις
1696 365 1864 400 περισωθεὶς

1062 406 1133 438 τότε,
1147 407 1178 434 οὐ
1195 407 1284 442 πολλῷ
1301 408 1364 434 ὓστε
1368 418 1414 444 ρον
1423 410 1474 436 ἀνὰ
1484 411 1532 444 τὴν
1545 411 1659 446 Θρᾴκην
1677 410 1826 445 ἀλώμενος
1839 419 1864 438 τε

1063 452 1110 478 καὶ
1121 451 1240 486 φεύγων,
1262 453 1344 489 ἑτέρᾳ
1365 455 1480 490 στρατιᾷ
1500 456 1666 490 περιέπεσε,
1684 456 1734 482 καὶ
1748 456 1801 481 σὺν
1815 457 1864 487 rei;

1063 497 1131 532 ἀμφ’
1151 497 1233 524 αὺτὸν
1263 497 1414 534 βαρὸἀροις
1442 500 1576 528 ἀπώλετο.
1600 501 1691 527 Τοῦτο
1709 501 1768 527 τῶν
1785 501 1864 527 Γαῖνὶ

1062 542 1245 577 τολμημάτων
1268 545 1314 571 καὶ
1327 544 1373 571 τοῦ
1390 544 1449 580 βίου
1462 546 1493 572 τὸ
1506 546 1594 578 τέλος.
1612 547 1643 572 '0
1656 546 1687 572 δὲ
1698 546 1840 577 Φλαόἕτας
1851 548 1863 566 ι

1062 585 1189 622 λαμπρὸς
1203 588 1231 613 ἐν
1247 588 1331 624 ταύτῃ
1347 590 1378 624 τῇ
1398 590 1472 626 μάχῃ
1491 591 1648 625 γενόμενος,
1665 592 1863 626 χειροτονεῖται

1063 631 1173 664 ὕπατος.
1188 633 1231 660 Ἐν
1242 633 1271 660 δὲ
1282 634 1321 669 τῷ
1334 636 1393 661 τότε
1404 635 1487 662 αὑτοῦ
1502 636 1548 662 καὶ
1560 636 1705 663 Βικεντὶου
1714 637 1863 662 ὑπατευὰο-

1060 685 1124 710 των,
1136 679 1257 706 τίκτεται
1269 680 1307 715 τῷ
1318 680 1424 715 βασιλεῖ
1438 683 1513 713 παῖς,
1528 682 1567 717 τῷ
1581 682 1692 717 πάππῳ
1703 681 1860 717 ὁμώνυμος.

1066 723 1233 760 Ἀρχομένης
1257 726 1286 752 δὲ
1310 727 1361 762 τῆς
1389 727 1454 763 ἑξῆς
1490 728 1632 761 ὑπατείας,
1659 728 1860 764 ἀναγορεύεται

219 760 405 789 continentem
433 763 561 791 invadere
588 764 759 792 nitebantur.
786 765 839 793 Sed
859 768 1006 796 vehemens
1056 771 1199 804 Σεὸαστός.

221 807 357 841 zephyrus
384 812 497 842 repente
522 809 665 844 ingruens,
692 815 766 838 rates
791 812 902 846 quidem
926 821 1021 841 eorum
1043 815 1188 850 dissolvit;
1214 819 1400 847 Romanorum
1428 826 1518 850 autem
1544 830 1633 849 naves
1664 822 1811 849 violenter
1836 822 1859 848 in

217 855 278 881 illas
308 856 428 890 impulit.
457 857 496 884 Ac
523 858 702 885 barbarorum
729 859 838 894 quidem
866 860 1008 896 plerique,
1029 863 1109 891 simul
1132 873 1192 894 cum
1227 867 1306 902 equis
1325 869 1384 897 suis
1408 869 1544 897 submersi
1566 874 1642 902 sunt,
1669 870 1740 896 alii:
1770 869 1858 898 militi-

216 900 268 927 bus
292 901 441 930 intcrl'ccti.
467 902 553 930 Gaina
580 911 644 932 vero
667 910 722 932 tum
746 906 856 941 quidem
873 915 928 934 una
943 916 1005 936 cum
1043 912 1139 945 paucis
1163 900 1309 946 servat-us,
1337 916 1420 950 paulo
1443 921 1506 951 post
1533 924 1595 944 cum
1621 925 1672 952 per
1712 915 1856 943 Thraciam

216 947 326 983 fugiens
342 949 494 983 oberraret,
510 951 536 978 in
553 952 669 980 alterum
688 953 782 981 incidit
796 956 960 988 exercitum,
974 962 1001 984 et
1020 959 1101 986 simul
1121 968 1184 988 cum
1209 963 1335 991 barbaris
1354 973 1425 998 quos
1440 965 1515 992 circa
1531 973 1561 992 se
1595 965 1721 992 habebat
1759 964 1855 992 exstin-

215 998 278 1023 ctus
300 1000 351 1024 est.
374 997 405 1024 Et
426 996 519 1025 Gainae
537 999 661 1034 quidem,
681 1001 850 1035 perditorum
872 1003 1054 1032 consiliorum
1072 1014 1104 1034 ac
1123 1008 1198 1042 vitm,
1231 996 1388 1045 lmjusmodi
1403 1012 1496 1039 exitus
1531 1012 1593 1038 fuit.
1630 1010 1753 1038 Fravita
1785 1017 1854 1042 vero,

215 1050 277 1069 cum
294 1043 321 1069 in
336 1050 369 1070 eo
385 1043 456 1070 bello
471 1045 608 1079 egregiam
625 1053 736 1080 operam
754 1052 892 1080 navasset,
904 1051 1003 1077 consul
1040 1051 1131 1080 tactus
1162 1058 1215 1082 est.
1241 1043 1292 1083 Per
1307 1056 1377 1083 idem
1402 1060 1520 1091 tempus,
1545 1058 1608 1092 ipso
1624 1064 1712 1092 quem
1736 1056 1853 1083 diximus

215 1087 324 1117 Fravita
345 1093 372 1117 et
395 1088 539 1117 Vincentio
559 1098 630 1118 coss.
648 1092 809 1126 imperatori
845 1098 927 1123 natus
951 1099 993 1122 est
1027 1097 1100 1128 illius
1122 1107 1172 1128 avo
1194 1102 1376 1138 cognominis.
1401 1102 1453 1137 Qui
1476 1103 1529 1131 sub
1563 1104 1676 1131 initium
1714 1101 1852 1137 sequentis

214 1134 386 1168 consulatus,
403 1135 545 1169 Augustus
563 1138 738 1165 renuntiatus
754 1143 806 1166 est.

544 1182 622 1210 CAP.
643 1184 677 1211 ν.

215 1228 490 1266 Quomodoulaaune:
511 1231 692 1266 multitudinis
713 1234 816 1262 animus
834 1238 1004 1266 contionibus

249 1264 468 1308 suispelleferit,
481 1270 506 1292 et
530 1265 562 1293 de
575 1267 685 1295 muliere
701 1267 906 1304 Macedoniam,
927 1264 1005 1308 cujus

247 1300 325 1332 panis
340 1300 368 1326 in
384 1301 497 1334 tepidam
513 1309 654 1330 conversus
669 1308 720 1330 est.

248 1345 355 1373 Interea
366 1345 488 1374 Joannes
498 1346 836 1385 Constantinopolitanam
852 1351 1004 1381 Ecclesiam

212 1391 320 1427 egregie
352 1392 576 1426 administrans,
610 1396 713 1424 multos
745 1401 802 1424 tum
829 1406 861 1426 ex
894 1400 1002 1435 gentilh

214 1439 282 1469 bus,
313 1441 371 1464 tum
394 1446 428 1466 ex
451 1439 588 1467 haereticis
612 1442 760 1469 alliciebat.
787 1444 947 1472 Conﬂuebat
970 1446 1004 1473 ad

213 1484 289 1511 illum
330 1485 452 1518 quotidie
484 1486 658 1522 multitudo,
690 1489 790 1524 partim
825 1498 920 1518 eorum
957 1493 1005 1528 qui

212 1530 289 1557 utilia
317 1539 350 1558 ex
375 1538 408 1558 eo
429 1531 555 1565 discere,
576 1534 677 1568 partim
703 1543 799 1562 eorum
826 1538 873 1572 qui
899 1538 1006 1573 pericu-

214 1576 269 1603 lum
293 1576 354 1611 ejus
382 1575 472 1604 facere
496 1578 653 1613 cupiebant.
680 1580 812 1614 Cupiebat
837 1587 929 1610 autem
961 1584 1006 1612 ille

211 1621 375 1653 altiversos,
405 1626 490 1657 utque
524 1624 594 1651 idem
625 1632 687 1652 cum
720 1626 780 1661 ipso
801 1627 836 1655 de
865 1628 1006 1658 divinitate

212 1667 364 1700 sentirent,
387 1668 427 1695 eis
447 1669 638 1703 persuadebat.
662 1670 749 1700 Porro
767 1674 888 1708 populus
908 1679 1003 1703 tanto-

213 1720 278 1747 pere
298 1713 359 1747 ejus
388 1715 562 1743 sermonibus
589 1716 731 1750 inhiabat,
759 1726 810 1746 nee
834 1720 889 1747 illis
909 1721 1005 1748 satiari

213 1757 271 1785 ullo
293 1758 374 1786 modo
394 1764 511 1793 poterat,
536 1764 576 1793 ut,
602 1763 734 1797 quoniam
751 1771 812 1792 sese
837 1770 932 1794 mutuo
952 1768 1004 1794 im-

212 1802 347 1836 pellentes
363 1812 394 1829 ac
413 1809 570 1838 prementes
588 1807 831 1841 periclitabantur,
854 1809 920 1837 dum
944 1811 1003 1838 sin-

212 1848 269 1883 guli
287 1850 401 1884 propius
419 1851 581 1879 nitebantur
594 1854 736 1887 accedere,
761 1859 791 1881 ut
810 1855 887 1882 illum
908 1857 1003 1886 dicen-

211 1899 267 1922 tem
285 1896 410 1923 exactius
427 1896 555 1924 audirent
572 1898 606 1925 de
624 1900 749 1933 proximo
765 1895 771 1927 ἇ
786 1901 847 1935 ipse
865 1902 892 1928 in
911 1903 1004 1929 medio

210 1941 337 1969 omnium
357 1943 526 1976 consistens,
549 1951 584 1971 ex
603 1944 740 1972 lectofum
763 1952 893 1982 suggestu
915 1955 1004 1984 pepu-

211 1988 270 2016 lum
296 1987 395 2016 sedens
417 1989 554 2017 docuerit.
573 1990 624 2018 Hic
641 1999 707 2019 vero
732 1997 919 2028 opportunum
936 1996 1002 2023 mihi

210 2034 333 2067 videtur,
347 2035 511 2063 miraculum
524 2037 598 2072 quod
611 2038 685 2065 illius
700 2040 873 2074 temporibus
888 2042 1000 2075 accidit,

212 2081 336 2109 historia‘
366 2086 470 2110 nestraa
493 2083 630 2111 inserere.
656 2084 705 2111 Vir
725 2086 839 2120 quidam
866 2095 898 2114 ex
926 2092 1001 2116 secta

213 2126 488 2162 Macedonianorum,
503 2138 618 2157 uxorem
635 2131 753 2158 habebat
768 2131 891 2167 ejusdem
907 2139 999 2162 sectae.

214 2172 264 2199 llic
284 2180 346 2199 cun:
361 2172 496 2202 Joannem
514 2176 666 2210 aliquando
689 2176 836 2204 docentem
854 2179 1001 2212 audiisset,

212 2217 352 2252 quomodo
373 2219 408 2246 de
422 2219 569 2248 divinitate
588 2222 763 2249 sentiendum
780 2223 826 2255 sit,
845 2223 924 2251 (idem
940 2225 1001 2259 ejus

213 2266 358 2300 amplexus
374 2268 416 2292 est
430 2274 436 2292 :
463 2273 632 2301 uxoremque
647 2267 752 2294 hortari
770 2269 863 2302 carpit,
879 2273 909 2296 ut
928 2270 999 2297 idem

214 2320 306 2340 secum
323 2312 425 2339 sentire
441 2311 533 2339 vellet.
551 2311 605 2338 Sed
622 2319 684 2339 cum
700 2313 746 2339 illa
773 2313 859 2348 priori
880 2322 999 2343 consue-

215 2358 313 2386 tudine
329 2362 356 2385 et
375 2357 551 2384 familiarium
569 2357 621 2388 sibi
639 2358 786 2387 mulierum
801 2362 1000 2395 congressibus

213 2404 293 2439 quasi
321 2404 430 2438 captiva
455 2407 606 2436 teneretur,
631 2411 681 2430 nec
697 2404 813 2432 maritus
829 2407 936 2435 crebris
953 2408 1002 2435 ad-

215 2448 414 2479 monitimiihus
438 2449 590 2484 quidquam
617 2450 772 2484 proliceret,
798 2451 907 2478 tandem
938 2453 1000 2480 ille:

214 2493 434 2529 Nisi,inquit,in
450 2495 552 2525 divinis
566 2495 706 2531 mysteriis
721 2503 828 2523 mecum
846 2499 1002 2525 communi-

1363 1192 1487 1220 ΚΕΦΔΔ.
1502 1192 1539 1218 Ε¹.

1063 1238 1110 1270 Ὡς
1123 1238 1300 1277 Δὑιθξηγάγετο
1317 1240 1333 1266 ὀ
1346 1239 1496 1277 Δίωιξννης
1506 1238 1574 1277 ταῖς*
1589 1237 1850 1277 siquae/uqu

1090 1272 1208 1307 :rlrion"
1224 1272 1273 1300 καὶ
1288 1274 1355 1307 περὶ
1380 1273 1436 1306 τῆς
1453 1273 1596 1308 γυναικὸς
1608 1272 1848 1306 Μακεδονίαν-ῆς,

1091 1308 1128 1334 δι’
1145 1309 1186 1342 ἣν
1199 1310 1216 1335 ὁ
1234 1308 1322 1342 ἄρτος
1335 1310 1379 1342 εις
1394 1307 1482 1335 λίθον
1493 1307 1676 1343 μετεϐλήθη.

1097 1354 1222 1389 Ἰωάννης
1238 1353 1266 1380 δὲ
1282 1353 1381 1390 ἄριστα
1395 1354 1443 1389 τῆς
1463 1352 1783 1384 Κωνσταντινουπόλεως
1798 1352 1847 1378 Ἑκ-

1055 1399 1169 1434 κλησίας
1181 1400 1378 1436 ἐπιτροπεύων,
1394 1400 1508 1432 πολλοὺς
1520 1400 1569 1435 μὲν
1581 1400 1614 1426 ἐκ
1628 1399 1686 1426 τῶν
1702 1399 1848 1434 Ἑλλήνων,

1055 1445 1169 1477 πολλοὺς
1191 1446 1219 1473 δὲ
1247 1447 1280 1472 ἐκ
1305 1446 1359 1473 τῶν
1377 1446 1508 1481 αἱρέσεων
1531 1447 1661 1481 ἐπήγετο.
1677 1444 1849 1481 Συνέρῤειδὶ

1056 1491 1124 1526 πρὸς
1140 1491 1222 1518 αὐτὸν
1237 1492 1366 1519 ἑκάστοτε
1386 1492 1496 1527 πλῆθος,
1514 1492 1569 1518 τῶν
1593 1492 1654 1527 μὲν,
1670 1492 1716 1518 ἐπ’
1732 1491 1849 1526 ὠφελείᾳ

1055 1538 1257 1572 ἀκουσομένων,
1269 1537 1323 1564 τῶν
1337 1538 1375 1570 δὲ,
1389 1538 1544 1572 ἀπόπειραν
1554 1537 1728 1573 ληψομένων.
1745 1537 1849 1563 Ἀπαν-

1054 1584 1104 1614 τάς
1130 1592 1159 1610 τε
1181 1583 1253 1618 ᾔρει,
1270 1584 1364 1610 καὶτὰ
1379 1584 1449 1610 αὐτὰ
1475 1583 1598 1617 δοξάζειν
1629 1583 1707 1618 αὑτῷ
1736 1583 1802 1616 περὶ
1819 1582 1849 1608 τδ

1055 1629 1132 1656 Θεΐον
1142 1629 1243 1657 ἔπειθε.
1258 1629 1390 1656 Τοσοῦτον
1401 1629 1429 1656 δὲ
1446 1629 1515 1665 πρὸς
1526 1630 1608 1656 αὑτὸν
1623 1630 1654 1655 τδ
1669 1628 1773 1664 πλῆθος
1787 1629 1847 1654 ὲκε-

1056 1675 1172 1709 χήνεσαν
1191 1673 1258 1709 (l6),
1273 1675 1319 1700 καὶ
1331 1673 1385 1701 τῶν
1399 1674 1480 1700 αὑτοῦ
1497 1674 1584 1708 λόγων
1601 1674 1683 1708 κόρον
1695 1673 1745 1699 οὐκ
1765 1671 1847 1707 εἷχον,

1054 1717 1125 1744 ὥστε
1141 1718 1202 1744 ἐπεὶ
1220 1717 1410 1753 ὠστιζόμενοι,
1428 1719 1474 1745 καὶ
1483 1718 1688 1751 περιθλίσοντες
1703 1718 1846 1753 ἀλλήλους,

1055 1763 1235 1794 ἐκινδύνευον,
1250 1764 1363 1794 ἕκαστος
1383 1764 1550 1799 προσωτέρω
1581 1763 1650 1790 ιέναι
1673 1763 1846 1798 βιαζόμενος,

1053 1809 1128 1840 ὅπως
1141 1809 1222 1843 ἐγγὺς
1236 1808 1390 1844 παρεστὼς,
1406 1809 1601 1845 ἀκριϐέστερον
1616 1808 1701 1835 αὑτοῦ
1722 1808 1847 1840 λέγοντος

1055 1854 1148 1881 ἀκούοι
1158 1863 1164 1868 ·
1182 1855 1263 1889 μέσον
1279 1854 1375 1881 ἑαυτὸν
1391 1855 1457 1881 πᾶσι
1473 1854 1613 1889 παρέχων,
1631 1855 1678 1880 ἐπὶ
1694 1853 1742 1880 τοῦ
1759 1853 1846 1888 βήμα-

1053 1908 1099 1931 τος
1119 1899 1174 1926 τῶν
1199 1900 1381 1934 ἀναγνωστῶν
1408 1899 1593 1935 καθεζόμενος
1616 1899 1774 1926 ἐδίδασκεν.
1803 1900 1845 1925 Ἐν

1053 1946 1141 1982 καιρῷ
1155 1946 1184 1972 δέ
1201 1955 1244 1981 μοι
1261 1946 1345 1978 δοκεῖ,
1357 1946 1387 1972 τὸ
1397 1946 1504 1981 συμϐὰν
1517 1947 1563 1973 ἐπὶ
1573 1945 1657 1972 αὑτοῦ
1671 1945 1768 1980 θαῦμα
1781 1953 1846 1979 συμ-

1052 1992 1208 2028 περιλαϐεῖν
1224 1994 1256 2028 τῇ
1274 1993 1377 2028 γραφῇ.
1401 1993 1484 2028 Ἀνήρ
1505 2001 1547 2024 τις
1571 1992 1744 2019 Μακεδονιου
1773 1991 1845 2026 αἱρέ-

1052 2047 1133 2071 σεως,
1147 2039 1260 2075 τοιαύτῃ
1276 2039 1386 2072 γυναικὶ
1399 2039 1525 2073 συνῴκει.
1541 2038 1703 2073 Περιτυχὼν
1724 2038 1755 2064 δὲ
1774 2037 1844 2072 αὐτῷ

1052 2085 1203 2112 διδάσκοντι
1223 2085 1296 2116 ὅπως
1317 2085 1370 2120 χρὴ
1391 2085 1455 2120 περὶ
1466 2085 1535 2111 Θεοῦ
1547 2084 1683 2117 δοξάζειν,
1700 2085 1843 2118 ἐπαινέτης

1051 2129 1085 2165 ἦν
1098 2131 1144 2157 τοῦ
1171 2131 1314 2166 δόγματος,
1337 2131 1384 2157 καὶ
1402 2131 1452 2166 τὴν
1462 2132 1580 2165 γυναῖκα
1593 2131 1762 2166 ὀμοφρονεῖν
1775 2129 1842 2163 αὐτῷ

1051 2177 1211 2212 παρεκάλει.
1233 2177 1310 2203 Ἐπεὶ
1330 2177 1359 2204 δὲ
1384 2178 1417 2212 τῇ
1444 2177 1498 2212 πρὸ
1521 2177 1618 2203 τούτου
1642 2176 1778 2212 συνηθείᾳ
1801 2175 1842 2201 καὶ

1051 2225 1110 2254 ταῖς
1122 2223 1240 2258 ὁμιλίαις
1262 2223 1316 2249 τῶν
1343 2222 1489 2258 γνωρίμων
1503 2223 1642 2256 γυναικῶν
1662 2223 1778 2257 ἡττᾶτο,
1801 2221 1841 2247 καὶ

1054 2269 1182 2300 πολλάκις
1198 2268 1330 2296 νουθετῶν
1343 2269 1357 2294 ὁ
1369 2269 1439 2304 ἀνὴρ
1451 2268 1527 2295 οὐδὲν
1543 2269 1635 2303 ἦνυεν,
1649 2268 1683 2294 Εἰ
1703 2268 1752 2303 μὴ,
1770 2269 1840 2302 φησὶ,

1053 2315 1225 2350 κοινωνήσεις
1236 2314 1435 2350 μοιτῶνθείων,
1448 2314 1510 2341 οὐδὲ
1519 2314 1566 2341 τοῦ
1587 2314 1647 2349 βίου
1657 2315 1788 2346 κοινωνὸς
1798 2314 1840 2350 ἔσῃ

1055 2369 1099 2396 μοι
1114 2361 1160 2387 τοῦ
1177 2359 1280 2387 λοιποῦ.
1296 2360 1465 2387 Ἐνταῦθαδὲ
1477 2361 1494 2396 ὴ
1507 2361 1578 2396 γυνὴ
1598 2361 1755 2396 συνθεμένη
1770 2360 1840 2387 τοῦτο

1055 2409 1152 2439 ποιεῖν,
1167 2407 1302 2434 κοινοῦταξ
1316 2416 1370 2434 τινι
1389 2407 1443 2434 τῶν
1470 2408 1673 2443 θεραπαινίδων
1700 2409 1733 2444 ἢν
1756 2409 1839 2443 ἡγεῖτο

1056 2453 1164 2489 πιστὴν,
1186 2455 1233 2480 καὶ
1251 2454 1458 2489 παραλαμϐάνει
1481 2455 1612 2490 συνεργὸν
1631 2455 1661 2486 ἐς
1679 2455 1787 2489 ἀπάτην
1799 2452 1838 2480 τοῦ

1055 2500 1161 2535 ἀνδρός.
1178 2501 1245 2535 Περὶ
1257 2500 1285 2527 δὲ
1300 2500 1345 2528 τδν
1361 2500 1455 2536 καιρὸν
1469 2501 1523 2528 τῶν
1538 2501 1701 2537 μυστηρίων
1721 2500 1804 2536 (ἴσασι
1814 2499 1837 2525 δὲ

816 2590 952 2619 VALESll
971 2590 1248 2619 ANNOTATIONES.

249 2641 307 2677 (16)
325 2641 475 2683 ζοσρῦτον
487 2644 521 2683 de
535 2645 715 2683 atpdgabrdg
727 2647 760 2673 τὸ
775 2647 891 2683 suam;
901 2647 1003 2682 ἐκεχή-

1093 2648 1201 2675 modum
1223 2648 1287 2682 legit
1306 2647 1487 2683 Nicephorus.
1515 2646 1574 2675 Nisi
1592 2646 1723 2674 τοσοῦτον
1751 2652 1833 2674 sumas

215 2676 321 2703 νεὰαν.
338 2676 428 2704 Malim
443 2676 564 2708 scribere
576 2676 623 2707 ἑὰ).
634 2680 760 2709 τοσοῦτον
774 2682 816 2715 δέ,
827 2676 887 2710 etc:
897 2676 999 2716 Quem—

1052 2683 1256 2711 adverbialiter.

938 2774 1129 2803 VARIORUM.

249 2829 263 2870 1f
277 2831 434 2870 ψλαϐζτιις.
454 2830 514 2857 Fuit
538 2830 647 2858 Fravita
665 2831 908 2870 na_t_ione_(;othus,
930 2833 977 2861 sed
999 2834 1130 2870 religione
1143 2835 1280 2870 Paganus,
1291 2834 1381 2870 inquit
1393 2833 1595 2870 Philostorgius
1612 2834 1662 2862 lib.
1684 2842 1722 2867 lt,
1738 2839 1794 2868 cap.
1808 2829 1830 2858 3-

215 2864 316 2896 Suidas
331 2866 412 2892 etiam
424 2870 542 2893 testatur
555 2873 617 2894 eum
631 2867 760 2902 gentilem
775 2867 870 2895 fuisse.
