1883 3069
98 124 168 152 1561

588 126 750 155 HISTORIA
767 126 1043 157 ECCLESIASTICA.
1061 145 1095 150 -—
1115 131 1179 158 LIB.
1201 131 1267 159 VIII.

1667 135 1735 163 15ιῖ

94 182 196 217 δῆμον,
214 183 260 209 καὶ
274 182 368 210 τοῦτον
383 184 486 216 πείθειν
503 185 558 220 (55)
573 191 611 217 ως
622 185 710 221 ἀληθῆ
724 186 840 220 λέγοιεν,
850 187 869 213 δ·

974 194 1071 217 rentur
1083 210 1091 222 ,
1110 194 1241 226 tanquam
1265 191 1312 225 qui
1339 191 1537 226 professionem
1552 199 1631 220 suam
1651 192 1735 221 dede—

95 228 197 263 μηδενὶ
209 229 362 264 συνήσθιεν,
371 229 432 256 οὔτε
447 230 493 256 ὲπὶ
507 231 628 258 ἐπίασιν
655 231 822 267 καλούμενος
839 232 892 258 ὑπ-

93 274 195 308 ήκουε.
214 275 315 301 Τούτου
329 275 357 302 δὲ
375 276 508 312 πρόφασιν
536 277 634 313 ἑτέραν
652 277 742 312 λέγειν
755 278 805 304 οὐκ
829 277 893 313 ἔχω,

94 320 170 355 πλὴν
184 321 225 347 ὅτι
237 320 357 357 ἀψευδής
369 330 423 355 τις,
437 320 726 360 οίμαι,πυνθανομένῳ
745 324 809 359 περὶ
830 323 893 350 τοὺ-

90 373 145 391 του
163 365 226 400 ἔφη,
237 366 276 398 ὡς
291 367 343 393 ὑπὸ
356 368 499 403 ἀσκήσεως
512 369 562 404 τὴν
578 369 699 405 κεφαλὴν
718 370 765 396 καὶ
788 369 818 396 τὸ
834 369 894 396 στό-

93 419 139 444 μα
155 412 204 447 τῆς
217 413 335 448 γαστρὸς
350 413 444 445 κακῶς
456 414 589 447 διατεθεὶς
604 435 611 447 ,
628 417 776 451 παρῃτεῖτο
791 415 839 446 τὰς
863 416 892 441 ὲν

88 460 154 489 τοῖς
167 459 287 494 ἀρίστοις
300 460 452 492 συνουσίας.
469 462 524 488 Καὶ
542 462 568 488 οι
591 462 642 497 μὲν
657 461 784 488 ἐντεῦθεν
810 461 890 497 μάλι-

91 511 148 530 στα
162 504 210 536 τὰς
227 505 359 539 μεγίστας
371 506 480 541 ὕφαινον
497 508 556 534 κατ’
574 507 657 534 αὐτοῦ
670 507 807 539 διαϐολάς.

944 241 1009 262 core
1023 234 1175 268 adicerent,
1193 237 1324 272 carpebat
1340 241 1423 272 atque
1435 238 1608 273 objurgabat.
1629 238 1731 274 llujus~

944 280 1019 307 modi
1047 288 1079 308 ex
1105 282 1214 314 causis,
1243 282 1336 310 clerici
1364 288 1391 311 et
1420 284 1546 311 monachi
1577 285 1731 317 complures

946 324 1048 352 Joanni
1074 326 1175 354 infensi
1203 331 1296 360 erant,
1313 332 1339 356 et
1358 337 1499 357 morosum
1517 333 1600 365 atque
1622 330 1732 358 iracun-

945 371 1021 403 dum,
1050 379 1208 408 suarumque
1230 381 1263 400 ac
1289 375 1438 409 superbum
1459 383 1522 403 eum
1547 377 1731 411 appellabant.

946 415 1100 444 Tentarunt
1115 419 1197 445 etiam
1214 419 1275 454 ejus
1292 420 1376 447 vitam
1391 421 1532 449 criminari
1555 423 1627 457 apud
1646 431 1734 458 popu—

945 461 1000 489 lum
1016 472 1022 490 :
1038 471 1125 498 eaque
1145 465 1320 499 potissimum
1340 467 1448 494 ratione
1463 467 1544 495 ﬁdem
1569 468 1654 496 dictis
1675 469 1734 496 suis

942 512 1085 542 astruere,
1103 511 1176 546 quod
1201 512 1247 540 ille
1271 519 1334 540 eum
1354 513 1465 540 nemine
1486 514 1578 541 cibum
1598 518 1733 545 sumeret,

92 558 150 578 nec
164 552 196 579 ad
212 553 368 580 convivium
385 557 500 582 meatus
519 553 674 582 accederet.
695 553 785 589 Hujus
798 558 888 582 autem
909 555 948 582 rei
972 563 1083 584 causam
1107 558 1210 585 nullam
1237 559 1319 587 aliam
1355 560 1453 589 aﬁ'erre
1487 569 1611 596 possum,
1635 565 1734 597 praeter

92 605 158 624 cam
178 606 260 633 quam
274 599 384 634 quidam
402 601 452 632 vir,
474 606 504 627 ut
520 600 630 635 opinor,
647 600 760 628 minime
771 600 889 628 mendax
908 600 1091 637 interroganti
1112 604 1180 631 mihi
1195 605 1310 632 retulit:
1327 613 1359 632 eo
1371 606 1443 641 quod
1460 607 1568 634 scilicet
1598 607 1633 634 ob
1663 607 1733 635 a‘ssi-

91 643 179 672 duam
205 645 232 672 in
251 645 361 673 virtutis
390 647 482 674 studio
504 647 723 679 contentionem,
759 647 858 683 capitis
879 651 915 676 ει,
925 649 1062 676 stomachi
1096 651 1260 686 egritudine
1275 651 1416 685 laborans,
1440 653 1620 687 prandiorum
1642 656 1732 680 cattus

89 697 129 717 ac
152 689 338 726 frequentiam
362 691 538 720 detrectaret.
564 692 599 720 Et
622 693 668 721 isti
690 692 801 728 quidem
825 692 890 720 hinc
909 693 1083 727 potissimum
1121 696 1302 731 gravissimas
1323 696 1456 725 adversus
1477 705 1539 725 eum
1577 698 1732 725 calumnias

91 736 238 764 texebant.

414 784 541 811 ΚΕΦΑΛ.
558 785 587 811 ι’.

90 827 167 860 Περὶ
176 827 358 861 Σευηριανοῦ
370 828 421 855 τοῦ
434 828 590 861 Γαϐάλων,
604 828 654 855 καὶ
673 828 828 862 Ἀντιόχου
836 828 888 855 τοῦ

132 863 344 897 Πτολεμαΐδος
353 871 360 878 ο
379 864 428 890 καὶ
443 863 502 890 ὅσα
509 864 624 898 μεταξὺ
638 864 826 897 Σεραπίωνος
840 864 888 890 καὶ

132 898 316 932 Σευηριανοῦ
331 897 446 932 γέγονε,
462 897 516 925 καί
526 899 566 932 ὡς
581 899 630 926 διὰ
651 899 707 933 τῆς
725 898 890 932 βασιλίδος

134 932 171 959 τὰ
181 933 296 967 μεταξὺ
311 933 411 961 αὐτῶν
421 933 616 968 διελύθησαν.

131 977 293 1012 Ἐπεγένετο
307 978 335 1005 δέ
348 988 390 1010 τις
404 978 477 1014 αὖτῴ
499 979 636 1015 πρόφασις
650 979 746 1014 μίσους
759 979 805 1006 καὶ
822 979 891 1014 πρὸς

89 1023 145 1058 τὴν
159 1024 291 1058 βασιλέως
308 1025 441 1060 γαμετὴν,
458 1025 502 1052 διὰ
524 1026 688 1061 Σευηριανὸν
709 1026 740 1052 ἐκ
761 1025 890 1052 Γαῆάλων

89 1071 146 1107 τῆς
162 1071 263 1107 Συρίας
276 1072 433 1098 ἐπίσκοπον.
451 1070 534 1104 Οὗτός
551 1081 580 1098 τε
593 1072 647 1107 γὰρ
663 1073 709 1098 καὶ
723 1072 859 1107 Ἀντίοχος
876 1073 890 1098 6

92 1117 277 1152 Πτολεμαΐδος
299 1118 435 1153 (Φοίνισσα
460 1118 488 1144 δὲ
505 1118 583 1150 πόλις
598 1118 644 1153 ἥδε
655 1118 674 1153 ),
699 1118 770 1145 κατὰ
791 1118 889 1144 ταυτὸν

92 1164 179 1199 ἄμφω
196 1164 352 1200 ἐγενέσθην,
383 1164 520 1200 ἐλλογίμω
543 1174 573 1191 τε
597 1166 644 1191 καὶ
674 1166 720 1191 ἐπὶ
740 1165 888 1200 ἐκκλησίας

94 1209 183 1236 ἱκανὼ
210 1209 346 1237 διδάσκειν
362 1219 369 1226 ⁸
391 1211 449 1237 ἀλλ’
480 1212 494 1238 ὁ
524 1211 573 1246 μὲν
596 1211 715 1243 εὐκόλως
739 1212 785 1238 καὶ
818 1211 889 1247 μάλα

92 1255 203 1291 εὐήχως
236 1255 338 1290 ἔλεγεν,
367 1256 404 1288 ὼς
430 1257 477 1283 καὶ
497 1257 690 1293 Χρυσόστομος
712 1257 780 1293 πρός
808 1266 888 1284 τινων

91 1300 299 1335 ὀνομάζεσθαι·
328 1301 341 1327 6
365 1301 392 1328 δὲ
418 1302 584 1336 Σευηριανὸς
608 1302 657 1338 τὴν
687 1294 780 1337 Σῦρων
805 1302 888 1328 δασύ-

90 1354 165 1381 τητα
182 1346 249 1382 (56),
262 1347 363 1383 καίπερ
379 1349 434 1380 τοῖς
444 1349 562 1384 νοήμασι
574 1348 621 1374 καὶ
645 1349 705 1379 ταῖς
725 1348 889 1384 μαρτυρίαις

90 1391 151 1417 τῶν
163 1391 280 1427 Γραφῶν
294 1392 413 1427 ἀμείνων
435 1391 504 1420 εἶναι
524 1393 621 1426 δοκῶν,
637 1393 683 1420 ἐπὶ
697 1393 746 1429 τῆς
766 1393 889 1429 γλώττης

90 1437 214 1484 ἔφερενῖ
225 1437 325 1464 Ἐλθὼν
343 1438 371 1464 δὲ
387 1439 517 1475 πρότερος
538 1440 674 1474 ’Δντίοχος
685 1440 725 1471 είς
741 1440 887 1466 Κωνσταν-
902 1456 923 1484 c

90 1482 259 1515 τινούπολιν,
278 1483 324 1510 ἐπὶ
339 1484 395 1515 τοῖς
415 1483 503 1517 λόγοις
524 1483 642 1520 ἐπῃνέθη
657 1492 663 1499 ’
689 1484 736 1510 καὶ
759 1484 889 1519 χρήματα

91 1527 237 1564 ἀθροίσας,
255 1529 295 1560 είς
310 1529 358 1564 τὴν
375 1529 456 1556 αὑτοῦ
475 1529 551 1556 πόλιν
576 1529 722 1564 ἐπανῆλθε.
753 1530 832 1556 Κατὰ
845 1530 890 1565 ζῆ-

92 1573 143 1599 ).ον
157 1573 185 1600 δὲ
196 1573 290 1600 τούτου
313 1574 362 1601 καὶ
388 1575 554 1610 Σευηριανὸς
575 1574 688 1610 ὕστερον
713 1575 888 1610 ἀφικόμενος,

92 1617 174 1645 εὔνου
188 1618 276 1654 τυχὼν
297 1620 432 1651 Ἰωάννου,
450 1620 580 1652 πολλάκις
591 1621 637 1647 ἐπὶ
662 1621 711 1655 τῆς
735 1620 887 1655 ἐκκλησίας

91 1666 184 1699 λέγων
207 1665 397 1701 ἐθαυμάζετοι
426 1667 472 1693 καὶ
499 1667 528 1692 ὲν
545 1667 612 1702 τιμῇ
632 1664 676 1701 ἦν,
693 1666 740 1692 καὶ
762 1666 845 1696 πολὺς
859 1667 888 1693 ὲν

89 1711 209 1745 δυνάμει
225 1718 232 1725 ·
249 1711 296 1738 καὶ
312 1711 386 1746 αὐτῷ
405 1711 509 1746 βασιλεῖ
525 1712 571 1738 καὶ
589 1714 624 1747 τῇ
653 1711 768 1746 βασιλίδι
789 1710 888 1746 γνώρι-

93 1765 148 1792 μος
175 1756 293 1790 ἐγένετο.
328 1756 424 1783 Ἦνίκα
451 1757 479 1783 δὲ
508 1757 633 1792 Ἰωάννης
658 1758 697 1788 εἰς
725 1756 772 1791 τὴν
795 1757 888 1783 Ἀσίαν

90 1802 268 1838 ἀπεδήμησε,
285 1802 332 1838 τὴν
346 1802 510 1837 Ἐκκλησίαν
530 1802 604 1837 αὐτῷ
625 1802 760 1836 παρέθετο
776 1811 782 1817 ”
806 1803 887 1829 κολα-

91 1847 184 1878 κείαις
199 1847 254 1883 γὰρ
268 1847 350 1874 αὑτὸν
367 1848 544 1883 περιέποντα,
563 1848 637 1882 φίλον
661 1846 730 1874 εἶναι
746 1848 889 1874 σπουδαῖον

90 1893 230 1927 ἐνόμισεν.
263 1892 291 1919 ’0
315 1893 343 1919 δὲ
371 1893 450 1920 πλέον
477 1894 636 1927 ἐπεμελεῖτο
660 1895 715 1925 τοῖς
743 1895 890 1928 ἀκροαταῖς

91 1937 275 1974 χαρίζεσθαι,
301 1938 348 1965 καὶ
370 1939 416 1965 τὸν
440 1939 503 1966 λαὸν
529 1940 585 1970 τοῖς
608 1939 697 1973 λόγοις
722 1940 795 1975 ἦδειν
820 1940 887 1975 (57).

100 1983 229 2019 Ἰωάννης
244 1983 271 2010 δὲ
293 1983 380 2011 ταῦτα
395 1985 555 2020 πυθόμενος.
573 1985 758 2021 ὲζηλοτύπησε
775 1985 835 2020 μὲν,
850 1985 889 2018 ὣς

94 2037 179 2064 φασι,
202 2029 378 2063 Σαραπίωνος
404 2029 485 2056 αὑτὸν
510 2030 556 2057 ἐπὶ
578 2031 683 2062 τούτοις
707 2030 890 2066 παρακινοῦν-

133 2095 142 2110 ¹
158 2094 248 2129 Socr.,
264 2095 312 2123 lib.
326 2104 365 2129 vt,
378 2103 439 2131 cap.
456 2096 498 2125 Η,

1270 786 1345 814 CAP.
1368 786 1400 814 Χ.

940 829 981 856 De
1002 829 1144 858 Severiano
1169 831 1339 865 Cabalitano,
1362 838 1386 860 et
1404 833 1533 859 Antiocho
1556 832 1731 861 Ptolemaidis

975 866 1096 899 episcopo
1110 874 1119 892 :
1135 871 1159 893 et
1176 867 1211 901 de
1224 867 1264 894 Itis
1275 876 1333 901 quw
1355 869 1425 895 inter
1443 867 1614 895 Severianum
1636 876 1666 895 ac
1685 867 1732 895 Se-

977 901 1113 937 rapionem
1130 906 1204 935 gesta
1225 909 1306 929 sunt:
1322 908 1346 930 et
1361 902 1491 937 quomodo
1510 903 1668 937 imperatrix
1686 911 1730 930 eos

976 934 1045 962 inter
1056 943 1084 962 se
1099 934 1317 964 reconciliaverit.

975 980 1100 1008 Accessit
1114 986 1204 1008 autem
1227 983 1265 1009 illi
1283 983 1335 1009 alia
1351 990 1460 1018 quoque
1481 983 1630 1010 simultatis
1646 991 1730 1011 causa

940 1024 1074 1052 adversus
1090 1025 1306 1061 imperatricem,
1322 1031 1437 1054 auctore
1450 1026 1601 1067 Severiano
1612 1027 1731 1055 Gabalo-

931 1078 1001 1097 rum
1029 1071 1115 1106 Syriae
1143 1072 1306 1107 episcopo‘.
1333 1072 1385 1100 llic
1415 1073 1498 1105 enim,
1524 1078 1550 1101 ct
1575 1074 1730 1102 Antiochus

939 1117 1087 1152 episcopus
1109 1117 1298 1150 Ptolemaidis,
1322 1126 1383 1153 quae
1399 1119 1466 1145 urbs
1491 1123 1532 1146 est
1550 1119 1576 1146 in
1599 1118 1731 1148 Phoenice

939 1162 1003 1195 sita,
1021 1162 1102 1190 ambo
1119 1163 1234 1196 eruditi,
1249 1167 1276 1190 ct
1299 1163 1332 1190 ad
1348 1164 1478 1198 populum
1494 1164 1522 1190 in
1541 1164 1624 1199 339
1638 1166 1729 1193 cccle-

940 1208 981 1236 sia
999 1208 1154 1236 docendum
1171 1208 1272 1242 idonei,
1298 1208 1395 1236 eodem
1414 1213 1535 1245 tempore
1552 1211 1727 1238 exstiterunt.

940 1254 1042 1282 Verum
1067 1255 1220 1282 Antiochus
1247 1255 1356 1290 quidem
1376 1255 1504 1290 expedite
1530 1256 1677 1283 admodum
1702 1261 1729 1284 et

940 1308 1039 1329 sonora
1056 1309 1123 1328 voce
1139 1301 1304 1336 l0quebatur
1320 1311 1325 1328 :
1342 1301 1379 1328 ita
1394 1306 1423 1329 ut
1438 1308 1452 1328 a
1465 1302 1604 1330 nonnullis
1619 1303 1728 1331 dicere-

941 1351 987 1374 tur
1005 1347 1231 1382 Chrysostomus.
1251 1346 1418 1374 Severianus
1441 1352 1532 1375 autem
1550 1349 1727 1383 asperitatem

941 1391 1073 1427 Syrorum
1101 1392 1128 1418 in
1151 1392 1290 1426 loquendo
1317 1392 1465 1423 retinebat,
1490 1392 1553 1420 licet
1576 1393 1678 1427 alioqui
1700 1394 1728 1420 in

940 1439 1097 1470 sententiis,
1113 1444 1139 1465 et
1157 1439 1185 1465 in
1200 1438 1270 1465 locis
1286 1445 1372 1465 sacrae
1389 1437 1537 1472 Scriptum
1559 1438 1730 1472 exponendis

940 1484 1116 1519 praestantior
1140 1483 1298 1510 haberetur.
1317 1482 1452 1510 (laterum
1476 1482 1640 1515 Antiochus,
1665 1490 1728 1510 cum

944 1530 1022 1565 prior
1039 1529 1160 1557 venisset
1175 1528 1457 1564 Constantinopolim,
1471 1528 1633 1563 eloquentiae
1645 1535 1729 1556 causa

940 1583 1068 1610 magnam
1091 1575 1200 1602 laudem
1226 1574 1358 1601 retulerat
1383 1583 1390 1601 :
1413 1573 1591 1608 collectisque
1620 1573 1729 1601 abunde

939 1621 1076 1655 pecuniis,
1093 1620 1126 1647 ad
1139 1620 1279 1647 civitatem
1295 1626 1373 1646 suam
1393 1618 1522 1646 redierat.
1539 1619 1626 1652 Cujus
1641 1626 1728 1645 exem-

940 1665 1013 1701 plum
1030 1669 1142 1693 secutus
1156 1664 1335 1696 Severianus,
1351 1671 1414 1692 cum
1432 1668 1494 1699 post
1508 1663 1584 1690 illum
1596 1664 1727 1696 venissm,

940 1715 967 1739 et
980 1711 1113 1738 Joannem
1130 1711 1199 1738 forte
1215 1711 1377 1738 benevolum
1401 1713 1499 1737 nactus
1515 1715 1598 1742 esset,
1615 1717 1686 1744 saepe
1701 1709 1727 1736 in

940 1757 1064 1784 Ecclesia
1085 1757 1278 1787 concinnatus,
1303 1763 1428 1790 magnam
1452 1755 1494 1782 sui
1518 1755 1727 1782 admirationem

941 1803 1070 1830 excitavit
1087 1812 1093 1829 :
1119 1801 1291 1836 multumque
1308 1801 1421 1827 honoris
1437 1804 1463 1826 et
1479 1800 1651 1826 auctoritatis
1665 1800 1729 1827 ade-

937 1853 1002 1883 ptus
1030 1851 1099 1875 est:
1125 1847 1233 1881 ipsique
1257 1846 1326 1873 adeo
1351 1845 1520 1880 imperatori,
1552 1851 1579 1872 ct
1605 1851 1730 1880 augustae

937 1893 1083 1921 familiaris
1102 1893 1221 1920 exstitit.
1241 1891 1273 1918 iit
1288 1899 1349 1918 cum
1363 1890 1484 1919 Joannes
1502 1892 1529 1918 in
1552 1892 1644 1918 Asiam
1665 1900 1728 1926 pro-

938 1929 1120 1970 ﬁcisceretur,
1131 1939 1282 1966 Eeclesiam
1297 1944 1374 1965 suam
1385 1937 1409 1964 ei
1424 1937 1636 1964 commendavit.
1650 1937 1726 1964 Illum

938 1987 1011 2014 enim
1039 1985 1159 2012 amicutn
1181 1989 1207 2011 et
1225 1984 1378 2012 studiosum
1407 1984 1448 2011 sui
1480 1983 1664 2015 existimabat,
1695 1991 1728 2009 eo

938 2032 1012 2068 quod
1037 2030 1273 2059 assentationibus
1295 2031 1382 2066 ipsum
1400 2029 1532 2065 palparet.
1558 2028 1658 2056 Verum
1682 2028 1727 2055 ille

693 2172 828 2200 VALESII
847 2171 1124 2201 ANNOTATIONES.

95 2225 194 2245 versus
223 2217 428 2245 Homousianos
458 2218 575 2253 plurima
593 2218 724 2245 atrociter
744 2219 840 2253 gessit,
857 2224 885 2246 ut
901 2221 924 2249 D
939 2218 1101 2246 monasterii
1118 2214 1349 2253 lllilsciascensis,
1365 2214 1412 2249 qui
1428 2221 1504 2253 nunc
1515 2213 1741 2253 esthin_h_ibliu-‘

95 2254 137 2280 ait
154 2252 323 2280 Sozomcnus
341 2253 459 2288 inrlibro
471 2261 508 2284 tv,
536 2260 595 2288 cap.
614 2253 641 2279 2.
663 2253 691 2280 In
723 2253 765 2280 his
780 2254 886 2282 celebre

96 2288 149 2315 fuit
164 2289 360 2316 monasterium
377 2287 551 2320 Marathonii,
566 2287 646 2322 cujus
674 2289 798 2315 meminit
814 2289 884 2316 idem

96 2323 268 2350 Sozomcnus
296 2323 321 2349 in
353 2323 423 2350 libro
450 2331 474 2350 ν.
506 2323 545 2350 Ac
574 2322 692 2350 fortasse
720 2323 752 2350 de
769 2324 811 2351 his
828 2331 886 2350 mo-

94 2359 224 2386 nasteriis
240 2358 432 2393 intelligendus
453 2362 495 2386 est
522 2358 667 2385 Sozomcni
694 2358 772 2385 locus
803 2358 885 2393 supra

94 2394 208 2429 citatus.
226 2393 260 2419 de
270 2392 414 2420 Heraclide
426 2393 541 2420 diacono
554 2393 669 2420 Joannis
683 2392 884 2429 Chrysostonti,

93 2436 176 2462 quem
189 2428 356 2455 Sozomcnus
371 2433 450 2455 vocat
462 2428 584 2455 διάκονον
597 2429 650 2454 τῶν
665 2429 710 2462 ὑφ’
723 2428 819 2455 ἑαυτὸν
833 2437 881 2463 μο-

94 2463 185 2498 ναχῶν
195 2463 248 2489 τῶν
262 2464 294 2489 ἐκ
310 2463 358 2498 τῆς
375 2463 511 2497 Σκήτεως,
527 2463 552 2490 id
567 2468 618 2494 est,
638 2464 779 2490 diaconum
792 2472 885 2490 mona-

94 2498 205 2525 chorum
222 2498 266 2533 qui
283 2503 360 2534 erant
380 2498 427 2534 sui)
444 2499 615 2534 dispositione
637 2498 751 2525 Joannis
769 2498 886 2534 Chryso-

94 2534 186 2565 rtomi,
203 2541 273 2568 quos
290 2532 336 2560 ille
355 2540 387 2560 ex
405 2532 477 2560 Sceti
502 2534 772 2568 constantinopolim
789 2532 886 2561 evoca-

95 2573 183 2601 verat,
195 2569 267 2596 sicut
282 2573 376 2603 postea
390 2568 510 2603 Cyrillus
528 2567 722 2596 Tabennenses
737 2569 886 2596 monachos

94 2603 237 2638 Canopum
264 2603 396 2630 traduxit.
412 2603 499 2630 Porro
522 2603 719 2630 monachorum
749 2604 886 2638 cujusque

93 2639 223 2666 ditecesis
237 2646 302 2665 cura
318 2639 350 2664 ad
368 2638 526 2673 episcopum
553 2638 701 2672 provincia).
718 2640 884 2672 pertinebat.

93 2676 140 2710 qui
151 2674 254 2700 victum
266 2673 321 2710 illis
337 2678 418 2710 atque
431 2681 557 2710 anuonag
568 2677 595 2700 et
611 2673 716 2710 reliqua
728 2675 886 2710 necessaria

94 2707 333 2736 subministrabat.
352 2707 482 2735 Testatur
501 2709 526 2735 id
544 2707 686 2735 Possidius
701 2709 728 2735 iu
751 2708 810 2736 Vita
825 2709 887 2735 bea—

95 2747 115 2771 ti
134 2744 276 2779 Augustini
295 2744 347 2771 sub
364 2745 445 2770 tinent
463 2745 499 2770 ita
513 2743 637 2772 scribens
655 2743 783 2770 :Clerum
815 2744 887 2778 suffi-

94 2779 285 2806 cientiasimum
303 2785 327 2806 et
346 2779 509 2806 monasteria
528 2780 644 2806 virorum
668 2786 699 2805 ac
724 2779 886 2813 feminarum

94 2815 216 2850 diligenti
238 2822 302 2840 cura
317 2814 515 2850 rconslabjlita,
540 2814 628 2840 omnia
656 2821 713 2848 qum
736 2814 886 2850 necessaria

94 2848 171 2878 erant
189 2850 294 2885 provisa
304 2849 415 2877 dimisit.
429 2849 475 2877 Sic
492 2850 591 2884 legitur
617 2850 643 2876 in
669 2849 772 2884 optimo
791 2848 886 2877 codice

938 2254 1016 2281 theca
1032 2253 1085 2280 viri
1105 2253 1146 2281 Cl.
1166 2251 1271 2279 Claudii
1297 2250 1379 2286 .lolly,
1406 2249 1532 2276 canonici
1562 2249 1726 2276 Parisicnsis

937 2288 1097 2358 Ερὲἒῗὶῗνᾶὶ
1124 2321 1232 2348 τοῦτον
1261 2320 1385 2358 πείθεινἶ
1417 2318 1508 2358 Malim
1533 2318 1724 2358 scribere‘mt

936 2353 1026 2394 τούτῷ
1040 2358 1154 2388 πείθειν,
1183 2362 1250 2388 etc.,
1272 2363 1355 2391 quam
1378 2355 1523 2382 lectionem
1543 2354 1569 2380 in
1598 2353 1726 2380 versione

936 2402 996 2422 mea
1012 2398 1125 2420 εοειιῑυε
1138 2400 1209 2419 Slllll.

974 2429 1028 2463 (36)
1053 2428 1112 2462 Τὴν
1137 2428 1240 2463 Σύρων
1265 2426 1430 2463 ﬁnitimae.
1461 2422 1599 2463 Slttd‘ridtrs
1625 2421 1725 2463 Petrus

937 2459 1199 2498 vertit'aspéritalein
1215 2461 1371 2498 Syrorum.__
1381 2459 1520 2498 Musculus
1550 2465 1613 2498 vero
1625 2459 1725 2498 crassi-

938 2500 1009 2530 tiem,
1022 2494 1096 2534 quod
1118 2498 1209 2525 minus
1226 2494 1320 2531 probo.
1349 2494 1443 2529 Neque
1461 2494 1534 2534 enim
1554 2494 1579 2534 i_d
1597 2494 1726 2534 convenit

938 2528 1090 2569 Syrisfqui
1113 2528 1262 2560 tinnula'et
1286 2535 1366 2569 acuta
1388 2528 1454 2569 voce
1478 2528 1670 2569 loquebantur,
1695 2533 1725 2554 ut.

937 2563 1039 2596 alicubi
1055 2563 1174 2596 iestatur
1190 2569 1340 2601 imperator
1351 2564 1488 2601 Julianus.
1501 2563 1621 2601 Joannes
1632 2569 1725 2590 autem

937 2605 1048 2640 Langus
1064 2604 1147 2631 vertit
1166 2598 1333 2640 densitatem:
1354 2600 1460 2639 idcirco
1479 2603 1575 2640 _autem
1591 2598 1723 2640 Soaotrie:

938 2632 1180 2674 nusvasperitatem
1197 2645 1244 2674 seu
1257 2637 1422 2674 densitatem
1435 2635 1461 2661 in
1478 2635 1615 2668 loquendo
1631 2632 1726 2659 tribuit

939 2675 1026 2710 Syris,
1038 2670 1117 2708 'quod
1130 2673 1237 2710 crebris
1253 2670 1635 2710 aspirationibus-uterentur.

973 2703 1030 2743 (57i
1044 2703 1098 2737 Kal
1116 2709 1169 2736 τὸν
1185 2708 1262 2736 λαὸν
1272 2703 1335 2740 ίοῖς
1348 2706 1450 2743 λόγοις
1466 2705 1561 2743 ἣδειν.
1577 2703 1726 2743 Proverbo

937 2739 1012 2780 ἧδὲιν
1027 2744 1200 2779 Nicephorus
1217 2739 1385 2780 ιιὶιιΑρο-ὲιιίιλ
1395 2742 1459 2780 lioc_
1469 2740 1551 2780 modo
1571 2748 1577 2765 :
1596 2739 1643 2765 καὶ
1667 2739 1726 2780 τοῖς

937 2773 1026 2814 λόγοις
1040 2773 1161 2814 ἐπάίίειν,
1175 2780 1223 2806 καὶ
1234 2773 1301 2814 πρὸξ
1313 2777 1408 2805 ἑαυτὸν
1422 2776 1488 2802 πᾶσι
1504 2775 1614 2810 τρόποις
1631 2773 1725 2807 μεθέλ-

938 2824 996 2842 κειν
1009 2815 1056 2841 καὶ
1072 2815 1214 2841 ίδιοῦσθαι.
