1883 3069
81 177 151 204 1135

561 177 721 205 lllSTORlA
741 178 1022 208 ECCLESIASTIGA.
1046 197 1080 200 —
1094 180 1155 207 LIB.
1174 181 1241 208 Vill.

1644 181 1711 208 πιέιῖὲλί

77 235 128 267 ξας
146 236 204 266 ταῖς
229 237 290 262 κατ’
311 236 391 263 αὑτοῦ
416 237 567 268 διαϐολαῖ;’
585 238 752 273 προτραπεὶς
770 238 822 273 γὰρ
847 239 875 264 ὲν

960 245 983 265 r.
1004 237 1058 266 Nec
1080 239 1171 265 multo.
1186 242 1248 273 post
1273 235 1450 270 Epiphanius,
1469 244 1530 264 cum
1552 236 1658 271 primus
1681 243 1715 263 ex

76 282 227 317 οἰκήμασιν
264 283 498 317 ἐκκλησιαστικαῖς
535 283 713 318 καταμένειν,

79 325 188 360 έσχετο.
209 325 262 353 Καὶ
286 327 410 362 Ἰωάννης
430 328 480 360 μὲν
499 329 539 360 είς
554 328 650 355 ταυτὸν
667 329 802 356 συνελθεῖν
820 329 874 363 (52)

76 371 239 406 ἀπέφυγεν·
267 372 319 408 ἰδίᾳ
342 373 369 400 δὲ
393 373 534 407 συγκαλῶν
552 375 615 406 τοὺς
639 374 823 409 ἐνδημοῦντας
843 375 874 400 ἐν

78 419 366 447 Κωνσταντινουπόλει
382 422 562 454 ἐπισκόπους,
588 423 727 450 ἐπεδείκνυ
744 424 779 451 τὰ
791 424 875 458 ψηφι-

77 464 178 491 σθέντα
198 465 266 492 κατὰ
284 466 338 492 τῶν
355 467 507 502 Ὠριγένους
528 468 624 502 λόγων.
646 469 701 495 Καί
720 477 796 500 τινας
811 470 874 495 ὲπι-

76 510 254 545 ψηφίσασθαι
277 511 400 539 ἔπεισεν·
428 514 452 540 οἱ
480 514 508 540 δὲ
534 514 642 546 πλείους
669 515 872 550 παρῃτήσαντο.

76 557 210 592 Θεότιμος
225 557 252 583 δὲ
263 557 277 583 ὀ
290 558 407 590 Σκυθίας
423 559 580 592 ἐπίσκοπος,
594 561 641 587 καὶ
655 561 782 596 ἄντικρυς
801 562 875 588 Ἐπι-

77 602 176 636 φανίου
198 603 349 638 καθήψατο.
366 603 434 630 Οὔτε
464 605 518 640 γὰρ
546 605 597 641 ἔφη
624 606 696 632 ὅσιον
722 604 801 638 εἶναι,
828 607 874 634 τὸν

78 647 164 674 πάλαι
191 649 401 685 τετελευτηκότα
437 651 574 687 ὑϐρίζειν·
609 651 670 678 οὔτε
701 651 875 687 βλασφημίας

77 693 169 724 ἐκτὸς,
184 694 232 730 τὴν
256 695 311 722 τῶν
334 695 519 732 παλαιοτέρων
536 698 687 725 διαϐάλλειν
704 699 802 732 κρίσιν,
827 700 875 726 καὶ

76 738 115 764 τὰ
139 739 205 775 παρ’
228 741 339 768 ἐκείνων
366 742 582 778 δεδοκιμασμὲνα
607 744 725 772 ἀθετεῖν.
743 745 817 780 ’Ἅμα
845 754 874 771 τε

77 783 179 818 λέγων,
203 785 249 811 καὶ
275 785 375 820 βιϐλίον
398 796 424 813 τι
446 788 500 815 τῶν
526 789 678 825 Ὡριγὲνους
704 791 876 826 προκομίσας

77 830 196 865 διεξῄει·
217 831 264 858 καὶ
286 832 402 868 χρειώδη
422 834 482 865 ταῖς
499 834 672 870 Ἐκκλησίαις
695 836 730 862 τὰ
755 836 875 871 ἀνεγνω-

79 875 169 910 σμένα
194 876 292 910 δείξας,
309 878 436 911 Ἄτοπον,
456 878 519 913 ἔφη,
534 880 714 915 ὑπομένουσιν
740 882 764 908 oi
787 881 876 909 ταῦτα

751 283 799 310 οὐκ
829 285 875 318 ἠν-

77 920 277 962 διαϐἀλλοντες.
293 923 485 951 Κινδυνεύουσι
499 925 552 961 γὰρ
565 913 651 953 ταῦτα
666 927 796 962 ὑόρίζειν,
809 927 876 962 περὶ
892 913 913 940 Β

77 961 118 991 ὧν
135 966 159 992 οἱ
174 966 256 1000 λόγοι.
275 968 304 994 '0
319 968 347 994 δὲ
369 969 503 1005 Ἰωάννης,
518 970 551 997 δι’
572 971 662 1003 αἰδοῦς
677 961 750 1006 εἶχεν
768 972 808 998 ἔτι
831 961 876 999 τδν

87 1012 259 1046 Ἐπιφάνιον,
282 1014 330 1040 καὶ
356 1015 610 1050 παρεκάλειταὺτὺν
625 1017 875 1053 συνεκκλησιάζειν.

79 1058 129 1084 καὶ
147 1058 267 1086 σύνοικον
287 1059 366 1094 ἔχειν.
388 1061 416 1087 '0
435 1061 473 1094 δὲ,
488 1061 549 1088 οὔτε
573 1064 715 1096 συνοικεῖν,
730 1062 792 1090 οὔτε
807 1072 871 1090 συν-

79 1101 209 1137 εύχεσθαι
222 1103 295 1139 αὑτῷ
311 1104 465 1140 ἁντεδήλου,
481 1106 505 1131 εί
523 1105 561 1141 μὴ
581 1107 805 1143 καταψηφίσηται
821 1108 874 1135 τῶν

87 1148 241 1183 Ὠριγένους
256 1149 354 1183 λόγων,
370 1150 416 1176 καὶ
437 1151 582 1186 Διόσκορον
597 1152 643 1178 καὶ
659 1153 722 1183 τοὺς
740 1153 788 1179 σὺν
800 1152 876 1187 αὑτῷ

80 1195 208 1232 ἐξελάσῃ.
229 1197 304 1223 Ἐπεὶ
320 1197 349 1223 δὲ
365 1197 449 1224 ταῦτα
464 1199 550 1224 ποιεῖν
565 1198 617 1233 πρὸ
631 1198 708 1234 δίκης
729 1199 759 1226 οὔ
772 1199 875 1226 δίκαιον

81 1242 176 1275 ἡγεῖτο
195 1243 242 1269 καὶ
258 1243 428 1275 ἀνεϐάλλετο,
446 1243 595 1278 μελλούσης
612 1244 794 1271 ἐπιτελεῖσθαι
812 1253 874 1271 συν-

81 1287 170 1320 ἁξεως
195 1288 224 1314 ὲν
248 1289 281 1324 τῇ
309 1288 444 1324 ἐπωνύμῳ
473 1288 526 1315 τῶν
548 1289 716 1316 Ἀποστὸλων
731 1290 873 1325 ἐκκλησίᾳ,

84 1332 285 1365 κατεσκεύαζον
305 1333 330 1359 οι
350 1333 472 1360 Ἰωάννου
485 1333 627 1369 δυσμενεῖς
640 1335 780 1370 προελθεῖν
801 1335 877 1361 Ἐπι-

82 1377 188 1410 φάνιον,
202 1379 248 1404 καὶ
263 1378 381 1414 δημοσίᾳ
404 1378 576 1413 ἀποκηρῦξαι
600 1379 645 1405 ἐπὶ
667 1379 713 1405 τοῦ
739 1379 803 1406 λαοῦ
829 1381 878 1412 τὰς

89 1423 242 1458 Ὠριγένους
261 1423 377 1458 βίϐλους,
404 1424 450 1450 καὶ
474 1425 537 1456 τοὺς
559 1425 630 1459 ἀμφὶ
653 1425 698 1451 τὸν
721 1426 877 1461 Διόσκορον,

83 1469 122 1501 ὡς
143 1470 179 1495 τὰ
199 1469 294 1495 τούτου
318 1469 502 1504 φρονοῦντας’
533 1471 562 1496 ὲν
590 1471 681 1506 ταυτῷ
704 1471 733 1497 δὲ
762 1471 809 1499 καὶ
833 1472 878 1498 τὸν

86 1514 237 1541 ὲπίσκοπον
249 1515 299 1550 τῆς
318 1515 421 1546 πόλεως
434 1515 580 1548 διαϐαλεῖν,
600 1516 637 1547 ὼς
663 1517 778 1548 ἐκείνοις
793 1526 877 1553 προσ-

83 1560 218 1595 κείμενον.
237 1560 291 1587 Καὶ
320 1561 345 1586 οι
369 1561 418 1595 μὲν
441 1560 505 1588 τάδε
525 1561 699 1593 ἐσπούδαζον.
715 1563 808 1597 ᾬοντο
821 1563 876 1598 γὰρ

83 1606 164 1632 αὑτὸν
188 1605 259 1633 οὕτω
288 1607 464 1642 συγκρούσειν
498 1607 567 1643 πρὸς
591 1609 620 1634 τὸ
649 1607 761 1643 πλῆθος,
785 1610 823 1644 Τῇ
848 1610 876 1636 δὲ

84 1651 147 1686 ἑξῆς
161 1651 300 1680 ἐπὶτοῦτο
323 1652 461 1688 προελθὼν
479 1653 644 1687 Ἐπιφάνιος,
661 1655 743 1688 ἐγγὺς
758 1655 807 1690 ἤδη
829 1655 877 1691 τῆς

86 1698 235 1733 ἐκκλησίας
277 1698 446 1733 ἐτύγχανεν·
482 1699 642 1735 ἀπαντήσας
674 1699 702 1726 δὲ
729 1700 804 1735 αὺτῷ
827 1701 877 1727 Σε-

85 1742 189 1777 ραπίων
209 1743 285 1778 παρὰ
305 1743 427 1769 Ἰωάννου
451 1743 614 1774 ἀποσταλεὶς
637 1743 745 1779 (ᾔσθετο
767 1744 821 1780 γὰρ
844 1745 879 1772 τὰ

84 1788 117 1822 τῇ
130 1789 281 1824 προτεραίᾳ
293 1787 512 1824 βεϐουλευμένα),
522 1788 694 1823 ἐμαρτύρατο
707 1790 774 1824 μήτε
788 1790 880 1819 δίκαια

85 1835 185 1866 ποιεῖν,
203 1835 272 1869 μήτε
296 1834 369 1869 αὐτῷ
395 1835 578 1870 συμφέροντα,
605 1835 629 1861 εί
653 1836 776 1870 ταραχῆς
793 1837 821 1862 ἐν
842 1836 880 1872 τῷ

83 1880 186 1915 πλήθει
209 1880 225 1915 ἣ
252 1880 372 1912 στάσεως
395 1881 569 1916 κινηθείσης,
595 1881 674 1912 αὐτὸς
702 1882 879 1915 κινδυνεύσει,

51 1935 55 1940 ι
82 1925 125 1956 ὡς
139 1925 226 1956 αἴτιος
239 1925 368 1959 γεγονώς.
394 1925 449 1952 Καὶ
463 1926 477 1952 ὁ
493 1925 542 1961 μὲν
559 1921 609 1952 ὧδε
631 1926 751 1961 ἀνεκόπη
769 1927 818 1961 τῆς
835 1928 881 1954 ἐπὶ

83 1970 167 1997 τοῦτο
180 1971 279 2006 ὁρμῆς.

84 2024 151 2043 cum
179 2016 296 2052 Origene
327 2017 496 2050 sentientes.
522 2017 697 2045 anathemate
726 2018 891 2046 damnaret:

927 285 1017 311 insula
1041 285 1130 320 Cypro
1152 285 1290 316 solvisset,
1309 284 1341 311 ad
1365 285 1454 310 locum
1479 283 1551 310 haud
1567 283 1662 318 procul
1682 282 1715 309 ah

927 330 993 358 urbe
1013 330 1318 366 Constantinopolitana
1333 337 1413 364 quem
1433 329 1584 364 Septimum
1604 332 1713 358 vocant.

926 376 1073 410 applicuit,
1102 375 1229 410 iactaque
1252 376 1376 403 oratione
1398 375 1426 401 in
1451 374 1567 403 ecclesia
1583 382 1643 408 quae
1660 373 1715 401 illic

925 425 977 453 est,
995 422 1023 448 in
1037 422 1132 450 urbem
1150 422 1282 449 introivit.
1299 421 1366 448 Eum
1381 419 1580 456 ingredientem
1594 419 1715 448 Joannes

925 474 1042 494 occursu
1057 467 1122 494 cieri
1136 467 1220 495 totius
1236 466 1392 494 honoravit.
1415 467 1449 492 At
1463 473 1527 493 vero
1547 465 1715 500 Epiphanius

925 513 1072 548 perspicue
1103 513 1268 544 declaravit,
1298 512 1372 547 quod
1402 511 1549 540 calumniis
1583 510 1715 538 adversus

924 559 1056 587 Joannem
1083 559 1255 586 concinnatis
1289 559 1367 586 Iidem
1397 558 1548 586 habuisset.
1582 557 1715 584 invitatus

925 605 997 633 enim
1019 609 1050 632 ut
1072 605 1099 632 in
1127 605 1234 632 aedibus
1256 604 1453 632 ecclesiasticis
1478 609 1589 631 manere
1614 602 1713 634 vellet,

925 652 1083 686 neutiquam
1101 651 1250 686 acquievit.
1269 651 1300 677 Et
1319 658 1381 678 cum
1396 649 1501 677 Joanne
1522 649 1631 684 quidem
1646 655 1714 675 con-

925 696 1000 731 gredi
1011 697 1121 731 penitus
1133 696 1296 724 detreclmit
1311 705 1317 723 :
1336 695 1463 730 privatim
1476 702 1541 722 vero
1556 694 1715 721 conv0catis

926 742 1061 777 episcopis
1079 742 1125 777 qui
1145 746 1203 769 tum
1222 740 1461 776 Constantinopoli
1477 740 1667 773 morabantur,
1682 747 1715 766 ea

926 796 986 824 qua:
999 788 1132 816 adversus
1150 788 1235 816 libros
1251 787 1382 823 Origenis
1397 787 1507 814 decreta
1526 785 1648 817 fuerant,
1659 785 1717 812 illis

926 834 1055 862 ostendit.
1071 835 1110 861 Ac
1129 834 1270 862 nonnullis
1286 833 1397 868 quidem
1420 831 1558 868 persuasit
1575 835 1604 858 ut
1618 830 1716 858 decre-

927 881 963 908 tis
986 879 1219 910 subscriberent:
1239 880 1330 914 plures
1348 885 1414 906 vero
1439 878 1466 905 id
1487 877 1581 905 facere
1604 883 1718 904 recusa-

928 931 1002 954 runt.
1016 926 1087 960 Quin
1098 931 1124 954 et
1135 926 1306 958 Theotimus,
1323 926 1470 960 episcopus
1485 924 1613 959 Scythiae,
1626 923 1716 957 palam

928 971 1105 1007 reprehendit
1128 971 1322 1007 Epiphanium.
1348 970 1416 997 Nam
1443 977 1533 1004 neque
1555 970 1629 1004 pium
1655 975 1716 995 esse

928 1019 1049 1052 dicebat,
1061 1026 1125 1046 eum
1144 1019 1191 1054 qui
1210 1017 1268 1052 jam
1283 1016 1388 1052 pridem
1403 1019 1530 1043 mortuus
1548 1018 1632 1046 esset,
1648 1021 1715 1041 con—

927 1064 1042 1092 tumelia
1065 1064 1172 1092 allicere
1190 1073 1197 1091 :
1215 1071 1304 1098 neque
1329 1063 1398 1090 citra
1423 1062 1588 1090 calumniam
1611 1059 1715 1095 judicia

927 1111 1115 1145 antiquiorum
1144 1109 1325 1144 reprehendi,
1341 1113 1368 1136 et
1391 1117 1451 1143 qua:
1475 1108 1508 1136 ab
1532 1107 1587 1134 illis
1603 1106 1717 1141 probata

927 1159 1020 1184 essent
1035 1155 1161 1183 damnari
1178 1162 1268 1190 posse.
1286 1155 1375 1190 Atque
1397 1154 1455 1181 lucc
1480 1154 1584 1184 dicens,
1609 1152 1718 1186 prolato

927 1200 1054 1236 Origenis
1081 1200 1209 1235 quopiam
1236 1199 1323 1231 libro,
1349 1199 1438 1226 locum
1464 1206 1497 1225 ex
1523 1204 1555 1225 eo
1579 1195 1716 1223 recitavit.

927 1246 1051 1280 Cumque
1067 1252 1099 1273 ea
1123 1252 1184 1280 quae
1206 1244 1389 1275 recitaverat,
1405 1242 1538 1271 Ecclesiis
1561 1241 1638 1268 utilia
1656 1247 1718 1268 esse

927 1291 1101 1324 ostendisset,
1122 1290 1249 1317 Absurde
1266 1289 1382 1320 faciunt,
1400 1288 1500 1323 inquit,
1517 1287 1562 1322 qui
1578 1287 1631 1314 ista
1645 1285 1717 1312 vitu-

928 1340 1036 1371 perant.
1054 1335 1213 1363 Cavendum
1229 1335 1300 1362 enim
1320 1339 1361 1362 est
1377 1334 1442 1366 illis,
1456 1341 1490 1360 ne
1506 1337 1532 1360 et
1544 1340 1574 1360 ea
1587 1332 1719 1359 damnent

929 1382 962 1409 de
979 1381 1081 1416 quibus
1097 1380 1245 1415 conscripti
1265 1383 1330 1408 sunt
1344 1379 1372 1406 hi
1390 1379 1463 1406 libri.
1487 1377 1573 1405 Porro
1597 1376 1716 1403 Joannes

930 1426 1019 1454 adhuc
1035 1425 1217 1453 nihilominus
1236 1424 1418 1452 reverentiam
1435 1423 1584 1451 exhibebat
1598 1421 1716 1456 Epipha-

930 1472 986 1505 nio,
1002 1478 1120 1506 eumque
1145 1470 1308 1498 hortabatur
1324 1473 1353 1496 ut
1375 1469 1505 1496 collectas
1527 1475 1620 1495 secum
1647 1467 1718 1494 cele-

929 1517 1026 1550 brare,
1058 1520 1085 1544 et
1116 1515 1342 1543 contubernalem
1372 1515 1462 1549 ipsum
1494 1512 1594 1540 habere
1626 1510 1716 1538 vellet.

930 1562 1031 1590 Verum
1047 1562 1226 1597 Epiphanius,
1245 1569 1275 1590 se
1298 1568 1387 1596 nequc
1403 1560 1464 1595 ejus
1488 1559 1570 1587 domo
1592 1564 1717 1588 usurum,

931 1616 981 1636 nec
996 1616 1058 1636 cum
1073 1616 1106 1636 eo
1119 1612 1263 1636 oraturum
1279 1615 1341 1635 esse
1356 1606 1507 1640 respondit,
1525 1603 1578 1632 nisi
1592 1602 1719 1637 Origenis

931 1654 1017 1682 libros
1038 1655 1115 1689 prius
1141 1655 1315 1686 damnasset,
1342 1657 1369 1681 ct
1394 1653 1556 1680 Dioscorum
1578 1657 1633 1678 una
1655 1656 1718 1676 cum

932 1701 1016 1728 sociis
1031 1701 1192 1735 expulisset.
1217 1700 1269 1727 Sed
1287 1707 1348 1727 cum
1365 1699 1411 1727 ille
1430 1702 1495 1725 ante
1512 1704 1602 1725 causa:
1625 1695 1720 1730 cogni-

932 1746 1036 1775 tionem
1049 1746 1106 1773 hzec
1121 1745 1222 1779 facere,
1242 1745 1452 1779 haudquaquam
1467 1743 1573 1778 justum
1591 1749 1653 1769 esse
1669 1740 1720 1768 du-

932 1795 1015 1824 ceret,
1031 1795 1058 1818 οι
1073 1792 1342 1825 procrastinarctur;
1360 1791 1404 1818 die
1419 1797 1475 1824 quo
1488 1789 1602 1816 collecta
1614 1787 1719 1821 agenda

932 1840 990 1864 erat
1008 1837 1034 1862 in
1052 1836 1168 1864 ecclesia
1185 1836 1390 1872 Apostolorum,
1405 1838 1591 1871 procurarunt
1603 1833 1718 1860 Joannis

932 1882 1047 1915 inimici,
1074 1886 1103 1909 ut
1128 1882 1296 1918 Epiphanius
1324 1882 1350 1909 in
1372 1881 1518 1910 ecclesiam
1544 1880 1667 1911 veniret,
1693 1881 1720 1905 ct

933 1928 1042 1963 publice
1062 1935 1154 1955 coram
1182 1928 1283 1963 populo
1305 1933 1361 1954 tum
1383 1927 1509 1962 Origenis
1533 1926 1633 1957 libros,
1660 1928 1718 1951 tum

934 1972 1096 2000 Diescorum
1108 1976 1134 2000 et
1145 1980 1193 2000 eos
1208 1973 1253 2007 qui
1267 1980 1328 1999 cum
1340 1972 1388 2000 illo
1401 1976 1489 2004 erant,
1503 1975 1635 2006 tanquam
1647 1969 1720 1996 idem

929 2019 1081 2053 eademque
1117 2025 1202 2053 opera
1227 2018 1385 2052 episcopum
1408 2017 1484 2044 urbis
1508 2017 1718 2051 perstringeret,

86 2067 118 2089 ut
136 2061 182 2096 qui
207 2061 262 2089 illis
276 2061 402 2090 addictus
416 2065 501 2090 esset.
525 2062 615 2097 Atque
633 2062 662 2089 hi
680 2062 788 2097 quidem
805 2063 877 2091 istud
898 2065 1092 2092 moliebantur.
1115 2063 1219 2099 Quippe
1241 2063 1445 2095 existimabant,
1477 2070 1507 2090 se
1534 2062 1586 2090 hac
1615 2061 1720 2088 ratione

88 2107 195 2142 plebem
211 2107 306 2134 abillo
321 2107 503 2136 alienaturos.
531 2107 645 2135 Postero
661 2108 744 2143 igitur
764 2108 819 2141 die,
846 2117 908 2137 cum
927 2109 961 2137 ad
980 2110 1008 2137 id
1026 2110 1159 2146 agendum
1178 2117 1342 2145 progressus
1368 2108 1536 2143 Epiphanius
1556 2108 1613 2142 jam
1632 2107 1719 2135 eccle-

86 2153 137 2179 size
154 2152 395 2187 appropinquaret,
411 2153 521 2180 obviam
545 2153 570 2181 ei
594 2154 714 2182 occurrit
730 2154 859 2190 Serapio,
880 2155 965 2191 3&5
975 2157 1076 2185 missus
1099 2164 1113 2183 a
1132 2156 1237 2184 Joanne
1248 2155 1440 2190 (praesenserat
1456 2155 1528 2182 enim
1547 2154 1666 2182 Joannes
1687 2161 1718 2180 ca

85 2204 149 2232 qum
175 2197 262 2232 pridie
295 2199 406 2226 fuerant
435 2200 611 2235 constituta),
634 2200 781 2236 palamque
808 2201 983 2230 denuntiavit
1009 2202 1178 2238 Epiphanio,
1201 2203 1276 2230 illum
1307 2211 1338 2230 ea
1365 2209 1459 2237 gerere
1484 2210 1544 2237 qua:
1571 2208 1621 2228 nec
1645 2200 1718 2235 justa

86 2248 192 2276 essent,
208 2250 259 2270 nec
274 2244 325 2278 ipsi
341 2244 467 2279 privatim
484 2245 563 2272 utilia
579 2256 585 2273 :
601 2246 738 2281 siquidem
757 2247 875 2275 tumultu
896 2255 928 2276 ac
940 2249 1075 2277 seditione
1089 2249 1181 2285 populi
1208 2250 1337 2279 excitata,
1355 2248 1413 2283 ipse
1428 2253 1559 2283 tanquam
1587 2247 1647 2282 ejus
1680 2248 1717 2274 rei

88 2294 189 2317 auctor
221 2290 372 2324 periculum
405 2290 549 2319 subiturus
591 2296 675 2320 esset.
709 2291 764 2320 llae
792 2293 899 2321 ratione
936 2295 1073 2323 cohibitus
1089 2299 1130 2323 est
1146 2296 1264 2330 impetus
1280 2294 1435 2329 Epiphanii.

382 2334 508 2362 ΚΕΦΑΔ.
529 2336 568 2362 ΙΕ¹

1269 2338 1345 2366 CAP.
1362 2337 1419 2364 XV.

89 2380 164 2418 Περί
183 2379 236 2407 τοῦ
259 2380 364 2418 παιδὸς
377 2381 432 2418 τῆς
453 2382 615 2415 βασιλίδος
627 2401 634 2413 ,
650 2382 699 2409 καὶ
713 2382 767 2418 τοῦ
780 2382 878 2418 ,ἁγίου

959 2392 966 2410 3
985 2384 1041 2418 ﬁlio
1058 2385 1235 2418 impcratricis
1255 2389 1279 2411 et
1295 2384 1326 2410 de
1340 2383 1414 2410 beato
1433 2382 1592 2416 Epiphanio;
1609 2386 1633 2408 et
1654 2389 1720 2415 qua-

133 2415 308 2450 ξΕπιφαι-ίου
323 2423 329 2430 ο
343 2415 392 2442 καί
414 2417 453 2448 ὼς
471 2417 498 2443 οὶ
514 2417 626 2450 Μακροὶ
646 2417 720 2450 πρὸς
736 2415 880 2450 διάλογον

125 2448 410 2494 ἦνῑθονίξιῖςιιςςαχίφ,
426 2451 480 2494 καὶ¹
551 2448 808 2494 ἀπέπνζε-υσὲνιεὶς.
821 2448 879 2494 Kai-

126 2493 204 2517 τιμον
223 2485 319 2518 αὖθις.
339 2485 392 2512 Καὶ
416 2485 482 2519 περὶ
510 2486 682 2521 Ἐπιφαγίου
705 2487 755 2514 καὶ
785 2487 881 2514 Ἰωάν-

127 2528 193 2546 νου.

133 2565 177 2591 Ἐν
191 2564 278 2599 τούτῳ
290 2565 318 2591 δὲ
334 2565 433 2600 συνέϐη
444 2567 530 2592 νοσεῖν
547 2566 593 2592 τοῦ
609 2566 739 2600 βασιλέως
757 2567 861 2594 παιδίον
874 2577 880 2582 ·

92 2611 220 2646 περιδεὴς
242 2611 270 2638 δὲ
293 2609 361 2638 οὖσα
378 2613 395 2647 ἡ
421 2612 511 2648 μήτηρ
530 2612 565 2648 μή
589 2620 616 2638 τι
641 2613 737 2645 πάθοι,
753 2613 884 2648 πέμψασα

965 2420 1041 2446 modo
1062 2421 1183 2446 monac/Ii
1206 2419 1289 2454 Longi
1305 2420 1337 2454 in,
1346 2418 1506 2452 colloquium
1523 2425 1582 2443 cum
1595 2425 1623 2454 eo
1645 2424 1718 2454 uene-

966 2455 1029 2485 rint,
1045 2460 1067 2481 et
1084 2454 1249 2488 Epiphanius
1265 2452 1298 2480 in
1319 2453 1434 2488 Cyprum
1451 2461 1569 2488 reuersus
1590 2452 1635 2478 sit.
1651 2453 1718 2479 Item

967 2489 998 2516 de
1010 2487 1114 2516 Joanne
1127 2487 1151 2516 et
1162 2490 1193 2517 de
1210 2489 1357 2524 Epiphanio
1375 2487 1512 2514 nonnulla.

968 2568 1074 2595 Interea
1103 2567 1205 2605 accidit
1223 2571 1251 2593 ut
1274 2565 1450 2600 imperatoris
1471 2564 1543 2592 ﬁlius
1569 2563 1716 2590 admodum

933 2622 1002 2648 puer
1021 2614 1118 2641 morbo
1140 2613 1338 2648 corriperetur.
1358 2611 1444 2640 Mater
1461 2618 1527 2639 vero
1548 2610 1666 2639 sollicita
1684 2617 1718 2637 ne

691 2699 826 2727 VALESll
846 2701 1122 2730 ANNOTATlONES.

132 2796 190 2831 (5%
210 2796 264 2823 Kal
280 2796 417 2830 Ἰωάννης
437 2796 496 2830 μὲν
522 2798 565 2828 εἰς
589 2797 698 2824 ταυτὸν
716 2798 886 2825 συνελθεῖν.

103 2831 286 2867 Scribelidum
301 2837 342 2859 cst
358 2833 451 2867 procul
468 2832 551 2859 tluhio
566 2832 612 2858 καὶ
631 2831 741 2867 Ἰωάννη
755 2832 813 2866 μὲν,
833 2838 885 2859 etc.

100 2866 245 2900 Quomodo
260 2867 341 2894 etiam
358 2866 477 2895 Savilius
498 2868 523 2894 in
542 2875 591 2894 suo
607 2867 701 2894 codice
716 2867 878 2895 emendavit.

938 2799 990 2827 Sed
1010 2805 1036 2827 et
1061 2800 1243 2834 Nicephorum
1268 2799 1304 2825 ita
1330 2798 1356 2825 in
1383 2797 1536 2826 Sozomeno
1560 2796 1657 2831 legisse
1671 2804 1715 2834 ap~

937 2840 1014 2869 paret
1035 2843 1067 2862 cx
1089 2842 1148 2870 cap.
1169 2835 1210 2866 l3,
1229 2835 1276 2860 lib.
1294 2841 1352 2860 xm.
