1883 3069
86 136 97 162 l
104 135 155 163 $69

566 136 725 163 HISTORIA
744 136 1014 164 ECCLESEASTICA.
1034 153 1064 158 -—
1087 137 1150 165 Lm.
1173 137 1236 165 \‘lll.

1644 137 1712 165 157-)

86 195 198 225 κανόνος
215 194 443 231 ἀπαγορεύοντος,
459 196 488 221 οὗ
503 195 644 231 προσίεντο
658 195 706 230 τὴν
719 196 866 230 ἀπολογίαν

945 203 994 224 unt
1014 208 1020 225 :
1042 199 1075 226 de
1100 199 1150 226 hoc
1183 202 1273 225 autem
1305 205 1360 225 uno
1384 198 1517 226 Joannem
1546 198 1712 233 respondere

92 239 173 266 Ἀλλὰ
181 239 304 266 καθεῖλον
313 241 402 272 αὑτὸν,
412 236 571 276 ἑτεροδόξων
579 241 746 282 ἐνιστάμενοι
757 241 812 276 (71)
820 241 879 268 τοῦ-

85 293 132 310 τον
142 282 210 310 εἶναι
219 285 310 320 νόμον.
321 285 397 311 Ἐπεὶ
408 286 462 321 γὰρ
473 287 497 312 oi.
505 287 558 313 ἀπὸ
572 287 620 321 τῆς
634 287 737 321 Ἀρείου
748 287 878 322 αἱρέσεως

87 331 339 364 συκοφαντήσαντες
351 331 508 358 Ἀθανάσιον
523 332 662 366 ἀφείλοντο
681 333 728 367 τὴν
754 333 877 366 Ἀλεξαν-

85 374 171 408 δρέων
191 375 371 410 Ἐκκλησίαν,
386 376 439 404 δέει
461 377 511 412 τῆς
536 377 589 404 τῶν
606 378 776 413 πραγμάτων
793 386 875 413 μετα-

85 419 177 455 ϐολῆς,
193 421 256 447 τάδε
270 421 482 457 ἐνομοθέτησαν,
497 423 661 455 ἀνεξέταστα
680 423 771 458 μένειν
784 423 819 450 τὰ
831 424 876 449 ἐπ’

84 465 160 501 αὑτῷ
174 463 370 502 βεϐουλευμένα
385 468 590 500 σπουδάζοντες.

924 243 1074 278 jubebant,
1097 244 1171 279 quod
1194 244 1352 278 depositus,
1371 249 1515 279 antequam
1543 245 1663 279 synodus
1685 244 1710 271 ei

928 288 1065 315 licentiam
1078 289 1215 321 dedisset,
1234 289 1260 315 in
1279 289 1426 324 episcopali
1442 290 1510 316 solio
1527 290 1709 317 consedisset.

927 335 1051 369 Cumque
1078 335 1123 362 ille
1150 335 1279 370 suil'ragia
1304 343 1399 362 eorum
1429 335 1562 370 proferret
1584 335 1629 369 qui
1650 340 1711 369 post

927 378 1044 413 priorem
1075 379 1209 414 synodum
1239 379 1391 414 cum_ipso
1421 379 1710 410 communicaveraut,

924 424 1033 458 judiccs
1051 431 1110 450 eam
1134 424 1320 451 defensionem
1339 425 1450 452 minime
1467 424 1655 455 admiserunt,
1678 431 1711 450 eo

928 468 999 503 quod
1021 469 1112 503 plures
1132 468 1248 496 fuissent
1264 469 1310 503 qui
1331 469 1418 503 ipsum
1446 469 1709 502 eondcmnaveraut;

83 515 111 538 et
135 512 316 541 sacerdotalis
342 522 430 542 canon
449 515 475 542 id
502 515 604 542 diserte
629 515 797 550 prohiberet.
820 515 873 543 Sed
893 523 954 543 eum
978 516 1176 550 deposuerunt,
1205 519 1362 543 constanter
1396 519 1598 543 asseverantem
1634 515 1709 541 illum

84 564 148 584 esse
163 565 295 586 canonem
313 559 513 588 haereticorum.
548 561 616 587 Nam
643 569 705 588 cum
740 562 844 594 Ariani,
859 562 1030 590 concinnatis
1047 562 1179 589 adversus
1199 563 1377 590 Athanasium
1404 562 1558 593 calumniis,

1595 562 1711 589 Alexan-

84 602 193 630 drinam
214 605 358 632 ecclesiam
374 606 398 633 ei
414 606 591 639 ademissent,
608 607 785 634 mutationem
802 610 954 642 temporum
970 607 1156 639 formidantes,
1186 615 1244 635 eam
1277 609 1397 643 regulam
1425 608 1623 635 condiderunt:
1652 613 1710 635 stu-

85 648 163 676 diose
180 649 309 677 videlicet
321 656 460 683 caventes,
477 656 505 678 ut
521 659 552 678 ea
568 659 628 686 qua:
643 651 773 679 adversus
785 652 861 679 illum
880 652 1030 679 machinati
1047 652 1165 684 fuerant,
1200 653 1355 680 indiscussa
1387 657 1568 680 remanerent.

380 695 505 722 ΚΕΦΑΛ.
525 697 589 722 KA’.

86 741 167 766 Ὅσα
191 738 269 766 κακὰ
289 738 402 773 συνέϐη
418 739 467 765 ἐπὶ
492 739 527 773 τῇ
544 739 654 772 ἐκϐολῇ
679 740 817 767 Ἰωάννου
834 740 874 773 τῷ

120 773 239 806 πλήθει,
252 774 301 810 (ml.
325 774 391 808 περὶ
418 774 474 808 τῆς
494 776 557 801 κατ’
580 774 671 801 αὐτοῦ
696 775 743 802 διὰ
768 775 874 810 ξίφους

119 808 294 842 ἐπιϐουλῆς.

128 854 157 880 ’0
173 853 200 880 δὲ
225 846 350 889 Ἰωάννης
375 854 548 890 καθαιρεθεὶς
559 876 566 887 ,
583 855 675 882 οὐκέτι
693 855 855 891 ὲκκλησίαζε
866 864 872 870 '

1238 697 1314 725 CAP.
1334 696 1405 724 XXI.

929 743 1036 778 Quanta
1072 743 1144 770 mala
1171 743 1268 778 popqu
1297 743 1459 776 acciderim,
1486 748 1543 777 post
1572 743 1709 778 expulsum

961 777 1092 805 Joannem
1104 785 1113 804 :
1124 783 1149 805 et
1163 779 1195 805 de
1211 778 1315 805 insidii:
1330 785 1376 812 per
1388 779 1498 805 sicarios
1515 779 1539 805 ei
1554 777 1673 806 structis.

962 855 1048 883 Porro
1060 855 1189 888 Joannes,
1205 856 1341 884 sententia
1352 857 1542 892 episcoporum
1556 857 1708 892 depositus,

85 900 145 926 ἀλλ’
161 901 189 926 ἐν
211 900 250 934 τῷ
269 900 441 935 ὲπισκοπικῷ
461 901 624 936 καταγωγίῳ
637 901 743 937 ἠρέμει,
764 902 832 936 Ἤδη
849 902 866 928 δέ

946 902 961 928 d
979 902 1123 929 ecclesiam
1144 903 1261 937 amplius
1286 910 1339 929 non
1364 903 1508 937 processit,
1536 903 1583 930 sed
1601 903 1628 930 in
1650 904 1709 938 epi-

84 945 221 982 ληγούσης
243 946 293 980 τῆς
310 946 546 982 Τεσσαρακοστῆς,
565 948 624 973 κατ’
637 948 721 982 αὐτὴν
735 948 785 983 τὴν
801 948 875 983 ἱερὰν

83 991 181 1022 νύκτα,
195 992 223 1017 ὲν
270 993 286 1027 ὴ
308 992 412 1027 ὲτήσιος
427 992 506 1027 ἑορτὴ
521 993 567 1020 ἐπὶ
581 993 730 1028 ἀναμνήσει
748 993 796 1027 τῆς
811 994 876 1019 ἁνα-

84 1038 208 1069 στάσεως
232 1037 279 1063 τοῦ
305 1037 423 1073 Χριστοῦ
448 1037 622 1071 ἐπιτελεῖται,
639 1037 802 1071 ὲξωΟοῦνται
825 1038 875 1073 τῆς

90 1083 254 1118 Ἐκκλησίας
262 1084 286 1109 οἱ
294 1083 326 1109 τὰ
333 1078 416 1109 αὐτοῧ
426 1083 597 1118 φρονοῦντες,
608 1083 775 1118 ἐπιθεμένων
784 1083 874 1115 αὐτοῖς

84 1128 339 1164 ἓτιμυσταγωγοῦσι
350 1129 404 1164 (7‘2)
415 1129 585 1164 στρατιωτῶν
598 1129 643 1155 καὶ
657 1130 709 1155 τῶν
725 1129 872 1164 δυσμενῶν.

89 1175 259 1210 Ἀπροόπτου
274 1175 301 1202 δὲ
319 1175 413 1201 τούτου
434 1174 594 1210 συμϐάντος,
609 1175 692 1206 πολὺς
712 1176 775 1210 περὶ
788 1175 816 1201 τὸ
827 1176 874 1209 3a-

84 1223 246 1256 πτιστήριον
263 1222 369 1255 ἐγένετο
386 1221 510 1256 Θόρυϐος,
531 1222 647 1256 γυναίων
660 1221 708 1256 μὲν
723 1221 874 1256 μετόἰμω-

83 1270 136 1304 γῆς
157 1269 383 1304 ταραττομένων·
408 1268 521 1295 παιδίων
544 1268 576 1306 δὲ¹
600 1268 760 1294 κλαιόντων·
780 1269 873 1303 ἱερέων

83 1315 114 1340 δὲ
134 1315 181 1341 καὶ
202 1315 330 1342 διακόνων
352 1315 528 1349 τυπτομένων
548 1323 588 1346 τε,
612 1315 659 1340 καὶ
678 1314 745 1349 πρὸς
763 1314 823 1348 βίαν
837 1314 873 1346 ὡς

84 1358 159 1396 εἶχον
171 1362 309 1396 σχήματος
331 1359 524 1395 ἐλαυνομένων.
541 1360 570 1386 Τ
581 1360 648 1388 ἄλλα
662 1361 690 1387 δὲ
705 1358 748 1386 οἶα
760 1360 830 1391 εἰκὸς
840 1358 873 1395 ἧν

83 1407 210 1440 γενέσθαι
223 1408 251 1433 ὲν
261 1407 357 1442 ἀταξία
368 1407 495 1442 τοσαύτῃ,
510 1406 534 1432 οἱ
551 1406 696 1441 μυηθέντες
706 1406 755 1432 οἰκ
764 1407 874 1440 ἀγνοοῦ-

85 1461 137 1479 σιν.
161 1452 231 1485 Ἐγὼ
245 1452 273 1478 δὲ
289 1452 442 1486 ἀναγκαίως
461 1453 617 1486 σιγήσομαι,
635 1452 671 1487 μὴ
690 1452 737 1478 καὶ
752 1451 873 1487 ἀμόητός

83 1507 126 1529 τις
152 1498 250 1534 ἐντύχῃ
263 1500 295 1534 τῇ
323 1499 425 1533 γραᾳῇ.
444 1498 601 1532 Αἰσῢόμενοι
615 1497 643 1523 δὲ
666 1497 712 1524 καὶ
733 1497 762 1523 τὸ
781 1497 877 1524 λοιπὸν

83 1543 186 1578 πλῆθος
200 1544 249 1578 τὴν
260 1543 413 1578 ἐπιϐουλὴν,
429 1545 461 1579 τῇ
475 1543 604 1578 ὑστεραίᾳ
620 1542 810 1574 καταλιπόντες
823 1543 871 1578 τὴν

83 1589 243 1624 ἐκκλησίαν,
259 1590 287 1616 ὲν
312 1589 433 1624 δημοσίῳ
457 1588 561 1623 λουτρῷ
585 1588 768 1623 πολυχωρήτῳ
787 1588 868 1622 μάλα,

85 1634 274 1661 Κωνσταντίου
303 1634 349 1661 τοῦ
381 1634 510 1669 βασιλέως
541 1633 676 1668 ἐπωνύμῳ
693 1637 715 1665 ο,
732 1633 762 1659 τὸ
776 1634 870 1668 Πάσχα

84 1679 262 1712 ἐπετέλεσαν,
280 1679 331 1706 ὑπὸ
351 1679 508 1710 ἐπισκόποις
532 1678 579 1705 καὶ
604 1678 807 1713 πρεσϐυτέροις,
824 1679 872 1705 καὶ

83 1724 188 1756 λοιποῖς
214 1725 319 1756 ἄλλοις.
347 1722 386 1756 οἷς
412 1724 489 1759 Θέμις
508 1725 541 1750 τὰ
565 1724 629 1759 περ).
651 1724 700 1759 τὴν
724 1724 870 1758 ἐκκλησίαν

83 1769 187 1795 διέπειν
198 1778 203 1783 ·
215 1769 239 1795 οἳ
250 1769 282 1804 δὴ
294 1768 332 1803 τῷ
342 1768 398 1804 λαῷ
413 1769 540 1804 συνῆσαν,
554 1768 588 1794 τὰ
606 1768 729 1795 Ἰωάννου
741 1767 870 1803 φρονοῦν-

83 1823 142 1845 τες.
166 1813 318 1846 Ἐλαϐέντες
337 1814 365 1840 δὲ
389 1813 474 1845 ἔνθεν,
490 1814 619 1848 συνῆλθον
638 1814 690 1849 πρὸ
712 1813 758 1839 τοῦ
775 1814 869 1844 ἄστεος

83 1861 125 1892 εἴς
146 1868 206 1886 τινα
229 1860 325 1896 χῶρον,
345 1860 374 1886 ὂν
387 1861 589 1892 Κωνσταντῖνος
605 1861 619 1886 ὀ
635 1860 769 1894 βασιλεὺς,
787 1861 869 1895 μήπω

81 1906 134 1941 τὴν
165 1905 242 1932 πόλιν
273 1906 435 1941 συνοικήσας
455 1906 535 1942 (75),
553 1907 592 1937 είς
617 1905 782 1941 ἱπποδρόμου
805 1905 869 1931 οέαν

83 1950 217 1986 ἐκάθηρε,
236 1951 323 1984 ξύλοις
340 1951 538 1986 περιτειχίσας·
558 1951 586 1984 ἐξ
603 1950 705 1977 ἐκείνου
720 1958 749 1976 τε
764 1950 801 1985 πῆ
822 1949 870 1984 μὲν

83 1996 192 2027 ἐνθάδε,
210 1997 247 2031 πῆ
268 1996 296 2023 δὲ
313 1996 425 2032 ἑτέρωθι
441 1994 542 2034 ᾖέξῆν,
557 1996 609 2031 ἰδίᾳ.
622 1995 807 2031 ἐκκλησίαζον,
824 1995 871 2021 καὶ

90 2041 240 2069 Ἴωσννῖται
263 2041 443 2077 ὠνομάζοντο.
470 2041 537 2077 Περὶ
557 2041 585 2067 δὲ
606 2041 698 2068 τοῦτον
713 2041 758 2067 τὸν
775 2041 870 2076 χρόνον

84 2087 226 2123 ἄνθρωπός
249 2096 291 2120 τις
311 2088 444 2124 δαιμονῶν
463 2088 480 2123 ἢ
504 2087 696 2123 νομιζόμενος,
710 2087 869 2122 ἐγχειρίδιον

927 947 1031 980 Scopali
1059 947 1140 974 domo
1169 947 1279 981 quietus
1306 947 1443 974 manebat.
1470 947 1593 975 Exeunte
1619 953 1708 975 autem

926 992 1147 1025 quadragesima,
1160 992 1186 1017 in
1205 992 1262 1026 ipsa
1280 998 1358 1018 sacra
1375 996 1455 1019 nocte
1471 992 1497 1019 in
1513 1000 1567 1027 qua
1583 993 1710 1019 anniver-

926 1036 999 1062 saria
1020 1036 1153 1062 testivilas
1174 1036 1200 1062 in
1216 1036 1374 1063 memoriam
1394 1038 1603 1065 resurrectionis
1621 1038 1710 1064 donti-

926 1081 994 1107 nica:
1023 1080 1187 1112 celebratur,
1219 1081 1341 1107 fautores
1368 1081 1482 1109 Joannis
1509 1082 1647 1117 pelluntur
1675 1091 1709 1110 ex

925 1125 1051 1156 ecclesia,
1066 1125 1196 1153 militibus
1216 1130 1244 1152 et
1260 1126 1424 1159 quibusdam
1442 1126 1556 1154 Joannis
1573 1127 1708 1158 inimicis.

925 1171 951 1197 in
977 1179 1024 1198 cos
1052 1171 1180 1206 baptismi
1213 1176 1385 1198 sacramenta
1417 1173 1508 1199 adhuc
1537 1178 1708 1208 peragentes.

925 1217 1053 1251 impetmn
1078 1217 1251 1245 farieulibus.
1271 1217 1335 1250 Quae
1351 1226 1394 1246 res
1415 1226 1475 1245 cum
1499 1223 1597 1252 przeter
1611 1227 1708 1253 exspe-

924 1262 1070 1289 ctationem
1087 1262 1244 1295 accidisset,
1257 1262 1352 1297 ingens
1366 1263 1497 1290 tumultus
1509 1265 1535 1290 in
1547 1263 1708 1297 baptisterio

924 1311 1036 1334 exortus
1056 1311 1097 1334 est
1115 1317 1120 1334 :
1137 1308 1299 1335 mulieribus
1324 1308 1491 1342 ejulaulibus
1514 1317 1545 1336 ac
1570 1310 1708 1340 turbatis.

925 1353 1017 1388 pueris
1032 1353 1224 1387 plorantibus,
1242 1354 1432 1381 sacerdotibus
1452 1363 1515 1381 vero
1533 1362 1563 1381 ac
1581 1355 1710 1382 diaconis

924 1399 1129 1433 vapulantibus,
1145 1402 1172 1425 et
1188 1399 1215 1425 in
1230 1406 1262 1426 eo
1277 1407 1331 1433 quo
1348 1403 1427 1426 erant
1441 1400 1514 1427 cultu
1529 1404 1609 1434 atque
1623 1407 1707 1426 orna-

924 1448 963 1476 tu,
982 1444 1114 1471 violenter
1132 1443 1243 1478 frugalis.
1260 1445 1363 1472 leera
1376 1452 1436 1479 qua:
1454 1445 1479 1471 in
1496 1445 1630 1479 ejusmodi
1647 1453 1707 1480 per-

924 1490 1079 1517 turbatione.
1098 1491 1222 1517 cvenisse
1241 1491 1389 1518 verisimile
1404 1495 1455 1522 est,
1482 1491 1573 1518 lideles
1596 1491 1706 1526 quidem

926 1543 979 1561 non
1008 1535 1134 1570 ignorant
1159 1545 1165 1562 :
1191 1543 1243 1570 ego
1274 1543 1337 1563 vero
1366 1536 1399 1563 dc
1429 1536 1566 1563 industria
1598 1536 1709 1564 silentio

925 1581 1084 1614 praeteribo,
1108 1588 1142 1607 nc
1162 1581 1224 1615 quis
1241 1581 1311 1608 forte
1334 1582 1452 1608 nondum
1470 1582 1594 1609 initiatus
1612 1590 1643 1609 ea
1662 1582 1707 1609 hic

924 1626 993 1660 legat
1010 1626 1174 1660 conscripta.
1192 1626 1305 1660 Reliqua
1326 1631 1415 1654 autem
1440 1627 1530 1662 populi
1550 1628 1705 1659 multitudo.

924 1677 984 1696 cum
1007 1670 1124 1697 insidias
1140 1671 1338 1703 intellexisset,
1353 1672 1486 1706 postridie
1501 1672 1595 1699 relicta
1621 1673 1707 1699 eccle-

925 1715 980 1746 sia,
1003 1715 1030 1741 in
1054 1715 1165 1749 publico
1187 1717 1295 1743 lavacro
1312 1717 1458 1743 admodum
1484 1718 1616 1751 spatioso,
1633 1718 1707 1752 quod

924 1760 1097 1794 imperatoris
1112 1760 1266 1787 Constantii
1283 1761 1394 1788 nomine
1405 1766 1589 1796 nuncupatur,
1601 1761 1707 1788 Pascha

922 1806 1166 1839 celebrarunt,sub
1181 1807 1318 1840 episcopis
1328 1811 1355 1833 et
1371 1808 1547 1842 presbyteris.
1561 1811 1588 1834 et
1601 1809 1708 1834 caeteris

921 1850 1000 1885 353
1016 1851 1076 1877 aliis
1100 1851 1200 1885 quibus
1224 1859 1268 1879 res
1289 1852 1493 1879 ecclesiasticas
1512 1853 1706 1880 administrare

918 1896 965 1931 jus
983 1897 1077 1930 fasque
1093 1901 1135 1924 est
1152 1906 1158 1924 :
1176 1897 1222 1931 qui
1246 1901 1314 1929 tum,
1334 1902 1363 1924 ut
1376 1897 1475 1925 Joanni
1498 1898 1629 1931 faventes,
1642 1906 1704 1925 cum

920 1943 1022 1977 populo
1032 1943 1220 1970 versabantur.
1230 1943 1331 1970 Verum
1340 1951 1401 1970 cum
1414 1943 1476 1971 inde
1484 1944 1589 1978 expulsi
1601 1949 1703 1973 essent.

921 1991 1106 2018 convenerunt
1122 1991 1149 2017 in
1163 1990 1251 2017 locum
1259 1994 1335 2017 extra
1344 1990 1448 2021 urbem,
1465 1997 1545 2024 quem
1557 1990 1707 2025 imperator

919 2037 1125 2070 Constantinus,
1141 2037 1250 2064 civitate
1267 2035 1387 2063 nondum
1402 2035 1522 2069 condita,
1547 2035 1580 2062 ad
1600 2036 1705 2062 circen-

920 2083 990 2110 sium
1007 2083 1133 2110 ludorum
1154 2083 1339 2118 spectaculum
1355 2082 1573 2117 complanaverat
1589 2085 1616 2109 et
1628 2088 1705 2109 asse-

682 2175 816 2203 VALESII
836 2172 1108 2203 ANNOTATIONES.

121 2220 177 2257 (7|)
192 2219 609 2257 Ἐτεροὸόξωνἐνιστάμενοι.
630 2221 777 2257 _Assentior
795 2220 866 2257 Hen-

86 2255 143 2283 rico
168 2255 281 2288 Savilio,
300 2257 348 2290 qui
374 2256 406 2281 ad
434 2255 505 2282 latus
517 2256 558 2282 sui
587 2255 691 2283 codicis
712 2256 863 2288 adnotavit,

86 2293 157 2318 forte
173 2291 348 2318 scribendum
363 2297 425 2317 esse
436 2290 619 2325 ἐνιστάμενον.
636 2291 741 2318 Sensus
754 2290 862 2318 certeid

85 2328 241 2353 necessario
259 2326 387 2360 postulat.

919 2224 1058 2248 sostomus
1074 2219 1132 2253 ipse
1148 2217 1175 2244 in
1193 2217 1313 2250 Epistola
1336 2216 1370 2242 ad
1391 2216 1702 2253 Innocentiumrpapam.

917 2256 999 2282 Certe
1018 2252 1129 2281 verbum
1162 2253 1350 2288 μυπαγωγείν
1374 2260 1426 2278 non
1460 2252 1533 2279 aliud
1565 2252 1701 2286 signiﬁcat

917 2298 997 2324 quam
1026 2288 1154 2324 baptismi
1173 2292 1345 2324 sacramenta
1356 2288 1486 2324 tradere,
1503 2291 1532 2313 ut
1544 2294 1638 2324 supra
1652 2294 1701 2324 no-

919 2321 984 2352 t'avi.
997 2321 1082 2351 Porro
1095 2323 1262 2350 Sozomeuus
1290 2322 1341 2348 hoc
1356 2322 1416 2348 loco
1435 2321 1563 2349 dissentit
1585 2329 1598 2346 a
1611 2321 1700 2347 Palla-

121 2360 177 2396 (72)
191 2355 298 2393 Αὑτὸῖς
314 2361 357 2386 ἔτι
370 2360 610 2396 μυστᾳγωγοῢσι.
635 2360 693 2387 Non
718 2361 814 2396 ιιι-θυι)-
824 2360 866 2387 in-

948 2368 973 2387 o.
988 2358 1057 2396 Nam
1070 2358 1213 2396 Palladius
1234 2357 1349 2396 clericos
1368 2355 1700 2396 lunonisvigiliam'iesti

86 2394 310 2431 terpretationem
327 2395 438 2421 Suli'ridi
452 2395 542 2431 Petri,
562 2396 607 2429 qui
626 2395 665 2423 sic
682 2395 761 2431 vertit
776 2404 782 2422 :
796 2394 866 2421 Dum

85 2431 172 2457 adhuc
189 2430 320 2464 mysteriis
335 2436 505 2463 occupantur.
522 2430 662 2457 Nonenim
674 2430 706 2457 de
721 2431 866 2457 missarum

85 2465 264 2496 solemnibus,
282 2473 331 2491 nec
345 2465 378 2491 de
394 2465 564 2491 Euclvaristia
577 2465 620 2491 hic
642 2465 764 2499 loquitur
781 2464 866 2491 ὃς)Ζο-

85 2507 195 2531 menus,
207 2499 253 2526 sed
271 2500 303 2526 de
316 2503 486 2526 sacramento
499 2499 640 2533 Baptismi.
660 2500 732 2534 quod
746 2507 777 2526 ea
790 2505 867 2534 nocte

85 2535 156 2562 tradi
172 2539 362 2562 consueverat.
379 2534 465 2567 Quam
494 2534 692 2567 expositionem
721 2534 867 2561 continuat

86 2568 225 2597 Palladius
244 2570 272 2596 in
286 2569 396 2604 Dialogo
413 2569 445 2596 de
466 2569 516 2596 vita
532 2568 724 2603 Clarysostomi,
740 2574 767 2597 et
781 2569 867 2605 Chry-

918 2394 1057 2422 Pascbalis
1070 2394 1095 2420 in
1114 2393 1227 2420 thermis
1239 2391 1444 2418 Constantiauis
1458 2389 1611 2418 celebrasse
1624 2389 1700 2422 dicit,

917 2438 971 2456 non
989 2431 1014 2456 in
1034 2429 1137 2462 majore
1147 2427 1275 2456 ecclesia,
1289 2426 1514 2462 utVSozomenus.

951 2465 1007 2499 (75)
1027 2459 1085 2497 ΤὴνΖ
1099 2464 1190 2489 πόλιν
1199 2461 1402 2499 νσυνοέκήσςις.
1416 2460 1515 2487 Procul
1529 2459 1613 2499 dubio
1632 2459 1700 2486 scri-

917 2495 1032 2527 bendum
1046 2495 1088 2525 est
1102 2498 1264 2527 συνοικίσας.
1275 2495 1406 2523 Euimlem
1416 2502 1535 2522 errorem
1547 2495 1603 2530 jam
1617 2502 1700 2529 supra

916 2534 1056 2562 observavi
1077 2533 1104 2560 in
1113 2533 1165 2560 hoc
1176 2531 1256 2558 libro.

931 2581 973 2591 ω

787 2654 981 2683 VARlORUM.

119 2729 134 2744 ο
151 2726 203 2753 Ἐν
218 2727 350 2759 δημοσίῳ
374 2725 489 2759 λουτρῷ
515 2726 722 2753 Κωνσταντίου
739 2725 793 2752 τοῦ
810 2726 868 2758 βα-

85 2761 193 2793 σιλέως
206 2760 360 2794 ἐπωνύμῳ.
376 2760 509 2791 Τίιοιιηιιι,
530 2761 562 2787 de
578 2760 731 2788 Constantii
757 2761 866 2787 nomine

85 2795 260 2830 dictam-juxta
278 2796 361 2822 zedem
377 2796 569 2830 Apostolorum
585 2796 820 2829 Constantinopoli
851 2803 864 2821 a

87 2829 247 2858 Constantio
266 2830 393 2858 :editieari
409 2836 503 2866 coepta:
518 2835 582 2858 sunt
599 2837 671 2858 anno
685 2830 786 2858 Christi
802 2831 863 2862 547,

899 2731 903 2734 ·
918 2725 989 2752 sicut
1004 2725 1086 2751 tradit
1097 2728 1193 2751 auctor
1203 2722 1327 2749 Clironici
1342 2720 1514 2747 Alexandrini
1526 2719 1557 2746 ad
1571 2726 1632 2746 eum
1649 2726 1699 2745 an—

918 2767 981 2786 num
992 2782 998 2792 ,
1010 2758 1273 2794 etpostdeccnnium
1291 2755 1478 2794 ιιὺεοιιιιπιείὶο
1494 2756 1527 2794 iis
1540 2753 1697 2793 \‘itl1150crz,

907 2793 966 2821 'lib.
981 2788 1016 2821 ιν.
1032 2788 1092 2829 e'ap.
1116 2795 1142 2827 8,
1163 2798 1190 2821 et
1208 2792 1355 2820 Palladium
1376 2792 1402 2818 in
1423 2790 1480 2818 Vita
1497 2788 1694 2825 Chrysostomi,

916 2837 977 2864 pag.
990 2829 1034 2855 85.
