4128 6348
1718 410 1884 453 ANNO
1918 407 2145 459 DOMINI
2190 409 2341 451 υιι..

667 500 3353 793 DIONYSIQSjXIGUUS.

1725 841 2003 899 NOTITIA
2036 846 2124 914 (ex
2153 844 2341 913 Cave).

1901 947 2139 959 ———_

456 1005 737 1077 Dionysius
784 1003 1042 1073 Exiguus,
1092 1003 1308 1060 natione
1361 1003 1559 1075 Scytha
1579 1043 1596 1069 ,
1626 1002 1963 1073 professione
1996 1016 2041 1067 Α
2139 1002 2378 1075 Ερὶδιοια
2406 1002 2654 1073 synodica
2685 999 2747 1056 S.
2781 999 2965 1071 Cyrilli
2988 1009 3036 1053 et
3064 1000 3650 1067 conciliiAlexandrini,

384 1096 696 1161 monachus,
740 1102 796 1151 et
821 1095 986 1149 abbas
1027 1094 1329 1161 Romanus,
1357 1094 1660 1149 Cassiodori
1692 1094 1967 1151 familiaris

2073 1097 2317 1148 adversus
2359 1090 2682 1158 Nestorium,
2713 1090 2902 1144 Latine
2924 1104 3099 1144 versa.
3130 1088 3317 1143 Exstat
3363 1098 3474 1142 tum
3504 1088 3651 1157 alibi,

385 1185 606 1255 ejusque
628 1186 681 1240 in
703 1185 981 1241 dialectica
1003 1184 1323 1241 addiscenda
1337 1183 1749 1255 condiscipulus.
1768 1184 1972 1240 Claruit
2071 1194 2185 1240 tum
2213 1200 2243 1238 a
2270 1182 2495 1238 Justello
2526 1180 2670 1237 edita
2698 1196 2818 1236 cum
2842 1180 3112 1249 prioribus
3140 1177 3439 1248 Opusculis.

384 1290 527 1330 anno
554 1274 686 1331 5.35.
733 1273 878 1330 Obiit
918 1283 1043 1329 ante
1083 1276 1280 1329 annum
1311 1273 1447 1343 556,
1478 1290 1586 1345 quo
1614 1274 1970 1331 Cassiodorus

2142 1275 2385 1347 Epistula
2436 1272 2713 1327 Paschalis
2758 1271 2985 1326 l’roterii
3031 1271 3100 1323 ad
3155 1268 3414 1334 Leonem,
3461 1266 3653 1325 Latine

386 1363 579 1418 librum
606 1362 673 1418 de
695 1362 900 1417 Divinis
924 1362 1266 1418 Lectionibus
1294 1363 1511 1433 scripsit
1537 1380 1552 1418 :
1583 1378 1648 1419 ac
1669 1364 1721 1418 in
1749 1358 1817 1419 eo
1844 1363 1968 1420 Dio-
2071 1383 2250 1433 versa,
2272 1384 2378 1423 una
2400 1383 2522 1423 cum
2546 1366 2796 1438 Epistolis
2810 1366 3009 1420 duabus
3035 1365 3201 1437 ipsius
3221 1364 3410 1434 Exigui
3438 1362 3660 1435 pascha-

387 1455 594 1526 nysium
618 1454 860 1524 jamjam,
884 1456 962 1510 uti
992 1456 1088 1522 ait,
1120 1454 1432 1511 defunctum
1484 1456 1726 1526 impense
1765 1457 1970 1512 laudat.

388 1547 613 1602 Genera:
644 1548 913 1615 hodieque,
939 1548 1110 1619 inquit
1132 1548 1281 1618 (Cap.
1306 1548 1418 1617 25),
1444 1547 1677 1602 Ecclesia
1706 1547 1964 1601 catholica

386 1639 522 1692 riros
546 1638 772 1692 illustres
793 1638 1135 1709 probabilium
1160 1643 1461 1709 dogmatum
1487 1640 1669 1693 decore
1698 1640 1970 1709 fulgentes.

388 1728 513 1781 Fuit
532 1730 670 1783 enim
696 1730 887 1783 nostris
926 1728 1241 1796 temporibus
1266 1737 1315 1782 et
1358 1728 1639 1799 Dionysius
1667 1728 1971 1791 monac/ms,

385 1822 531 1874 —in
550 1828 767 1888 utraque
790 1819 967 1890 lingua
998 1820 1147 1873 valde
1180 1820 1527 1886 doctissimus,
1559 1818 1779 1873 reddens
1799 1819 1969 1871 actio-

389 1909 539 1964 nibus
565 1910 693 1974 suis,
716 1927 865 1981 quant
896 1911 949 1962 in
980 1910 1127 1962 libris
1161 1908 1367 1963 Domini
1396 1910 1611 1978 legerat,
1643 1908 1969 1979 (equitatem:

391 2000 478 2070 qui
509 1999 805 2068 Scripturas
825 1999 1027 2053 divinas
1060 2007 1203 2052 tanta
1231 2000 1530 2052 curiositate
1556 1999 1869 2052 discusserat
1894 2007 1975 2050 at-

392 2106 488 2159 que
508 2089 841 2155 intellexerat,
873 2097 998 2142 ut...
1024 2087 1149 2143 Fuit
1176 2090 1232 2142 in
1262 2089 1353 2142 illo
1374 2104 1487 2141 cum
1507 2089 1763 2158 sapientia
1784 2103 1974 2157 magna

389 2180 712 2249 simplicitas,
743 2195 857 2231 cum
878 2178 1113 2232 doctrina
1144 2178 1430 2240 humilitas,
1464 2194 1578 2231 cum
1621 2176 1869 2248 facundia
1895 2177 1974 2230 lo-

388 2270 573 2341 quendi
593 2270 839 2340 parcitas.
869 2268 1027 2324 Totus
1048 2270 1347 2335 catholicus,
1375 2279 1509 2323 totus
1536 2270 1765 2340 paternis
1786 2268 1974 2340 regulis

2076 1462 2208 1517 libus
2234 1462 2304 1515 ad
2324 1459 2627 1516 Petronium
2657 1468 2706 1513 et
2733 1459 3090 1530 Bonifacium;
3119 1457 3347 1513 habetur
3367 1458 3421 1511 in
3443 1455 3661 1526 Appen-

2078 1554 2196 1609 dice
2225 1553 2501 1608 Petaviani
2526 1553 2706 1621 operis
2726 1551 2793 1605 de
2823 1551 3064 1605 Doctrin.
3103 1549 3291 1618 Temp.

2156 1645 2279 1699 Vita
2317 1646 2378 1698 S.
2432 1641 2971 1709 Pachomii.abbutis,
3024 1640 3208 1694 Latine
3247 1656 3410 1706 versa,
3440 1648 3497 1694 et
3521 1640 3662 1695 inter

2078 1735 2229 1791 Vitas
2255 1732 2474 1787 Patrum
2509 1734 2575 1785 ab
2607 1731 2890 1787 Heriberto
2917 1730 3205 1803 Rosveydo
3227 1730 3369 1786 edita
3399 1730 3657 1800 Antverp.

2077 1824 2237 1888 1615,
2265 1823 2421 1887 16°28,
2449 1823 2675 1875 iit—folio.

2152 1915 2337 1971 Oratio
2372 1914 2551 1968 Procli
2579 1914 2643 1967 de
2692 1912 2928 1969 laudibus
2968 1911 3212 1984 Deiparw
3242 1912 3435 1983 (quam
3476 1916 3660 1966 tamen

2075 2021 2185 2062 non
2217 2006 2283 2059 ab
2313 2004 2539 2071 Exiguo,
2571 2001 2665 2056 sed
2695 2017 2724 2055 a
2754 2001 2924 2056 Mario
2952 2000 3272 2065 Mercatore,
3301 2014 3511 2055 versam
3541 2012 3663 2053 esse

2076 2093 2352 2151 contendit
2406 2090 2739 2146 Garnerius:
2789 2104 2852 2144 ac
2907 2088 3137 2157 proinde
3180 2087 3478 2143 versionem
3523 2086 3665 2141 inter

2078 2186 2231 2241 istius
2253 2199 2417 2255 opera
2446 2183 2699 2253 adjuncto
2730 2190 2879 2235 textu
2897 2180 3086 2234 Graeco
3114 2179 3435 2247 ediditpart.
3463 2193 3519 2241 ιι,
3536 2190 3658 2245 pag.

2080 2276 2200 2347 19).
2233 2275 2472 2345 Epistola
2492 2272 2724 2344 ejusdem
2765 2271 2829 2324 de
2853 2269 2986 2323 Fide
3012 2268 3082 2322 ad
3109 2270 3381 2331 Armenos,
3412 2277 3462 2319 et
3494 2267 3661 2320 altera

389 2373 770 2431 perseveranter
803 2363 1113 2433 adjunctus;
1142 2374 1192 2416 et
1228 2363 1475 2434 quidquid
1514 2372 1728 2432 possunt
1749 2362 1975 2433 legentes
2010 2372 2050 2430 Β
2081 2371 2151 2420 ad
2192 2365 2452 2419 Domuum
2492 2378 2586 2433 pro
2633 2360 2920 2414 Athanasio
2976 2358 3361 2412 Perrhenorum
3403 2354 3662 2426 episcopo,

390 2469 481 2521 per
525 2454 751 2508 diversos
774 2469 1005 2525 quatrere
1026 2493 1042 2519 ,
1073 2456 1127 2508 in
1161 2455 1300 2510 illius
1329 2456 1543 2509 scientia
1572 2452 1973 2526 cognoscebutur

390 2558 540 2610 posse
567 2543 786 2614 fulgere.

1050 2633 1301 2690 OPERA.

462 2723 706 2780 Collectio
752 2727 858 2780 sive
903 2727 1076 2780 Codex
1129 2742 1384 2781 canonum
1422 2725 1910 2790 ecclesiasticarum,
1943 2739 1972 2778 a

396 2815 684 2887 Dionysio;
734 2827 961 2887 rogante
1008 2818 1283 2887 Stephano
1336 2818 1592 2887 episcopo
1635 2815 1971 2880 Salonitano,

395 2904 584 2961 Latine
610 2922 796 2963 versus
822 2916 879 2963 et
918 2910 1328 2978 compaginatus
1347 2948 1361 2972 ,
1387 2915 1644 2962 constans
1677 2905 1976 2960 canonibus

394 3000 701 3069 apostolicis
720 2999 989 3068 prioribus
1012 2998 1078 3052 50
1107 3008 1162 3053 et
1180 2999 1479 3054 canonibus
1498 2997 1851 3052 conciliorum
1879 2996 1975 3049 Ni-

394 3089 549 3157 cacni,
569 3087 1173 3158 Constantinopolitani,
1202 3087 1676 3152 Chalcedonensis,
1699 3086 1980 3140 Sardicen-

396 3176 491 3242 sis,
510 3185 564 3231 et
588 3176 962 3231 Africanorum
1005 3176 1378 3246 quorumdam.
1413 3175 1602 3230 Exstat
1643 3174 1696 3228 in
1727 3173 1978 3229 omnibus

399 3268 750 3323 conciliorum
771 3264 1191 3331 collectionibus,
1216 3276 1271 3323 et
1290 3283 1319 3321 a
1344 3267 1569 3322 .lustello
1597 3265 1772 3321 editus
1800 3265 1970 3319 Paris.

399 3354 560 3423 1628,
593 3354 766 3422 in-8°,
808 3364 864 3410 et
904 3356 957 3410 in
984 3355 1313 3411 Bibliotheca
1343 3354 1486 3410 Juris
1522 3355 1729 3409 Canon.
1771 3362 1900 3408 tom.
1934 3351 1973 3418 Ι,

398 3462 453 3517 p.
488 3446 575 3501 97.

468 3534 713 3591 Collectio
735 3536 1057 3592 decretorum
1078 3538 1378 3608 pontiﬁcum
1405 3535 1754 3592 Romanorum
1776 3553 1809 3589 a
1838 3536 1978 3592 Siri-

398 3627 475 3680 cio
495 3626 564 3679 ad
589 3626 921 3682 Anastasium
938 3626 1019 3693 11,
1046 3636 1312 3696 quotquot
1341 3626 1562 3697 reperiri
1579 3635 1849 3696 poterant,
1873 3641 1979 3680 una

396 3731 517 3770 cum
547 3716 765 3783 epistola
795 3717 1184 3786 nuncupatoria
1224 3717 1292 3769 ad
1328 3716 1596 3769 Julianum
1624 3716 1976 3786 presbyterum

2077 2459 2269 2512 Latine
2291 2471 2488 2521 versae;
2526 2455 2793 2509 habentur
2822 2453 2876 2507 in
2915 2451 3152 2507 editione
3181 2448 3358 2505 Procli
3386 2462 3609 2519 operum
3630 2462 3663 2502 a

2078 2549 2232 2603 Vinc.
2268 2545 2533 2601 Riccardo
2561 2544 2821 2598 adornata
2852 2543 3039 2595 Romm
3064 2539 3218 2603 1650,
3246 2539 3413 2593 ἰπὶ-4ο.

2090 2616 2095 2621 ’
2156 2635 2393 2708 Gregorii
2421 2633 2471 2687 Ν
2479 2634 2650 2704 ysseni
2679 2632 2742 2685 de
2787 2631 3013 2701 Opi/icio
3037 2630 3257 2683 hominis
3288 2626 3416 2682 liber
3444 2627 3497 2680 in
3538 2625 3670 2681 duas

2077 2730 2271 2784 divisus
2320 2728 2560 2781 homilias
2581 2765 2595 2788 ,
2628 2724 2814 2778 Latine
2852 2739 3044 2778 versus.
3088 2720 3275 2775 Exstat
3304 2719 3477 2774 versio
3504 2717 3666 2771 Basil.

2080 2818 2240 2887 1562,
2270 2818 2461 2873 Colon.
2492 2815 2651 2883 1575,
2683 2814 2778 2869 sed
2821 2814 2938 2868 sine
2985 2813 3210 2882 epistola
3261 2810 3499 2881 Dionysii
3530 2825 3667 2863 nun—

2084 2911 2364 2980 cupatoria
2396 2911 2461 2964 ad
2514 2909 2848 2979 Eugyppium
2886 2907 3281 2977 presbyterum,
3315 2912 3370 2957 et
3422 2902 3673 2956 versione

2092 3001 2419 3070 praet’ationis
2448 3000 2673 3071 Nysseni
2712 3017 2724 3052 :
2758 3013 2892 3068 quas
2933 2998 3139 3067 primus
3188 2996 3242 3048 in
3295 2993 3466 3048 lucem
3506 2990 3673 3046 edidit

2081 3089 2419 3143 Mabillonius
2449 3089 2691 3143 Analect.
2734 3095 2865 3142 tom.
2892 3086 2956 3151 ll,
2977 3102 3030 3155 p.
3056 3086 3104 3139 1.

2154 3176 2395 3233 Historia
2422 3179 2731 3233 inventionis
2754 3178 2940 3247 capitis
2966 3176 3026 3232 S.
3070 3175 3296 3230 Joannis
3338 3173 3605 3244 Baptistae,
3639 3191 3672 3228 a

2085 3267 2335 3323 Marcello
2357 3266 2540 3321 abbate
2560 3265 2737 3322 Crwce
2756 3268 3069 3337 conscripta,
3093 3274 3150 3320 et
3170 3265 3236 3319 ab
3253 3264 3457 3333 Exiguo
3483 3263 3673 3318 Latine

2084 3376 2264 3424 tersa;
2289 3359 2428 3412 edita
2460 3366 2542 3411 est
2564 3373 2591 3410 a
2616 3356 2724 3411 CL.
2757 3356 2836 3410 Du
2861 3356 3064 3410 Fresne
3107 3355 3171 3408 ad
3207 3355 3408 3410 calcem
3429 3353 3672 3408 historici

2088 3457 2348 3504 tractatus
2387 3449 2453 3503 de
2498 3446 2687 3516 Capite
2716 3446 2774 3501 S.
2816 3445 3039 3501 Joannis
3081 3444 3237 3515 Bapt.
3289 3443 3457 3499 Paris.
3512 3442 3668 3507 1665,

2089 3539 2275 3595 ἱη-4υί

2145 3630 2330 3702 Cyclas
2356 3629 2629 3686 Paschalis
2670 3646 2922 3685 annorum
2970 3644 3131 3693 xcv",
3164 3627 3231 3682 ab
3260 3643 3403 3683 anno
3437 3627 3543 3682 527
3574 3627 3676 3681 ini-

2038 3754 2057 3775 η
2092 3721 2221 3775 tium
2250 3720 2490 3775 ducens:
2522 3720 2677 3788 cujus
2726 3718 3084 3789 fragmentum
3141 3718 3308 3773 habes
3351 3718 3405 3772 in
3451 3717 3675 3771 Mariani

402 3803 713 3871 Romanum,
736 3806 828 3874 qni
858 3806 1080 3876 synodis
1102 3805 1286 3860 Romae
1311 3822 1400 3860 an.
1432 3804 1538 3860 488
1572 3814 1626 3860 et
1646 3804 1752 3859 499
1791 3805 1987 3859 habilis
2020 3803 2059 3814 “’
2092 3810 2241 3865 Scoti
2265 3808 2534 3865 Chronico
2561 3810 2628 3864 ad
2656 3825 2783 3863 ann.
2832 3809 2956 3863 527.
2988 3807 3046 3862 In
3101 3808 3206 3862 hoc
3241 3807 3394 3879 cyclo
3443 3821 3615 3863 annos
3643 3821 3675 3860 a

398 3894 733 3964 subscripsit.
784 3893 977 3950 Exstat
1016 3896 1068 3949 in
1115 3910 1436 3964 unaquaque
1477 3894 1842 3950 Conciliorutn
1868 3894 1985 3948 edi-

400 3987 568 4053 tione,
600 3994 654 4041 et
683 4001 713 4040 a
760 3985 985 4041 Justello
1008 4002 1110 4041 una
1138 4003 1258 4041 cum
1306 3986 1504 4043 Codice
1532 4001 1798 4043 canonum
1842 3986 1986 4041 edita

402 4074 570 4130 Paris.
597 4075 756 4139 1628,
780 4074 940 4143 in-8",
958 4084 1012 4131 et
1039 4077 1089 4130 in
1104 4075 1431 4133 Bibliotheca
1452 4075 1595 4132 luris
1618 4075 1825 4131 Canon.
1851 4084 1981 4130 tom.

403 4163 446 4231 1,
477 4180 531 4233 p.
566 4164 684 4217 181.

2087 3902 2290 3958 Christi
2349 3902 2724 3957 [incarnatione
2771 3902 3074 3959 numeravit
3122 3901 3408 3973 Dionysius
3448 3917 3461 3952 :
3514 3907 3677 3967 atque

2078 3994 2249 4048 istam
2275 4008 2439 4048 atram
2469 3984 2678 4063 primus.
2719 3994 2958 4048 omnium
2992 3993 3146 4047 annis
3192 3991 3545 4062 supputandis
3579 3989 3673 4043 ad-

2091 4084 2284 4141 hibuit.

415 4294 482 4306 —'—
488 4275 1732 4309 ———-————-———__—__——_—__U_I
1736 4275 2199 4308 _______—____....III
2202 4297 2954 4306 Μ
2960 4268 3671 4310 ᾗ

412 4294 2199 4309 ’.Μ-ψ..

1120 4398 1518 4544 PARS
1647 4398 2141 4504 PRIMA
2272 4397 2960 4504 OPERUM.

689 4551 1199 4766 OPEBA
1275 4577 2482 4768 DOGMAMET
2549 4640 3383 4785 CANONICA.

1528 4818 2588 4998 summu—Mitti

793 5052 900 5153 S.
957 5054 1466 5157 CYRILLI
1526 5054 1687 5155 ET
1765 5051 2320 5158 CONCILII
2397 5049 3290 5159 ALEXANDRINI

678 5236 681 5239 '
1485 5211 1917 5284 CONTRA
1979 5211 2612 5285 NESTORIUM

1360 5340 1393 5380 Δ
1433 5338 1475 5380 ι)
1504 5338 1726 5382 ONYSlO
1765 5337 2003 5382 EXIGUO
2058 5338 2287 5381 LATINE
2333 5341 2721 5384 TRANSLATA.

1908 5424 2168 5439 ———

805 5450 1171 5509 PRAEFATIO
1207 5452 1558 5515 EPISTOLE

704 5555 749 5597 Β.
789 5559 999 5601 οὶηιιιι
1034 5563 1392 5603 ALEXANDRINI
1431 5567 1681 5610 EPISCOPI.

484 5628 706 5689 Domino
735 5633 1048 5693 beatissimo
1076 5638 1219 5692 Patri
1248 5636 1409 5695 Petro
1430 5642 1681 5716 episcopo
1702 5645 1984 5721 Dionysius

412 5719 648 5792 Exiguus
676 5724 729 5779 in
759 5725 988 5782 Domino
1018 5729 1265 5783 salutem.

847 5819 1120 5883 Pnaoc.
1157 5822 1406 5889 LXVII.

2015 5471 2070 5532 D
2163 5465 2549 5523 Beneficiorum
2578 5476 2877 5523 vestrorum
2901 5483 3129 5539 memor,
3153 5468 3475 5525 venerabilis
3489 5467 3673 5537 Pater,

2088 5566 2143 5614 et
2171 5558 2467 5614 antistitum
2489 5556 2688 5612 Christi
2710 5558 2871 5613 decus
2893 5560 3183 5628 egregium,
3207 5574 3525 5629 semperque
3546 5567 3674 5613 ante

2090 5649 2278 5703 oculos
2306 5648 2501 5703 mentis
2531 5662 2809 5719 apponens
2856 5657 3043 5705 sancta
3078 5650 3526 5703 nutrimentorum
3547 5660 3673 5699 ves-

2092 5747 2299 5796 trorum
2347 5739 2520 5795 studia
2550 5753 2580 5792 a
2610 5740 2833 5811 parvulo
2874 5742 3002 5797 mihi
3051 5742 3317 5813 depensa,
3355 5751 3475 5807 qua:
3528 5733 3672 5788 nulla

3206 5832 3233 5890 1
