4128 6348
459 320 518 377 Η
1732 320 1885 376 DION
1895 320 1992 376 YSI
2002 320 2085 377 US
2124 321 2441 381 EXIGUUS.
3673 334 3740 390 1:!

452 433 625 505 spatia
656 434 896 490 locorum
924 444 1173 506 poterunt
1206 435 1534 501 ublittcrare,
1570 436 1651 488 vel
1695 443 2033 505 temporum:
2071 442 2114 497 A
2145 440 2391 505 structio,
2420 449 2644 513 pr0pter
2691 458 2786 497 eos
2820 444 2909 513 qui
2960 460 3065 499 non
3109 447 3475 503 contentionis
3526 464 3734 517 amore,

451 540 634 595 qumro
662 525 837 581 vicem
868 528 1069 582 referre
1097 528 1299 596 gratim,
1326 540 1492 596 quam
1524 542 1609 581 me
1650 528 1768 581 scio
1801 528 2038 595 reperire

450 630 557 669 non
584 629 763 684 posse.
789 614 895 670 Sed
940 618 1064 686 quia
1096 618 1414 687 plerumque
1440 616 1718 687 perﬁcitur
1740 626 1866 672 voto
1888 618 2041 687 quod

450 707 638 763 deesse
666 708 878 763 videtur
905 709 1103 774 olﬁeio,
1135 710 1458 766 desiderium
1485 710 1632 780 quod
1654 723 1779 781 erga
1808 720 2039 765 vestram

449 802 826 871 paternitatem
854 803 1054 871 jugiter
1080 817 1233 871 gero,
1275 818 1384 871 quo
1434 818 1651 871 possum
1711 804 1889 856 studio
1918 818 2045 872 pan-

448 893 578 948 dere
608 910 715 948 non
740 894 965 961 desisto,
998 902 1158 964 atque
1193 894 1312 949 ideo
1344 894 1497 949 vobis
1523 895 1805 964 epistolam
1834 894 2043 965 synodi-

448 999 568 1038 eam
618 985 790 1039 sancti
835 984 1019 1057 Cyrilli
1074 985 1420 1040 Alexandrini
1468 985 1740 1055 pontilicis
1790 984 2041 1038 Nestorio

446 1073 719 1140 qttondatn
766 1074 1377 1143 Constantinopolitana:
1424 1075 1572 1129 urbis
1601 1075 1857 1143 episcopo
1887 1073 2044 1127 desti-

447 1172 649 1229 natam,
681 1166 767 1220 eui
789 1165 1075 1221 duodecim
1106 1174 1232 1221 sunt
1266 1167 1504 1222 admixta
1534 1166 1767 1235 capitula
1797 1166 2043 1234 blasphe-

445 1254 565 1309 miae
594 1254 835 1325 ejusdem
877 1256 1109 1311 Nestorii
1138 1258 1238 1312 sub
1268 1258 1630 1313 anathematis
1664 1258 2041 1313 obsecratione

444 1344 757 1401 damnantia
793 1363 806 1399 :
835 1362 996 1415 quam
1042 1363 1210 1417 nuper
1239 1348 1305 1403 de
1332 1348 1523 1403 Graeco
1559 1348 1609 1402 in
1650 1347 1897 1403 Latinum
1927 1349 2043 1404 elo-

442 1436 628 1504 quinm
661 1437 942 1501 transtuli,
995 1454 1091 1506 per
1134 1446 1507 1492 veneratorctn
1544 1447 1780 1493 vestrum
1822 1438 2037 1492 fratrem

443 1527 757 1580 Sane-tutum
786 1526 1048 1581 destinavi
1084 1546 1096 1579 :
1127 1539 1490 1597 opportunmn
1514 1544 1734 1599 prorsus
1771 1529 1874 1583 hoc
1904 1536 2040 1582 tem-

443 1631 577 1685 pore
607 1618 946 1685 existimans,
976 1633 1086 1687 quo
1132 1620 1265 1673 tanti
1309 1620 1550 1702 doctoris
1580 1620 1875 1689 apostolica
1909 1618 2039 1675 ﬁdes

442 1707 642 1762 Gnrcis
677 1707 993 1777 jamdudum
1024 1710 1161 1763 bene
1187 1718 1487 1778 comperta,
1519 1709 1615 1764 sed
1649 1708 1893 1778 ignorata
1933 1707 2038 1762 La-

2143 531 2238 584 sed
2260 532 2489 600 quadam
2512 534 2855 603 simplicitate
2886 535 3161 603 falluntur,
3185 538 3311 607 quia
3339 554 3481 609 szepe
3512 544 3738 612 contigit

2145 630 2202 674 ut
2234 622 2507 692 aspirante
2547 624 2657 679 Deo
2696 626 2912 679 veritati
2962 627 3308 682 commodent
3350 630 3587 686 studium
3643 636 3736 703 qui

2145 714 2427 770 mendacio
2460 716 2739 786 praebuere
2764 733 3110 772 consensum.
3136 718 3417 775 Memorati
3441 737 3570 791 ergo
3589 725 3735 780 beati

2143 803 2328 876 Cyrilli
2359 807 2558 877 scripta
2586 809 2873 877 praesentia
2901 809 3149 864 eumdem
3163 809 3467 866 Nestorium
3491 828 3737 870 commo-

2146 905 2294 961 nent,
2323 906 2381 952 ut
2408 899 2738 966 unigenitum
2770 900 2863 954 Dei
2893 900 3085 954 Filium
3109 900 3177 955 de
3206 899 3367 956 Patre
3396 911 3581 957 natum
3612 915 3737 960 ante

2149 986 2331 1041 omnia
2358 989 2572 1053 stecula,
2604 988 2955 1059 ejusdemque
2993 991 3146 1059 cujus
3167 1000 3252 1047 est
3275 990 3435 1046 Pater
3457 996 3733 1059 essentize,

2146 1077 2237 1145 qui
2260 1087 2482 1147 propter
2502 1086 2741 1132 nostram
2770 1079 2999 1133 salutem
3031 1080 3404 1145 descendit,et
3431 1082 3737 1139 incarnatus

2146 1177 2228 1223 est
2249 1167 2317 1222 de
2334 1168 2537 1238 Spiritu
2563 1177 2773 1235 sancto,
2801 1185 2867 1224 ex
2886 1170 3050 1224 Maria
3074 1170 3438 1238 V'irgine,non
3468 1174 3659 1229 audeat
3678 1176 3730 1229 in

2144 1260 2281 1315 duos
2321 1261 2591 1327 dividere,
2641 1277 2740 1317 nec
2780 1262 2942 1317 solita
2972 1261 3268 1317 calliditate
3297 1263 3731 1332 conjunctionem

2145 1346 2452 1415 quamdam,
2480 1356 2534 1401 et
2558 1348 2875 1402 societatem
2904 1348 3000 1401 Dei
3050 1354 3104 1401 et
3142 1348 3378 1402 hominis
3422 1364 3733 1405 asseverare

2146 1438 2382 1492 nitatur:
2412 1453 2531 1506 qu:e
2562 1439 2820 1493 vocabula
2850 1439 2995 1493 nulla
3032 1439 3313 1509 utriusque
3366 1450 3570 1494 natura:
3599 1443 3733 1497 inse-

2144 1528 2434 1597 parabilem
2461 1529 2740 1594 unitatem,
2775 1544 2877 1584 nec
2900 1530 3327 1597 singularitatem
3354 1546 3621 1600 personae,
3646 1534 3731 1588 vel

2154 1627 2302 1673 certe
2346 1618 2705 1674 subsistentire
2730 1618 2847 1673 Filii
2871 1620 2965 1673 Dei
2987 1621 3053 1674 ab
3074 1635 3139 1675 eo
3170 1621 3379 1688 prolata
3405 1620 3729 1689 signiﬁcant,

2142 1710 2237 1765 sed
2265 1710 2371 1765 duo
2420 1710 2666 1779 quzedam
2697 1710 2783 1764 vel
2814 1711 2965 1780 plura
3014 1711 3209 1780 potius;
3232 1701 3343 1765 Sub
3372 1712 3475 1766 hac
3504 1712 3731 1767 istorum

445 1797 571 1851 tinis
593 1798 1170 1854 hactenusinnotescat
1196 1816 1209 1851 :
1232 1808 1287 1851 ut
1309 1799 1624 1853 Nestoriana
1648 1800 1794 1854 labes
1820 1800 2037 1854 eviden-
2075 1812 2115 1869 Β
2143 1802 2418 1856 hominum
2449 1802 2735 1855 occasione
2771 1802 3163 1867 demonstrant,
3194 1802 3618 1872 sceleratamque
3642 1805 3727 1859 di-

444 1898 527 1944 ter
548 1901 869 1959 agnoscatur
890 1892 957 1946 ab
986 1891 1310 1955 hominibus,
1343 1901 1399 1946 et
1431 1908 1527 1961 pro
1567 1907 1664 1946 sua
1694 1892 2031 1958 malignitate

440 1980 638 2034 utet-ito
662 1991 965 2049 respuatur,
1012 1996 1133 2049 qua:
1162 1982 1260 2036 sub
1290 1990 1554 2051 pnetextu
1585 1980 1706 2035 fidei
1750 1979 2031 2049 perﬁdiam

445 2072 718 2127 insinuare
745 2089 865 2127 .uon
906 2073 1133 2139 desinit,
1179 2083 1233 2127 ct
1280 2074 1460 2128 furore
1498 2072 1721 2127 Judaico
1750 2072 1951 2141 pariter
1982 2081 2034 2125 et

442 2177 628 2218 errore
659 2164 1097 2232 tranquillitatem
1128 2165 1409 2221 catholicze
1440 2164 1697 2219 Eeclesim
1725 2172 1841 2218 toto
1873 2172 2039 2217 terra-

441 2253 714 2307 rtvnorbc
754 2234 958 2308 ditiusze
991 2256 1208 2310 turbare
1232 2257 1537 2311 contendit.
1575 2256 1640 2310 Et
1683 2256 1806 2311 licet
1833 2256 2035 2325 optimc

443 2343 847 2413 ttovcrimqttod
875 2354 1143 2415 priccepta
1175 2347 1409 2401 salubria
1441 2347 1752 2417 nequissimi
1790 2348 2035 2402 homines

441 2432 710 2490 hostiliter
730 2434 978 2502 audiant,
1017 2451 1223 2505 suaque
1251 2437 1560 2507 dependere
1603 2439 1829 2493 consilia
1861 2454 2029 2507 prava

440 2526 726 2607 persistant
748 2544 779 2592 ;.
808 2536 985 2583 tamen
1016 2528 1315 2584 omittenda
1346 2546 1453 2584 non
1482 2540 1565 2585 est
1592 2530 1927 2598 quantalibet
1955 2530 2036 2584 in-

2139 1895 2403 1949 visionem
2457 1901 2564 1947 tam
2607 1894 2796 1947 nefarii
2850 1893 3116 1961 dogmatis
3170 1894 3442 1959 conditor,
3468 1910 3572 1962 qua
3612 1885 3730 1963 ejus

2142 1983 2439 2053 impiissimi
2461 1991 2759 2037 sectatores
2779 1982 3039 2050 dignitate
3054 1983 3284 2051 quadam
3311 1993 3365 2037 et
3386 1986 3727 2050 auctoritate,

2141 2090 2241 2128 nec
2265 2090 2369 2127 non
2394 2081 2448 2127 et
2474 2073 2739 2127 relatione
2772 2074 2849 2127 sic
2877 2081 2933 2127 ut
2978 2073 3079 2141 ipsi
3109 2073 3381 2143 desipiunt
3405 2087 3730 2132 connectere

2140 2166 2455 2219 moltuntur.
2484 2164 2589 2217 Sed
2616 2163 2729 2233 jam
2760 2164 2951 2218 melius
2980 2164 3080 2217 ista
3106 2179 3249 2234 smpe
3278 2166 3404 2220 dicti
3435 2165 3610 2223 Patris
3637 2182 3725 2222 as~

2137 2258 2376 2312 sertione
2421 2257 2748 2326 pandantur,
2804 2256 3149 2312 beatitudinis
3204 2268 3394 2311 vestra:
3447 2257 3727 2312 catholicae

2140 2363 2328 2416 pacem
2385 2346 2754 2414 redintegrare
2802 2346 3086 2415 prepitius,
3138 2362 3346 2417 nosque
3391 2349 3442 2404 in
3473 2348 3726 2406 membris

2138 2442 2254 2508 ejus
2285 2441 2475 2495 vestris
2497 2439 2745 2509 precibus
2770 2437 3042 2493 custodire
3066 2439 3333 2507 dignetur.

1140 2757 1519 2818 EPISTOLA
1558 2757 1619 2817 S.
1670 2757 1992 2817 CYRILLI
2038 2755 2593 2816 ALEXANDIHNI
2637 2754 3015 2829 EPISCOPI,

472 2876 744 2919 DIﬂECTA
795 2874 1456 2928 Νεδτοιιιοηρυοκωιι
1512 2873 2293 2918 (ξοδεπικτιυιοιιοιιΤΑΝιΕ
2353 2872 2538 2914 L‘RBIS
2590 2871 2912 2929 EPISCOPO,
2970 2871 3298 2918 DUODEOlM
3344 2875 3694 2923 CONTINBNS

1626 2974 1837 3016 ANATH
1850 2973 2152 3017 EMATISMI
2198 2971 2451 3013 CAPITUI
2474 2975 2530 3015 Δ.

1991 3079 2172 3095 -η

505 3162 735 3218 Domino
776 3170 966 3217 sancto
1021 3160 1169 3216 fratri
1219 3160 1467 3217 Nestorio
1504 3161 1761 3231 episcopo
1789 3159 2019 3231 Cyrillus
2050 3163 2093 3225 C
2126 3166 2249 3227 gata
2276 3166 2378 3216 est.
2402 3158 2737 3234 _pr:esidente
2765 3160 3106 3215 sanct'ssimo
3147 3158 3312 3216 fratre
3352 3168 3407 3217 et
3433 3176 3721 3220 consacer-

436 3253 741 3324 opiscopns,
772 3260 827 3308 et
855 3265 975 3321 qum
1003 3261 1255 3306 convenit
1277 3253 1422 3320 apud
1452 3250 1832 3305 Alexandriam
1860 3266 2025 3321 syno-

426 3331 535 3421 jlus
560 3360 627 3401 ex
651 3343 904 3415 .‘Egyptia
930 3342 1150 3399 diceeesi
1183 3344 1233 3398 in
1266 3343 1492 3398 Domino
1523 3344 1773 3397 salutem.

433 3484 437 3488 .
503 3439 640 3492 Cum
684 3434 935 3492 Salvator
983 3446 1167 3491 noster
1216 3446 1403 3507 aperte
1454 3437 1766 3506 pronuntiet
1804 3436 2021 3498 dicens,

435 3530 536 3594 Qui
557 3530 726 3600 diligit
770 3537 969 3598 patrem
994 3536 1082 3580 aut
1121 3537 1337 3581 matrem
1368 3544 1520 3597 super
1547 3544 1645 3592 me,
1698 3544 1799 3581 non
1828 3538 1903 3580 est
1932 3542 2015 3579 me

427 3622 658 3692 dignus;
689 3627 737 3672 et
766 3619 853 3690 qui
880 3618 1049 3687 diligit
1094 3618 1262 3687 [ilium
1293 3629 1381 3670 aut
1412 3619 1577 3687 ﬁliam
1607 3634 1760 3687 super
1784 3635 1883 3683 me,
1921 3634 2023 3671 non

430 3722 506 3767 est
536 3727 615 3766 me
642 3712 832 3783 dignus
862 3727 880 3763 :
912 3709 1039 3778 quid
1073 3724 1171 3764 nos
1202 3709 1466 3779 patientur
1492 3709 1581 3778 qui
1621 3709 1965 3777 deposcimus
1994 3725 2023 3763 a

432 3792 524 3859 tua
574 3803 834 3873 religione
865 3812 923 3856 ttt
967 3811 1018 3857 te
1049 3817 1213 3872 super
1238 3801 1510 3856 Christum
1541 3801 1878 3855 Salvatorem
1909 3817 2026 3855 om-

432 3898 581 3953 nium
603 3896 930 3965 diligamus?
957 3894 1087 3961 Quis
1107 3894 1261 3949 enim
1311 3894 1463 3949 nobis
1488 3893 1547 3947 in
1575 3891 1863 3961 diejudicii
1895 3893 2022 3947 sub-

429 3991 616 4045 venire
639 3989 855 4061 poterit,
880 3996 972 4042 aut
1000 4003 1162 4057 quam
1191 3986 1560 4041 satisfactione
1584 4004 1613 4038 ιι
1645 3987 1885 4055 reperire
1916 4002 2026 4056 .po-

431 4082 677 4145 terimus,
716 4080 788 4134 ita
844 4079 1159 4133 diuturnum
1210 4079 1482 4134 silentium
1528 4078 1595 4132 de
1642 4077 1867 4147 prolatis
1911 4086 2026 4133 ate

430 4182 620 4229 contra
647 4189 769 4228 eum
794 4172 1141 4242 blasphemiis
1163 4173 1536 4227 continentes?
1553 4169 1735 4224 Etiam
1760 4171 2023 4239 siquidem

430 4272 484 4319 te
519 4263 890 4319 tantummodo
944 4263 1196 4328 ltederes,
1238 4264 1440 4318 docens
1484 4264 1586 4318 ista
1632 4262 1716 4317 vel
1762 4263 2023 4329 sentiens,

427 4355 735 4412 sollicitudo
761 4354 916 4411 nobis
960 4352 1137 4409 minor
1180 4354 1439 4409 existeret
1472 4371 1484 4406 :
1539 4368 1660 4407 cum
1692 4369 1820 4408 vero
1852 4360 2026 4407 totam

426 4443 879 4499 scandalizaveris
922 4442 1255 4508 Ecclesiam,
1296 4453 1352 4498 et
1416 4443 1736 4498 fermentum
1796 4444 2027 4498 insolita:

2133 3250 2263 3304 dote
2286 3258 2474 3304 nostro
2503 3249 2796 3323 Coelestino
2824 3252 3099 3320 episcopo,
3126 3250 3209 3306 his
3234 3253 3448 3322 scriptis
3474 3254 3586 3322 jam
3606 3262 3718 3309 ter-

2129 3342 2204 3395 tio
2230 3342 2600 3406 convenimus,
2626 3343 2911 3397 consilium
2954 3344 3145 3397 dantes
3176 3352 3232 3395 ut
3263 3352 3317 3397 te
3340 3359 3369 3397 a
3403 3353 3510 3398 tam
3541 3346 3720 3416 pravis

2128 3433 2400 3487 abstineas
2442 3432 2800 3500 distortisque
2842 3433 3199 3500 dogmatibus,
3248 3447 3365 3501 qua:
3411 3443 3465 3488 et
3518 3435 3719 3490 sentire

2126 3524 2486 3589 cognosceris,
2518 3531 2575 3578 et
2603 3524 2815 3578 docere.
2852 3523 3103 3593 Recipias
3132 3540 3260 3580 vero
3306 3523 3464 3580 ﬁdem
3513 3535 3717 3582 rectam

2127 3610 2380 3668 Eeclesiis
2427 3627 2525 3682 per
2550 3612 2890 3667 beatissimos
2917 3613 3202 3681 apostolos
3256 3622 3311 3668 et
3357 3615 3721 3684 evangelitas

2126 3702 2193 3756 ab
2224 3702 2674 3770 initio-traditam,
2705 3702 2797 3770 qui
2826 3710 2881 3757 et
2926 3704 3099 3758 oculis
3126 3704 3502 3773 inspexerunt,
3523 3713 3589 3759 et
3614 3706 3718 3758 tui-

2129 3793 2281 3846 nistri
2311 3792 2461 3846 verbi
2484 3783 2653 3845 fuisse
2682 3800 3074 3847 monstrantur.
3109 3793 3265 3859 Quod
3308 3795 3352 3849 si
3401 3795 3505 3849 hoc
3531 3794 3719 3863 religio

2128 3894 2215 3938 tua
2247 3884 2425 3939 facere
2454 3884 2744 3949 distulerit,
2765 3881 2917 3951 juxta
2943 3885 3253 3939 dilationem
3278 3887 3468 3940 litteris
3482 3884 3718 3955 praeﬁni-

2126 3986 2234 4031 tam
2279 3976 2602 4032 sanctissimi
2627 3985 2683 4031 et
2706 3975 3152 4030 venerandissimi
3189 3976 3594 4030 consacerdotis
3619 3992 3718 4030 no-

2126 4068 2222 4122 stri
2266 4067 2526 4122 Romam:
2568 4067 2812 4135 pnesulis
2850 4065 3102 4121 Ecclesiae
3148 4064 3424 4120 Cuclestini
3454 4083 3466 4119 :
3500 4066 3638 4122 scias
3664 4074 3718 4120 te

2127 4161 2327 4214 nullam
2355 4170 2557 4215 sortem
2591 4160 2792 4215 habere
2822 4160 3122 4227 nobiscutn,
3155 4175 3255 4215 nec
3280 4160 3460 4217 locum
3488 4169 3582 4216 aut
3606 4162 3719 4217 col-

2127 4253 2365 4322 loquium
2389 4267 2567 4307 meum
2594 4251 2663 4306 de
2686 4244 3059 4306 sa'cerdotibus
3082 4260 3137 4307 et
3158 4253 3428 4323 episcopis
3448 4254 3714 4309 obtinere:

2118 4360 2232 4398 non
2263 4345 2406 4398 enim
2456 4344 2534 4397 fas
2564 4351 2645 4397 est
2674 4350 3025 4396 contemnere
3055 4357 3153 4395 nos
3191 4341 3460 4397 Ecclesias
3506 4342 3578 4395 ita
3610 4352 3718 4395 tur-

2125 4436 2297 4491 batas.
2337 4442 2400 4488 et
2431 4432 2824 4488 scandalizatos
2865 4432 3135 4501 populos,
3172 4430 3436 4498 fidemque
3482 4432 3718 4486 rectissi-

404 4535 709 4605 .pravitatis
738 4542 792 4589 et
810 4550 971 4589 nova:
992 4535 1211 4591 haeresis
1240 4535 1525 4591 miscueris
1553 4536 1605 4590 in
1642 4538 1876 4606 populis,
1915 4553 2019 4590 non

2134 4540 2267 4578 mam
2290 4525 2575 4591 violatam,
2633 4522 2948 4589 dissipatum
2979 4521 3273 4589 quinetiam
3309 4535 3527 4589 gregem
3556 4539 3717 4593 quem

433 4633 638 4678 tantum
683 4622 888 4680 ibidem
931 4625 1147 4696 positis,
1194 4624 1291 4680 sed
1332 4624 1529 4695 ubique
1579 4627 2016 4683 consistentibus.

428 4715 562 4768 Nam
594 4720 809 4769 tuarum
852 4715 1252 4785 expositionum
1283 4715 1404 4769 libri
1436 4730 1534 4785 per
1574 4725 1770 4772 cuncta
1819 4720 2017 4785 vu'gati

428 4814 701 4876 suntqute
730 4821 894 4876 super
922 4817 1108 4860 nostro
1131 4805 1346 4862 silentio
1376 4807 1512 4861 ultra
1544 4807 1630 4861 vel
1656 4808 2021 4862 excusationis

428 4911 611 4951 sermo
640 4896 890 4963 sufﬁciat,
922 4904 1016 4950 aut
1040 4897 1317 4967 quomodo
1349 4913 1454 4952 non
1485 4912 1708 4953 necesse
1735 4898 1806 4955 sit
1834 4896 2019 4952 memi—

415 4988 576 5050 nisse
603 4986 801 5043 Christi
831 4987 1041 5046 Domini
1078 4990 1157 5046 sic
1189 4989 1453 5046 dicentis:
1489 4988 1613 5043 Non
1651 4992 1842 5059 putetis
1883 4990 2019 5059 quod

426 5079 652 5134 venerim
679 5094 859 5151 pacem
884 5081 1100 5135 mittere
1133 5081 1194 5136 ‘in
1240 5089 1427 5135 terram
1446 5121 1461 5148 ,
1492 5079 1586 5133 sed
1608 5079 1873 5151 gladium;
1904 5080 2021 5133 veni

342 5200 349 5213 ι
427 5171 563 5223 enim
606 5186 851 5239 separare
888 5169 1146 5224 hominem
1174 5171 1417 5224 adversus
1447 5180 1646 5241 patrem
1682 5184 1853 5230 suum,
1877 5178 1927 5223 et
1952 5170 2019 5238 ﬁ-

427 5258 552 5312 liam
582 5260 826 5316 adversus
868 5270 1086 5316 matrem
1116 5276 1297 5315 suam.
1320 5259 1451 5315 Nam
1479 5276 1599 5314 cum
1631 5258 1841 5313 lteditur
1864 5258 2011 5321 ﬁdes,

428 5357 717 5419 parentum
759 5354 1064 5406 reverentia
1090 5351 1240 5405 velut
1266 5350 1467 5404 inutilis
1490 5358 1544 5404 et
1570 5347 1871 5418 periculosa
1916 5348 2015 5402 de-

348 5487 351 5491 .
429 5440 685 5511 spicitur,
716 5450 773 5497 et
802 5456 954 5498 amor
987 5456 1113 5512 erga
1164 5440 1302 5497 ﬁlios
1337 5440 1635 5509 fratresque
1667 5439 1869 5492 vitatur
1902 5454 1916 5492 :
1949 5440 2015 5493 ad

428 5539 764 5602 postremum
786 5548 948 5603 super
969 5533 1137 5602 ipsam
1153 5530 1318 5586 vitam
1341 5545 1487 5585 mors
1507 5530 1685 5599 potius
1710 5544 1740 5583 a
1764 5529 1868 5599 piis
1890 5530 2017 5585 viris

429 5621 663 5692 eligitur,
692 5632 751 5679 ut
776 5623 1053 5679 meliorem
1085 5621 1557 5685 resurrectionem,
1588 5620 1728 5676 sicut
1754 5622 2016 5695 scriptum

427 5724 531 5781 est,
563 5722 982 5783 consequantur.
1007 5712 1145 5768 Ecce
1184 5714 1451 5784 itaquete
1487 5713 1645 5769 simul
1670 5729 1793 5770 cum
1826 5724 2016 5772 sancta

421 5805 686 5880 synodus,
717 5819 833 5875 quae
861 5803 1001 5875 apud
1032 5803 1265 5875 amplam
1296 5805 1479 5861 urbem
1523 5805 1752 5862 Romam
1785 5818 2017 5876 congre-

2130 4614 2401 4669 custodire
2428 4614 2712 4679 debueras,
2739 4619 2795 4667 et
2810 4610 2965 4680 juxta
2996 4628 3095 4666 nos
3125 4618 3395 4666 amatores
3420 4614 3553 4667 recti
3583 4614 3716 4682 dog-

2131 4705 2288 4760 matis
2317 4706 2633 4771 exstitisses,
2667 4713 2722 4759 et
2769 4712 3078 4759 sanctorum
3130 4702 3346 4757 Patrum
3378 4707 3600 4774 vestigia
3629 4709 3716 4777 pia

2128 4807 2469 4854 consectans.
2500 4797 2698 4852 Omnes
2744 4797 2926 4864 itaque
2968 4810 3127 4863 quos,
3158 4803 3382 4864 propter
3407 4796 3595 4863 ﬁdem,
3630 4806 3714 4852 tua

2128 4870 2320 4961 religio
2349 4907 2377 4945 a
2415 4886 2791 4945 communione
2821 4885 3069 4949 removit,
3104 4894 3195 4939 aut
3224 4901 3254 4940 a
3284 4901 3384 4942 suo
3407 4889 3597 4944 ordine
3625 4888 3717 4944 de-

2129 4982 2326 5054 posuit,
2362 4980 2526 5032 laicos
2549 4987 2602 5031 et
2630 4975 2873 5039 clericos,
2922 4975 2973 5029 in
3016 4983 3197 5029 nostra
3221 4978 3603 5034 communione
3631 4994 3714 5033 re-

2128 5071 2399 5140 cepimus,
2441 5083 2548 5123 non
2591 5065 2799 5135 justum
2829 5072 2913 5118 est
2939 5079 3033 5120 eos
3061 5065 3165 5119 tuis
3193 5066 3426 5124 decretis
3464 5069 3712 5139 opprimi,

2126 5161 2216 5228 qui
2245 5167 2514 5216 noverunt
2538 5166 2682 5213 recta
2712 5156 2936 5221 sentire,
2965 5156 3057 5226 qui
3086 5157 3249 5212 etiam
3293 5159 3430 5214 bene
3458 5159 3716 5214 facientes

2127 5250 2219 5303 tibi
2243 5248 2657 5318 prudentissime
2697 5247 3017 5302 restiterunt
3045 5264 3058 5300 :
3091 5247 3198 5303 hoc
3237 5247 3376 5302 idem
3402 5263 3633 5317 namque
3662 5249 3715 5302 in

2123 5339 2353 5409 epistola
2398 5353 2559 5408 quam
2609 5337 2801 5392 misisti
2848 5337 2917 5392 ad
2955 5338 3238 5408 praesulem
3292 5338 3482 5408 amplae
3532 5338 3715 5394 Roma:

2124 5442 2372 5489 sanctum
2399 5441 2455 5487 et
2475 5431 2859 5503 coepiscOpum
2896 5438 3139 5485 nostrum
3170 5429 3519 5485 leestinum
3546 5432 3715 5499 signi-

2127 5525 2289 5581 ﬁcare
2315 5522 2513 5581 curasti
2550 5540 2562 5577 :
2598 5538 2705 5578 non
2752 5530 2932 5577 autem
2972 5516 3170 5573 sufﬁcit
3200 5527 3303 5573 tute
3347 5521 3593 5588 religioni
3623 5537 3716 5576 so-

2128 5616 2403 5673 lummodo
2436 5614 2554 5671 ﬁdei
2598 5613 2903 5688 symbolum
2940 5608 3209 5676 conﬁteri,
3240 5610 3383 5677 quod
3414 5612 3716 5679 expositum

2126 5722 2209 5768 est
2239 5727 2334 5782 per
2362 5710 2504 5765 idem
2538 5718 2776 5778 tempus,
2807 5702 2978 5758 sancti
3001 5700 3233 5772 Spiritus
3264 5702 3534 5770 largitate,
3560 5718 3590 5757 a
3619 5717 3687 5759 ve

2129 5802 2365 5861 nerando
2392 5811 2448 5858 et
2470 5815 2665 5871 magno
2688 5795 2917 5852 concilio
2937 5792 3084 5863 apud
3110 5792 3341 5850 Nicaeam
3365 5803 3713 5862 congregato;
