4128 6348
401 337 472 395 IS
1380 327 1712 390 EPISTOLA
1747 326 2084 387 SYNODICA
2118 328 2175 387 S.
2217 325 2511 401 CVRILLI,
2535 325 2687 387 ETC.
3588 326 3663 385 ιι

398 455 505 511 hoc
528 449 675 510 enim
698 462 799 509 nec
825 447 1156 515 intellexisti,
1182 462 1283 506 nec
1308 457 1458 507 recte
1485 450 1869 519 interpretatus
1895 462 1980 514 es,
2010 452 2061 511 Α
2085 442 2473 516 plenitudinem
2500 443 2716 500 deitatis
2736 442 3113 515 corporaliter,
3144 448 3383 503 attamen
3411 443 3666 515 intelligi-

396 543 641 614 quinimo
660 556 929 612 perversa:
963 541 1089 596 licet
1111 554 1248 595 sono
1273 540 1422 596 vocis
1449 539 1639 595 eadem
1667 538 1830 593 verba
1855 552 1984 608 pro-

398 635 609 697 tuleris,
637 632 732 690 sed
778 644 1114 700 consequens
1142 638 1228 687 est
1274 641 1331 686 et
1371 628 1724 699 jurejurando
1753 628 1985 683 faterite

398 724 545 796 quod
570 722 994 779 anathematizes
1022 720 1180 778 fidem
1203 729 1348 777 tuam
1371 720 1655 791 pollutam,
1684 726 1741 774 et
1761 719 1985 789 profana

398 817 724 873 documenta
747 827 855 884 qua
881 812 1049 871 sentis
1070 819 1125 868 et
1139 810 1335 868 doceas
1355 824 1595 881 qu:e_nos
1618 810 1852 866 universi
1872 809 1985 865 sive

399 923 499 980 per
524 904 820 970 Orientem,
850 917 948 959 seu
978 917 1075 974 per
1100 900 1444 959 Occidentem
1469 900 1707 971 episcopi
1730 908 1786 955 et
1815 899 1985 978 magi-

400 999 500 1055 stri
546 996 907 1068 praesulesque
934 988 1274 1066 populorum,
1302 992 1571 1050 credimus
1615 1001 1671 1048 et
1706 990 1982 1047 docemus.

404 1086 660 1157 Epistolis
688 1092 868 1141 autem
884 1085 951 1139 ab
975 1083 1303 1141 Alexandria
1334 1091 1437 1138 tua:
1464 1082 1716 1152 religioni
1743 1082 1981 1148 directis,

400 1174 653 1232 Ecclesizn
672 1188 994 1230 consensum
1016 1173 1264 1246 praebuit,
1288 1180 1395 1228 tant
1419 1188 1483 1229 ea
1503 1186 1622 1243 qua:
1636 1172 1777 1244 apud
1799 1172 1987 1228 urbem

400 1262 629 1322 Romam
659 1264 913 1320 convenit
961 1272 1147 1320 sancta
1174 1264 1430 1334 synodus,
1461 1278 1623 1334 quam
1676 1263 1839 1319 etiam
1891 1278 1988 1319 nos

398 1371 588 1414 omnes
616 1356 762 1412 velut
812 1362 960 1411 recte
1013 1353 1600 1425 interpretahiliterque
1647 1352 1985 1424 conscriptis.

398 1446 745 1504 Subdidimus
773 1455 957 1502 autem
997 1446 1081 1502 his
1107 1446 1308 1501 nostris
1335 1446 1529 1501 litteris
1551 1461 1671 1515 qua:
1707 1454 1758 1501 te
1786 1446 1989 1503 sentire

400 1547 619 1610 oportet
647 1545 702 1593 et
731 1537 947 1604 docere,
997 1544 1053 1593 et
1076 1553 1106 1591 a
1136 1537 1332 1608 quibus
1363 1536 1637 1593 abstinere
1679 1537 1985 1592 conveniat.

402 1626 528 1684 llzec
550 1636 633 1683 est
657 1626 802 1683 enim
825 1624 955 1682 fides
976 1626 1259 1682 catholica:
1294 1636 1348 1681 et
1370 1625 1683 1697 apostolicae
1711 1624 1986 1691 Ecclesiae,

400 1722 491 1778 cui
518 1720 700 1777 cuncti
723 1720 1069 1777 consentiunt
1098 1718 1385 1775 orthodoxi
1415 1734 1513 1789 per
1542 1718 1816 1775 Orientem
1842 1718 1991 1776 Occi-

2084 550 2206 591 mus
2236 549 2382 598 eum,
2406 533 2551 604 quod
2574 549 2701 590 caro
2724 532 2917 602 factus,
2942 550 3050 592 non
3078 535 3218 593 sicut
3246 536 3301 592 in
3328 536 3531 593 sanctis
3575 536 3667 591 ha-

2087 625 2257 681 bitare
2303 626 2531 692 dicatur,
2582 640 2684 683 nec
2734 626 2896 683 talem
2945 627 2999 683 in
3029 628 3146 699 ipso
3174 628 3562 685 habitationem
3586 628 3668 684 fa-

2084 727 2227 774 ctam
2257 717 2482 773 delinire
2507 717 2849 783 tentavimus,
2901 717 2996 774 sed
3021 718 3200 773 unitus
3218 716 3371 788 juxta
3397 727 3664 785 naturam,

2085 822 2187 863 nec
2213 808 2266 862 in
2291 822 2506 863 carnem
2551 808 2762 877 penitus
2789 815 3149 865 commutatus
3179 809 3340 864 talem
3389 809 3491 865 sibi
3541 810 3671 865 fecit

2085 897 2472 953 habitationem
2502 897 2717 967 qualem
2738 905 2795 953 et
2819 898 2997 952 anima
3022 897 3254 955 hominis
3297 899 3498 955 habere
3546 912 3669 955 cre-

2086 989 2230 1045 ditur
2250 988 2315 1044 ad
2344 989 2623 1060 proprium
2652 1003 2871 1060 corpus.
2898 986 3046 1045 Unus
3086 989 3247 1061 igitur
3296 999 3382 1046 est
3426 990 3671 1048 Christus

2087 1082 2253 1138 Filius
2292 1081 2548 1138 Dominus
2574 1089 2757 1137 noster
2782 1096 2892 1137 non
2921 1082 3068 1137 velut
3093 1081 3472 1152 conjunctione
3493 1082 3670 1152 quali-

2086 1176 2200 1241 bet,
2232 1175 2367 1231 utin
2390 1175 2597 1230 unitate
2624 1173 2899 1242 dignitatis
2946 1182 3001 1228 et
3052 1174 3391 1230 auctoritatis
3437 1173 3672 1229 hominis
3726 1238 3735 1241 μ

2087 1264 2334 1322 habentis
2356 1265 2422 1320 ad
2446 1266 2652 1320 Deum:
2688 1280 2797 1320 non
2825 1266 2968 1321 enim
3015 1272 3195 1334 potest
3249 1265 3402 1319 unire
3452 1272 3673 1320 naturas

2088 1356 2205 1413 sola
2232 1355 2507 1426 dignitatis
2534 1356 2835 1426 mqualitas.
2865 1354 3107 1425 Denique
3137 1354 3329 1410 Petrus
3355 1364 3410 1411 et
3437 1353 3673 1410 Joannes

2087 1447 2308 1518 aequalis
2335 1454 2462 1503 sunt
2505 1446 2765 1503 alteruter
2809 1445 3104 1518 dignitatis,
3153 1453 3376 1517 propter
3421 1443 3566 1515 quod
3618 1450 3675 1500 et

2056 1542 2059 1545 ’
2088 1535 2317 1609 apostoli
2347 1545 2404 1593 et
2425 1537 2596 1592 sancti
2619 1536 2865 1607 discipuli
2886 1551 3008 1593 esse
3028 1542 3397 1593 monstrantur
3422 1553 3435 1589 :
3470 1549 3675 1590 verum—
3733 1528 3739 1534 ’

2088 1636 2290 1694 tamen,
2319 1635 2545 1698 uterque
2572 1642 2680 1683 non
2708 1642 2847 1683 unus
2872 1634 2977 1695 est,
3010 1641 3108 1681 nec
3127 1625 3281 1695 juxta
3305 1624 3673 1692 collationem,

2091 1717 2176 1774 vel
2204 1718 2615 1783 connexionem,
2648 1716 2867 1773 modum
2890 1716 3284 1785 conjunctionis
3312 1715 3671 1770 advertimus:

401 1810 722 1881 dentemque
736 1808 1392 1880 pontiliceszCredimusin
1409 1824 1574 1863 unum
1590 1808 1758 1864 Deum
1769 1807 1985 1864 Patrem
2018 1825 2066 1887 Β
2092 1808 2196 1863 hoc
2214 1806 2358 1863 enim
2384 1807 2451 1862 ad
2479 1807 2738 1861 unitatem
2767 1821 2875 1861 non
2905 1804 3105 1862 suﬂicit
3123 1804 3443 1869 naturalem,
3466 1817 3568 1859 nec
3586 1817 3676 1858 se-

402 1903 845 1973 omnipotentem,
870 1911 925 1956 et
953 1899 1478 1970 cmtera.Sequentes
1499 1900 1679 1969 itaque
1695 1913 1791 1970 per
1804 1899 1987 1957 omnia

408 2000 716 2048 sanctorum
741 1999 1035 2063 martyrum
1057 1989 1441 2056 confessiones,
1465 2005 1620 2060 quas,
1652 1988 1907 2061 loquente
1933 1990 1987 2047 in

407 2081 488 2137 eis
501 2089 687 2136 sancto
701 2080 922 2151 Spiritu,
941 2078 1304 2150 protulerunt,
1328 2086 1382 2133 et
1395 2078 1680 2134 intentioni
1696 2094 1815 2155 qua:
1839 2079 1986 2135 estin

404 2187 589 2227 eorum
617 2170 1000 2237 intellectibus,
1028 2170 1197 2241 aequis
1224 2170 1463 2239 vestigiis
1510 2170 1835 2225 inhmrentes
1855 2209 1870 2237 ,
1901 2178 1987 2226 at-

401 2276 508 2331 que
530 2261 634 2316 iter
662 2260 999 2316 ambulantes
1028 2259 1257 2328 regium,
1289 2259 1605 2329 protitemur
1626 2259 1769 2329 quod
1814 2260 1986 2329 ipsum

402 2350 739 2419 unigenitum
768 2349 862 2405 Dei
893 2348 1147 2415 Verbum,
1181 2348 1466 2403 Dominum
1516 2357 1703 2403 natum
1753 2365 1821 2404 ex
1873 2350 1987 2420 ipsa

402 2440 579 2497 Patris
602 2441 862 2509 essentia,
889 2440 956 2496 de
986 2440 1097 2496 Deo
1126 2455 1257 2496 vero
1286 2440 1429 2496 Deus
1471 2455 1653 2510 verus,
1698 2441 1876 2497 lumen
1920 2442 1989 2499 de

402 2531 623 2598 lumine,
653 2546 752 2602 per
790 2546 951 2603 quem
982 2530 1162 2586 omnia
1201 2530 1341 2586 facta
1368 2538 1514 2597 sunt,
1547 2531 1660 2588 sive
1707 2532 1762 2587 in
1814 2532 1984 2600 caelis,

401 2620 547 2677 sive.
566 2622 620 2676 in
662 2630 825 2687 terra,
874 2620 1064 2676 salutis
1113 2628 1313 2675 nostrae
1361 2634 1524 2676 causa
1563 2620 1893 2679 descendens
1920 2622 1989 2679 ad

403 2710 828 2765 exinanitionem
856 2723 978 2765 esse
1006 2709 1253 2779 dignatus
1275 2718 1358 2765 est
1387 2709 1646 2766 inclinare
1674 2728 1687 2765 :
1738 2713 1987 2767 incarnao

405 2811 491 2859 tus
515 2811 697 2859 autem
727 2810 782 2858 et
810 2803 973 2858 homo
1000 2802 1189 2868 factus,
1224 2801 1276 2857 id
1304 2811 1387 2858 est
1415 2816 1634 2858 carnem
1662 2801 1729 2857 de
1772 2802 1991 2874 Virgine

402 2905 590 2952 sancta
622 2895 941 2966 suscipiens,
975 2909 1200 2965 eamque
1222 2895 1493 2967 propriam
1523 2894 1745 2961 faciens,
1790 2895 1988 2951 nativi-

404 2995 574 3043 tatem
600 2995 840 3042 nostrani
868 3000 938 3042 ex
964 2985 1121 3041 vulva
1150 2986 1423 3050 sustinuit,
1452 2985 1617 3042 homo
1645 2986 1712 3041 de
1766 2985 1991 3042 muliere

404 3078 722 3148 procedens,
751 3091 849 3133 nec
876 3074 1020 3147 quod
1041 3083 1156 3131 erat
1184 3076 1460 3146 abjiciens.
1495 3076 1629 3130 Nam
1669 3075 1794 3131 licet
1814 3075 1989 3131 factus

2088 1898 2321 1955 cundum
2350 1897 2778 1969 partieipationis
2803 1897 3071 1963 allectum,
3104 1896 3243 1953 sicut
3269 1911 3369 1952 nos
3394 1897 3555 1952 etiam
3578 1894 3672 1950 ad-

2088 1989 2356 2047 hzerentes
2377 1991 2628 2057 Domino,
2652 2004 2790 2045 unus
2821 2005 2944 2045 cum
2968 2004 3035 2045 eo
3068 1988 3287 2059 spiritus
3314 2002 3527 2056 sumus,
3565 1980 3699 2043 imo

2088 2081 2270 2154 potius
2297 2080 2697 2150 conjunctionis
2726 2096 2925 2137 nomen
2946 2082 3229 2145 evitamus,
3261 2090 3513 2151 tanquam
3565 2094 3678 2134 non

2089 2176 2330 2231 existens
2354 2174 2605 2229 idoneum
2636 2172 2781 2242 quod
2810 2171 3077 2242 signiticet
3125 2172 3347 2227 unitatis
3375 2186 3630 2227 arcanum
3653 2189 3672 2224 ι

2087 2264 2185 2321 sed
2215 2277 2389 2333 neque
2417 2261 2587 2319 Deum
2613 2271 2706 2317 aut
2752 2262 3037 2317 Dominum
3066 2261 3267 2316 Christi
3295 2261 3529 2317 Verbum
3578 2259 3677 2315 Dei

2090 2353 2270 2409 Patris
2292 2353 2603 2420 asserimus,
2636 2366 2704 2408 ne
2735 2353 2928 2407 iterum
2950 2351 3285 2407 manifestius
3307 2352 3362 2406 in
3409 2351 3516 2408 duo
3542 2350 3678 2406 divi-

2088 2446 2278 2503 damus
2301 2461 2465 2501 unum
2494 2444 2768 2500 Christum
2791 2444 2985 2499 Filium
3011 2454 3067 2499 et
3091 2445 3395 2509 Dominum,
3419 2452 3474 2499 et
3496 2443 3548 2499 in
3571 2442 3679 2500 cri-

2090 2551 2212 2593 men
2241 2534 2510 2605 sacrilegii
2534 2534 2857 2602 recidamus,
2875 2534 3043 2591 Deum
3066 2535 3140 2589 illi
3163 2534 3399 2605 seipsum
3419 2533 3679 2591 facientes

2089 2635 2143 2685 et
2173 2626 2476 2683 Dominum.
2511 2624 2704 2681 Unitus
2729 2627 2946 2697 quippe,
2982 2627 3119 2681 sicut
3141 2629 3386 2697 superius
3414 2626 3676 2694 diximus,

2090 2718 2233 2775 Deus
2261 2717 2498 2774 Verbum
2540 2717 2689 2772 carni
2734 2717 3029 2773 secundum
3066 2717 3501 2781 subsistentiam,
3534 2716 3680 2771 Deus

2089 2809 2305 2879 quidem
2333 2816 2417 2864 est
2430 2808 2668 2864 omnium
2699 2807 3077 2864 etdominatur
3101 2809 3680 2875 universitati,verum-

2089 2908 2268 2955 tamen
2294 2913 2393 2955 nec
2406 2914 2591 2955 servus
2618 2907 2673 2954 et
2697 2899 2799 2953 sibi
2848 2900 2983 2969 ipse,
3012 2914 3111 2955 nec
3137 2900 3534 2970 dominus,quia
3564 2902 3681 2955 ine-

2089 3001 2238 3063 ptum
2251 3001 2333 3048 est
2344 2991 2426 3047 vel
2442 2991 2619 3062 potius
2632 2991 2849 3060 impium
2863 2991 2967 3046 hoc
2978 2992 3178 3047 sentire
3188 2992 3273 3047 vel
3284 2991 3682 3058 dicere.Quam-

2091 3086 2170 3142 vis
2183 3085 2325 3141 enim
2342 3086 2506 3141 Deum
2522 3100 2675 3140 suum
2694 3093 2899 3154 patrem
2917 3083 3133 3154 dixerit,
3147 3099 3268 3139 cum
3282 3084 3421 3139 Deus
3435 3085 3502 3140 sit
3516 3085 3681 3140 etiam

404 3172 475 3227 εῖι
503 3170 557 3226 in
587 3169 947 3239 assumptione
975 3168 1152 3225 Carnis
1186 3176 1241 3222 ει
1266 3166 1560 3236 εεηιειιῖηίε,
1596 3174 1775 3222 tamen
1822 3166 1986 3222 ﬁliam
2017 3197 2063 3260 ρ
2095 3178 2209 3249 ipse
2251 3172 2468 3241 natura,
2522 3183 2577 3231 et
2625 3175 2694 3231 de
2718 3175 2858 3230 illius
2884 3174 3136 3240 essentia,
3168 3183 3346 3229 tamen
3376 3174 3681 3229 nullatenus

406 3264 487 3320 sic
514 3262 658 3332 quod
679 3269 794 3317 erat
821 3260 980 3324 Deus,
1012 3269 1203 3316 natura
1250 3260 1458 3315 scilicet
1479 3267 1535 3315 et
1586 3259 1813 3315 veritate
1864 3273 1989 3330 per-

404 3353 628 3411 sistens.
654 3350 764 3408 Nec
791 3367 1011 3408 carnem
1058 3352 1238 3423 itaque
1268 3351 1494 3406 dicimus
1522 3348 1576 3404 in
1607 3358 1853 3404 naturam
1878 3350 1993 3406 dei-

407 3445 536 3501 tatis
563 3459 686 3501 esse
705 3459 1049 3509 conversam,
1076 3460 1179 3501 nec
1202 3444 1261 3500 in
1302 3442 1656 3500 substantiam
1694 3450 1992 3498 commuta-

407 3546 558 3593 tam:
606 3538 1031 3594 inconvertibilis
1086 3537 1289 3593 etenim
1320 3544 1405 3593 est
1432 3543 1491 3591 et
1516 3533 1995 3602 incommutabilis,

408 3629 659 3699 idemque
706 3629 821 3699 ipse
867 3628 1022 3699 juxta
1065 3627 1376 3700 Scripturas
1418 3627 1618 3697 jngiter
1650 3641 1991 3697 permanens.

409 3720 567 3775 Visus
588 3728 671 3775 est
697 3728 878 3776 autem
907 3728 962 3775 et
1006 3720 1276 3791 parvulus,
1326 3718 1420 3776 sed
1470 3718 1680 3790 positus
1726 3719 1901 3774 adhuc
1938 3719 1993 3774 in

409 3810 690 3867 cunabulis
706 3818 760 3865 et
787 3811 841 3865 in
863 3810 1067 3866 sinibus
1086 3810 1362 3881 genitricis
1383 3810 1619 3879 Virginis
1646 3811 1990 3876 constitutus,

410 3900 718 3956 universam
740 3910 1042 3957 creaturam
1062 3902 1325 3973 replebat,
1382 3908 1442 3956 ut
1470 3901 1611 3956 Deus
1636 3901 1865 3970 genitori
1896 3917 1997 3971 suo

411 3990 674 4047 indivisus
693 3992 962 4059 existens;
994 3992 1137 4062 quod
1162 3991 1399 4047 divinum
1427 4000 1510 4047 est
1535 3991 1676 4047 enim
1696 3991 1813 4047 sine
1832 4007 1999 4061 quan-

413 4079 566 4136 titate
606 4088 662 4135 et
716 4080 835 4135 sine
874 4080 1014 4136 mole
1050 4082 1415 4150 cognoscitur,
1446 4095 1569 4154 \nec
1606 4080 1725 4135 ullis
1755 4079 1997 4136 terminis

412 4171 739 4226 continetur.
762 4169 984 4226 Unitum
1028 4184 1156 4239 ergo
1184 4185 1345 4225 carne
1378 4170 1609 4225 Verbum
1640 4169 1755 4233 Dei.
1805 4184 1996 4225 secun—

415 4260 540 4316 dum
555 4261 910 4317 substantiam
934 4260 1276 4326 confitentes,
1311 4264 1475 4315 unum
1496 4261 1782 4316 adoramus
1803 4258 1995 4314 Filium

416 4360 472 4408 ct
500 4352 781 4408 Dominum
803 4352 985 4409 Jesum
1012 4352 1306 4419 Christum,
1338 4367 1445 4408 non
1467 4366 1708 4407 seorsum
1731 4358 1998 4422 ponentes

417 4454 475 4501 et
497 4446 915 4502 determinantes
944 4446 1216 4501 hominem
1242 4454 1298 4501 et
1348 4444 1517 4499 Deum
1568 4443 1717 4499 velut
1770 4442 1998 4499 invicem

2093 3266 2401 3335 ignoramus
2436 3264 2581 3335 quod
2608 3279 2831 3319 manens
2862 3264 3022 3328 Deus,
3053 3263 3216 3319 homo
3244 3278 3459 3333 quoque
3504 3265 3683 3320 factus

2092 3348 2189 3421 sit,
2212 3355 2304 3425 qui
2325 3355 2425 3412 sub
2454 3355 2565 3410 Deo
2588 3354 2743 3425 juxta
2765 3354 3002 3410 debitam
3052 3354 3222 3423 legem
3252 3362 3444 3409 natura
3491 3355 3681 3411 huma-

2094 3451 2276 3506 nitatis
2296 3449 2570 3515 existeret,
2597 3448 2711 3517 ipse
2742 3462 2869 3502 vero
2897 3445 2999 3501 sibi
3042 3445 3128 3500 vel
3164 3446 3302 3501 Deus
3323 3454 3537 3516 poterat
3562 3460 3684 3502 esse

2094 3540 2178 3596 vel
2205 3540 2498 3595 Dominus:
2529 3551 2657 3606 ergo
2685 3538 2825 3592 sicut
2852 3536 3015 3592 homo
3055 3544 3259 3605 quanto
3286 3536 3541 3592 decenter
3565 3536 3682 3592 exi-

2094 3630 2386 3685 nanitionis
2412 3642 2676 3683 mensurae
2702 3627 2969 3695 congruit,
3011 3627 3110 3682 sub
3138 3625 3251 3682 Deo
3298 3641 3359 3683 se
3401 3627 3683 3682 nobiscum

2095 3735 2214 3776 esse
2241 3718 2493 3775 disseruit
2512 3759 2528 3785 ,
2558 3717 2663 3773 hoc
2711 3717 2871 3772 etiam
2902 3715 3064 3771 modo
3092 3715 3191 3770 sub
3234 3715 3351 3785 lege
3379 3714 3551 3771 factus
3576 3725 3680 3783 est,

2094 3812 2341 3884 quamvis
2383 3812 2499 3881 ipse
2545 3809 2967 3880 promulgaverit
3019 3807 3213 3878 legem,
3239 3817 3295 3863 et
3323 3808 3598 3877 legislator
3626 3818 3685 3864 ut

2099 3902 2238 3957 Deus
2281 3898 2862 3956 exstiterit..Cavemus
2915 3910 3095 3954 autem
3123 3897 3191 3953 de
3216 3895 3432 3953 Christo
3479 3898 3682 3966 dicere,

2098 3992 2325 4064 PrOpter
2350 3998 2712 4047 assumentem
2739 4004 2971 4045 veneror
2997 3996 3347 4059 assumptum,
3379 3997 3435 4044 et
3462 3997 3686 4063 propter

2099 4085 2416 4143 invisibilem
2468 4084 2636 4139 adoro
2683 4083 2967 4137 visibilem.
2997 4079 3334 4138 Horrendum
3365 4097 3493 4137 vero
3521 4096 3687 4152 super

2097 4177 2203 4232 hoc
2228 4176 2389 4230 etiam
2419 4174 2543 4229 illud
2572 4172 2826 4241 adjicere,
2859 4172 2907 4226 is
2931 4171 3023 4242 qui
3047 4178 3328 4241 susceptus
3365 4178 3448 4227 est
3468 4186 3587 4227 cum
3616 4186 3685 4227 eo

2099 4267 2189 4338 qui
2215 4265 2451 4335 suscepit
2476 4262 2622 4333 quod
2651 4270 2991 4332 nuncupatur
3017 4260 3198 4316 Deus:
3248 4262 3339 4331 qui
3383 4262 3526 4317 enim
3569 4261 3689 4319 haec

2100 4358 2249 4423 dicit,
2281 4354 2471 4411 dividit
2497 4355 2694 4410 iterum
2718 4352 2774 4407 in
2801 4351 2936 4408 duos
2982 4350 3245 4419 Christos,
3277 4367 3401 4409 eum
3424 4353 3518 4425 qui
3546 4370 3687 4409 unus

2100 4460 2203 4519 est,
2237 4449 2508 4505 hominem
2550 4461 2795 4503 seorsum
2838 4446 2893 4500 in
2930 4453 3083 4516 parte
3106 4486 3122 4515 ,
3162 4453 3218 4502 et
3246 4446 3411 4502 Deum
3440 4447 3690 4503 similiter

418 4539 520 4596 sibi
574 4540 847 4611 dignitatis
900 4547 957 4596 et
1010 4539 1348 4596 auctoritatis
1394 4538 1601 4601 unitate
1627 4537 1950 4606 conjunctos
1980 4554 1994 4591 :
2027 4566 2080 4627 D
2106 4541 2157 4595 in
2185 4547 2337 4612 parte
2363 4537 2715 4595 constituens.
2739 4534 3031 4592 Evidenter
3076 4536 3221 4591 enim
3267 4537 3470 4593 dividet
3510 4540 3690 4595 unita-

420 4630 523 4687 hoc
541 4632 682 4687 enim
711 4632 922 4687 novitas
944 4632 1094 4686 vocis
1122 4638 1223 4697 est,
1248 4637 1303 4685 et
1323 4628 1467 4683 aliud
1508 4627 1661 4683 nihil.
1714 4626 1825 4682 Nec
1869 4627 1999 4681 item

419 4722 693 4779 Christum
716 4723 1020 4795 specialiter
1040 4722 1378 4777 nominantes
1400 4720 1566 4775 Deum
1583 4718 1841 4783 Verbum,
1854 4715 1999 4787 quod

422 4838 491 4877 ex
516 4822 645 4885 Deo,
676 4831 809 4891 etc.,
840 4837 939 4879 nec
966 4822 1192 4878 alterum
1217 4820 1463 4875 similiter
1490 4818 1759 4875 Christum
1789 4816 2000 4887 specia-

424 4912 550 4967 liter
592 4914 682 4981 qui
728 4913 796 4969 de
842 4913 1067 4969 muliere
1089 4919 1267 4979 natus,
1324 4920 1411 4966 etc
1434 4948 1450 4975 ,
1479 4910 1573 4965 sed
1604 4901 1767 4963 unum
1796 4908 2004 4963 solum-

428 5009 591 5065 modo
617 5009 888 5068 Christum
908 5012 1005 5068 Dei
1033 5012 1207 5067 Patris
1235 5010 1471 5067 Verbum
1498 5025 1620 5065 eum
1646 5009 1862 5079 propria
1888 5022 2006 5063 car-

428 5125 499 5166 ne
524 5109 931 5180 cognoscimus:
958 5118 1086 5167 tunc
1122 5111 1267 5167 enim
1295 5110 1458 5167 etiam
1501 5108 1655 5179 juxta
1682 5123 1781 5163 nos
1810 5115 2005 5163 unctus

427 5218 532 5278 est,
552 5209 798 5283 quamvis
825 5210 1067 5280 spiritum
1095 5211 1269 5281 dignis
1294 5211 1410 5283 ipse
1437 5209 1743 5278 contulerit,
1803 5216 1859 5266 et
1897 5225 2004 5265 non

429 5312 495 5366 ad
514 5326 843 5379 mensuram,
866 5310 1006 5366 sicut
1031 5312 1220 5367 beatus
1255 5311 1582 5383 evangelista
1632 5309 1867 5366 Joannes
1921 5325 2006 5365 as-

431 5415 616 5471 seruit.
640 5412 746 5470 Sed
770 5428 870 5469 nec
898 5412 1024 5468 illud
1052 5413 1277 5470 dicimus
1299 5414 1443 5483 quod
1471 5413 1567 5469 Dei
1595 5411 1834 5468 Verbum
1862 5412 2013 5467 velut

433 5516 486 5571 in
506 5515 725 5572 homine
751 5514 1038 5581 communi,
1070 5514 1161 5587 qui
1183 5513 1249 5569 de
1270 5523 1455 5569 sancta
1481 5513 1701 5584 Virgine
1728 5521 1886 5568 natus
1908 5521 2009 5578 est,

435 5617 705 5684 habitarit,
731 5632 799 5673 ne
827 5616 996 5672 Deum
1030 5616 1190 5671 homo
1216 5615 1462 5672 Christus
1491 5617 1854 5671 habitatorem
1882 5630 2012 5687 pos-

433 5716 611 5773 sidere
640 5716 903 5772 credatur.
936 5714 1190 5782 Quamvis
1218 5712 1361 5769 enim
1404 5711 1631 5768 Verbum
1691 5713 2011 5769 habitaverit

437 5820 492 5878 in
520 5817 696 5887 nobis,
719 5825 775 5873 et
816 5816 1016 5871 dictum
1046 5816 1118 5873 sit
1147 5815 1198 5872 in
1230 5813 1443 5875 Christo
1497 5812 1744 5871 habitare
1791 5828 2005 5871 onmem

2104 4642 2233 4697 tem,
2289 4629 2435 4700 quod
2488 4644 2597 4685 non
2649 4628 2786 4684 alter
2830 4642 2952 4683 cum
3002 4628 3171 4683 altero
3202 4628 3543 4696 coadoratur,
3596 4639 3690 4686 aut

2103 4722 2247 4793 quod
2271 4728 2607 4791 nuncupatur
2636 4719 2797 4787 Deus,
2822 4719 2917 4775 sed
2943 4735 3080 4775 unus
3106 4719 3424 4790 intelligitur
3447 4720 3689 4778 Christus

2102 4812 2258 4870 lesus
2283 4813 2378 4868 Dei
2405 4810 2590 4877 Filius,
2622 4810 2969 4880 unigenitus,
2992 4826 3096 4864 una
3125 4811 3385 4867 servitute
3408 4828 3530 4868 cum
3560 4828 3690 4883 pro-

2106 4902 2223 4973 pria
2252 4915 2415 4957 carne
2444 4897 2804 4956 venerandus.
2828 4897 3163 4955 Coulitemur
3182 4900 3342 4955 etiam
3373 4902 3517 4972 quod
3545 4902 3689 4957 idem

2106 4994 2221 5064 ipse
2262 4992 2354 5063 qui
2401 5005 2469 5046 ex
2524 4990 2636 5045 Deo
2685 4988 2846 5045 Patre
2898 4998 3055 5045 natus
3083 4998 3166 5046 est
3192 4990 3357 5047 Filius
3384 4993 3691 5062 unigenitus

2108 5086 2269 5150 Deus,
2301 5082 2427 5139 licet
2451 5082 2606 5152 juxta
2634 5089 2880 5137 naturam
2912 5096 3063 5136 suam
3092 5096 3286 5153 expers
3306 5082 3573 5153 passionis
3593 5098 3695 5138 ex-

2106 5177 2326 5246 stiterit,
2355 5193 2453 5248 pro
2482 5175 2636 5232 nobis
2674 5184 2854 5232 tamen
2895 5174 3186 5232 secundum
3213 5174 3521 5245 Scripturas
3565 5191 3691 5247 per-

2110 5286 2299 5343 pessus
2325 5273 2416 5339 sit,
2439 5278 2494 5325 et
2514 5278 2633 5326 erat
2660 5269 2717 5325 in
2737 5284 2898 5326 cruce
2926 5268 3032 5325 fixo
3060 5283 3290 5339 corpore
3310 5269 3543 5338 propria:
3570 5285 3691 5325 car-

2112 5363 2195 5418 nis
2224 5360 2621 5433 impassibiliter
2647 5360 2715 5416 ad
2761 5375 2821 5417 se
2871 5358 3112 5414 referens
3167 5358 3444 5428 passiones
3475 5376 3488 5412 :
3518 5360 3690 5429 gratia

2114 5467 2244 5509 vero
2272 5452 2385 5519 Dei,
2417 5467 2517 5522 pro
2542 5451 2791 5507 omnibus
2822 5450 3055 5521 gustavit
3092 5457 3342 5516 mortem,
3375 5450 3595 5506 tradens
3637 5451 3691 5505 ei

2114 5542 2387 5614 proprium
2416 5556 2630 5612 corpus,
2661 5541 2905 5610 quamvis
2934 5541 3251 5597 naturaliter
3275 5542 3389 5611 ipse
3412 5543 3517 5597 vita
3546 5545 3614 5598 sit
3633 5552 3691 5598 et

2114 5632 2433 5687 resurrectio
2453 5638 2807 5684 mortuorum.
2832 5628 2965 5683 Nam
2988 5638 3045 5684 ut
3064 5639 3291 5686 mortem
3315 5630 3569 5686 ineffabili
3590 5647 3692 5700 po-

2113 5723 2279 5777 tentia
2312 5722 2667 5792 proculcaret,
2692 5734 2755 5773 ac
2777 5720 2979 5789 primus
3001 5721 3055 5775 in
3092 5736 3187 5775 sua
3212 5736 3374 5777 carne
3419 5724 3687 5792 primoge-

2111 5813 2253 5869 nitus
2306 5827 2371 5869 ex
2419 5811 2644 5865 mortuis
2692 5810 2860 5878 fieret,
2888 5819 2944 5866 et
2994 5811 3242 5881 primitiae
3282 5813 3681 5876 dormientium.
