4128 6348
385 365 455 419 15
1660 359 2013 418 DIONYSIUS
2053 361 2365 420 EXIGUUS.
3581 371 3651 427 {5

386 480 634 547 viamque
660 475 1125 532 facerethumanze
1146 482 1347 531 natura:
1369 473 1437 531 ad
1463 476 1826 545 corruptionis
1875 490 1962 530 re-
1993 479 2036 536 Α
2066 474 2253 544 dignos
2309 476 2673 533 exinanitione
2716 491 2993 533 sermones
3042 475 3322 546 effugerit?
3360 477 3462 535 Uni
3488 481 3650 550 igitur

385 583 618 634 cursum,
648 568 819 636 gratia
851 568 968 636 Dei,
991 568 1129 622 sicut
1172 581 1334 635 supra
1364 565 1565 622 dictum
1595 573 1698 633 est,
1721 581 1819 636 pro
1848 580 1966 620 om-

310 655 328 706 3
388 659 544 714 nibus
578 657 811 728 gustavit
837 664 1087 720 mortem,
1119 664 1176 712 et
1203 657 1362 711 tertio
1382 655 1468 710 die
1507 669 1791 725 resurgens
1839 670 1965 725 spo-

386 749 537 805 liavit
576 748 858 804 infernum.
901 747 1106 804 Idcirco
1156 747 1401 816 quamvis
1441 745 1652 802 dicatur
1697 743 1842 817 quod
1869 761 1966 817 per

387 841 656 897 hominem
686 839 824 896 facta
854 841 925 895 sit
952 839 1276 896 resurrectio
1298 848 1650 904 mortuorum,
1678 847 1853 893 tamen
1885 839 1965 892 in-

386 932 672 1000 telligimus
699 929 972 985 hominem
1001 928 1202 984 factum
1225 928 1458 984 Verbum
1483 928 1626 999 quod
1648 943 1715 983 ex
1738 927 1848 982 Deo
1861 935 1962 987 est.

386 1031 444 1077 et
469 1037 562 1090 per
589 1020 761 1091 ipsum
799 1019 991 1074 mortis
1042 1019 1324 1088 imperium
1382 1018 1544 1074 fuisse
1586 1018 1915 1073 destructum
1949 1035 1961 1070 :

384 1114 563 1169 veniet
591 1121 769 1168 autem
790 1111 1121 1181 temporibus
1138 1110 1435 1180 praeﬁnitis,
1461 1110 1601 1164 sicut
1618 1124 1754 1164 unus
1775 1117 1856 1163 est
1878 1107 1967 1162 Fi-

383 1205 487 1260 lius
533 1212 589 1260 et
617 1203 893 1267 Dominus,
952 1202 1005 1255 in
1035 1200 1203 1269 gloria
1230 1198 1426 1267 Patris,
1461 1210 1521 1254 ut
1545 1198 1753 1269 judicet
1779 1199 1966 1255 orbem

383 1307 648 1352 terrarum
714 1295 768 1349 in
815 1293 1087 1363 aequitate,
1117 1293 1257 1347 sicut
1285 1290 1561 1361 Scriptura
1589 1298 1832 1346 testatur.
1864 1289 1968 1345 Νε-

383 1386 618 1442 cessario
657 1384 817 1454 igitur
843 1390 900 1438 et
941 1383 1044 1436 hoc
1073 1381 1384 1450 adjicimus;
1417 1381 1798 1436 annuntiantes
1825 1381 1966 1435 enim

383 1475 675 1533 secundum
696 1489 915 1531 carnem
943 1480 1171 1527 mortem
1197 1472 1456 1540 unigeniti
1482 1471 1600 1527 Filii
1622 1471 1737 1537 Dei,
1787 1471 1840 1526 id
1886 1479 1971 1526 est

384 1567 508 1622 Jesu
535 1567 752 1633 Christi,
784 1575 839 1621 et
880 1564 1334 1620 resurrectionem
1365 1562 1500 1632 ejus,
1533 1572 1589 1618 et
1613 1563 1664 1618 in
1693 1563 1843 1620 caelis
1882 1579 1969 1618 as-

383 1658 689 1712 censionem
739 1655 942 1726 pariter
995 1653 1337 1720 conﬁtentes,
1368 1653 1699 1709 incruentam
1730 1652 1968 1709 celebra-

384 1764 502 1802 mus
529 1749 579 1802 in
609 1747 850 1803 ecclesiis
893 1745 1139 1802 sacriﬁcii
1183 1745 1536 1810 servitutem;
1567 1744 1644 1800 sic
1689 1744 1851 1798 etiam
1901 1743 1967 1798 ad

2066 580 2311 636 personae
2333 563 2555 622 cunctas
2585 567 2699 635 ejus
2720 569 2771 621 in
2803 568 3093 637 Evangelio
3120 584 3282 625 voces
3303 573 3642 643 ascribimus,

2066 657 2155 710 uni
2209 656 2585 722 subsistentiaz,
2634 657 2794 712 Verbi
2849 659 3054 715 scilicet
3100 668 3155 716 et
3203 662 3486 730 incarnati,
3518 671 3647 735 quia

2065 761 2202 802 unus
2221 755 2303 802 est
2330 747 2584 803 Dominus
2605 748 2758 805 Jesus
2807 749 3068 814 Christus,
3120 760 3181 807 ut
3232 752 3494 824 scriptum
3543 767 3644 814 est.

2067 836 2405 906 Appellatum
2428 853 2555 892 vero
2578 839 2893 911 Apostolum
2919 849 2970 896 et
3004 840 3317 898 Pontiﬁcem
3348 845 3648 904 confessio-

2067 928 2149 982 nis
2177 935 2372 982 nostra:
2404 937 2654 998 tanquam
2684 930 3014 987 sacrilicante
3060 931 3170 989 Deo
3217 942 3272 988 et
3322 933 3468 990 Patri
3519 937 3648 995 ﬁdei

2067 1025 2262 1072 nostrae
2291 1017 2700 1085 confessionem,
2731 1037 2892 1091 quam
2922 1037 2952 1076 a
2976 1022 3130 1078 nobis
3153 1024 3252 1094 ipsi
3272 1034 3325 1079 et
3354 1041 3451 1096 per
3473 1027 3648 1098 ipsum

2069 1107 2180 1162 Deo
2232 1115 2288 1162 et
2317 1108 2457 1163 Patri
2489 1110 2820 1166 incessanter
2847 1112 3071 1168 offertur
3193 1114 3391 1170 lterum
3415 1132 3538 1172 cum
3565 1117 3651 1176 di-

2065 1197 2256 1266 cimus,
2285 1200 2376 1270 qui
2405 1213 2472 1255 ex
2501 1198 2614 1255 Deo
2643 1207 2724 1256 est
2749 1201 3044 1258 secundum
3075 1211 3320 1261 naturam
3341 1205 3508 1265 Filius
3529 1209 3652 1267 uni-

2065 1289 2294 1358 genitus,
2346 1305 2445 1345 nec
2499 1290 2703 1346 homini
2741 1300 2938 1362 przcter
2981 1308 3104 1348 eum
3151 1294 3305 1350 alteri
3357 1299 3650 1358 sacerdotii

2069 1393 2264 1434 nomen
2302 1388 2357 1434 et
2386 1379 2618 1435 ofﬁcium
2644 1382 2986 1452 deputamus.
3020 1383 3217 1440 Factus
3256 1396 3338 1442 est
3365 1391 3508 1445 enim
3535 1405 3652 1449 me-

2067 1469 2243 1526 diator
2300 1471 2394 1527 Dei
2458 1482 2516 1528 et
2573 1475 2871 1545 hominum,
2931 1485 2987 1532 et
3025 1481 3401 1538 reconciliator
3445 1484 3516 1538 ad
3553 1499 3650 1556 pa-

2068 1575 2224 1628 cem,
2280 1564 2625 1635 semetipsum
2681 1566 2793 1622 Deo
2857 1576 2914 1623 et
2979 1566 3125 1624 Patri
3177 1586 3275 1640 pro
3322 1573 3476 1631 nobis
3513 1575 3648 1633 offe-

2068 1665 2192 1707 rens
2246 1652 2298 1706 in
2345 1653 2568 1710 odorem
2600 1658 2919 1713 suavitatis:
2975 1659 3203 1732 ideoque
3247 1665 3558 1734 sacriﬁcium
3599 1677 3651 1723 et

2068 1740 2377 1797 oblationem
2407 1745 2617 1799 noluisti
2641 1764 2659 1811 ;
2707 1747 3008 1802 holocausta
3037 1766 3131 1818 pro
3174 1762 3383 1819 peccato
3411 1771 3512 1808 non
3559 1757 3651 1811 tibi

382 1840 634 1912 mysticas
661 1837 1061 1893 benedictiones
1090 1835 1412 1900 accedimus,
1447 1844 1503 1890 ct
1548 1835 1963 1900 sanctiﬁcamur,
2003 1851 2041 1910 Β
2069 1834 2388 1902 placuerunt,
2422 1853 2606 1906 corpus
2648 1849 2816 1891 autem
2854 1842 3113 1910 perfecisti
3147 1843 3301 1907 mihi;
3347 1853 3461 1897 tunc
3497 1846 3605 1900 dixi
3626 1863 3646 1901 :

381 1929 672 2000 participes
693 1929 859 1984 sancti
882 1927 1124 1998 corporis
1153 1933 1206 1981 et
1237 1926 1457 1996 pretiosi
1484 1925 1757 1994 sanguinis
1805 1924 1964 1978 Chri-

382 2021 450 2075 sti
476 2020 715 2074 omnium
737 2027 978 2073 nostrum
1018 2017 1375 2087 redemptoris
1401 2014 1599 2082 effecti,
1634 2015 1773 2070 sicut
1817 2029 1966 2069 com-

383 2121 598 2161 munem
628 2119 844 2160 carnem
875 2105 1254 2176 percipientes,
1287 2105 1430 2173 quod
1461 2103 1636 2157 absit:
1665 2118 1766 2158 nec
1788 2111 1846 2156 ut
1869 2103 1965 2156 viri

381 2197 698 2254 sanctiﬁcati
727 2205 782 2252 et
810 2196 986 2252 Verbo
1034 2197 1305 2266 conjuncti
1345 2194 1638 2251 secundum
1693 2194 1967 2262 dignitatis

383 2291 661 2355 unitatem,
681 2296 774 2343 aut
796 2288 934 2344 sicut
956 2288 1186 2342 divinam
1214 2287 1535 2357 possidentis
1559 2285 1962 2351 habitationem,

383 2381 476 2437 sed
505 2389 562 2435 ut
592 2395 716 2436 vere
744 2379 1166 2445 viviﬁcatricem,
1196 2389 1253 2434 et
1282 2381 1449 2449 ipsius
1478 2379 1636 2435 Verbi
1694 2380 1966 2450 propriam

383 2471 581 2528 factam
609 2489 624 2538 ;
656 2472 761 2526 vita
793 2472 934 2526 enim
963 2457 1276 2525 naturaliter
1297 2484 1354 2524 ut
1384 2470 1522 2525 Deus
1545 2471 1799 2537 existens,
1843 2469 1967 2538 quia

385 2565 614 2635 proprizc
641 2565 789 2622 carni
814 2565 992 2619 unitus
1013 2572 1113 2626 est,
1146 2562 1540 2619 viviﬁcatricem
1569 2578 1686 2618 eam
1712 2577 1831 2618 esse
1844 2577 1970 2633 pro-

385 2659 554 2713 fessus
579 2665 680 2713 est.
713 2655 781 2711 Et
809 2657 929 2711 ideo
957 2655 1201 2725 quamvis
1222 2653 1365 2709 dicat
1388 2654 1456 2710 ad
1478 2669 1594 2718 nos,
1613 2655 1795 2719 Amen,
1819 2669 1968 2706 amen

384 2749 498 2802 dico
525 2747 685 2815 vobis,
737 2749 837 2802 nisi
865 2746 1298 2800 manducareritis
1326 2760 1535 2798 carnem
1565 2744 1694 2797 Filii
1721 2745 1966 2806 hominis,

383 2843 430 2892 et
453 2838 677 2892 biberitia
705 2839 816 2908 ejus
845 2835 1169 2907 sanguinem,
1195 2850 1302 2889 non
1334 2843 1511 2888 tamen
1539 2849 1655 2889 eam
1689 2843 1745 2888 ut
1795 2835 1972 2888 homi-

281 2994 299 3014 ο
384 2931 467 2985 nis
497 2931 652 2984 unius
678 2943 744 2984 ex
775 2928 928 2984 nobis
949 2926 1258 2982 existimare
1284 2925 1561 2988 debemus,
1595 2925 1866 2994 quomodo
1891 2923 1973 2977 ni-

296 3062 303 3071 .
382 3019 455 3080 hil
481 3020 635 3090 juxta
658 3025 899 3074 naturam
929 3032 1079 3071 suam
1102 3014 1416 3070 viviﬁcalrix
1441 3029 1560 3068 esse
1588 3029 1716 3068 caro
1740 3013 1973 3068 hominis

286 3103 301 3138 ’λ
383 3110 582 3180 poterit
609 3125 623 3163 :
654 3106 751 3163 sed
781 3115 839 3161 ut
868 3122 992 3160 vere
1018 3106 1292 3176 propriam
1337 3103 1454 3172 ejus
1483 3103 1700 3171 factam,
1725 3103 1818 3172 qui
1846 3117 1972 3172 pro-

284 3198 292 3205 ’
384 3209 504 3280 pter
533 3213 632 3254 nos
660 3197 800 3253 ﬁlius
831 3197 1064 3252 hominis
1095 3203 1150 3250 et
1179 3194 1351 3249 factus
1379 3204 1461 3250 est
1488 3201 1544 3248 et
1571 3204 1813 3249 vocatus.
1866 3192 1971 3248 Eas
2000 3183 2044 3243 C

362 3299 562 3344 autem
589 3300 753 3344 voces
781 3301 916 3357 quas
945 3284 1195 3340 Salvator
1226 3293 1406 3339 noster
1449 3284 1502 3337 in
1532 3282 1821 3353 Evangelia
1847 3298 1972 3354 pro-

383 3379 525 3446 tulit,
560 3393 668 3434 non
712 3379 766 3433 in
795 3378 1003 3433 duabus
1048 3375 1410 3431 subsistentiis
1439 3383 1530 3428 aut
1583 3375 1827 3444 personis
1854 3390 1971 3429 om-

386 3470 517 3542 nino
545 3469 822 3538 partimur.
850 3467 964 3522 Non
989 3466 1134 3522 enim
1163 3466 1358 3536 duplex
1391 3474 1474 3521 est
1502 3482 1637 3522 unus
1658 3465 1898 3521 Christus
1920 3475 1974 3522 et

386 3562 551 3625 solus,
583 3558 828 3629 quamvis
858 3573 925 3612 ex
952 3557 1161 3612 duabus
1190 3557 1524 3625 diversisque
1572 3556 1732 3612 rebus
1760 3557 1826 3612 ad
1854 3557 1971 3610 uni-

387 3658 552 3704 tatem
565 3657 923 3718 cognoscatur
947 3645 1271 3701 individuam
1285 3646 1627 3700 convenisse:
1649 3646 1787 3700 sicut
1807 3646 1970 3700 homo

294 3751 303 3768 ‘
386 3756 602 3814 quoque
632 3756 698 3795 ex
722 3739 899 3794 anima
921 3745 1175 3794 constans
1203 3746 1258 3792 et
1274 3752 1504 3808 corpore
1533 3753 1639 3793 non
1651 3737 1846 3808 duplex
1877 3754 1972 3808 po—

385 3840 514 3905 tius,
562 3836 657 3892 sed
679 3851 816 3892 unus
845 3844 927 3892 est
956 3850 1022 3890 ex
1048 3841 1297 3904 utroque.
1324 3830 1598 3887 llumanas
1626 3847 1756 3900 ergo
1783 3841 1837 3888 et
1887 3833 1970 3886 di-

387 3930 538 3984 vinas
583 3929 801 3998 insuper
838 3942 1002 3982 voces
1046 3927 1113 3980 ab
1159 3941 1264 3980 uno
1294 3923 1508 3980 Christo
1531 3925 1703 3980 dictas
1731 3925 1973 3979 animad-

387 4009 659 4074 vertentes
683 4026 831 4074 recte
859 4017 1139 4073 sentimus.
1170 4015 1304 4070 Cum
1327 4015 1468 4070 enim
1488 4014 1598 4070 Deo
1624 4014 1935 4082 dignissime
1953 4015 1969 4033 ⁶

386 4111 622 4181 loquitur
644 4110 712 4166 de
731 4109 907 4180 seipso
935 4127 946 4160 :
981 4108 1082 4172 Qui
1107 4124 1184 4161 me
1208 4107 1354 4175 vidit,
1383 4108 1508 4160 vidit
1547 4117 1594 4161 et
1624 4105 1870 4169 Patrem;
1894 4112 1970 4172 et,

390 4203 505 4275 Ego
541 4213 590 4257 et
611 4201 772 4258 Pater
799 4217 956 4255 unum
988 4216 1181 4264 sumus,
1215 4199 1452 4253 divinam
1484 4199 1599 4267 ejus
1628 4198 1973 4267 intelligimus

387 4294 816 4363 inelfabilemque
844 4301 1108 4357 naturam,
1160 4291 1456 4348 secundum
1491 4307 1650 4360 quam
1682 4305 1845 4345 unum
1891 4297 1976 4344 est

391 4401 510 4440 cum
558 4383 715 4438 Patre
743 4398 863 4449 suo,
897 4392 1119 4453 propter
1151 4397 1310 4436 unam
1339 4381 1692 4450 eamdemque
1719 4382 1970 4435 substan-

388 4477 538 4554 tiam,
587 4476 764 4545 imago
792 4483 848 4530 et
873 4476 1168 4540 character,
1219 4475 1578 4546 splendorque
1625 4475 1808 4544 gloria:
1856 4472 1972 4541 ejus

2069 1923 2199 1978 Ecce
2223 1927 2386 1980 venio.
2414 1925 2475 1980 In
2499 1929 2662 1998 capite
2683 1929 2799 1982 libri
2821 1931 3064 1999 scriptum
3085 1942 3160 1985 est
3182 1933 3244 1986 de
3264 1950 3364 1998 me,
3386 1944 3441 1988 ut
3460 1937 3650 2006 faciam

2068 2015 2379 2070 roluntatem
2423 2027 2580 2072 tuam.
2624 2018 2826 2073 Obtulit
2871 2021 3011 2076 enim
3043 2022 3271 2091 primum
3309 2039 3505 2095 corpus
3543 2043 3653 2083 non

2069 2121 2166 2175 pro
2191 2120 2268 2169 se,
2299 2106 2391 2161 sed
2423 2122 2521 2176 pro
2551 2107 2704 2162 nobis
2734 2109 2784 2163 in
2814 2109 3036 2165 odorem
3063 2113 3360 2168 suavitatis.
3388 2113 3518 2170 Nam
3546 2131 3652 2187 qua

2069 2213 2166 2267 pro
2188 2213 2245 2253 se
2273 2199 2544 2255 oblatione
2565 2201 2649 2256 vel
2671 2201 2947 2258 sacriﬁciis
2967 2203 3229 2274 indigeret
3255 2205 3322 2259 ab
3350 2207 3494 2261 omni
3519 2222 3648 2277 pec-

2069 2297 2192 2343 cato
2219 2288 2353 2344 liber
2378 2298 2435 2343 ut
2459 2289 2597 2346 Deus
2626 2291 2898 2348 existens?
2925 2292 3079 2360 Quod
3107 2295 3151 2350 si
3179 2310 3364 2350 omnes
3389 2311 3650 2366 peccave-

2072 2389 2195 2434 runt
2222 2389 2275 2435 et
2303 2391 2460 2451 egent
2488 2383 2658 2450 gloria
2687 2383 2816 2450 Dei,
2849 2385 3142 2440 secundum
3172 2386 3276 2442 hoc
3300 2387 3441 2455 quod
3470 2401 3654 2442 sumus

2071 2470 2136 2524 ad
2160 2471 2529 2528 mutabilitatis
2549 2488 2825 2529 excessum
2848 2477 3206 2546 promptiores
3227 2475 3423 2542 effecti,
3449 2486 3503 2533 et
3523 2493 3652 2550 pec-

2071 2564 2206 2618 catis
2233 2564 2514 2633 aegrotavit
2541 2567 2769 2619 humana
2808 2576 2996 2621 natura
3023 2606 3037 2632 ,
3074 2569 3188 2638 ipse
3226 2585 3356 2625 vero
3394 2585 3501 2626 non
3530 2571 3604 2627 ita
3635 2590 3649 2625 :

2073 2653 2300 2722 ideoque
2324 2669 2422 2708 nos
2451 2654 2620 2723 gloria
2651 2655 2765 2724 ejus
2794 2658 3105 2724 evincimur,
3132 2674 3226 2713 cur
3248 2661 3350 2714 erit
3376 2660 3513 2716 ultra
3539 2660 3653 2731 jam

2073 2745 2292 2800 dubium
2320 2746 2463 2815 quod
2493 2747 2674 2816 Agnus
2707 2764 2860 2802 verus
2890 2758 3110 2819 propter
3150 2767 3248 2807 nos
3293 2760 3348 2807 et
3377 2768 3473 2822 pro
3501 2753 3656 2809 nobis

2071 2837 2141 2894 sit
2166 2837 2508 2893 immolatus?
2535 2838 2636 2906 Qui
2657 2839 2784 2894 dicit
2813 2849 2990 2894 autem
3016 2841 3139 2908 quia
3168 2842 3514 2914 semetipsum
3543 2851 3655 2899 tam

2073 2943 2173 2998 pro
2203 2943 2262 2982 se
2291 2943 2452 2997 quam
2482 2943 2580 2998 pro
2621 2929 2778 2984 nobis
2803 2930 3086 2993 obtulerit,
3120 2932 3422 2988 nullatenus
3461 2932 3654 3004 impie-

2076 3020 2197 3074 tatis
2223 3019 2424 3074 crimen
2456 3019 2691 3090 ell‘ugiet,
2741 3037 2860 3076 cum
2891 3022 3022 3077 nihil
3053 3038 3270 3092 prorsus
3297 3023 3396 3077 iste
3424 3023 3657 3092 delique-

2075 3115 2143 3168 rit
2165 3155 2180 3179 ,
2214 3129 2313 3169 nec
2341 3113 2506 3167 ullum
2538 3114 2724 3169 fecerit
2754 3116 2972 3170 omnino
3011 3123 3308 3185 peccatum.
3353 3113 3467 3182 Qua
3497 3115 3656 3185 igitur

2076 3212 2260 3272 egeret
2292 3205 2568 3261 oblatione
2598 3205 2747 3261 nullo
2791 3221 2888 3262 suo
2929 3207 3200 3261 excitante
3250 3204 3484 3261 facinore
3506 3245 3521 3271 ,
3556 3219 3656 3274 pro

2075 3311 2182 3365 quo
2211 3295 2254 3349 si
2284 3301 2428 3352 esset
2464 3295 2594 3350 satis
2633 3295 2916 3351 admodum
2967 3298 3352 3352 convenienter
3399 3295 3657 3352 offerret?

2075 3383 2150 3438 De
2171 3376 2370 3453 Spiritu
2397 3399 2612 3455 quoque
2641 3400 2758 3440 cum
2787 3385 2933 3447 dicit,
2969 3385 3068 3439 Ille
3095 3403 3175 3438 me
3199 3385 3527 3455 glorilicavit,
3551 3384 3656 3439 hoc

2077 3474 2374 3529 rectissime
2404 3477 2698 3530 sentientes
2725 3490 2886 3544 quam
2925 3475 3193 3530 Christum
3223 3482 3276 3527 et
3300 3473 3512 3538 Filium,
3546 3487 3657 3527 non

2073 3563 2218 3618 velut
2248 3564 2468 3620 alterius
2505 3572 2749 3634 egentem
2796 3565 2963 3633 gloria
2987 3605 3001 3630 ,
3049 3562 3369 3620 conﬁtemur
3394 3579 3422 3618 a
3453 3563 3656 3634 Spiritu

2075 3665 2263 3711 sancto
2293 3656 2517 3724 gloriam
2549 3664 2892 3710 consecutum
2922 3695 2938 3720 ,
2977 3656 3100 3726 quia
3150 3657 3369 3727 spiritus
3413 3655 3529 3725 ejus
3555 3671 3659 3713 nec

2075 3745 2264 3802 melior
2294 3762 2393 3802 nec
2438 3746 2685 3815 superior
2727 3745 2819 3800 illo
2864 3755 2946 3801 est
2978 3764 2989 3800 :
3020 3748 3112 3802 sed
3143 3749 3267 3817 quia
3315 3747 3446 3803 mira
3492 3761 3658 3818 opera

2074 3836 2273 3893 faciens
2302 3837 2366 3891 ad
2397 3835 2910 3892 demonstrationem
2941 3852 3049 3891 sua:
3079 3836 3291 3891 deitatis
3317 3837 3512 3891 virtute
3541 3852 3661 3907 pro-

2073 3930 2175 3999 prii
2223 3928 2442 3997 spiritus
2491 3927 2778 3994 ulebatur,
2828 3928 2896 3982 ab
2948 3930 3060 3999 ipsa
3109 3929 3394 3997 gloriﬁcari
3439 3929 3655 3984 dicitur.

2075 4015 2533 4083 Quemadmodum
2565 4017 2607 4070 si
2635 4017 2756 4086 quis
2784 4015 2853 4071 de
2882 4017 3185 4072 hominibus
3214 4024 3486 4071 asseveret
3513 4015 3660 4085 quod

2073 4111 2240 4165 virtus
2278 4123 2373 4164 sua
2412 4124 2510 4164 seu
2557 4108 2836 4180 disciplina
2885 4109 3179 4180 quemlibet
3226 4120 3661 4178 unumquemque

2074 4201 2331 4257 clariﬁcet
2355 4220 2368 4255 :
2401 4201 2645 4273 quamvis
2671 4201 2814 4258 enim
2844 4203 2897 4258 in
2926 4217 3020 4258 sua
3049 4203 3119 4258 sit
3143 4201 3482 4256 subsistentia
3506 4200 3659 4270 spiri-

2074 4300 2181 4360 tus,
2209 4301 2264 4347 et
2284 4292 2397 4361 ejus
2416 4293 2740 4361 intelligatur
2767 4294 2819 4348 in
2844 4308 3074 4363 persona
3101 4292 3402 4363 proprietas
3426 4291 3579 4361 juxta
3607 4290 3660 4346 id

2075 4383 2217 4452 quod
2263 4383 2478 4452 spiritus
2504 4392 2589 4438 est
2616 4392 2672 4438 et
2695 4399 2800 4438 non
2831 4383 2967 4438 ﬁlius
2989 4423 3004 4448 ,
3037 4391 3276 4438 attamen
3315 4383 3520 4438 alienus
3550 4398 3657 4438 non

2077 4482 2160 4528 est
2185 4491 2198 4525 :
2233 4473 2298 4526 ab
2325 4473 2415 4528 illo
2447 4474 2588 4527 enim
2618 4472 2846 4543 Spiritus
2875 4473 3172 4543 appellatus
3202 4483 3283 4529 est
3312 4473 3573 4541 veritatis,
3605 4480 3662 4528 et

390 4551 647 4639 existens.
681 4565 816 4622 Cum
840 4582 967 4620 vero
991 4567 1236 4622 humanae
1269 4577 1470 4622 natura:
1501 4583 1804 4621 mensuram
1854 4566 1971 4620 nul-
2005 4546 2052 4605 Ῑ)
2080 4565 2274 4619 veritas
2301 4564 2545 4621 Christus
2572 4572 2657 4619 est
2681 4607 2696 4632 ,
2728 4564 2866 4619 unde
2896 4573 2949 4619 et
2985 4565 3052 4619 ab
3096 4565 3199 4620 isto
3246 4565 3493 4620 similiter
3519 4566 3661 4619 sicut

391 4659 602 4712 latenus
631 4657 959 4711 inhonorans
982 4654 1196 4712 Judreos
1217 4657 1524 4728 alloquitur,
1545 4655 1701 4709 Nunc
1728 4673 1807 4709 me
1828 4672 1967 4726 qua:-

391 4750 504 4802 ritis
527 4748 758 4802 occidere
776 4747 1032 4802 hominem
1053 4749 1136 4818 qui
1165 4750 1426 4802 veritatem
1455 4749 1592 4802 vobis
1621 4748 1818 4802 locutus
1839 4763 1968 4806 sum,

395 4839 523 4893 item
558 4853 664 4891 non
695 4836 870 4892 minus
900 4852 1020 4892 eum
1052 4838 1142 4906 qui
1175 4837 1227 4892 iu
1277 4838 1628 4893 similitudine
1675 4847 1728 4892 et
1757 4837 1976 4905 mquali-

395 4938 506 4984 tate
539 4928 708 4985 Patris
735 4937 834 4996 est,
863 4929 1027 4984 Detun
1062 4928 1294 4985 Verbum
1321 4931 1482 4984 etiam
1509 4931 1560 4983 in
1584 4933 1846 4984 mensuris
1876 4930 1974 4982 htt-

396 5023 668 5077 manitatis
693 5023 811 5092 ejus
829 5023 1187 5092 agnoscimus.
1221 5024 1276 5078 Si
1302 5032 1480 5077 autem
1526 5022 1832 5077 necessario
1860 5035 1978 5076 cre-

312 5135 320 5141 ~
396 5112 534 5169 ditur
553 5113 700 5185 quod
725 5121 914 5169 natura
945 5113 1083 5170 Deus
1113 5116 1350 5169 existens
1396 5113 1566 5170 lactus
1594 5114 1663 5167 sit
1685 5128 1835 5180 caro,
1868 5113 1976 5167 imo

399 5204 577 5274 potius
629 5205 792 5260 homo
846 5206 1110 5260 animatus
1164 5205 1342 5259 ultima
1373 5204 1642 5270 rationali,
1677 5217 1794 5272 quae
1819 5217 1977 5257 causa

399 5301 482 5348 est
509 5302 568 5348 ut
597 5294 648 5349 in
673 5295 789 5364 ejus
809 5296 1035 5365 quilibet
1063 5296 1283 5350 vocibus
1309 5295 1613 5358 erubescat,
1646 5294 1690 5348 si
1740 5309 1832 5348 eas
1882 5293 1979 5347 ho-

401 5387 544 5441 mine
591 5386 780 5456 dignas
824 5387 1014 5443 effatus
1059 5389 1178 5442 est?
1211 5386 1368 5454 Quod
1395 5386 1439 5440 si
1468 5400 1746 5440 sermones
1774 5383 1979 5439 homini

397 5485 756 5544 congruentes
778 5477 978 5547 abjicit,
998 5478 1148 5548 juxta
1173 5492 1271 5532 nos
1291 5476 1562 5531 hominem
1587 5475 1701 5530 ﬁeri
1718 5475 1836 5545 quis
1859 5489 1985 5530 coe-

399 5564 510 5631 git?
538 5563 672 5620 Cum
694 5582 821 5623 vero
843 5584 902 5623 se
932 5577 1153 5639 prepter
1171 5582 1271 5622 nos
1295 5566 1361 5621 ad
1383 5565 1801 5621 exinanitioncm
1822 5580 1984 5636 spon—

403 5661 612 5709 taneam
662 5657 1084 5714 misericorditer
1131 5657 1441 5721 inclinaret,
1475 5670 1632 5725 quam
1664 5657 1734 5711 ob
1764 5671 1978 5712 causam

475 5770 491 5843 ‘_
522 5769 834 5843 D_ignissime
863 5771 987 5837 Deo,
1020 5774 1068 5827 id
1098 5783 1199 5840 est,
1228 5781 1283 5826 ut
1306 5771 1467 5825 Deum
1497 5773 1656 5843 decet.
1689 5771 1835 5827 Εῡιτ.

477 5840 761 5898 ⁶·.Ρίιι’ίιείε
785 5858 1006 5912 prorsus
1035 5844 1250 5911 vitiosa,
1280 5858 1399 5913 quae
1436 5844 1514 5899 sic
1539 5841 1719 5900 forsan
1749 5842 1977 5913 legenda

2081 4671 2145 4710 ex
2162 4656 2271 4710 Deo
2285 4653 2440 4709 Patre
2461 4654 2721 4725 procedit.
2747 4654 2982 4723 Denique
3005 4655 3090 4709 hic
3115 4655 3227 4726 ipse
3248 4653 3476 4725 Spiritus
3497 4654 3659 4708 etiam

2081 4763 2176 4818 per
2203 4756 2510 4802 sanctorum
2534 4762 2724 4800 manus
2753 4746 3116 4815 apostolorum
3143 4745 3399 4800 miracula
3426 4743 3660 4812 gloriosa
3744 4795 3750 4802 ,

2083 4837 2362 4909 perﬁciens
2382 4837 2662 4892 Dominum
2683 4835 3000 4905 glorilicavit
3021 4835 3203 4892 Jesum
3225 4835 3492 4890 Christum
3518 4841 3664 4902 post-

2081 4945 2240 4998 quam
2268 4927 2508 4984 ascendit
2544 4928 2594 4981 in
2626 4928 2841 4982 caelum.
2884 4926 3014 4980 Nam
3042 4928 3277 4982 creditus
3307 4933 3389 4980 est
3416 4924 3664 4978 Christus

2081 5028 2272 5072 natura
2303 5019 2441 5073 Deus
2485 5019 2718 5073 existens
2744 5059 2758 5083 ,
2806 5033 2902 5086 per
2945 5033 3098 5071 suum
3147 5017 3392 5087 spiritum
3437 5016 3664 5071 virtutes

2080 5111 2338 5176 efﬁciens,
2364 5111 2592 5180 ideoque
2619 5110 2827 5165 dicebat
2859 5128 2871 5162 :
2907 5109 2983 5163 De
3005 5128 3115 5164 meo
3146 5111 3363 5181 accipiet
3383 5118 3432 5164 et
3457 5125 3662 5162 annun-

2081 5203 2229 5258 tiabit
2258 5203 2414 5258 vobis.
2449 5201 2794 5272 Nequaquam
2822 5216 2951 5257 vero
2987 5203 3401 5273 participatione
3438 5198 3664 5254 alterius

2081 5293 2219 5348 idem
2250 5292 2480 5363 Spiritus
2508 5293 2720 5363 sapiens
2765 5300 2859 5346 aut
2902 5300 3096 5362 potens
3140 5291 3365 5356 dicitur,
3401 5290 3528 5360 quia
3568 5304 3667 5359 per

2083 5385 2261 5439 omnia
2293 5381 2557 5455 perfectus
2586 5393 2688 5446 est,
2722 5390 2774 5438 et
2803 5384 2951 5438 nullo
2979 5398 3196 5454 prorsus
3225 5382 3466 5450 indigens
3492 5381 3659 5436 bono.

2084 5475 2215 5530 Nam
2245 5484 2480 5546 paternre
2507 5474 2722 5529 virtutis
2751 5483 2803 5528 et
2831 5474 3137 5544 sapientizu,
3167 5471 3218 5528 id
3247 5481 3329 5526 est
3365 5471 3481 5525 Filii
3511 5469 3665 5539 spiri-

2085 5582 2170 5623 tus
2197 5568 2447 5631 creditur,
2479 5575 2532 5621 et
2562 5567 2680 5622 ideo
2717 5568 2827 5636 ipsa
2867 5581 2925 5622 re
2960 5574 3015 5620 et
3042 5564 3383 5620 subsistentia
3413 5563 3579 5616 virtus
3609 5566 3665 5616 et

2083 5659 2343 5728 sapientia
2376 5657 2775 5727 comprobatur.
2826 5655 2992 5724 lgitur
3025 5656 3149 5726 quia
3180 5654 3346 5710 Deum
3374 5653 3523 5709 carni
3553 5653 3664 5706 uni-

2084 5776 2227 5822 esset
2259 5787 2269 5818 :
2316 5768 2582 5839 Apellatnr
2622 5783 2737 5820 vero
2778 5767 3037 5839 apostolus
3071 5775 3118 5822 et
3158 5769 3663 5839 pontifex....._tan-

2085 5854 2236 5908 quam
2278 5833 2580 5906 sacriﬁcans
2721 5833 2835 5906 qua:
2871 5855 2902 5890 a
2942 5833 3176 5892 "obituf.
3225 5833 3455 5906 offertur.
3503 5833 3660 5887 Eutr.
