  <div class='ocr_page' id='page_1' title='image "/cluster/home/n/w/nwhite01/storage/ocr_20150623/67/hvd.32044015547185/015.png"; bbox 0 0 4128 6348; ppageno 0'>
   <div class='ocr_carea' id='block_1_1' title="bbox 480 310 2417 401">
    <p class='ocr_par' dir='ltr' id='par_1_1' title="bbox 480 310 2417 401">
     <span class='ocr_line' id='line_1_1' title="bbox 480 310 2417 401; baseline 0.005 -11"><span class='ocrx_word' id='word_1_1' title='bbox 480 310 561 391; x_wconf 71' lang='grc' dir='ltr'><strong>ω·</strong></span> <span class='ocrx_word' id='word_1_2' title='bbox 1850 342 2145 401; x_wconf 76' lang='lat' dir='ltr'><strong>.DiONYSii</strong></span> <span class='ocrx_word' id='word_1_3' title='bbox 2186 343 2417 400; x_wconf 71' lang='lat' dir='ltr'><strong>sxtcut</strong></span> 
     </span>
    </p>
   </div>
   <div class='ocr_carea' id='block_1_2' title="bbox 1703 468 1809 476">
    <p class='ocr_par' dir='ltr' id='par_1_2' title="bbox 1703 468 1809 476">
     <span class='ocr_line' id='line_1_2' title="bbox 1703 468 1809 476; baseline 0.009 -1"><span class='ocrx_word' id='word_1_4' title='bbox 1703 468 1809 476; x_wconf 83' lang='lat'><em>—</em></span> 
     </span>
    </p>
   </div>
   <div class='ocr_carea' id='block_1_3' title="bbox 516 478 1911 501">
    <p class='ocr_par' dir='ltr' id='par_1_3' title="bbox 516 478 1911 501">
     <span class='ocr_line' id='line_1_3' title="bbox 516 478 1911 501; baseline 0.005 -9"><span class='ocrx_word' id='word_1_5' title='bbox 516 478 1911 501; x_wconf 52' lang='lat' dir='ltr'><strong>a—-—w——_—s_—____________</strong></span> 
     </span>
    </p>
   </div>
   <div class='ocr_carea' id='block_1_4' title="bbox 1914 487 3726 511">
    <p class='ocr_par' dir='ltr' id='par_1_4' title="bbox 1914 487 3726 511">
     <span class='ocr_line' id='line_1_4' title="bbox 1914 487 3726 511; baseline 0.005 -12"><span class='ocrx_word' id='word_1_6' title='bbox 1914 487 3726 511; x_wconf 45' lang='lat' dir='ltr'><strong>-——————-—-————l-ﬂ-I—-——h-‘—-ﬁ_.~._</strong></span> 
     </span>
    </p>
   </div>
   <div class='ocr_carea' id='block_1_5' title="bbox 1334 560 2874 677">
    <p class='ocr_par' dir='ltr' id='par_1_5' title="bbox 1334 560 2874 677">
     <span class='ocr_line' id='line_1_5' title="bbox 1334 560 2874 677; baseline -0.001 -2"><span class='ocrx_word' id='word_1_7' title='bbox 1334 561 2172 677; x_wconf 79' lang='lat' dir='ltr'><strong>DIONYSII</strong></span> <span class='ocrx_word' id='word_1_8' title='bbox 2204 560 2874 675; x_wconf 73' lang='lat' dir='ltr'><strong>&#39;EXIGUI</strong></span> 
     </span>
    </p>
   </div>
   <div class='ocr_carea' id='block_1_6' title="bbox 860 769 2030 880">
    <p class='ocr_par' dir='ltr' id='par_1_6' title="bbox 860 769 2030 873">
     <span class='ocr_line' id='line_1_6' title="bbox 860 769 2030 873; baseline 0.001 -3"><span class='ocrx_word' id='word_1_9' title='bbox 860 769 1516 873; x_wconf 66' lang='lat' dir='ltr'><strong>EPISTOLZE</strong></span> <span class='ocrx_word' id='word_1_10' title='bbox 1574 770 1866 873; x_wconf 73' lang='lat' dir='ltr'><strong>DU/E</strong></span> <span class='ocrx_word' id='word_1_11' title='bbox 1928 771 2030 872; x_wconf 88' lang='lat' dir='ltr'><strong>D]</strong></span> 
     </span>
    </p>
   </div>
   <div class='ocr_carea' id='block_1_7' title="bbox 2134 769 3381 880">
    <p class='ocr_par' dir='ltr' id='par_1_7' title="bbox 2165 769 3381 880">
     <span class='ocr_line' id='line_1_7' title="bbox 2165 769 3381 880; baseline 0.008 -9"><span class='ocrx_word' id='word_1_12' title='bbox 2165 771 2652 878; x_wconf 79' lang='grc' dir='ltr'><strong>ΒΑΤΙΟΝ</strong></span> <span class='ocrx_word' id='word_1_13' title='bbox 2658 774 2734 873; x_wconf 91' lang='grc' dir='ltr'><strong><em>Ε</em></strong></span> <span class='ocrx_word' id='word_1_14' title='bbox 2815 769 3381 880; x_wconf 73' lang='grc' dir='ltr'><strong>ΡΑΞΟΗᾹΞ.</strong></span> 
     </span>
    </p>
   </div>
   <div class='ocr_carea' id='block_1_8' title="bbox 960 1042 1563 1099">
    <p class='ocr_par' dir='ltr' id='par_1_8' title="bbox 960 1042 1563 1099">
     <span class='ocr_line' id='line_1_8' title="bbox 960 1042 1563 1099; baseline 0 -2"><span class='ocrx_word' id='word_1_15' title='bbox 960 1042 1292 1099; x_wconf 84' lang='lat' dir='ltr'><strong>EPISTOLA</strong></span> <span class='ocrx_word' id='word_1_16' title='bbox 1333 1043 1563 1099; x_wconf 73' lang='lat' dir='ltr'><strong>PRIMA.</strong></span> 
     </span>
    </p>
   </div>
   <div class='ocr_carea' id='block_1_9' title="bbox 580 1152 1944 1223">
    <p class='ocr_par' dir='ltr' id='par_1_9' title="bbox 580 1152 1944 1223">
     <span class='ocr_line' id='line_1_9' title="bbox 580 1152 1944 1223; baseline 0 -12"><span class='ocrx_word' id='word_1_17' title='bbox 580 1152 795 1212; x_wconf 70' lang='lat' dir='ltr'><strong>scrtum</strong></span> <span class='ocrx_word' id='word_1_18' title='bbox 849 1174 985 1213; x_wconf 66' lang='lat' dir='ltr'><strong>uno</strong></span> <span class='ocrx_word' id='word_1_19' title='bbox 1033 1175 1241 1214; x_wconf 78' lang='lat' dir='ltr'><strong>CHRISTI</strong></span> <span class='ocrx_word' id='word_1_20' title='bbox 1284 1158 1420 1219; x_wconf 69' lang='lat'><strong>59.5,</strong></span> <span class='ocrx_word' id='word_1_21' title='bbox 1474 1173 1641 1213; x_wconf 78' lang='lat' dir='ltr'><strong>pnono</strong></span> <span class='ocrx_word' id='word_1_22' title='bbox 1688 1174 1944 1223; x_wconf 59' lang='lat' dir='ltr'><strong>consum-1,</strong></span> 
     </span>
    </p>
   </div>
   <div class='ocr_carea' id='block_1_10' title="bbox 1060 1228 1453 1284">
    <p class='ocr_par' dir='ltr' id='par_1_10' title="bbox 1060 1228 1453 1284">
     <span class='ocr_line' id='line_1_10' title="bbox 1060 1228 1453 1284; baseline -0.008 0"><span class='ocrx_word' id='word_1_23' title='bbox 1060 1244 1363 1284; x_wconf 74' lang='lat' dir='ltr'><strong>iNDiCTlONE</strong></span> <span class='ocrx_word' id='word_1_24' title='bbox 1401 1228 1453 1282; x_wconf 80' lang='grc'><strong>5.</strong></span> 
     </span>
    </p>
   </div>
   <div class='ocr_carea' id='block_1_11' title="bbox 542 1337 2049 1401">
    <p class='ocr_par' dir='ltr' id='par_1_11' title="bbox 542 1337 2049 1401">
     <span class='ocr_line' id='line_1_11' title="bbox 542 1337 2049 1401; baseline 0.001 -10"><span class='ocrx_word' id='word_1_25' title='bbox 542 1337 771 1393; x_wconf 91' lang='lat' dir='ltr'><strong>Domino</strong></span> <span class='ocrx_word' id='word_1_26' title='bbox 827 1338 1167 1401; x_wconf 90' lang='lat' dir='ltr'><strong>beatissimo,</strong></span> <span class='ocrx_word' id='word_1_27' title='bbox 1218 1346 1274 1393; x_wconf 93' lang='lat' dir='ltr'><strong>et</strong></span> <span class='ocrx_word' id='word_1_28' title='bbox 1323 1338 1544 1393; x_wconf 91' lang='lat' dir='ltr'><strong>nimium</strong></span> <span class='ocrx_word' id='word_1_29' title='bbox 1592 1338 2049 1393; x_wconf 83' lang='lat' dir='ltr'><strong>desideratissimo</strong></span> 
     </span>
    </p>
   </div>
   <div class='ocr_carea' id='block_1_12' title="bbox 471 1429 1801 1502">
    <p class='ocr_par' dir='ltr' id='par_1_12' title="bbox 471 1429 1801 1502">
     <span class='ocr_line' id='line_1_12' title="bbox 471 1429 1801 1502; baseline 0.002 -18"><span class='ocrx_word' id='word_1_30' title='bbox 471 1429 618 1486; x_wconf 90' lang='lat' dir='ltr'><strong>Patri</strong></span> <span class='ocrx_word' id='word_1_31' title='bbox 653 1429 907 1486; x_wconf 90' lang='lat' dir='ltr'><strong>Petronio</strong></span> <span class='ocrx_word' id='word_1_32' title='bbox 937 1432 1208 1501; x_wconf 88' lang='lat' dir='ltr'><strong>episcopo,</strong></span> <span class='ocrx_word' id='word_1_33' title='bbox 1242 1431 1524 1501; x_wconf 80' lang='lat' dir='ltr'><strong>Dionysius</strong></span> <span class='ocrx_word' id='word_1_34' title='bbox 1549 1431 1801 1502; x_wconf 79' lang='lat' dir='ltr'><strong>Exiguus.</strong></span> 
     </span>
    </p>
   </div>
   <div class='ocr_carea' id='block_1_13' title="bbox 546 1525 2056 1596">
    <p class='ocr_par' dir='ltr' id='par_1_13' title="bbox 546 1525 2056 1596">
     <span class='ocr_line' id='line_1_13' title="bbox 546 1525 2056 1596; baseline 0.001 -17"><span class='ocrx_word' id='word_1_35' title='bbox 546 1525 820 1581; x_wconf 85' lang='lat' dir='ltr'><strong>Paschalis</strong></span> <span class='ocrx_word' id='word_1_36' title='bbox 846 1527 967 1580; x_wconf 82' lang='lat' dir='ltr'><strong>festi</strong></span> <span class='ocrx_word' id='word_1_37' title='bbox 998 1527 1294 1591; x_wconf 86' lang='lat' dir='ltr'><strong>rationem,</strong></span> <span class='ocrx_word' id='word_1_38' title='bbox 1327 1541 1486 1596; x_wconf 93' lang='lat' dir='ltr'><strong>quam</strong></span> <span class='ocrx_word' id='word_1_39' title='bbox 1517 1528 1808 1581; x_wconf 88' lang='lat' dir='ltr'><strong>multorum</strong></span> <span class='ocrx_word' id='word_1_40' title='bbox 1838 1526 1929 1581; x_wconf 91' lang='lat' dir='ltr'><strong>diu</strong></span> <span class='ocrx_word' id='word_1_41' title='bbox 1958 1526 2056 1581; x_wconf 90' lang='lat' dir='ltr'><strong>fre-</strong></span> 
     </span>
    </p>
   </div>
   <div class='ocr_carea' id='block_1_14' title="bbox 468 1617 2054 1687">
    <p class='ocr_par' dir='ltr' id='par_1_14' title="bbox 468 1617 2054 1687">
     <span class='ocr_line' id='line_1_14' title="bbox 468 1617 2054 1687; baseline 0.001 -17"><span class='ocrx_word' id='word_1_42' title='bbox 468 1624 699 1686; x_wconf 89' lang='lat' dir='ltr'><strong>quenter</strong></span> <span class='ocrx_word' id='word_1_43' title='bbox 724 1632 754 1671; x_wconf 91' lang='lat' dir='ltr'><strong>a</strong></span> <span class='ocrx_word' id='word_1_44' title='bbox 785 1617 939 1671; x_wconf 90' lang='lat' dir='ltr'><strong>nobis</strong></span> <span class='ocrx_word' id='word_1_45' title='bbox 967 1618 1211 1686; x_wconf 76' lang='lat' dir='ltr'><strong>exposcit</strong></span> <span class='ocrx_word' id='word_1_46' title='bbox 1240 1617 1517 1681; x_wconf 90' lang='lat' dir='ltr'><strong>instantia,</strong></span> <span class='ocrx_word' id='word_1_47' title='bbox 1566 1633 1705 1672; x_wconf 91' lang='lat' dir='ltr'><strong>nunc</strong></span> <span class='ocrx_word' id='word_1_48' title='bbox 1734 1617 1901 1687; x_wconf 90' lang='lat' dir='ltr'><strong>adjuti</strong></span> <span class='ocrx_word' id='word_1_49' title='bbox 1930 1633 2054 1687; x_wconf 89' lang='lat' dir='ltr'><strong>pre-</strong></span> 
     </span>
    </p>
   </div>
   <div class='ocr_carea' id='block_1_15' title="bbox 465 1707 2054 1779">
    <p class='ocr_par' dir='ltr' id='par_1_15' title="bbox 465 1707 2054 1779">
     <span class='ocr_line' id='line_1_15' title="bbox 465 1707 2054 1779; baseline 0.002 -18"><span class='ocrx_word' id='word_1_50' title='bbox 465 1707 619 1762; x_wconf 86' lang='lat' dir='ltr'><strong>cibus</strong></span> <span class='ocrx_word' id='word_1_51' title='bbox 667 1707 861 1761; x_wconf 86' lang='lat' dir='ltr'><strong>vestris</strong></span> <span class='ocrx_word' id='word_1_52' title='bbox 902 1707 1171 1777; x_wconf 82' lang='lat' dir='ltr'><strong>explicare</strong></span> <span class='ocrx_word' id='word_1_53' title='bbox 1216 1708 1521 1763; x_wconf 76' lang='lat' dir='ltr'><strong>curavimus</strong></span> <span class='ocrx_word' id='word_1_54' title='bbox 1558 1725 1569 1758; x_wconf 91' lang='lat'><strong>:</strong></span> <span class='ocrx_word' id='word_1_55' title='bbox 1622 1716 1911 1776; x_wconf 90' lang='lat' dir='ltr'><strong>sequentes</strong></span> <span class='ocrx_word' id='word_1_56' title='bbox 1956 1724 2054 1779; x_wconf 88' lang='lat' dir='ltr'><strong>per</strong></span> 
     </span>
    </p>
   </div>
   <div class='ocr_carea' id='block_1_16' title="bbox 465 1798 2051 1870">
    <p class='ocr_par' dir='ltr' id='par_1_16' title="bbox 465 1798 2051 1870">
     <span class='ocr_line' id='line_1_16' title="bbox 465 1798 2051 1870; baseline 0.003 -20"><span class='ocrx_word' id='word_1_57' title='bbox 465 1798 646 1851; x_wconf 86' lang='lat' dir='ltr'><strong>omnia</strong></span> <span class='ocrx_word' id='word_1_58' title='bbox 675 1798 1060 1853; x_wconf 73' lang='lat' dir='ltr'><strong>venerabilium</strong></span> <span class='ocrx_word' id='word_1_59' title='bbox 1093 1805 1460 1853; x_wconf 87' lang='lat' dir='ltr'><strong>trecentorum</strong></span> <span class='ocrx_word' id='word_1_60' title='bbox 1491 1806 1547 1853; x_wconf 91' lang='lat' dir='ltr'><strong>et</strong></span> <span class='ocrx_word' id='word_1_61' title='bbox 1582 1800 1882 1854; x_wconf 86' lang='lat' dir='ltr'><strong>octodecim</strong></span> <span class='ocrx_word' id='word_1_62' title='bbox 1912 1816 2051 1870; x_wconf 92' lang='lat' dir='ltr'><strong>pon-</strong></span> 
     </span>
    </p>
   </div>
   <div class='ocr_carea' id='block_1_17' title="bbox 468 1886 2049 1961">
    <p class='ocr_par' dir='ltr' id='par_1_17' title="bbox 468 1886 2049 1961">
     <span class='ocr_line' id='line_1_17' title="bbox 468 1886 2049 1961; baseline 0.003 -22"><span class='ocrx_word' id='word_1_63' title='bbox 468 1886 702 1952; x_wconf 80' lang='lat' dir='ltr'><strong>tificum,</strong></span> <span class='ocrx_word' id='word_1_64' title='bbox 733 1889 825 1958; x_wconf 90' lang='lat' dir='ltr'><strong>qui</strong></span> <span class='ocrx_word' id='word_1_65' title='bbox 861 1889 1001 1958; x_wconf 89' lang='lat' dir='ltr'><strong>apud</strong></span> <span class='ocrx_word' id='word_1_66' title='bbox 1046 1888 1279 1943; x_wconf 72' lang='lat' dir='ltr'><strong>Niczcam</strong></span> <span class='ocrx_word' id='word_1_67' title='bbox 1320 1890 1592 1945; x_wconf 89' lang='lat' dir='ltr'><strong>civitatem</strong></span> <span class='ocrx_word' id='word_1_68' title='bbox 1624 1887 1887 1961; x_wconf 76' lang='lat' dir='ltr'><strong>Bithynia:</strong></span> <span class='ocrx_word' id='word_1_69' title='bbox 1915 1906 2049 1947; x_wconf 87' lang='lat' dir='ltr'><strong>con—</strong></span> 
     </span>
    </p>
   </div>
   <div class='ocr_carea' id='block_1_18' title="bbox 468 1982 2051 2054">
    <p class='ocr_par' dir='ltr' id='par_1_18' title="bbox 468 1982 2051 2054">
     <span class='ocr_line' id='line_1_18' title="bbox 468 1982 2051 2054; baseline 0.004 -22"><span class='ocrx_word' id='word_1_70' title='bbox 468 1988 550 2034; x_wconf 86' lang='lat' dir='ltr'><strong>tra</strong></span> <span class='ocrx_word' id='word_1_71' title='bbox 580 1982 853 2035; x_wconf 80' lang='lat' dir='ltr'><strong>vesaniam</strong></span> <span class='ocrx_word' id='word_1_72' title='bbox 884 1982 995 2036; x_wconf 83' lang='lat' dir='ltr'><strong>Arii</strong></span> <span class='ocrx_word' id='word_1_73' title='bbox 1028 1991 1415 2049; x_wconf 90' lang='lat' dir='ltr'><strong>convenerunt,</strong></span> <span class='ocrx_word' id='word_1_74' title='bbox 1450 1983 1616 2038; x_wconf 89' lang='lat' dir='ltr'><strong>etiam</strong></span> <span class='ocrx_word' id='word_1_75' title='bbox 1656 1984 1737 2039; x_wconf 91' lang='lat' dir='ltr'><strong>rei</strong></span> <span class='ocrx_word' id='word_1_76' title='bbox 1767 1982 1927 2054; x_wconf 88' lang='lat' dir='ltr'><strong>hujus</strong></span> <span class='ocrx_word' id='word_1_77' title='bbox 1954 1985 2051 2039; x_wconf 84' lang='lat' dir='ltr'><strong>ab-</strong></span> 
     </span>
    </p>
   </div>
   <div class='ocr_carea' id='block_1_19' title="bbox 466 2066 2049 2144">
    <p class='ocr_par' dir='ltr' id='par_1_19' title="bbox 466 2066 2049 2144">
     <span class='ocr_line' id='line_1_19' title="bbox 466 2066 2049 2144; baseline 0.004 -20"><span class='ocrx_word' id='word_1_78' title='bbox 466 2070 696 2125; x_wconf 79' lang='lat' dir='ltr'><strong>solutam</strong></span> <span class='ocrx_word' id='word_1_79' title='bbox 725 2088 1016 2144; x_wconf 79' lang='lat' dir='ltr'><strong>veramque</strong></span> <span class='ocrx_word' id='word_1_80' title='bbox 1057 2075 1381 2128; x_wconf 88' lang='lat' dir='ltr'><strong>sententiam</strong></span> <span class='ocrx_word' id='word_1_81' title='bbox 1413 2092 1425 2127; x_wconf 92' lang='lat'><strong>:</strong></span> <span class='ocrx_word' id='word_1_82' title='bbox 1469 2074 1559 2143; x_wconf 90' lang='lat' dir='ltr'><strong>qui</strong></span> <span class='ocrx_word' id='word_1_83' title='bbox 1588 2066 2049 2144; x_wconf 86' lang='lat' dir='ltr'><strong>quartasdecimas</strong></span> 
     </span>
    </p>
   </div>
   <div class='ocr_carea' id='block_1_20' title="bbox 468 2163 2048 2236">
    <p class='ocr_par' dir='ltr' id='par_1_20' title="bbox 468 2163 2048 2236">
     <span class='ocr_line' id='line_1_20' title="bbox 468 2163 2048 2236; baseline 0.004 -20"><span class='ocrx_word' id='word_1_84' title='bbox 468 2163 623 2219; x_wconf 90' lang='lat' dir='ltr'><strong>lunas</strong></span> <span class='ocrx_word' id='word_1_85' title='bbox 651 2165 917 2233; x_wconf 87' lang='lat' dir='ltr'><strong>paschalis</strong></span> <span class='ocrx_word' id='word_1_86' title='bbox 946 2165 1301 2219; x_wconf 62' lang='lat' dir='ltr'><strong>observantiae</strong></span> <span class='ocrx_word' id='word_1_87' title='bbox 1328 2181 1424 2236; x_wconf 85' lang='lat' dir='ltr'><strong>per</strong></span> <span class='ocrx_word' id='word_1_88' title='bbox 1469 2166 1837 2221; x_wconf 88' lang='lat' dir='ltr'><strong>novemdecim</strong></span> <span class='ocrx_word' id='word_1_89' title='bbox 1879 2182 2048 2223; x_wconf 89' lang='lat' dir='ltr'><strong>anno-</strong></span> 
     </span>
    </p>
   </div>
   <div class='ocr_carea' id='block_1_21' title="bbox 465 2255 2044 2326">
    <p class='ocr_par' dir='ltr' id='par_1_21' title="bbox 465 2255 2044 2326">
     <span class='ocr_line' id='line_1_21' title="bbox 465 2255 2044 2326; baseline 0.003 -19"><span class='ocrx_word' id='word_1_90' title='bbox 465 2269 585 2307; x_wconf 87' lang='lat' dir='ltr'><strong>rum</strong></span> <span class='ocrx_word' id='word_1_91' title='bbox 614 2255 927 2309; x_wconf 83' lang='lat' dir='ltr'><strong>redeuntem</strong></span> <span class='ocrx_word' id='word_1_92' title='bbox 959 2271 1174 2326; x_wconf 86' lang='lat' dir='ltr'><strong>semper</strong></span> <span class='ocrx_word' id='word_1_93' title='bbox 1220 2257 1273 2310; x_wconf 91' lang='lat' dir='ltr'><strong>in</strong></span> <span class='ocrx_word' id='word_1_94' title='bbox 1304 2272 1362 2311; x_wconf 92' lang='lat' dir='ltr'><strong>se</strong></span> <span class='ocrx_word' id='word_1_95' title='bbox 1404 2256 1662 2313; x_wconf 90' lang='lat' dir='ltr'><strong>circulum</strong></span> <span class='ocrx_word' id='word_1_96' title='bbox 1692 2257 1912 2313; x_wconf 86' lang='lat' dir='ltr'><strong>stabiles</strong></span> <span class='ocrx_word' id='word_1_97' title='bbox 1943 2258 2044 2311; x_wconf 88' lang='lat' dir='ltr'><strong>im-</strong></span> 
     </span>
    </p>
   </div>
   <div class='ocr_carea' id='block_1_22' title="bbox 464 2342 2045 2422">
    <p class='ocr_par' dir='ltr' id='par_1_22' title="bbox 464 2342 2045 2422">
     <span class='ocr_line' id='line_1_22' title="bbox 464 2342 2045 2422; baseline 0.005 -24"><span class='ocrx_word' id='word_1_98' title='bbox 464 2352 747 2414; x_wconf 86' lang='lat' dir='ltr'><strong>motasque</strong></span> <span class='ocrx_word' id='word_1_99' title='bbox 776 2342 1006 2401; x_wconf 82' lang='lat' dir='ltr'><strong>ﬁxerunt</strong></span> <span class='ocrx_word' id='word_1_100' title='bbox 1031 2364 1042 2400; x_wconf 91' lang='lat'>:</span> <span class='ocrx_word' id='word_1_101' title='bbox 1097 2363 1216 2416; x_wconf 69' lang='lat' dir='ltr'><strong>qum</strong></span> <span class='ocrx_word' id='word_1_102' title='bbox 1244 2348 1450 2404; x_wconf 91' lang='lat' dir='ltr'><strong>cunctis</strong></span> <span class='ocrx_word' id='word_1_103' title='bbox 1479 2350 1687 2405; x_wconf 81' lang='lat' dir='ltr'><strong>saeculis</strong></span> <span class='ocrx_word' id='word_1_104' title='bbox 1716 2350 1905 2406; x_wconf 88' lang='lat' dir='ltr'><strong>eodem</strong></span> <span class='ocrx_word' id='word_1_105' title='bbox 1935 2366 2045 2422; x_wconf 90' lang='lat' dir='ltr'><strong>quo</strong></span> 
     </span>
    </p>
   </div>
   <div class='ocr_carea' id='block_1_23' title="bbox 2086 1044 3747 1121">
    <p class='ocr_par' dir='ltr' id='par_1_23' title="bbox 2086 1044 3747 1121">
     <span class='ocr_line' id='line_1_23' title="bbox 2086 1044 3747 1121; baseline 0.008 -22"><span class='ocrx_word' id='word_1_106' title='bbox 2086 1052 2134 1109; x_wconf 78' lang='grc' dir='ltr'>Α</span> <span class='ocrx_word' id='word_1_107' title='bbox 2166 1044 2405 1115; x_wconf 87' lang='lat' dir='ltr'><strong>ejusdem</strong></span> <span class='ocrx_word' id='word_1_108' title='bbox 2458 1048 2754 1116; x_wconf 77' lang='lat' dir='ltr'><strong>pontificis,</strong></span> <span class='ocrx_word' id='word_1_109' title='bbox 2807 1050 2912 1103; x_wconf 89' lang='lat' dir='ltr'><strong>imo</strong></span> <span class='ocrx_word' id='word_1_110' title='bbox 2964 1051 3142 1120; x_wconf 85' lang='lat' dir='ltr'><strong>potius</strong></span> <span class='ocrx_word' id='word_1_111' title='bbox 3190 1067 3329 1121; x_wconf 69' lang='lat' dir='ltr'><strong>scepe</strong></span> <span class='ocrx_word' id='word_1_112' title='bbox 3375 1052 3505 1109; x_wconf 83' lang='lat' dir='ltr'><strong>dicti</strong></span> <span class='ocrx_word' id='word_1_113' title='bbox 3550 1054 3747 1113; x_wconf 71' lang='lat' dir='ltr'><strong>Niczeni</strong></span> 
     </span>
    </p>
   </div>
   <div class='ocr_carea' id='block_1_24' title="bbox 2158 1138 3185 1210">
    <p class='ocr_par' dir='ltr' id='par_1_24' title="bbox 2158 1138 3185 1210">
     <span class='ocr_line' id='line_1_24' title="bbox 2158 1138 3185 1210; baseline 0.006 -19"><span class='ocrx_word' id='word_1_114' title='bbox 2158 1138 2391 1200; x_wconf 92' lang='lat' dir='ltr'><strong>concilii,</strong></span> <span class='ocrx_word' id='word_1_115' title='bbox 2423 1154 2521 1193; x_wconf 91' lang='lat' dir='ltr'><strong>nos</strong></span> <span class='ocrx_word' id='word_1_116' title='bbox 2551 1139 2826 1195; x_wconf 90' lang='lat' dir='ltr'><strong>ordinasse</strong></span> <span class='ocrx_word' id='word_1_117' title='bbox 2855 1142 3185 1210; x_wconf 87' lang='lat' dir='ltr'><strong>profitemur.</strong></span> 
     </span>
    </p>
   </div>
   <div class='ocr_carea' id='block_1_25' title="bbox 2227 1247 3741 1328">
    <p class='ocr_par' dir='ltr' id='par_1_25' title="bbox 2227 1247 3741 1328">
     <span class='ocr_line' id='line_1_25' title="bbox 2227 1247 3741 1328; baseline 0.009 -26"><span class='ocrx_word' id='word_1_118' title='bbox 2227 1247 2360 1316; x_wconf 85' lang='lat' dir='ltr'><strong>Quia</strong></span> <span class='ocrx_word' id='word_1_119' title='bbox 2390 1266 2519 1305; x_wconf 90' lang='lat' dir='ltr'><strong>vero</strong></span> <span class='ocrx_word' id='word_1_120' title='bbox 2548 1256 2765 1306; x_wconf 90' lang='lat' dir='ltr'><strong>sanctus</strong></span> <span class='ocrx_word' id='word_1_121' title='bbox 2794 1249 3021 1321; x_wconf 86' lang='lat' dir='ltr'><strong>Cyrilius</strong></span> <span class='ocrx_word' id='word_1_122' title='bbox 3050 1254 3279 1322; x_wconf 90' lang='lat' dir='ltr'><strong>primum</strong></span> <span class='ocrx_word' id='word_1_123' title='bbox 3306 1257 3521 1328; x_wconf 88' lang='lat' dir='ltr'><strong>cyclum</strong></span> <span class='ocrx_word' id='word_1_124' title='bbox 3554 1260 3625 1315; x_wconf 91' lang='lat' dir='ltr'><strong>ab</strong></span> <span class='ocrx_word' id='word_1_125' title='bbox 3650 1276 3741 1315; x_wconf 85' lang='lat' dir='ltr'><strong>an-</strong></span> 
     </span>
    </p>
   </div>
   <div class='ocr_carea' id='block_1_26' title="bbox 2155 1339 3739 1423">
    <p class='ocr_par' dir='ltr' id='par_1_26' title="bbox 2155 1339 3739 1423">
     <span class='ocr_line' id='line_1_26' title="bbox 2155 1339 3739 1423; baseline 0.008 -29"><span class='ocrx_word' id='word_1_126' title='bbox 2155 1356 2225 1395; x_wconf 92' lang='lat' dir='ltr'><strong>no</strong></span> <span class='ocrx_word' id='word_1_127' title='bbox 2255 1339 2571 1397; x_wconf 87' lang='lat' dir='ltr'><strong>Diocletiani</strong></span> <span class='ocrx_word' id='word_1_128' title='bbox 2598 1342 2890 1400; x_wconf 89' lang='lat' dir='ltr'><strong>centesimo</strong></span> <span class='ocrx_word' id='word_1_129' title='bbox 2918 1343 3356 1416; x_wconf 86' lang='lat' dir='ltr'><strong>quinquagesimo</strong></span> <span class='ocrx_word' id='word_1_130' title='bbox 3378 1352 3535 1407; x_wconf 88' lang='lat' dir='ltr'><strong>tertio</strong></span> <span class='ocrx_word' id='word_1_131' title='bbox 3558 1353 3739 1423; x_wconf 66' lang='lat' dir='ltr'><strong>etrapit,</strong></span> 
     </span>
    </p>
   </div>
   <div class='ocr_carea' id='block_1_27' title="bbox 2156 1432 3736 1514">
    <p class='ocr_par' dir='ltr' id='par_1_27' title="bbox 2156 1432 3736 1514">
     <span class='ocr_line' id='line_1_27' title="bbox 2156 1432 3736 1514; baseline 0.008 -29"><span class='ocrx_word' id='word_1_132' title='bbox 2156 1440 2211 1485; x_wconf 87' lang='lat' dir='ltr'><strong>et</strong></span> <span class='ocrx_word' id='word_1_133' title='bbox 2240 1432 2482 1487; x_wconf 87' lang='lat' dir='ltr'><strong>ultimum</strong></span> <span class='ocrx_word' id='word_1_134' title='bbox 2532 1434 2585 1488; x_wconf 93' lang='lat' dir='ltr'><strong>in</strong></span> <span class='ocrx_word' id='word_1_135' title='bbox 2632 1433 3002 1491; x_wconf 86' lang='lat' dir='ltr'><strong>ducentesimo</strong></span> <span class='ocrx_word' id='word_1_136' title='bbox 3051 1436 3460 1509; x_wconf 88' lang='lat' dir='ltr'><strong>quadragesimo</strong></span> <span class='ocrx_word' id='word_1_137' title='bbox 3508 1441 3736 1514; x_wconf 82' lang='lat' dir='ltr'><strong>septimo</strong></span> 
     </span>
    </p>
   </div>
   <div class='ocr_carea' id='block_1_28' title="bbox 2156 1523 3735 1598">
    <p class='ocr_par' dir='ltr' id='par_1_28' title="bbox 2156 1523 3735 1598">
     <span class='ocr_line' id='line_1_28' title="bbox 2156 1523 3735 1598; baseline 0.008 -22"><span class='ocrx_word' id='word_1_138' title='bbox 2156 1523 2499 1591; x_wconf 86' lang='lat' dir='ltr'><strong>terminavit;</strong></span> <span class='ocrx_word' id='word_1_139' title='bbox 2532 1540 2632 1580; x_wconf 91' lang='lat' dir='ltr'><strong>nos</strong></span> <span class='ocrx_word' id='word_1_140' title='bbox 2661 1541 2689 1580; x_wconf 91' lang='lat' dir='ltr'><strong>a</strong></span> <span class='ocrx_word' id='word_1_141' title='bbox 2715 1524 3084 1581; x_wconf 85' lang='lat' dir='ltr'><strong>ducentesimo</strong></span> <span class='ocrx_word' id='word_1_142' title='bbox 3105 1526 3513 1598; x_wconf 83' lang='lat' dir='ltr'><strong>quadragesimo</strong></span> <span class='ocrx_word' id='word_1_143' title='bbox 3544 1541 3735 1589; x_wconf 88' lang='lat' dir='ltr'><strong>octavo</strong></span> 
     </span>
    </p>
   </div>
   <div class='ocr_carea' id='block_1_29' title="bbox 2154 1613 3733 1690">
    <p class='ocr_par' dir='ltr' id='par_1_29' title="bbox 2154 1613 3733 1690">
     <span class='ocr_line' id='line_1_29' title="bbox 2154 1613 3733 1690; baseline 0.007 -24"><span class='ocrx_word' id='word_1_144' title='bbox 2154 1628 2295 1668; x_wconf 90' lang='lat' dir='ltr'><strong>anno</strong></span> <span class='ocrx_word' id='word_1_145' title='bbox 2314 1613 2552 1682; x_wconf 85' lang='lat' dir='ltr'><strong>ejusdem</strong></span> <span class='ocrx_word' id='word_1_146' title='bbox 2576 1616 2785 1687; x_wconf 87' lang='lat' dir='ltr'><strong>tyranni</strong></span> <span class='ocrx_word' id='word_1_147' title='bbox 2810 1617 2986 1685; x_wconf 90' lang='lat' dir='ltr'><strong>potius</strong></span> <span class='ocrx_word' id='word_1_148' title='bbox 3006 1632 3165 1685; x_wconf 89' lang='lat' dir='ltr'><strong>quam</strong></span> <span class='ocrx_word' id='word_1_149' title='bbox 3189 1619 3443 1690; x_wconf 88' lang='lat' dir='ltr'><strong>principis</strong></span> <span class='ocrx_word' id='word_1_150' title='bbox 3468 1621 3733 1677; x_wconf 86' lang='lat' dir='ltr'><strong>inchoan-</strong></span> 
     </span>
    </p>
   </div>
   <div class='ocr_carea' id='block_1_30' title="bbox 2157 1706 3733 1784">
    <p class='ocr_par' dir='ltr' id='par_1_30' title="bbox 2157 1706 3733 1784">
     <span class='ocr_line' id='line_1_30' title="bbox 2157 1706 3733 1784; baseline 0.008 -26"><span class='ocrx_word' id='word_1_151' title='bbox 2157 1711 2257 1773; x_wconf 88' lang='lat' dir='ltr'><strong>tes,</strong></span> <span class='ocrx_word' id='word_1_152' title='bbox 2311 1706 2578 1761; x_wconf 89' lang='lat' dir='ltr'><strong>noluimus</strong></span> <span class='ocrx_word' id='word_1_153' title='bbox 2631 1708 2843 1761; x_wconf 90' lang='lat' dir='ltr'><strong>circulis</strong></span> <span class='ocrx_word' id='word_1_154' title='bbox 2890 1709 3089 1763; x_wconf 90' lang='lat' dir='ltr'><strong>nostris</strong></span> <span class='ocrx_word' id='word_1_155' title='bbox 3135 1713 3452 1767; x_wconf 89' lang='lat' dir='ltr'><strong>memoriam</strong></span> <span class='ocrx_word' id='word_1_156' title='bbox 3502 1714 3650 1784; x_wconf 88' lang='lat' dir='ltr'><strong>impii</strong></span> <span class='ocrx_word' id='word_1_157' title='bbox 3681 1725 3733 1770; x_wconf 89' lang='lat' dir='ltr'><strong>et</strong></span> 
     </span>
    </p>
   </div>
   <div class='ocr_carea' id='block_1_31' title="bbox 2156 1796 3731 1872">
    <p class='ocr_par' dir='ltr' id='par_1_31' title="bbox 2156 1796 3731 1872">
     <span class='ocr_line' id='line_1_31' title="bbox 2156 1796 3731 1872; baseline 0.005 -21"><span class='ocrx_word' id='word_1_158' title='bbox 2156 1797 2512 1866; x_wconf 81' lang='lat' dir='ltr'><strong>persecutoris</strong></span> <span class='ocrx_word' id='word_1_159' title='bbox 2563 1797 2877 1862; x_wconf 86' lang='lat' dir='ltr'><strong>innectere;</strong></span> <span class='ocrx_word' id='word_1_160' title='bbox 2931 1798 3025 1854; x_wconf 88' lang='lat' dir='ltr'><strong>sed</strong></span> <span class='ocrx_word' id='word_1_161' title='bbox 3069 1801 3235 1869; x_wconf 89' lang='lat' dir='ltr'><strong>magis</strong></span> <span class='ocrx_word' id='word_1_162' title='bbox 3266 1801 3523 1872; x_wconf 79' lang='lat' dir='ltr'><strong>elegimus</strong></span> <span class='ocrx_word' id='word_1_163' title='bbox 3550 1805 3617 1859; x_wconf 89' lang='lat' dir='ltr'><strong>ab</strong></span> <span class='ocrx_word' id='word_1_164' title='bbox 3646 1796 3731 1859; x_wconf 58' lang='lat' dir='ltr'><strong>in-l</strong></span> 
     </span>
    </p>
   </div>
   <div class='ocr_carea' id='block_1_32' title="bbox 2153 1889 3729 1951">
    <p class='ocr_par' dir='ltr' id='par_1_32' title="bbox 2153 1889 3729 1951">
     <span class='ocr_line' id='line_1_32' title="bbox 2153 1889 3729 1951; baseline 0.006 -9"><span class='ocrx_word' id='word_1_165' title='bbox 2153 1889 2468 1943; x_wconf 89' lang='lat' dir='ltr'><strong>carnatione</strong></span> <span class='ocrx_word' id='word_1_166' title='bbox 2497 1889 2708 1944; x_wconf 92' lang='lat' dir='ltr'><strong>Domini</strong></span> <span class='ocrx_word' id='word_1_167' title='bbox 2730 1890 2897 1945; x_wconf 83' lang='lat' dir='ltr'><strong>nostri</strong></span> <span class='ocrx_word' id='word_1_168' title='bbox 2927 1889 3054 1945; x_wconf 86' lang='lat' dir='ltr'><strong>Jesu</strong></span> <span class='ocrx_word' id='word_1_169' title='bbox 3083 1890 3283 1947; x_wconf 83' lang='lat' dir='ltr'><strong>Christi</strong></span> <span class='ocrx_word' id='word_1_170' title='bbox 3313 1909 3574 1950; x_wconf 90' lang='lat' dir='ltr'><strong>annorum</strong></span> <span class='ocrx_word' id='word_1_171' title='bbox 3599 1905 3729 1951; x_wconf 87' lang='lat' dir='ltr'><strong>tem-</strong></span> 
     </span>
    </p>
   </div>
   <div class='ocr_carea' id='block_1_33' title="bbox 2152 1984 3731 2057">
    <p class='ocr_par' dir='ltr' id='par_1_33' title="bbox 2152 1984 3731 2057">
     <span class='ocr_line' id='line_1_33' title="bbox 2152 1984 3731 2057; baseline 0.008 -25"><span class='ocrx_word' id='word_1_172' title='bbox 2152 1996 2283 2050; x_wconf 87' lang='lat' dir='ltr'><strong>pora</strong></span> <span class='ocrx_word' id='word_1_173' title='bbox 2333 1991 2681 2050; x_wconf 70' lang='lat' dir='ltr'><strong>prmnotare:</strong></span> <span class='ocrx_word' id='word_1_174' title='bbox 2732 1991 2999 2051; x_wconf 89' lang='lat' dir='ltr'><strong>quatenus</strong></span> <span class='ocrx_word' id='word_1_175' title='bbox 3041 1984 3318 2039; x_wconf 80' lang='lat' dir='ltr'><strong>exordium</strong></span> <span class='ocrx_word' id='word_1_176' title='bbox 3367 1988 3481 2057; x_wconf 87' lang='lat' dir='ltr'><strong>spei</strong></span> <span class='ocrx_word' id='word_1_177' title='bbox 3537 1997 3731 2045; x_wconf 64' lang='lat' dir='ltr'><strong>nostra:</strong></span> 
     </span>
    </p>
   </div>
   <div class='ocr_carea' id='block_1_34' title="bbox 2152 2072 3727 2146">
    <p class='ocr_par' dir='ltr' id='par_1_34' title="bbox 2152 2072 3727 2146">
     <span class='ocr_line' id='line_1_34' title="bbox 2152 2072 3727 2146; baseline 0.006 -21"><span class='ocrx_word' id='word_1_178' title='bbox 2152 2072 2334 2127; x_wconf 89' lang='lat' dir='ltr'><strong>notius</strong></span> <span class='ocrx_word' id='word_1_179' title='bbox 2354 2072 2510 2127; x_wconf 88' lang='lat' dir='ltr'><strong>nobis</strong></span> <span class='ocrx_word' id='word_1_180' title='bbox 2530 2072 2807 2137; x_wconf 78' lang='lat' dir='ltr'><strong>existeret,</strong></span> <span class='ocrx_word' id='word_1_181' title='bbox 2834 2083 2888 2128; x_wconf 87' lang='lat' dir='ltr'><strong>et</strong></span> <span class='ocrx_word' id='word_1_182' title='bbox 2904 2090 3063 2130; x_wconf 89' lang='lat' dir='ltr'><strong>causa</strong></span> <span class='ocrx_word' id='word_1_183' title='bbox 3086 2078 3438 2146; x_wconf 88' lang='lat' dir='ltr'><strong>reparationis</strong></span> <span class='ocrx_word' id='word_1_184' title='bbox 3464 2080 3727 2145; x_wconf 72' lang='lat' dir='ltr'><strong>humanm,</strong></span> 
     </span>
    </p>
   </div>
   <div class='ocr_carea' id='block_1_35' title="bbox 2152 2161 3725 2234">
    <p class='ocr_par' dir='ltr' id='par_1_35' title="bbox 2152 2161 3725 2234">
     <span class='ocr_line' id='line_1_35' title="bbox 2152 2161 3725 2234; baseline 0.008 -20"><span class='ocrx_word' id='word_1_185' title='bbox 2152 2161 2203 2215; x_wconf 90' lang='lat' dir='ltr'><strong>id</strong></span> <span class='ocrx_word' id='word_1_186' title='bbox 2248 2171 2331 2217; x_wconf 89' lang='lat' dir='ltr'><strong>est</strong></span> <span class='ocrx_word' id='word_1_187' title='bbox 2382 2163 2561 2233; x_wconf 91' lang='lat' dir='ltr'><strong>passio</strong></span> <span class='ocrx_word' id='word_1_188' title='bbox 2613 2162 2985 2234; x_wconf 80' lang='lat' dir='ltr'><strong>Redemptoris</strong></span> <span class='ocrx_word' id='word_1_189' title='bbox 3030 2168 3218 2231; x_wconf 89' lang='lat' dir='ltr'><strong>nostri,</strong></span> <span class='ocrx_word' id='word_1_190' title='bbox 3264 2169 3559 2225; x_wconf 89' lang='lat' dir='ltr'><strong>evidentius</strong></span> <span class='ocrx_word' id='word_1_191' title='bbox 3606 2172 3725 2226; x_wconf 59' lang='lat' dir='ltr'><strong>eiu-</strong></span> 
     </span>
    </p>
   </div>
   <div class='ocr_carea' id='block_1_36' title="bbox 2149 2261 2316 2307">
    <p class='ocr_par' dir='ltr' id='par_1_36' title="bbox 2149 2261 2316 2307">
     <span class='ocr_line' id='line_1_36' title="bbox 2149 2261 2316 2307; baseline -0.006 0"><span class='ocrx_word' id='word_1_192' title='bbox 2149 2261 2316 2307; x_wconf 91' lang='lat' dir='ltr'><strong>ceret.</strong></span> 
     </span>
    </p>
   </div>
   <div class='ocr_carea' id='block_1_37' title="bbox 2219 2341 3720 2420">
    <p class='ocr_par' dir='ltr' id='par_1_37' title="bbox 2219 2341 3720 2420">
     <span class='ocr_line' id='line_1_37' title="bbox 2219 2341 3720 2420; baseline 0.01 -25"><span class='ocrx_word' id='word_1_193' title='bbox 2219 2341 2334 2398; x_wconf 83' lang='lat' dir='ltr'><strong>Hoc</strong></span> <span class='ocrx_word' id='word_1_194' title='bbox 2362 2352 2621 2413; x_wconf 82' lang='lat' dir='ltr'><strong>praeterea</strong></span> <span class='ocrx_word' id='word_1_195' title='bbox 2664 2346 2919 2403; x_wconf 89' lang='lat' dir='ltr'><strong>lectorem</strong></span> <span class='ocrx_word' id='word_1_196' title='bbox 2961 2349 3264 2416; x_wconf 85' lang='lat' dir='ltr'><strong>putavimus</strong></span> <span class='ocrx_word' id='word_1_197' title='bbox 3309 2352 3720 2420; x_wconf 90' lang='lat' dir='ltr'><strong>admonendum,</strong></span> 
     </span>
    </p>
   </div>
   <div class='ocr_carea' id='block_1_38' title="bbox 464 2428 3721 2512">
    <p class='ocr_par' dir='ltr' id='par_1_38' title="bbox 464 2428 3721 2512">
     <span class='ocr_line' id='line_1_38' title="bbox 464 2428 3721 2512; baseline 0.002 -24"><span class='ocrx_word' id='word_1_198' title='bbox 464 2444 781 2504; x_wconf 85' lang='lat' dir='ltr'><strong>repetuntur</strong></span> <span class='ocrx_word' id='word_1_199' title='bbox 811 2438 931 2509; x_wconf 81' lang='lat' dir='ltr'><strong>(aL,</strong></span> <span class='ocrx_word' id='word_1_200' title='bbox 965 2438 1321 2511; x_wconf 88' lang='lat' dir='ltr'><strong>reponuntur)</strong></span> <span class='ocrx_word' id='word_1_201' title='bbox 1352 2440 1575 2495; x_wconf 86' lang='lat' dir='ltr'><strong>exordio</strong></span> <span class='ocrx_word' id='word_1_202' title='bbox 1622 2441 1738 2497; x_wconf 87' lang='lat' dir='ltr'><strong>sine</strong></span> <span class='ocrx_word' id='word_1_203' title='bbox 1766 2443 2041 2497; x_wconf 86' lang='lat' dir='ltr'><strong>varietatis</strong></span> <span class='ocrx_word' id='word_1_204' title='bbox 2076 2428 2118 2488; x_wconf 84' lang='grc' dir='ltr'><strong>Β</strong></span> <span class='ocrx_word' id='word_1_205' title='bbox 2145 2434 2289 2503; x_wconf 83' lang='lat' dir='ltr'><strong>quod</strong></span> <span class='ocrx_word' id='word_1_206' title='bbox 2326 2436 2558 2492; x_wconf 83' lang='lat' dir='ltr'><strong>circulus</strong></span> <span class='ocrx_word' id='word_1_207' title='bbox 2604 2437 2707 2492; x_wconf 80' lang='lat' dir='ltr'><strong>iste</strong></span> <span class='ocrx_word' id='word_1_208' title='bbox 2755 2439 3045 2509; x_wconf 76' lang='lat' dir='ltr'><strong>nonaginta</strong></span> <span class='ocrx_word' id='word_1_209' title='bbox 3093 2448 3148 2495; x_wconf 91' lang='lat' dir='ltr'><strong>et</strong></span> <span class='ocrx_word' id='word_1_210' title='bbox 3189 2443 3425 2512; x_wconf 89' lang='lat' dir='ltr'><strong>quinque</strong></span> <span class='ocrx_word' id='word_1_211' title='bbox 3463 2460 3721 2501; x_wconf 85' lang='lat' dir='ltr'><strong>annorum</strong></span> 
     </span>
    </p>
   </div>
   <div class='ocr_carea' id='block_1_39' title="bbox 459 2526 2041 2604">
    <p class='ocr_par' dir='ltr' id='par_1_39' title="bbox 459 2526 2041 2604">
     <span class='ocr_line' id='line_1_39' title="bbox 459 2526 2041 2604; baseline 0.008 -25"><span class='ocrx_word' id='word_1_212' title='bbox 459 2526 712 2582; x_wconf 87' lang='lat' dir='ltr'><strong>labuntur</strong></span> <span class='ocrx_word' id='word_1_213' title='bbox 740 2544 986 2584; x_wconf 79' lang='lat' dir='ltr'><strong>excursu.</strong></span> <span class='ocrx_word' id='word_1_214' title='bbox 1031 2529 1179 2587; x_wconf 87' lang='lat' dir='ltr'><strong>Hane</strong></span> <span class='ocrx_word' id='word_1_215' title='bbox 1207 2544 1383 2587; x_wconf 89' lang='lat' dir='ltr'><strong>autem</strong></span> <span class='ocrx_word' id='word_1_216' title='bbox 1422 2533 1661 2601; x_wconf 75' lang='lat' dir='ltr'><strong>regulam</strong></span> <span class='ocrx_word' id='word_1_217' title='bbox 1690 2534 1900 2604; x_wconf 68' lang='lat' dir='ltr'><strong>prchati</strong></span> <span class='ocrx_word' id='word_1_218' title='bbox 1932 2536 2041 2591; x_wconf 89' lang='lat' dir='ltr'><strong>eir-</strong></span> 
     </span>
    </p>
   </div>
   <div class='ocr_carea' id='block_1_40' title="bbox 458 2619 2040 2696">
    <p class='ocr_par' dir='ltr' id='par_1_40' title="bbox 458 2619 2040 2696">
     <span class='ocr_line' id='line_1_40' title="bbox 458 2619 2040 2696; baseline 0.006 -24"><span class='ocrx_word' id='word_1_219' title='bbox 458 2619 565 2673; x_wconf 92' lang='lat' dir='ltr'><strong>culi</strong></span> <span class='ocrx_word' id='word_1_220' title='bbox 594 2636 701 2674; x_wconf 90' lang='lat' dir='ltr'><strong>non</strong></span> <span class='ocrx_word' id='word_1_221' title='bbox 730 2631 836 2674; x_wconf 88' lang='lat' dir='ltr'><strong>tam</strong></span> <span class='ocrx_word' id='word_1_222' title='bbox 865 2622 1055 2691; x_wconf 89' lang='lat' dir='ltr'><strong>peritia</strong></span> <span class='ocrx_word' id='word_1_223' title='bbox 1085 2623 1339 2693; x_wconf 78' lang='lat' dir='ltr'><strong>singulari</strong></span> <span class='ocrx_word' id='word_1_224' title='bbox 1378 2639 1540 2694; x_wconf 89' lang='lat' dir='ltr'><strong>quam</strong></span> <span class='ocrx_word' id='word_1_225' title='bbox 1588 2626 1765 2680; x_wconf 89' lang='lat' dir='ltr'><strong>sancti</strong></span> <span class='ocrx_word' id='word_1_226' title='bbox 1810 2625 2040 2696; x_wconf 90' lang='lat' dir='ltr'><strong>Spiritus</strong></span> 
     </span>
    </p>
   </div>
   <div class='ocr_carea' id='block_1_41' title="bbox 458 2710 2038 2788">
    <p class='ocr_par' dir='ltr' id='par_1_41' title="bbox 458 2710 2038 2788">
     <span class='ocr_line' id='line_1_41' title="bbox 458 2710 2038 2788; baseline 0.006 -26"><span class='ocrx_word' id='word_1_227' title='bbox 458 2710 822 2788; x_wconf 86' lang='lat' dir='ltr'><strong>illustratione</strong></span> <span class='ocrx_word' id='word_1_228' title='bbox 863 2722 1175 2779; x_wconf 86' lang='lat' dir='ltr'><strong>sanxerunt,</strong></span> <span class='ocrx_word' id='word_1_229' title='bbox 1225 2724 1280 2771; x_wconf 90' lang='lat' dir='ltr'><strong>et</strong></span> <span class='ocrx_word' id='word_1_230' title='bbox 1320 2716 1469 2771; x_wconf 80' lang='lat' dir='ltr'><strong>velut</strong></span> <span class='ocrx_word' id='word_1_231' title='bbox 1513 2718 1800 2773; x_wconf 88' lang='lat' dir='ltr'><strong>anchoram</strong></span> <span class='ocrx_word' id='word_1_232' title='bbox 1834 2716 2038 2772; x_wconf 84' lang='lat' dir='ltr'><strong>firmam</strong></span> 
     </span>
    </p>
   </div>
   <div class='ocr_carea' id='block_1_42' title="bbox 459 2804 2039 2881">
    <p class='ocr_par' dir='ltr' id='par_1_42' title="bbox 459 2804 2039 2881">
     <span class='ocr_line' id='line_1_42' title="bbox 459 2804 2039 2881; baseline 0.004 -23"><span class='ocrx_word' id='word_1_233' title='bbox 459 2812 514 2858; x_wconf 90' lang='lat' dir='ltr'><strong>et</strong></span> <span class='ocrx_word' id='word_1_234' title='bbox 562 2804 811 2860; x_wconf 88' lang='lat' dir='ltr'><strong>stabilem</strong></span> <span class='ocrx_word' id='word_1_235' title='bbox 840 2806 966 2861; x_wconf 88' lang='lat' dir='ltr'><strong>huic</strong></span> <span class='ocrx_word' id='word_1_236' title='bbox 1011 2807 1205 2863; x_wconf 89' lang='lat' dir='ltr'><strong>rationi</strong></span> <span class='ocrx_word' id='word_1_237' title='bbox 1251 2808 1454 2863; x_wconf 89' lang='lat' dir='ltr'><strong>lunaris</strong></span> <span class='ocrx_word' id='word_1_238' title='bbox 1494 2808 1843 2864; x_wconf 86' lang='lat' dir='ltr'><strong>dimensionis</strong></span> <span class='ocrx_word' id='word_1_239' title='bbox 1872 2824 2039 2881; x_wconf 92' lang='lat' dir='ltr'><strong>appo-</strong></span> 
     </span>
    </p>
   </div>
   <div class='ocr_carea' id='block_1_43' title="bbox 457 2896 2037 2969">
    <p class='ocr_par' dir='ltr' id='par_1_43' title="bbox 457 2896 2037 2969">
     <span class='ocr_line' id='line_1_43' title="bbox 457 2896 2037 2969; baseline 0.005 -20"><span class='ocrx_word' id='word_1_240' title='bbox 457 2896 633 2952; x_wconf 88' lang='lat' dir='ltr'><strong>suisse</strong></span> <span class='ocrx_word' id='word_1_241' title='bbox 655 2907 982 2953; x_wconf 89' lang='lat' dir='ltr'><strong>cernuntur:</strong></span> <span class='ocrx_word' id='word_1_242' title='bbox 1011 2913 1170 2968; x_wconf 93' lang='lat' dir='ltr'><strong>quam</strong></span> <span class='ocrx_word' id='word_1_243' title='bbox 1200 2900 1540 2969; x_wconf 84' lang='lat' dir='ltr'><strong>postmodum</strong></span> <span class='ocrx_word' id='word_1_244' title='bbox 1572 2902 1815 2956; x_wconf 90' lang='lat' dir='ltr'><strong>nonnulli</strong></span> <span class='ocrx_word' id='word_1_245' title='bbox 1838 2903 1921 2957; x_wconf 89' lang='lat' dir='ltr'><strong>vel</strong></span> <span class='ocrx_word' id='word_1_246' title='bbox 1951 2919 2037 2957; x_wconf 91' lang='lat' dir='ltr'><strong>ar—</strong></span> 
     </span>
    </p>
   </div>
   <div class='ocr_carea' id='block_1_44' title="bbox 455 2991 2033 3063">
    <p class='ocr_par' dir='ltr' id='par_1_44' title="bbox 455 2991 2033 3063">
     <span class='ocr_line' id='line_1_44' title="bbox 455 2991 2033 3063; baseline 0.005 -20"><span class='ocrx_word' id='word_1_247' title='bbox 455 2991 702 3059; x_wconf 85' lang='lat' dir='ltr'><strong>rogantia</strong></span> <span class='ocrx_word' id='word_1_248' title='bbox 732 2991 1108 3061; x_wconf 86' lang='lat' dir='ltr'><strong>despicientes,</strong></span> <span class='ocrx_word' id='word_1_249' title='bbox 1136 2993 1221 3048; x_wconf 91' lang='lat' dir='ltr'><strong>vei</strong></span> <span class='ocrx_word' id='word_1_250' title='bbox 1251 2994 1704 3063; x_wconf 81' lang='lat' dir='ltr'><strong>transgredientes</strong></span> <span class='ocrx_word' id='word_1_251' title='bbox 1732 2994 2033 3060; x_wconf 88' lang='lat' dir='ltr'><strong>inscientia,</strong></span> 
     </span>
    </p>
   </div>
   <div class='ocr_carea' id='block_1_45' title="bbox 453 3077 2035 3164">
    <p class='ocr_par' dir='ltr' id='par_1_45' title="bbox 453 3077 2035 3164">
     <span class='ocr_line' id='line_1_45' title="bbox 453 3077 2035 3164; baseline 0.005 -31"><span class='ocrx_word' id='word_1_252' title='bbox 453 3077 689 3136; x_wconf 84' lang='lat' dir='ltr'><strong>Judaicis</strong></span> <span class='ocrx_word' id='word_1_253' title='bbox 714 3079 922 3136; x_wconf 89' lang='lat' dir='ltr'><strong>inducti</strong></span> <span class='ocrx_word' id='word_1_254' title='bbox 952 3082 1161 3148; x_wconf 91' lang='lat' dir='ltr'><strong>fabulis,</strong></span> <span class='ocrx_word' id='word_1_255' title='bbox 1210 3084 1473 3140; x_wconf 84' lang='lat' dir='ltr'><strong>diversam</strong></span> <span class='ocrx_word' id='word_1_256' title='bbox 1504 3094 1665 3155; x_wconf 89' lang='lat' dir='ltr'><strong>atque</strong></span> <span class='ocrx_word' id='word_1_257' title='bbox 1711 3088 2035 3164; x_wconf 77' lang='lat' dir='ltr'><strong>contrariam</strong></span> 
     </span>
    </p>
   </div>
   <div class='ocr_carea' id='block_1_46' title="bbox 454 3169 2036 3246">
    <p class='ocr_par' dir='ltr' id='par_1_46' title="bbox 454 3169 2036 3246">
     <span class='ocr_line' id='line_1_46' title="bbox 454 3169 2036 3246; baseline 0.006 -23"><span class='ocrx_word' id='word_1_258' title='bbox 454 3169 680 3225; x_wconf 85' lang='lat' dir='ltr'><strong>formam</strong></span> <span class='ocrx_word' id='word_1_259' title='bbox 722 3172 1025 3227; x_wconf 84' lang='lat' dir='ltr'><strong>festivitatis</strong></span> <span class='ocrx_word' id='word_1_260' title='bbox 1064 3175 1232 3229; x_wconf 63' lang='lat' dir='ltr'><strong>unica:</strong></span> <span class='ocrx_word' id='word_1_261' title='bbox 1263 3176 1616 3232; x_wconf 90' lang='lat' dir='ltr'><strong>tradiderunt.</strong></span> <span class='ocrx_word' id='word_1_262' title='bbox 1664 3176 1732 3231; x_wconf 83' lang='lat' dir='ltr'><strong>Et</strong></span> <span class='ocrx_word' id='word_1_263' title='bbox 1766 3178 1891 3246; x_wconf 90' lang='lat' dir='ltr'><strong>quia</strong></span> <span class='ocrx_word' id='word_1_264' title='bbox 1920 3178 2036 3233; x_wconf 91' lang='lat' dir='ltr'><strong>sine</strong></span> 
     </span>
    </p>
   </div>
   <div class='ocr_carea' id='block_1_47' title="bbox 454 3260 2034 3337">
    <p class='ocr_par' dir='ltr' id='par_1_47' title="bbox 454 3260 2034 3337">
     <span class='ocr_line' id='line_1_47' title="bbox 454 3260 2034 3337; baseline 0.006 -22"><span class='ocrx_word' id='word_1_265' title='bbox 454 3260 786 3318; x_wconf 79' lang='lat' dir='ltr'><strong>fundamenti</strong></span> <span class='ocrx_word' id='word_1_266' title='bbox 818 3263 1091 3319; x_wconf 79' lang='lat' dir='ltr'><strong>soliditate</strong></span> <span class='ocrx_word' id='word_1_267' title='bbox 1134 3282 1243 3320; x_wconf 84' lang='lat' dir='ltr'><strong>non</strong></span> <span class='ocrx_word' id='word_1_268' title='bbox 1271 3276 1451 3337; x_wconf 89' lang='lat' dir='ltr'><strong>potest</strong></span> <span class='ocrx_word' id='word_1_269' title='bbox 1478 3274 1746 3323; x_wconf 86' lang='lat' dir='ltr'><strong>structura</strong></span> <span class='ocrx_word' id='word_1_270' title='bbox 1772 3269 1877 3323; x_wconf 92' lang='lat' dir='ltr'><strong>ulla</strong></span> <span class='ocrx_word' id='word_1_271' title='bbox 1906 3285 2034 3325; x_wconf 93' lang='lat' dir='ltr'><strong>con-</strong></span> 
     </span>
    </p>
   </div>
   <div class='ocr_carea' id='block_1_48' title="bbox 454 3355 2033 3428">
    <p class='ocr_par' dir='ltr' id='par_1_48' title="bbox 454 3355 2033 3428">
     <span class='ocr_line' id='line_1_48' title="bbox 454 3355 2033 3428; baseline 0.006 -20"><span class='ocrx_word' id='word_1_272' title='bbox 454 3355 671 3423; x_wconf 80' lang='lat' dir='ltr'><strong>sistere,</strong></span> <span class='ocrx_word' id='word_1_273' title='bbox 715 3356 871 3424; x_wconf 76' lang='lat' dir='ltr'><strong>longe</strong></span> <span class='ocrx_word' id='word_1_274' title='bbox 895 3357 1050 3412; x_wconf 85' lang='lat' dir='ltr'><strong>aliter</strong></span> <span class='ocrx_word' id='word_1_275' title='bbox 1080 3358 1130 3412; x_wconf 92' lang='lat' dir='ltr'><strong>in</strong></span> <span class='ocrx_word' id='word_1_276' title='bbox 1161 3360 1478 3428; x_wconf 90' lang='lat' dir='ltr'><strong>quihusdam</strong></span> <span class='ocrx_word' id='word_1_277' title='bbox 1511 3362 1664 3416; x_wconf 88' lang='lat' dir='ltr'><strong>annis</strong></span> <span class='ocrx_word' id='word_1_278' title='bbox 1704 3359 2033 3417; x_wconf 86' lang='lat' dir='ltr'><strong>dominicum</strong></span> 
     </span>
    </p>
   </div>
   <div class='ocr_carea' id='block_1_49' title="bbox 456 3442 2035 3521">
    <p class='ocr_par' dir='ltr' id='par_1_49' title="bbox 456 3442 2035 3521">
     <span class='ocr_line' id='line_1_49' title="bbox 456 3442 2035 3521; baseline 0.007 -25"><span class='ocrx_word' id='word_1_279' title='bbox 456 3442 661 3500; x_wconf 86' lang='lat' dir='ltr'><strong>Pascha</strong></span> <span class='ocrx_word' id='word_1_280' title='bbox 694 3455 749 3502; x_wconf 91' lang='lat' dir='ltr'><strong>et</strong></span> <span class='ocrx_word' id='word_1_281' title='bbox 778 3447 917 3502; x_wconf 74' lang='lat' dir='ltr'><strong>lunae</strong></span> <span class='ocrx_word' id='word_1_282' title='bbox 943 3457 1251 3518; x_wconf 88' lang='lat' dir='ltr'><strong>computum</strong></span> <span class='ocrx_word' id='word_1_283' title='bbox 1281 3451 1555 3519; x_wconf 72' lang='lat' dir='ltr'><strong>prmligere</strong></span> <span class='ocrx_word' id='word_1_284' title='bbox 1595 3452 1920 3521; x_wconf 84' lang='lat' dir='ltr'><strong>maluerunt,</strong></span> <span class='ocrx_word' id='word_1_285' title='bbox 1954 3454 2035 3507; x_wconf 86' lang='lat' dir='ltr'><strong>in-</strong></span> 
     </span>
    </p>
   </div>
   <div class='ocr_carea' id='block_1_50' title="bbox 454 3536 2032 3617">
    <p class='ocr_par' dir='ltr' id='par_1_50' title="bbox 454 3536 2032 3617">
     <span class='ocr_line' id='line_1_50' title="bbox 454 3536 2032 3617; baseline 0.008 -28"><span class='ocrx_word' id='word_1_286' title='bbox 454 3536 733 3593; x_wconf 89' lang='lat' dir='ltr'><strong>ordinatos</strong></span> <span class='ocrx_word' id='word_1_287' title='bbox 782 3541 1010 3596; x_wconf 89' lang='lat' dir='ltr'><strong>circulos</strong></span> <span class='ocrx_word' id='word_1_288' title='bbox 1057 3541 1366 3597; x_wconf 87' lang='lat' dir='ltr'><strong>ordinantes</strong></span> <span class='ocrx_word' id='word_1_289' title='bbox 1408 3544 1526 3614; x_wconf 75' lang='lat' dir='ltr'><strong>(aL,</strong></span> <span class='ocrx_word' id='word_1_290' title='bbox 1577 3546 1909 3616; x_wconf 91' lang='lat' dir='ltr'><strong>ordientes):</strong></span> <span class='ocrx_word' id='word_1_291' title='bbox 1941 3550 2032 3617; x_wconf 90' lang='lat' dir='ltr'><strong>qui</strong></span> 
     </span>
    </p>
   </div>
   <div class='ocr_carea' id='block_1_51' title="bbox 455 3629 2029 3701">
    <p class='ocr_par' dir='ltr' id='par_1_51' title="bbox 455 3629 2029 3701">
     <span class='ocr_line' id='line_1_51' title="bbox 455 3629 2029 3701; baseline 0.008 -22"><span class='ocrx_word' id='word_1_292' title='bbox 455 3641 564 3680; x_wconf 93' lang='lat' dir='ltr'><strong>non</strong></span> <span class='ocrx_word' id='word_1_293' title='bbox 616 3629 788 3683; x_wconf 86' lang='lat' dir='ltr'><strong>solum</strong></span> <span class='ocrx_word' id='word_1_294' title='bbox 837 3631 1036 3684; x_wconf 90' lang='lat' dir='ltr'><strong>nullam</strong></span> <span class='ocrx_word' id='word_1_295' title='bbox 1094 3648 1344 3688; x_wconf 91' lang='lat' dir='ltr'><strong>recursus</strong></span> <span class='ocrx_word' id='word_1_296' title='bbox 1393 3635 1788 3701; x_wconf 85' lang='lat' dir='ltr'><strong>stabilitatem,</strong></span> <span class='ocrx_word' id='word_1_297' title='bbox 1844 3652 2029 3692; x_wconf 89' lang='lat' dir='ltr'><strong>verum</strong></span> 
     </span>
    </p>
   </div>
   <div class='ocr_carea' id='block_1_52' title="bbox 452 3716 1734 3789">
    <p class='ocr_par' dir='ltr' id='par_1_52' title="bbox 452 3716 1734 3789">
     <span class='ocr_line' id='line_1_52' title="bbox 452 3716 1734 3789; baseline 0.007 -20"><span class='ocrx_word' id='word_1_298' title='bbox 452 3716 858 3773; x_wconf 88' lang='lat' dir='ltr'><strong>etiam&#39;cursum</strong></span> <span class='ocrx_word' id='word_1_299' title='bbox 889 3720 1180 3789; x_wconf 77' lang='lat' dir='ltr'><strong>prteferunt</strong></span> <span class='ocrx_word' id='word_1_300' title='bbox 1208 3738 1391 3778; x_wconf 90' lang='lat' dir='ltr'><strong>errore</strong></span> <span class='ocrx_word' id='word_1_301' title='bbox 1421 3725 1734 3780; x_wconf 88' lang='lat' dir='ltr'><strong>notabilem.</strong></span> 
     </span>
    </p>
   </div>
   <div class='ocr_carea' id='block_1_53' title="bbox 542 3805 2030 3886">
    <p class='ocr_par' dir='ltr' id='par_1_53' title="bbox 542 3805 2030 3886">
     <span class='ocr_line' id='line_1_53' title="bbox 542 3805 2030 3886; baseline 0.011 -26"><span class='ocrx_word' id='word_1_302' title='bbox 542 3805 649 3861; x_wconf 86' lang='lat' dir='ltr'><strong>Sed</strong></span> <span class='ocrx_word' id='word_1_303' title='bbox 707 3809 1082 3866; x_wconf 68' lang='lat' dir='ltr'><strong>Alexandrinm</strong></span> <span class='ocrx_word' id='word_1_304' title='bbox 1139 3814 1286 3868; x_wconf 89' lang='lat' dir='ltr'><strong>urbis</strong></span> <span class='ocrx_word' id='word_1_305' title='bbox 1339 3815 1777 3886; x_wconf 84' lang='lat' dir='ltr'><strong>archiepiscOpos</strong></span> <span class='ocrx_word' id='word_1_306' title='bbox 1840 3819 2030 3877; x_wconf 88' lang='lat' dir='ltr'><strong>beatus</strong></span> 
     </span>
    </p>
   </div>
   <div class='ocr_carea' id='block_1_54' title="bbox 454 3896 2029 3978">
    <p class='ocr_par' dir='ltr' id='par_1_54' title="bbox 454 3896 2029 3978">
     <span class='ocr_line' id='line_1_54' title="bbox 454 3896 2029 3978; baseline 0.01 -28"><span class='ocrx_word' id='word_1_307' title='bbox 454 3896 797 3965; x_wconf 85' lang='lat' dir='ltr'><strong>Athanasius,</strong></span> <span class='ocrx_word' id='word_1_308' title='bbox 817 3902 907 3970; x_wconf 89' lang='lat' dir='ltr'><strong>qui</strong></span> <span class='ocrx_word' id='word_1_309' title='bbox 933 3904 1092 3957; x_wconf 89' lang='lat' dir='ltr'><strong>etiam</strong></span> <span class='ocrx_word' id='word_1_310' title='bbox 1122 3904 1237 3973; x_wconf 91' lang='lat' dir='ltr'><strong>ipse</strong></span> <span class='ocrx_word' id='word_1_311' title='bbox 1265 3906 1382 3974; x_wconf 74' lang='lat' dir='ltr'><strong>(aL,</strong></span> <span class='ocrx_word' id='word_1_312' title='bbox 1417 3914 1473 3961; x_wconf 90' lang='lat' dir='ltr'><strong>et</strong></span> <span class='ocrx_word' id='word_1_313' title='bbox 1501 3907 1637 3978; x_wconf 89' lang='lat' dir='ltr'><strong>ipse)</strong></span> <span class='ocrx_word' id='word_1_314' title='bbox 1658 3908 1869 3965; x_wconf 75' lang='lat' dir='ltr'><strong>Nicmno</strong></span> <span class='ocrx_word' id='word_1_315' title='bbox 1900 3927 2029 3966; x_wconf 85' lang='lat' dir='ltr'><strong>con-</strong></span> 
     </span>
    </p>
   </div>
   <div class='ocr_carea' id='block_1_55' title="bbox 448 3986 2027 4066">
    <p class='ocr_par' dir='ltr' id='par_1_55' title="bbox 448 3986 2027 4066">
     <span class='ocr_line' id='line_1_55' title="bbox 448 3986 2027 4066; baseline 0.011 -27"><span class='ocrx_word' id='word_1_316' title='bbox 448 3986 575 4042; x_wconf 88' lang='lat' dir='ltr'><strong>cilio</strong></span> <span class='ocrx_word' id='word_1_317' title='bbox 603 3995 730 4043; x_wconf 85' lang='lat' dir='ltr'><strong>tunc</strong></span> <span class='ocrx_word' id='word_1_318' title='bbox 756 3992 926 4046; x_wconf 87' lang='lat' dir='ltr'><strong>sancti</strong></span> <span class='ocrx_word' id='word_1_319' title='bbox 956 3992 1242 4049; x_wconf 82' lang='lat' dir='ltr'><strong>Alexandri</strong></span> <span class='ocrx_word' id='word_1_320' title='bbox 1271 3998 1538 4066; x_wconf 88' lang='lat' dir='ltr'><strong>pontilicis</strong></span> <span class='ocrx_word' id='word_1_321' title='bbox 1566 3999 1824 4054; x_wconf 85' lang='lat' dir='ltr'><strong>diaconus</strong></span> <span class='ocrx_word' id='word_1_322' title='bbox 1843 4040 1856 4064; x_wconf 94' lang='lat'><strong>,</strong></span> <span class='ocrx_word' id='word_1_323' title='bbox 1890 4011 1946 4056; x_wconf 82' lang='lat' dir='ltr'><strong>et</strong></span> <span class='ocrx_word' id='word_1_324' title='bbox 1975 4002 2027 4056; x_wconf 91' lang='lat' dir='ltr'><strong>in</strong></span> 
     </span>
    </p>
   </div>
   <div class='ocr_carea' id='block_1_56' title="bbox 448 4080 2030 4159">
    <p class='ocr_par' dir='ltr' id='par_1_56' title="bbox 448 4080 2030 4159">
     <span class='ocr_line' id='line_1_56' title="bbox 448 4080 2030 4159; baseline 0.01 -27"><span class='ocrx_word' id='word_1_325' title='bbox 448 4080 696 4136; x_wconf 87' lang='lat' dir='ltr'><strong>omnibus</strong></span> <span class='ocrx_word' id='word_1_326' title='bbox 725 4083 941 4151; x_wconf 89' lang='lat' dir='ltr'><strong>adjutor</strong></span> <span class='ocrx_word' id='word_1_327' title='bbox 978 4085 1253 4155; x_wconf 82' lang='lat' dir='ltr'><strong>interfuit;</strong></span> <span class='ocrx_word' id='word_1_328' title='bbox 1305 4097 1360 4143; x_wconf 91' lang='lat' dir='ltr'><strong>et</strong></span> <span class='ocrx_word' id='word_1_329' title='bbox 1406 4090 1659 4159; x_wconf 87' lang='lat' dir='ltr'><strong>deinceps</strong></span> <span class='ocrx_word' id='word_1_330' title='bbox 1706 4094 2030 4149; x_wconf 87' lang='lat' dir='ltr'><strong>venerabilis</strong></span> 
     </span>
    </p>
   </div>
   <div class='ocr_carea' id='block_1_57' title="bbox 447 4162 2029 4252">
    <p class='ocr_par' dir='ltr' id='par_1_57' title="bbox 447 4162 2029 4252">
     <span class='ocr_line' id='line_1_57' title="bbox 447 4162 2029 4252; baseline 0.01 -29"><span class='ocrx_word' id='word_1_331' title='bbox 447 4168 799 4241; x_wconf 88' lang='lat' dir='ltr'><strong>Theophilus,</strong></span> <span class='ocrx_word' id='word_1_332' title='bbox 852 4162 913 4229; x_wconf 90' lang='lat' dir='ltr'><strong>et</strong></span> <span class='ocrx_word' id='word_1_333' title='bbox 952 4174 1201 4248; x_wconf 89' lang='lat' dir='ltr'><strong>Cyrillus,</strong></span> <span class='ocrx_word' id='word_1_334' title='bbox 1249 4181 1317 4234; x_wconf 91' lang='lat' dir='ltr'><strong>ah</strong></span> <span class='ocrx_word' id='word_1_335' title='bbox 1360 4180 1458 4235; x_wconf 89' lang='lat' dir='ltr'><strong>hac</strong></span> <span class='ocrx_word' id='word_1_336' title='bbox 1503 4183 1691 4252; x_wconf 88' lang='lat' dir='ltr'><strong>synodi</strong></span> <span class='ocrx_word' id='word_1_337' title='bbox 1722 4185 2029 4239; x_wconf 84' lang='lat' dir='ltr'><strong>veneranda</strong></span> 
     </span>
    </p>
   </div>
   <div class='ocr_carea' id='block_1_58' title="bbox 445 4264 2025 4343">
    <p class='ocr_par' dir='ltr' id='par_1_58' title="bbox 445 4264 2025 4343">
     <span class='ocr_line' id='line_1_58' title="bbox 445 4264 2025 4343; baseline 0.008 -27"><span class='ocrx_word' id='word_1_338' title='bbox 445 4264 832 4320; x_wconf 84' lang='lat' dir='ltr'><strong>constitutione</strong></span> <span class='ocrx_word' id='word_1_339' title='bbox 872 4267 1092 4322; x_wconf 86' lang='lat' dir='ltr'><strong>minime</strong></span> <span class='ocrx_word' id='word_1_340' title='bbox 1139 4269 1496 4325; x_wconf 66' lang='lat' dir='ltr'><strong>desciverunt.</strong></span> <span class='ocrx_word' id='word_1_341' title='bbox 1528 4272 1639 4327; x_wconf 87' lang='lat' dir='ltr'><strong>imo</strong></span> <span class='ocrx_word' id='word_1_342' title='bbox 1669 4274 1847 4343; x_wconf 87' lang='lat' dir='ltr'><strong>potius</strong></span> <span class='ocrx_word' id='word_1_343' title='bbox 1872 4290 2025 4329; x_wconf 90' lang='lat' dir='ltr'><strong>eum-</strong></span> 
     </span>
    </p>
   </div>
   <div class='ocr_carea' id='block_1_59' title="bbox 445 4355 2029 4435">
    <p class='ocr_par' dir='ltr' id='par_1_59' title="bbox 445 4355 2029 4435">
     <span class='ocr_line' id='line_1_59' title="bbox 445 4355 2029 4435; baseline 0.007 -26"><span class='ocrx_word' id='word_1_344' title='bbox 445 4355 568 4410; x_wconf 85' lang='lat' dir='ltr'><strong>dem</strong></span> <span class='ocrx_word' id='word_1_345' title='bbox 590 4355 1135 4415; x_wconf 87' lang='lat' dir='ltr'><strong>decemnovennalem</strong></span> <span class='ocrx_word' id='word_1_346' title='bbox 1158 4363 1437 4430; x_wconf 91' lang='lat' dir='ltr'><strong>circulum,</strong></span> <span class='ocrx_word' id='word_1_347' title='bbox 1462 4366 1551 4435; x_wconf 92' lang='lat' dir='ltr'><strong>qui</strong></span> <span class='ocrx_word' id='word_1_348' title='bbox 1572 4364 2029 4421; x_wconf 83' lang='lat' dir='ltr'><strong>Enneacaidecae-</strong></span> 
     </span>
    </p>
   </div>
   <div class='ocr_carea' id='block_1_60' title="bbox 442 4446 2025 4524">
    <p class='ocr_par' dir='ltr' id='par_1_60' title="bbox 442 4446 2025 4524">
     <span class='ocr_line' id='line_1_60' title="bbox 442 4446 2025 4524; baseline 0.009 -25"><span class='ocrx_word' id='word_1_349' title='bbox 442 4447 615 4501; x_wconf 82' lang='lat' dir='ltr'><strong>terida</strong></span> <span class='ocrx_word' id='word_1_350' title='bbox 641 4446 828 4504; x_wconf 73' lang='lat' dir='ltr'><strong>Gmco</strong></span> <span class='ocrx_word' id='word_1_351' title='bbox 854 4451 1116 4505; x_wconf 88' lang='lat' dir='ltr'><strong>vocabulo</strong></span> <span class='ocrx_word' id='word_1_352' title='bbox 1144 4462 1499 4524; x_wconf 87' lang='lat' dir='ltr'><strong>nuncupatur,</strong></span> <span class='ocrx_word' id='word_1_353' title='bbox 1532 4456 1760 4512; x_wconf 88' lang='lat' dir='ltr'><strong>sollicite</strong></span> <span class='ocrx_word' id='word_1_354' title='bbox 1790 4459 2025 4513; x_wconf 87' lang='lat' dir='ltr'><strong>retinen-</strong></span> 
     </span>
    </p>
   </div>
   <div class='ocr_carea' id='block_1_61' title="bbox 440 4539 2023 4621">
    <p class='ocr_par' dir='ltr' id='par_1_61' title="bbox 440 4539 2023 4621">
     <span class='ocr_line' id='line_1_61' title="bbox 440 4539 2023 4621; baseline 0.011 -32"><span class='ocrx_word' id='word_1_355' title='bbox 440 4544 546 4603; x_wconf 87' lang='lat' dir='ltr'><strong>tes,</strong></span> <span class='ocrx_word' id='word_1_356' title='bbox 576 4539 883 4607; x_wconf 87' lang='lat' dir='ltr'><strong>paschalem</strong></span> <span class='ocrx_word' id='word_1_357' title='bbox 915 4555 1129 4597; x_wconf 90' lang='lat' dir='ltr'><strong>cursum</strong></span> <span class='ocrx_word' id='word_1_358' title='bbox 1168 4545 1328 4600; x_wconf 90' lang='lat' dir='ltr'><strong>nullis</strong></span> <span class='ocrx_word' id='word_1_359' title='bbox 1354 4547 1750 4603; x_wconf 85' lang='lat' dir='ltr'><strong>diversitatibus</strong></span> <span class='ocrx_word' id='word_1_360' title='bbox 1779 4550 2023 4621; x_wconf 88' lang='lat' dir='ltr'><strong>interpo-</strong></span> 
     </span>
    </p>
   </div>
   <div class='ocr_carea' id='block_1_62' title="bbox 440 4630 2023 4710">
    <p class='ocr_par' dir='ltr' id='par_1_62' title="bbox 440 4630 2023 4710">
     <span class='ocr_line' id='line_1_62' title="bbox 440 4630 2023 4710; baseline 0.01 -27"><span class='ocrx_word' id='word_1_361' title='bbox 440 4630 581 4686; x_wconf 88' lang='lat' dir='ltr'><strong>iasse</strong></span> <span class='ocrx_word' id='word_1_362' title='bbox 610 4641 999 4689; x_wconf 87' lang='lat' dir='ltr'><strong>monstrantur.</strong></span> <span class='ocrx_word' id='word_1_363' title='bbox 1028 4633 1167 4706; x_wconf 89' lang='lat' dir='ltr'><strong>Papa</strong></span> <span class='ocrx_word' id='word_1_364' title='bbox 1198 4636 1428 4706; x_wconf 89' lang='lat' dir='ltr'><strong>denique</strong></span> <span class='ocrx_word' id='word_1_365' title='bbox 1454 4638 1781 4710; x_wconf 85' lang='lat' dir='ltr'><strong>Theophilus</strong></span> <span class='ocrx_word' id='word_1_366' title='bbox 1808 4652 2023 4699; x_wconf 87' lang='lat' dir='ltr'><strong>centum</strong></span> 
     </span>
    </p>
   </div>
   <div class='ocr_carea' id='block_1_63' title="bbox 438 4724 2023 4802">
    <p class='ocr_par' dir='ltr' id='par_1_63' title="bbox 438 4724 2023 4802">
     <span class='ocr_line' id='line_1_63' title="bbox 438 4724 2023 4802; baseline 0.009 -29"><span class='ocrx_word' id='word_1_367' title='bbox 438 4736 705 4775; x_wconf 85' lang='lat' dir='ltr'><strong>annorum</strong></span> <span class='ocrx_word' id='word_1_368' title='bbox 752 4738 966 4778; x_wconf 90' lang='lat' dir='ltr'><strong>cursum</strong></span> <span class='ocrx_word' id='word_1_369' title='bbox 1015 4724 1320 4782; x_wconf 90' lang='lat' dir='ltr'><strong>Theodosio</strong></span> <span class='ocrx_word' id='word_1_370' title='bbox 1363 4730 1567 4784; x_wconf 87' lang='lat' dir='ltr'><strong>seniori</strong></span> <span class='ocrx_word' id='word_1_371' title='bbox 1602 4732 1829 4802; x_wconf 85' lang='lat' dir='ltr'><strong>principi</strong></span> <span class='ocrx_word' id='word_1_372' title='bbox 1875 4733 2023 4787; x_wconf 89' lang='lat' dir='ltr'><strong>dedi-</strong></span> 
     </span>
    </p>
   </div>
   <div class='ocr_carea' id='block_1_64' title="bbox 436 4811 2021 4891">
    <p class='ocr_par' dir='ltr' id='par_1_64' title="bbox 436 4811 2021 4891">
     <span class='ocr_line' id='line_1_64' title="bbox 436 4811 2021 4891; baseline 0.008 -30"><span class='ocrx_word' id='word_1_373' title='bbox 436 4823 586 4873; x_wconf 89' lang='lat' dir='ltr'><strong>cans,</strong></span> <span class='ocrx_word' id='word_1_374' title='bbox 615 4817 668 4863; x_wconf 90' lang='lat' dir='ltr'><strong>et</strong></span> <span class='ocrx_word' id='word_1_375' title='bbox 693 4818 911 4866; x_wconf 88' lang='lat' dir='ltr'><strong>sanctus</strong></span> <span class='ocrx_word' id='word_1_376' title='bbox 931 4811 1160 4883; x_wconf 85' lang='lat' dir='ltr'><strong>Cyrillus</strong></span> <span class='ocrx_word' id='word_1_377' title='bbox 1180 4815 1385 4886; x_wconf 89' lang='lat' dir='ltr'><strong>cyclum</strong></span> <span class='ocrx_word' id='word_1_378' title='bbox 1408 4825 1707 4888; x_wconf 89' lang='lat' dir='ltr'><strong>temporum</strong></span> <span class='ocrx_word' id='word_1_379' title='bbox 1734 4822 2021 4891; x_wconf 74' lang='lat' dir='ltr'><strong>nonaginta</strong></span> 
     </span>
    </p>
   </div>
   <div class='ocr_carea' id='block_1_65' title="bbox 435 4905 2022 4977">
    <p class='ocr_par' dir='ltr' id='par_1_65' title="bbox 435 4905 2022 4977">
     <span class='ocr_line' id='line_1_65' title="bbox 435 4905 2022 4977; baseline 0.008 -23"><span class='ocrx_word' id='word_1_380' title='bbox 435 4910 491 4954; x_wconf 91' lang='lat' dir='ltr'><strong>et</strong></span> <span class='ocrx_word' id='word_1_381' title='bbox 521 4905 759 4972; x_wconf 88' lang='lat' dir='ltr'><strong>quinque</strong></span> <span class='ocrx_word' id='word_1_382' title='bbox 788 4919 1053 4959; x_wconf 86' lang='lat' dir='ltr'><strong>annorum</strong></span> <span class='ocrx_word' id='word_1_383' title='bbox 1095 4922 1455 4977; x_wconf 88' lang='lat' dir='ltr'><strong>componens,</strong></span> <span class='ocrx_word' id='word_1_384' title='bbox 1508 4912 1646 4966; x_wconf 89' lang='lat' dir='ltr'><strong>hanc</strong></span> <span class='ocrx_word' id='word_1_385' title='bbox 1674 4914 1851 4968; x_wconf 84' lang='lat' dir='ltr'><strong>sancti</strong></span> <span class='ocrx_word' id='word_1_386' title='bbox 1893 4929 2022 4968; x_wconf 88' lang='lat' dir='ltr'><strong>con-</strong></span> 
     </span>
    </p>
   </div>
   <div class='ocr_carea' id='block_1_66' title="bbox 434 4993 2019 5071">
    <p class='ocr_par' dir='ltr' id='par_1_66' title="bbox 434 4993 2019 5071">
     <span class='ocr_line' id='line_1_66' title="bbox 434 4993 2019 5071; baseline 0.008 -27"><span class='ocrx_word' id='word_1_387' title='bbox 434 4993 543 5046; x_wconf 84' lang='lat' dir='ltr'><strong>cilii</strong></span> <span class='ocrx_word' id='word_1_388' title='bbox 576 4994 918 5049; x_wconf 89' lang='lat' dir='ltr'><strong>traditionem</strong></span> <span class='ocrx_word' id='word_1_389' title='bbox 948 4995 1015 5049; x_wconf 90' lang='lat' dir='ltr'><strong>ad</strong></span> <span class='ocrx_word' id='word_1_390' title='bbox 1051 4997 1414 5053; x_wconf 79' lang='lat' dir='ltr'><strong>observandas</strong></span> <span class='ocrx_word' id='word_1_391' title='bbox 1449 5002 1906 5071; x_wconf 85' lang='lat' dir='ltr'><strong>quartasdecimas</strong></span> <span class='ocrx_word' id='word_1_392' title='bbox 1942 5004 2019 5057; x_wconf 87' lang='lat' dir='ltr'><strong>iu-</strong></span> 
     </span>
    </p>
   </div>
   <div class='ocr_carea' id='block_1_67' title="bbox 434 5086 2019 5161">
    <p class='ocr_par' dir='ltr' id='par_1_67' title="bbox 434 5086 2019 5161">
     <span class='ocr_line' id='line_1_67' title="bbox 434 5086 2019 5161; baseline 0.006 -25"><span class='ocrx_word' id='word_1_393' title='bbox 434 5101 531 5139; x_wconf 90' lang='lat' dir='ltr'><strong>nas</strong></span> <span class='ocrx_word' id='word_1_394' title='bbox 560 5086 843 5155; x_wconf 90' lang='lat' dir='ltr'><strong>paschales</strong></span> <span class='ocrx_word' id='word_1_395' title='bbox 879 5102 976 5157; x_wconf 89' lang='lat' dir='ltr'><strong>per</strong></span> <span class='ocrx_word' id='word_1_396' title='bbox 1004 5088 1183 5144; x_wconf 91' lang='lat' dir='ltr'><strong>omnia</strong></span> <span class='ocrx_word' id='word_1_397' title='bbox 1219 5101 1590 5148; x_wconf 85' lang='lat' dir='ltr'><strong>servaverunt.</strong></span> <span class='ocrx_word' id='word_1_398' title='bbox 1642 5092 1709 5146; x_wconf 83' lang='lat' dir='ltr'><strong>Et</strong></span> <span class='ocrx_word' id='word_1_399' title='bbox 1751 5094 1873 5161; x_wconf 89' lang='lat' dir='ltr'><strong>quia</strong></span> <span class='ocrx_word' id='word_1_400' title='bbox 1905 5102 2019 5146; x_wconf 87' lang='lat' dir='ltr'><strong>stu-</strong></span> 
     </span>
    </p>
   </div>
   <div class='ocr_carea' id='block_1_68' title="bbox 2151 2528 3720 2607">
    <p class='ocr_par' dir='ltr' id='par_1_68' title="bbox 2151 2528 3720 2607">
     <span class='ocr_line' id='line_1_68' title="bbox 2151 2528 3720 2607; baseline 0.009 -26"><span class='ocrx_word' id='word_1_401' title='bbox 2151 2542 2311 2597; x_wconf 89' lang='lat' dir='ltr'><strong>quem</strong></span> <span class='ocrx_word' id='word_1_402' title='bbox 2354 2528 2596 2595; x_wconf 85' lang='lat' dir='ltr'><strong>iecimus,</strong></span> <span class='ocrx_word' id='word_1_403' title='bbox 2644 2546 2765 2585; x_wconf 92' lang='lat' dir='ltr'><strong>cum</strong></span> <span class='ocrx_word' id='word_1_404' title='bbox 2817 2530 2965 2584; x_wconf 85' lang='lat' dir='ltr'><strong>linito</strong></span> <span class='ocrx_word' id='word_1_405' title='bbox 3008 2540 3250 2603; x_wconf 90' lang='lat' dir='ltr'><strong>tempore</strong></span> <span class='ocrx_word' id='word_1_406' title='bbox 3278 2534 3331 2589; x_wconf 92' lang='lat' dir='ltr'><strong>in</strong></span> <span class='ocrx_word' id='word_1_407' title='bbox 3363 2535 3592 2607; x_wconf 88' lang='lat' dir='ltr'><strong>idipsum</strong></span> <span class='ocrx_word' id='word_1_408' title='bbox 3641 2554 3720 2595; x_wconf 85' lang='lat' dir='ltr'><strong>re-</strong></span> 
     </span>
    </p>
   </div>
   <div class='ocr_carea' id='block_1_69' title="bbox 2145 2621 3718 2695">
    <p class='ocr_par' dir='ltr' id='par_1_69' title="bbox 2145 2621 3718 2695">
     <span class='ocr_line' id='line_1_69' title="bbox 2145 2621 3718 2695; baseline 0.007 -22"><span class='ocrx_word' id='word_1_409' title='bbox 2145 2621 2281 2675; x_wconf 88' lang='lat' dir='ltr'><strong>verti</strong></span> <span class='ocrx_word' id='word_1_410' title='bbox 2311 2622 2552 2692; x_wconf 72' lang='lat' dir='ltr'><strong>cwperit,</strong></span> <span class='ocrx_word' id='word_1_411' title='bbox 2585 2637 2692 2676; x_wconf 93' lang='lat' dir='ltr'><strong>non</strong></span> <span class='ocrx_word' id='word_1_412' title='bbox 2720 2636 2818 2692; x_wconf 90' lang='lat' dir='ltr'><strong>per</strong></span> <span class='ocrx_word' id='word_1_413' title='bbox 2846 2623 3026 2677; x_wconf 88' lang='lat' dir='ltr'><strong>omnia</strong></span> <span class='ocrx_word' id='word_1_414' title='bbox 3056 2626 3391 2695; x_wconf 87' lang='lat' dir='ltr'><strong>propositam</strong></span> <span class='ocrx_word' id='word_1_415' title='bbox 3424 2637 3603 2683; x_wconf 89' lang='lat' dir='ltr'><strong>teneat</strong></span> <span class='ocrx_word' id='word_1_416' title='bbox 3633 2628 3718 2684; x_wconf 85' lang='lat' dir='ltr'><strong>fir-</strong></span> 
     </span>
    </p>
   </div>
   <div class='ocr_carea' id='block_1_70' title="bbox 2144 2711 3720 2775">
    <p class='ocr_par' dir='ltr' id='par_1_70' title="bbox 2144 2711 3720 2775">
     <span class='ocr_line' id='line_1_70' title="bbox 2144 2711 3720 2775; baseline 0.007 -10"><span class='ocrx_word' id='word_1_417' title='bbox 2144 2712 2403 2767; x_wconf 78' lang='lat' dir='ltr'><strong>mitatem.</strong></span> <span class='ocrx_word' id='word_1_418' title='bbox 2444 2711 2577 2767; x_wconf 87' lang='lat' dir='ltr'><strong>Nam</strong></span> <span class='ocrx_word' id='word_1_419' title='bbox 2606 2712 2730 2769; x_wconf 86' lang='lat' dir='ltr'><strong>licet</strong></span> <span class='ocrx_word' id='word_1_420' title='bbox 2770 2717 2896 2768; x_wconf 90' lang='lat' dir='ltr'><strong>anni</strong></span> <span class='ocrx_word' id='word_1_421' title='bbox 2932 2713 3142 2769; x_wconf 90' lang='lat' dir='ltr'><strong>Domini</strong></span> <span class='ocrx_word' id='word_1_422' title='bbox 3175 2718 3343 2772; x_wconf 88' lang='lat' dir='ltr'><strong>nostri</strong></span> <span class='ocrx_word' id='word_1_423' title='bbox 3371 2715 3498 2773; x_wconf 84' lang='lat' dir='ltr'><strong>Jesu</strong></span> <span class='ocrx_word' id='word_1_424' title='bbox 3526 2718 3720 2775; x_wconf 88' lang='lat' dir='ltr'><strong>Christi</strong></span> 
     </span>
    </p>
   </div>
   <div class='ocr_carea' id='block_1_71' title="bbox 2144 2803 3719 2875">
    <p class='ocr_par' dir='ltr' id='par_1_71' title="bbox 2144 2803 3719 2875">
     <span class='ocr_line' id='line_1_71' title="bbox 2144 2803 3719 2875; baseline 0.006 -18"><span class='ocrx_word' id='word_1_425' title='bbox 2144 2803 2390 2859; x_wconf 90' lang='lat' dir='ltr'><strong>ordinem</strong></span> <span class='ocrx_word' id='word_1_426' title='bbox 2421 2820 2577 2858; x_wconf 90' lang='lat' dir='ltr'><strong>suum</strong></span> <span class='ocrx_word' id='word_1_427' title='bbox 2606 2804 2920 2859; x_wconf 89' lang='lat' dir='ltr'><strong>continuata</strong></span> <span class='ocrx_word' id='word_1_428' title='bbox 2967 2805 3105 2861; x_wconf 92' lang='lat' dir='ltr'><strong>serie</strong></span> <span class='ocrx_word' id='word_1_429' title='bbox 3132 2807 3458 2875; x_wconf 90' lang='lat' dir='ltr'><strong>custodiant,</strong></span> <span class='ocrx_word' id='word_1_430' title='bbox 3510 2819 3564 2866; x_wconf 89' lang='lat' dir='ltr'><strong>et</strong></span> <span class='ocrx_word' id='word_1_431' title='bbox 3594 2812 3719 2867; x_wconf 90' lang='lat' dir='ltr'><strong>indi-</strong></span> 
     </span>
    </p>
   </div>
   <div class='ocr_carea' id='block_1_72' title="bbox 2142 2896 3718 2967">
    <p class='ocr_par' dir='ltr' id='par_1_72' title="bbox 2142 2896 3718 2967">
     <span class='ocr_line' id='line_1_72' title="bbox 2142 2896 3718 2967; baseline 0.004 -16"><span class='ocrx_word' id='word_1_432' title='bbox 2142 2898 2350 2952; x_wconf 89' lang='lat' dir='ltr'><strong>ctiones</strong></span> <span class='ocrx_word' id='word_1_433' title='bbox 2392 2912 2491 2967; x_wconf 90' lang='lat' dir='ltr'><strong>per</strong></span> <span class='ocrx_word' id='word_1_434' title='bbox 2518 2912 2689 2951; x_wconf 90' lang='lat' dir='ltr'><strong>annos</strong></span> <span class='ocrx_word' id='word_1_435' title='bbox 2713 2896 3019 2967; x_wconf 86' lang='lat' dir='ltr'><strong>quindecim</strong></span> <span class='ocrx_word' id='word_1_436' title='bbox 3065 2899 3221 2953; x_wconf 90' lang='lat' dir='ltr'><strong>solita</strong></span> <span class='ocrx_word' id='word_1_437' title='bbox 3264 2901 3598 2958; x_wconf 88' lang='lat' dir='ltr'><strong>revolutione</strong></span> <span class='ocrx_word' id='word_1_438' title='bbox 3622 2903 3718 2959; x_wconf 89' lang='lat' dir='ltr'><strong>de—</strong></span> 
     </span>
    </p>
   </div>
   <div class='ocr_carea' id='block_1_73' title="bbox 2141 2988 3717 3059">
    <p class='ocr_par' dir='ltr' id='par_1_73' title="bbox 2141 2988 3717 3059">
     <span class='ocr_line' id='line_1_73' title="bbox 2141 2988 3717 3059; baseline 0.003 -16"><span class='ocrx_word' id='word_1_439' title='bbox 2141 2996 2381 3052; x_wconf 90' lang='lat' dir='ltr'><strong>currant,</strong></span> <span class='ocrx_word' id='word_1_440' title='bbox 2426 2994 2645 3057; x_wconf 84' lang='lat' dir='ltr'><strong>epactas</strong></span> <span class='ocrx_word' id='word_1_441' title='bbox 2672 2988 2857 3052; x_wconf 88' lang='lat' dir='ltr'><strong>etiam,</strong></span> <span class='ocrx_word' id='word_1_442' title='bbox 2909 3003 3043 3059; x_wconf 91' lang='lat' dir='ltr'><strong>quas</strong></span> <span class='ocrx_word' id='word_1_443' title='bbox 3072 2988 3241 3045; x_wconf 66' lang='lat' dir='ltr'><strong>Graeci</strong></span> <span class='ocrx_word' id='word_1_444' title='bbox 3272 2998 3488 3057; x_wconf 83' lang='lat' dir='ltr'><strong>vocant,</strong></span> <span class='ocrx_word' id='word_1_445' title='bbox 3538 2992 3589 3046; x_wconf 93' lang='lat' dir='ltr'><strong>id</strong></span> <span class='ocrx_word' id='word_1_446' title='bbox 3636 3001 3717 3047; x_wconf 90' lang='lat' dir='ltr'><strong>est</strong></span> 
     </span>
    </p>
   </div>
   <div class='ocr_carea' id='block_1_74' title="bbox 2140 3078 3714 3152">
    <p class='ocr_par' dir='ltr' id='par_1_74' title="bbox 2140 3078 3714 3152">
     <span class='ocr_line' id='line_1_74' title="bbox 2140 3078 3714 3152; baseline 0.004 -20"><span class='ocrx_word' id='word_1_447' title='bbox 2140 3078 2471 3149; x_wconf 83' lang='lat' dir='ltr'><strong>adjectiones</strong></span> <span class='ocrx_word' id='word_1_448' title='bbox 2516 3095 2723 3135; x_wconf 88' lang='lat' dir='ltr'><strong>annuas</strong></span> <span class='ocrx_word' id='word_1_449' title='bbox 2770 3080 2986 3135; x_wconf 90' lang='lat' dir='ltr'><strong>lunares</strong></span> <span class='ocrx_word' id='word_1_450' title='bbox 3025 3080 3290 3148; x_wconf 91' lang='lat' dir='ltr'><strong>undecim,</strong></span> <span class='ocrx_word' id='word_1_451' title='bbox 3338 3098 3457 3152; x_wconf 69' lang='lat' dir='ltr'><strong>qua:</strong></span> <span class='ocrx_word' id='word_1_452' title='bbox 3501 3084 3714 3152; x_wconf 81' lang='lat' dir='ltr'><strong>triginta</strong></span> 
     </span>
    </p>
   </div>
   <div class='ocr_carea' id='block_1_75' title="bbox 2139 3169 3713 3242">
    <p class='ocr_par' dir='ltr' id='par_1_75' title="bbox 2139 3169 3713 3242">
     <span class='ocr_line' id='line_1_75' title="bbox 2139 3169 3713 3242; baseline 0.004 -18"><span class='ocrx_word' id='word_1_453' title='bbox 2139 3171 2343 3225; x_wconf 90' lang='lat' dir='ltr'><strong>dierum</strong></span> <span class='ocrx_word' id='word_1_454' title='bbox 2378 3169 2482 3225; x_wconf 89' lang='lat' dir='ltr'><strong>fine</strong></span> <span class='ocrx_word' id='word_1_455' title='bbox 2511 3170 2562 3224; x_wconf 93' lang='lat' dir='ltr'><strong>in</strong></span> <span class='ocrx_word' id='word_1_456' title='bbox 2592 3185 2651 3226; x_wconf 90' lang='lat' dir='ltr'><strong>se</strong></span> <span class='ocrx_word' id='word_1_457' title='bbox 2692 3170 2938 3239; x_wconf 89' lang='lat' dir='ltr'><strong>redeunt,</strong></span> <span class='ocrx_word' id='word_1_458' title='bbox 2971 3172 3089 3226; x_wconf 81' lang='lat' dir='ltr'><strong>lixis</strong></span> <span class='ocrx_word' id='word_1_459' title='bbox 3114 3173 3311 3242; x_wconf 85' lang='lat' dir='ltr'><strong>regulis</strong></span> <span class='ocrx_word' id='word_1_460' title='bbox 3341 3173 3579 3230; x_wconf 87' lang='lat' dir='ltr'><strong>invenias</strong></span> <span class='ocrx_word' id='word_1_461' title='bbox 3616 3174 3713 3229; x_wconf 88' lang='lat' dir='ltr'><strong>ad-</strong></span> 
     </span>
    </p>
   </div>
   <div class='ocr_carea' id='block_1_76' title="bbox 2139 3260 3714 3334">
    <p class='ocr_par' dir='ltr' id='par_1_76' title="bbox 2139 3260 3714 3334">
     <span class='ocr_line' id='line_1_76' title="bbox 2139 3260 3714 3334; baseline 0.003 -19"><span class='ocrx_word' id='word_1_462' title='bbox 2139 3267 2390 3326; x_wconf 89' lang='lat' dir='ltr'><strong>notatas,</strong></span> <span class='ocrx_word' id='word_1_463' title='bbox 2435 3260 2979 3316; x_wconf 88' lang='lat' dir='ltr'><strong>decemnovennalem</strong></span> <span class='ocrx_word' id='word_1_464' title='bbox 3028 3278 3245 3334; x_wconf 91' lang='lat' dir='ltr'><strong>quoque</strong></span> <span class='ocrx_word' id='word_1_465' title='bbox 3302 3280 3619 3330; x_wconf 89' lang='lat' dir='ltr'><strong>recursum,</strong></span> <span class='ocrx_word' id='word_1_466' title='bbox 3662 3273 3714 3320; x_wconf 89' lang='lat' dir='ltr'><strong>et</strong></span> 
     </span>
    </p>
   </div>
   <div class='ocr_carea' id='block_1_77' title="bbox 2136 3351 3710 3425">
    <p class='ocr_par' dir='ltr' id='par_1_77' title="bbox 2136 3351 3710 3425">
     <span class='ocr_line' id='line_1_77' title="bbox 2136 3351 3710 3425; baseline 0.002 -20"><span class='ocrx_word' id='word_1_467' title='bbox 2136 3352 2418 3425; x_wconf 82' lang='lat' dir='ltr'><strong>paschales</strong></span> <span class='ocrx_word' id='word_1_468' title='bbox 2480 3351 2935 3420; x_wconf 89' lang='lat' dir='ltr'><strong>quartasdecimas</strong></span> <span class='ocrx_word' id='word_1_469' title='bbox 2988 3354 3144 3408; x_wconf 91' lang='lat' dir='ltr'><strong>lunas</strong></span> <span class='ocrx_word' id='word_1_470' title='bbox 3202 3354 3418 3409; x_wconf 90' lang='lat' dir='ltr'><strong>easdem</strong></span> <span class='ocrx_word' id='word_1_471' title='bbox 3475 3356 3710 3410; x_wconf 90' lang='lat' dir='ltr'><strong>omnium</strong></span> 
     </span>
    </p>
   </div>
   <div class='ocr_carea' id='block_1_78' title="bbox 2136 3445 3707 3515">
    <p class='ocr_par' dir='ltr' id='par_1_78' title="bbox 2136 3445 3707 3515">
     <span class='ocr_line' id='line_1_78' title="bbox 2136 3445 3707 3515; baseline 0 -16"><span class='ocrx_word' id='word_1_472' title='bbox 2136 3460 2374 3499; x_wconf 74' lang='lat' dir='ltr'><strong>tevortln</strong></span> <span class='ocrx_word' id='word_1_473' title='bbox 2408 3445 2743 3500; x_wconf 89' lang='lat' dir='ltr'><strong>revolutione</strong></span> <span class='ocrx_word' id='word_1_474' title='bbox 2770 3446 3043 3515; x_wconf 89' lang='lat' dir='ltr'><strong>reperias:</strong></span> <span class='ocrx_word' id='word_1_475' title='bbox 3078 3454 3257 3500; x_wconf 89' lang='lat' dir='ltr'><strong>tamen</strong></span> <span class='ocrx_word' id='word_1_476' title='bbox 3298 3456 3541 3500; x_wconf 85' lang='lat' dir='ltr'><strong>tenorem</strong></span> <span class='ocrx_word' id='word_1_477' title='bbox 3566 3446 3707 3501; x_wconf 89' lang='lat' dir='ltr'><strong>simi-</strong></span> 
     </span>
    </p>
   </div>
   <div class='ocr_carea' id='block_1_79' title="bbox 2136 3534 3712 3603">
    <p class='ocr_par' dir='ltr' id='par_1_79' title="bbox 2136 3534 3712 3603">
     <span class='ocr_line' id='line_1_79' title="bbox 2136 3534 3712 3603; baseline 0.002 -14"><span class='ocrx_word' id='word_1_478' title='bbox 2136 3534 2243 3590; x_wconf 79' lang='lat' dir='ltr'><strong>lem</strong></span> <span class='ocrx_word' id='word_1_479' title='bbox 2290 3536 2609 3591; x_wconf 61' lang='lat' dir='ltr'><strong>constantia:</strong></span> <span class='ocrx_word' id='word_1_480' title='bbox 2673 3543 2947 3603; x_wconf 89' lang='lat' dir='ltr'><strong>nequeunt</strong></span> <span class='ocrx_word' id='word_1_481' title='bbox 3006 3536 3280 3590; x_wconf 91' lang='lat' dir='ltr'><strong>custodire</strong></span> <span class='ocrx_word' id='word_1_482' title='bbox 3329 3544 3712 3593; x_wconf 84' lang='lat' dir='ltr'><strong>concurrentes</strong></span> 
     </span>
    </p>
   </div>
   <div class='ocr_carea' id='block_1_80' title="bbox 2135 3624 3713 3700">
    <p class='ocr_par' dir='ltr' id='par_1_80' title="bbox 2135 3624 3713 3700">
     <span class='ocr_line' id='line_1_80' title="bbox 2135 3624 3713 3700; baseline 0.003 -19"><span class='ocrx_word' id='word_1_483' title='bbox 2135 3628 2251 3682; x_wconf 90' lang='lat' dir='ltr'><strong>dies</strong></span> <span class='ocrx_word' id='word_1_484' title='bbox 2280 3626 2697 3690; x_wconf 84' lang='lat' dir='ltr'><strong>hebdomadum,</strong></span> <span class='ocrx_word' id='word_1_485' title='bbox 2727 3635 2784 3681; x_wconf 81' lang='lat' dir='ltr'><strong>et</strong></span> <span class='ocrx_word' id='word_1_486' title='bbox 2811 3627 2930 3681; x_wconf 90' lang='lat' dir='ltr'><strong>dies</strong></span> <span class='ocrx_word' id='word_1_487' title='bbox 2961 3624 3179 3683; x_wconf 76' lang='lat' dir='ltr'><strong>Pascha:</strong></span> <span class='ocrx_word' id='word_1_488' title='bbox 3218 3627 3452 3698; x_wconf 91' lang='lat' dir='ltr'><strong>Domini,</strong></span> <span class='ocrx_word' id='word_1_489' title='bbox 3482 3630 3713 3700; x_wconf 84' lang='lat' dir='ltr'><strong>iuraque</strong></span> 
     </span>
    </p>
   </div>
   <div class='ocr_carea' id='block_1_81' title="bbox 2136 3715 3705 3787">
    <p class='ocr_par' dir='ltr' id='par_1_81' title="bbox 2136 3715 3705 3787">
     <span class='ocr_line' id='line_1_81' title="bbox 2136 3715 3705 3787; baseline 0.002 -15"><span class='ocrx_word' id='word_1_490' title='bbox 2136 3717 2302 3787; x_wconf 87' lang='lat' dir='ltr'><strong>ipsius</strong></span> <span class='ocrx_word' id='word_1_491' title='bbox 2349 3716 2457 3771; x_wconf 91' lang='lat' dir='ltr'><strong>diei</strong></span> <span class='ocrx_word' id='word_1_492' title='bbox 2488 3717 2768 3771; x_wconf 91' lang='lat' dir='ltr'><strong>Dominici.</strong></span> <span class='ocrx_word' id='word_1_493' title='bbox 2822 3715 3269 3772; x_wconf 89' lang='lat' dir='ltr'><strong>Concurrentium</strong></span> <span class='ocrx_word' id='word_1_494' title='bbox 3300 3728 3479 3775; x_wconf 88' lang='lat' dir='ltr'><strong>autem</strong></span> <span class='ocrx_word' id='word_1_495' title='bbox 3509 3720 3705 3777; x_wconf 87' lang='lat' dir='ltr'><strong>hebdo-</strong></span> 
     </span>
    </p>
   </div>
   <div class='ocr_carea' id='block_1_82' title="bbox 2058 3806 3709 3885">
    <p class='ocr_par' dir='ltr' id='par_1_82' title="bbox 2058 3806 3709 3885">
     <span class='ocr_line' id='line_1_82' title="bbox 2058 3806 3709 3885; baseline 0 -18"><span class='ocrx_word' id='word_1_496' title='bbox 2058 3806 2103 3868; x_wconf 87' lang='lat' dir='ltr'><strong>C</strong></span> <span class='ocrx_word' id='word_1_497' title='bbox 2136 3811 2347 3866; x_wconf 90' lang='lat' dir='ltr'><strong>madum</strong></span> <span class='ocrx_word' id='word_1_498' title='bbox 2372 3810 2490 3885; x_wconf 75' lang='lat' dir='ltr'><strong>(aL,</strong></span> <span class='ocrx_word' id='word_1_499' title='bbox 2515 3818 2718 3880; x_wconf 89' lang='lat' dir='ltr'><strong>septem</strong></span> <span class='ocrx_word' id='word_1_500' title='bbox 2738 3810 2969 3881; x_wconf 91' lang='lat' dir='ltr'><strong>dierum)</strong></span> <span class='ocrx_word' id='word_1_501' title='bbox 2994 3812 3152 3873; x_wconf 91' lang='lat' dir='ltr'><strong>ratio,</strong></span> <span class='ocrx_word' id='word_1_502' title='bbox 3176 3827 3293 3881; x_wconf 74' lang='lat' dir='ltr'><strong>qua:</strong></span> <span class='ocrx_word' id='word_1_503' title='bbox 3314 3813 3380 3867; x_wconf 92' lang='lat' dir='ltr'><strong>de</strong></span> <span class='ocrx_word' id='word_1_504' title='bbox 3400 3813 3528 3867; x_wconf 90' lang='lat' dir='ltr'><strong>solis</strong></span> <span class='ocrx_word' id='word_1_505' title='bbox 3553 3830 3709 3868; x_wconf 86' lang='lat' dir='ltr'><strong>cursu</strong></span> 
     </span>
    </p>
   </div>
   <div class='ocr_carea' id='block_1_83' title="bbox 2133 3901 3709 3972">
    <p class='ocr_par' dir='ltr' id='par_1_83' title="bbox 2133 3901 3709 3972">
     <span class='ocr_line' id='line_1_83' title="bbox 2133 3901 3709 3972; baseline 0.001 -16"><span class='ocrx_word' id='word_1_506' title='bbox 2133 3903 2395 3972; x_wconf 88' lang='lat' dir='ltr'><strong>provenit,</strong></span> <span class='ocrx_word' id='word_1_507' title='bbox 2425 3910 2647 3970; x_wconf 88' lang='lat' dir='ltr'><strong>septeno</strong></span> <span class='ocrx_word' id='word_1_508' title='bbox 2675 3901 2795 3972; x_wconf 83' lang='lat' dir='ltr'><strong>(aL,</strong></span> <span class='ocrx_word' id='word_1_509' title='bbox 2819 3903 3044 3972; x_wconf 89' lang='lat' dir='ltr'><strong>septem)</strong></span> <span class='ocrx_word' id='word_1_510' title='bbox 3068 3918 3328 3955; x_wconf 89' lang='lat' dir='ltr'><strong>annorum</strong></span> <span class='ocrx_word' id='word_1_511' title='bbox 3345 3902 3456 3971; x_wconf 86' lang='lat' dir='ltr'><strong>jugi</strong></span> <span class='ocrx_word' id='word_1_512' title='bbox 3487 3903 3709 3957; x_wconf 88' lang='lat' dir='ltr'><strong>circuitu</strong></span> 
     </span>
    </p>
   </div>
   <div class='ocr_carea' id='block_1_84' title="bbox 2132 3991 3707 4061">
    <p class='ocr_par' dir='ltr' id='par_1_84' title="bbox 2132 3991 3707 4061">
     <span class='ocr_line' id='line_1_84' title="bbox 2132 3991 3707 4061; baseline -0.001 -14"><span class='ocrx_word' id='word_1_513' title='bbox 2132 3993 2467 4047; x_wconf 85' lang='lat' dir='ltr'><strong>terminatur.</strong></span> <span class='ocrx_word' id='word_1_514' title='bbox 2510 3991 2566 4048; x_wconf 89' lang='lat' dir='ltr'><strong>in</strong></span> <span class='ocrx_word' id='word_1_515' title='bbox 2608 4008 2714 4061; x_wconf 91' lang='lat' dir='ltr'><strong>quo</strong></span> <span class='ocrx_word' id='word_1_516' title='bbox 2743 4009 2840 4061; x_wconf 91' lang='lat' dir='ltr'><strong>per</strong></span> <span class='ocrx_word' id='word_1_517' title='bbox 2862 4007 3032 4047; x_wconf 88' lang='lat' dir='ltr'><strong>annos</strong></span> <span class='ocrx_word' id='word_1_518' title='bbox 3059 3991 3295 4059; x_wconf 86' lang='lat' dir='ltr'><strong>singulos</strong></span> <span class='ocrx_word' id='word_1_519' title='bbox 3323 4008 3486 4045; x_wconf 90' lang='lat' dir='ltr'><strong>unum</strong></span> <span class='ocrx_word' id='word_1_520' title='bbox 3517 4008 3707 4047; x_wconf 88' lang='lat' dir='ltr'><strong>nume-</strong></span> 
     </span>
    </p>
   </div>
   <div class='ocr_carea' id='block_1_85' title="bbox 2131 4080 3705 4152">
    <p class='ocr_par' dir='ltr' id='par_1_85' title="bbox 2131 4080 3705 4152">
     <span class='ocr_line' id='line_1_85' title="bbox 2131 4080 3705 4152; baseline 0 -16"><span class='ocrx_word' id='word_1_521' title='bbox 2131 4098 2250 4137; x_wconf 92' lang='lat' dir='ltr'><strong>rare</strong></span> <span class='ocrx_word' id='word_1_522' title='bbox 2300 4082 2549 4146; x_wconf 89' lang='lat' dir='ltr'><strong>curabis;</strong></span> <span class='ocrx_word' id='word_1_523' title='bbox 2600 4082 2652 4135; x_wconf 92' lang='lat' dir='ltr'><strong>in</strong></span> <span class='ocrx_word' id='word_1_524' title='bbox 2699 4098 2765 4136; x_wconf 90' lang='lat' dir='ltr'><strong>eo</strong></span> <span class='ocrx_word' id='word_1_525' title='bbox 2796 4080 3165 4135; x_wconf 90' lang='lat' dir='ltr'><strong>tantummodo</strong></span> <span class='ocrx_word' id='word_1_526' title='bbox 3204 4097 3347 4136; x_wconf 87' lang='lat' dir='ltr'><strong>anno</strong></span> <span class='ocrx_word' id='word_1_527' title='bbox 3387 4082 3439 4136; x_wconf 92' lang='lat' dir='ltr'><strong>in</strong></span> <span class='ocrx_word' id='word_1_528' title='bbox 3469 4092 3575 4152; x_wconf 66' lang='lat' dir='ltr'><strong>(luo</strong></span> <span class='ocrx_word' id='word_1_529' title='bbox 3605 4084 3705 4136; x_wconf 86' lang='lat' dir='ltr'><strong>bis-</strong></span> 
     </span>
    </p>
   </div>
   <div class='ocr_carea' id='block_1_86' title="bbox 2130 4166 3771 4245">
    <p class='ocr_par' dir='ltr' id='par_1_86' title="bbox 2130 4166 3771 4245">
     <span class='ocr_line' id='line_1_86' title="bbox 2130 4166 3771 4245; baseline -0.001 -16"><span class='ocrx_word' id='word_1_530' title='bbox 2130 4186 2313 4231; x_wconf 78' lang='lat' dir='ltr'><strong>sextus</strong></span> <span class='ocrx_word' id='word_1_531' title='bbox 2339 4176 2517 4241; x_wconf 86' lang='lat' dir='ltr'><strong>fuerit,</strong></span> <span class='ocrx_word' id='word_1_532' title='bbox 2560 4174 2694 4229; x_wconf 90' lang='lat' dir='ltr'><strong>duos</strong></span> <span class='ocrx_word' id='word_1_533' title='bbox 2722 4175 2977 4243; x_wconf 88' lang='lat' dir='ltr'><strong>adjicies;</strong></span> <span class='ocrx_word' id='word_1_534' title='bbox 3026 4190 3144 4245; x_wconf 73' lang='lat' dir='ltr'><strong>qua:</strong></span> <span class='ocrx_word' id='word_1_535' title='bbox 3173 4190 3331 4229; x_wconf 87' lang='lat' dir='ltr'><strong>causa</strong></span> <span class='ocrx_word' id='word_1_536' title='bbox 3372 4175 3535 4229; x_wconf 88' lang='lat' dir='ltr'><strong>etiam</strong></span> <span class='ocrx_word' id='word_1_537' title='bbox 3584 4174 3707 4230; x_wconf 88' lang='lat' dir='ltr'><strong>facit</strong></span> <span class='ocrx_word' id='word_1_538' title='bbox 3770 4166 3771 4169; x_wconf 33' lang='grc'><em>“</em></span> 
     </span>
    </p>
   </div>
   <div class='ocr_carea' id='block_1_87' title="bbox 2129 4266 3706 4338">
    <p class='ocr_par' dir='ltr' id='par_1_87' title="bbox 2129 4266 3706 4338">
     <span class='ocr_line' id='line_1_87' title="bbox 2129 4266 3706 4338; baseline -0.002 -15"><span class='ocrx_word' id='word_1_539' title='bbox 2129 4277 2188 4323; x_wconf 92' lang='lat' dir='ltr'><strong>ut</strong></span> <span class='ocrx_word' id='word_1_540' title='bbox 2217 4284 2323 4323; x_wconf 91' lang='lat' dir='ltr'><strong>non</strong></span> <span class='ocrx_word' id='word_1_541' title='bbox 2364 4284 2459 4338; x_wconf 83' lang='lat' dir='ltr'><strong>per</strong></span> <span class='ocrx_word' id='word_1_542' title='bbox 2488 4268 2668 4322; x_wconf 92' lang='lat' dir='ltr'><strong>omnia</strong></span> <span class='ocrx_word' id='word_1_543' title='bbox 2713 4266 2941 4322; x_wconf 88' lang='lat' dir='ltr'><strong>circulus</strong></span> <span class='ocrx_word' id='word_1_544' title='bbox 2990 4267 3089 4321; x_wconf 84' lang='lat' dir='ltr'><strong>iste</strong></span> <span class='ocrx_word' id='word_1_545' title='bbox 3136 4268 3422 4334; x_wconf 87' lang='lat' dir='ltr'><strong>nonaginta</strong></span> <span class='ocrx_word' id='word_1_546' title='bbox 3473 4269 3706 4337; x_wconf 89' lang='lat' dir='ltr'><strong>quinque</strong></span> 
     </span>
    </p>
   </div>
   <div class='ocr_carea' id='block_1_88' title="bbox 2129 4358 3705 4414">
    <p class='ocr_par' dir='ltr' id='par_1_88' title="bbox 2129 4358 3705 4414">
     <span class='ocr_line' id='line_1_88' title="bbox 2129 4358 3705 4414; baseline -0.001 -1"><span class='ocrx_word' id='word_1_547' title='bbox 2129 4375 2389 4414; x_wconf 89' lang='lat' dir='ltr'><strong>annorum</strong></span> <span class='ocrx_word' id='word_1_548' title='bbox 2417 4374 2514 4414; x_wconf 91' lang='lat' dir='ltr'><strong>suo</strong></span> <span class='ocrx_word' id='word_1_549' title='bbox 2545 4359 2779 4412; x_wconf 85' lang='lat' dir='ltr'><strong>recursui</strong></span> <span class='ocrx_word' id='word_1_550' title='bbox 2803 4358 3117 4412; x_wconf 90' lang='lat' dir='ltr'><strong>concordari</strong></span> <span class='ocrx_word' id='word_1_551' title='bbox 3140 4358 3399 4411; x_wconf 75' lang='lat' dir='ltr'><strong>videatur.</strong></span> <span class='ocrx_word' id='word_1_552' title='bbox 3428 4358 3559 4412; x_wconf 85' lang='lat' dir='ltr'><strong>Nam</strong></span> <span class='ocrx_word' id='word_1_553' title='bbox 3582 4375 3705 4414; x_wconf 90' lang='lat' dir='ltr'><strong>cum</strong></span> 
     </span>
    </p>
   </div>
   <div class='ocr_carea' id='block_1_89' title="bbox 2132 4447 3705 4520">
    <p class='ocr_par' dir='ltr' id='par_1_89' title="bbox 2132 4447 3705 4520">
     <span class='ocr_line' id='line_1_89' title="bbox 2132 4447 3705 4520; baseline 0.001 -17"><span class='ocrx_word' id='word_1_554' title='bbox 2132 4450 2183 4503; x_wconf 91' lang='lat' dir='ltr'><strong>in</strong></span> <span class='ocrx_word' id='word_1_555' title='bbox 2214 4450 2423 4504; x_wconf 71' lang='lat' dir='ltr'><strong>caeteris</strong></span> <span class='ocrx_word' id='word_1_556' title='bbox 2452 4450 2608 4504; x_wconf 90' lang='lat' dir='ltr'><strong>annis</strong></span> <span class='ocrx_word' id='word_1_557' title='bbox 2632 4464 2735 4503; x_wconf 95' lang='lat' dir='ltr'><strong>non</strong></span> <span class='ocrx_word' id='word_1_558' title='bbox 2768 4448 3072 4513; x_wconf 83' lang='lat' dir='ltr'><strong>dissentiat,</strong></span> <span class='ocrx_word' id='word_1_559' title='bbox 3117 4447 3169 4500; x_wconf 90' lang='lat' dir='ltr'><strong>in</strong></span> <span class='ocrx_word' id='word_1_560' title='bbox 3201 4448 3303 4502; x_wconf 70' lang='lat' dir='ltr'><strong>illis</strong></span> <span class='ocrx_word' id='word_1_561' title='bbox 3332 4449 3461 4503; x_wconf 89' lang='lat' dir='ltr'><strong>solis</strong></span> <span class='ocrx_word' id='word_1_562' title='bbox 3492 4450 3542 4503; x_wconf 93' lang='lat' dir='ltr'><strong>in</strong></span> <span class='ocrx_word' id='word_1_563' title='bbox 3584 4452 3705 4520; x_wconf 91' lang='lat' dir='ltr'><strong>qui-</strong></span> 
     </span>
    </p>
   </div>
   <div class='ocr_carea' id='block_1_90' title="bbox 2130 4539 3704 4604">
    <p class='ocr_par' dir='ltr' id='par_1_90' title="bbox 2130 4539 3704 4604">
     <span class='ocr_line' id='line_1_90' title="bbox 2130 4539 3704 4604; baseline -0.002 -6"><span class='ocrx_word' id='word_1_564' title='bbox 2130 4545 2227 4598; x_wconf 88' lang='lat' dir='ltr'><strong>bus</strong></span> <span class='ocrx_word' id='word_1_565' title='bbox 2250 4560 2307 4599; x_wconf 92' lang='lat' dir='ltr'><strong>se</strong></span> <span class='ocrx_word' id='word_1_566' title='bbox 2336 4545 2601 4599; x_wconf 79' lang='lat' dir='ltr'><strong>bissextus</strong></span> <span class='ocrx_word' id='word_1_567' title='bbox 2629 4540 2918 4604; x_wconf 86' lang='lat' dir='ltr'><strong>interserit,</strong></span> <span class='ocrx_word' id='word_1_568' title='bbox 2966 4539 3163 4593; x_wconf 88' lang='lat' dir='ltr'><strong>Pascha</strong></span> <span class='ocrx_word' id='word_1_569' title='bbox 3208 4539 3534 4595; x_wconf 88' lang='lat' dir='ltr'><strong>dominicum</strong></span> <span class='ocrx_word' id='word_1_570' title='bbox 3584 4557 3704 4597; x_wconf 88' lang='lat' dir='ltr'><strong>cum</strong></span> 
     </span>
    </p>
   </div>
   <div class='ocr_carea' id='block_1_91' title="bbox 2128 4631 3703 4702">
    <p class='ocr_par' dir='ltr' id='par_1_91' title="bbox 2128 4631 3703 4702">
     <span class='ocr_line' id='line_1_91' title="bbox 2128 4631 3703 4702; baseline -0.001 -13"><span class='ocrx_word' id='word_1_571' title='bbox 2128 4652 2220 4689; x_wconf 88' lang='lat' dir='ltr'><strong>sua</strong></span> <span class='ocrx_word' id='word_1_572' title='bbox 2252 4636 2373 4687; x_wconf 91' lang='lat' dir='ltr'><strong>luna</strong></span> <span class='ocrx_word' id='word_1_573' title='bbox 2404 4637 2552 4689; x_wconf 77' lang='lat' dir='ltr'><strong>vario</strong></span> <span class='ocrx_word' id='word_1_574' title='bbox 2600 4633 2759 4688; x_wconf 86' lang='lat' dir='ltr'><strong>modo</strong></span> <span class='ocrx_word' id='word_1_575' title='bbox 2807 4631 3032 4686; x_wconf 88' lang='lat' dir='ltr'><strong>rationis</strong></span> <span class='ocrx_word' id='word_1_576' title='bbox 3061 4632 3313 4685; x_wconf 89' lang='lat' dir='ltr'><strong>occurrit.</strong></span> <span class='ocrx_word' id='word_1_577' title='bbox 3370 4631 3476 4687; x_wconf 87' lang='lat' dir='ltr'><strong>Sed</strong></span> <span class='ocrx_word' id='word_1_578' title='bbox 3508 4634 3561 4687; x_wconf 90' lang='lat' dir='ltr'><strong>hi</strong></span> <span class='ocrx_word' id='word_1_579' title='bbox 3615 4636 3703 4702; x_wconf 91' lang='lat' dir='ltr'><strong>qui</strong></span> 
     </span>
    </p>
   </div>
   <div class='ocr_carea' id='block_1_92' title="bbox 2127 4723 3705 4793">
    <p class='ocr_par' dir='ltr' id='par_1_92' title="bbox 2127 4723 3705 4793">
     <span class='ocr_line' id='line_1_92' title="bbox 2127 4723 3705 4793; baseline -0.001 -14"><span class='ocrx_word' id='word_1_580' title='bbox 2127 4725 2315 4779; x_wconf 84' lang='lat' dir='ltr'><strong>ordine</strong></span> <span class='ocrx_word' id='word_1_581' title='bbox 2341 4725 2443 4777; x_wconf 85' lang='lat' dir='ltr'><strong>iixo</strong></span> <span class='ocrx_word' id='word_1_582' title='bbox 2474 4740 2569 4793; x_wconf 89' lang='lat' dir='ltr'><strong>per</strong></span> <span class='ocrx_word' id='word_1_583' title='bbox 2598 4724 2777 4778; x_wconf 88' lang='lat' dir='ltr'><strong>omnia</strong></span> <span class='ocrx_word' id='word_1_584' title='bbox 2808 4723 3100 4777; x_wconf 82' lang='lat' dir='ltr'><strong>decurrunt</strong></span> <span class='ocrx_word' id='word_1_585' title='bbox 3131 4729 3396 4790; x_wconf 89' lang='lat' dir='ltr'><strong>tempora,</strong></span> <span class='ocrx_word' id='word_1_586' title='bbox 3427 4723 3705 4778; x_wconf 88' lang='lat' dir='ltr'><strong>mobilium</strong></span> 
     </span>
    </p>
   </div>
   <div class='ocr_carea' id='block_1_93' title="bbox 2128 4814 3704 4884">
    <p class='ocr_par' dir='ltr' id='par_1_93' title="bbox 2128 4814 3704 4884">
     <span class='ocr_line' id='line_1_93' title="bbox 2128 4814 3704 4884; baseline -0.002 -14"><span class='ocrx_word' id='word_1_587' title='bbox 2128 4832 2347 4871; x_wconf 89' lang='lat' dir='ltr'><strong>casuum</strong></span> <span class='ocrx_word' id='word_1_588' title='bbox 2403 4831 2496 4868; x_wconf 91' lang='lat' dir='ltr'><strong>sua</strong></span> <span class='ocrx_word' id='word_1_589' title='bbox 2554 4815 2732 4869; x_wconf 89' lang='lat' dir='ltr'><strong>stabili</strong></span> <span class='ocrx_word' id='word_1_590' title='bbox 2785 4815 3103 4869; x_wconf 90' lang='lat' dir='ltr'><strong>circuitione</strong></span> <span class='ocrx_word' id='word_1_591' title='bbox 3154 4814 3269 4867; x_wconf 90' lang='lat' dir='ltr'><strong>sine</strong></span> <span class='ocrx_word' id='word_1_592' title='bbox 3324 4814 3430 4867; x_wconf 93' lang='lat' dir='ltr'><strong>ulla</strong></span> <span class='ocrx_word' id='word_1_593' title='bbox 3481 4827 3704 4884; x_wconf 89' lang='lat' dir='ltr'><strong>possunt</strong></span> 
     </span>
    </p>
   </div>
   <div class='ocr_carea' id='block_1_94' title="bbox 2124 4903 3703 4974">
    <p class='ocr_par' dir='ltr' id='par_1_94' title="bbox 2124 4903 3703 4974">
     <span class='ocr_line' id='line_1_94' title="bbox 2124 4903 3703 4974; baseline -0.003 -13"><span class='ocrx_word' id='word_1_594' title='bbox 2124 4905 2439 4961; x_wconf 77' lang='lat' dir='ltr'><strong>difficultate</strong></span> <span class='ocrx_word' id='word_1_595' title='bbox 2468 4905 2719 4972; x_wconf 85' lang='lat' dir='ltr'><strong>dirigere.</strong></span> <span class='ocrx_word' id='word_1_596' title='bbox 2753 4903 2821 4958; x_wconf 86' lang='lat' dir='ltr'><strong>Et</strong></span> <span class='ocrx_word' id='word_1_597' title='bbox 2845 4905 2963 4959; x_wconf 91' lang='lat' dir='ltr'><strong>ideo</strong></span> <span class='ocrx_word' id='word_1_598' title='bbox 2995 4913 3116 4974; x_wconf 91' lang='lat' dir='ltr'><strong>post</strong></span> <span class='ocrx_word' id='word_1_599' title='bbox 3145 4904 3509 4972; x_wconf 75' lang='lat' dir='ltr'><strong>expiationem</strong></span> <span class='ocrx_word' id='word_1_600' title='bbox 3543 4921 3703 4959; x_wconf 87' lang='lat' dir='ltr'><strong>nona-</strong></span> 
     </span>
    </p>
   </div>
   <div class='ocr_carea' id='block_1_95' title="bbox 2124 4995 3704 5066">
    <p class='ocr_par' dir='ltr' id='par_1_95' title="bbox 2124 4995 3704 5066">
     <span class='ocr_line' id='line_1_95' title="bbox 2124 4995 3704 5066; baseline -0.002 -16"><span class='ocrx_word' id='word_1_601' title='bbox 2124 4999 2273 5066; x_wconf 84' lang='lat' dir='ltr'><strong>ginta</strong></span> <span class='ocrx_word' id='word_1_602' title='bbox 2300 4997 2535 5065; x_wconf 86' lang='lat' dir='ltr'><strong>quinque</strong></span> <span class='ocrx_word' id='word_1_603' title='bbox 2561 5011 2843 5059; x_wconf 89' lang='lat' dir='ltr'><strong>annorum,</strong></span> <span class='ocrx_word' id='word_1_604' title='bbox 2895 5011 3015 5048; x_wconf 91' lang='lat' dir='ltr'><strong>cum</strong></span> <span class='ocrx_word' id='word_1_605' title='bbox 3048 4996 3235 5047; x_wconf 89' lang='lat' dir='ltr'><strong>harum</strong></span> <span class='ocrx_word' id='word_1_606' title='bbox 3266 5010 3446 5048; x_wconf 93' lang='lat' dir='ltr'><strong>rerum</strong></span> <span class='ocrx_word' id='word_1_607' title='bbox 3481 4995 3704 5062; x_wconf 84' lang='lat' dir='ltr'><strong>diligens</strong></span> 
     </span>
    </p>
   </div>
   <div class='ocr_carea' id='block_1_96' title="bbox 2124 5083 3700 5153">
    <p class='ocr_par' dir='ltr' id='par_1_96' title="bbox 2124 5083 3700 5153">
     <span class='ocr_line' id='line_1_96' title="bbox 2124 5083 3700 5153; baseline -0.004 -10"><span class='ocrx_word' id='word_1_608' title='bbox 2124 5088 2191 5143; x_wconf 91' lang='lat' dir='ltr'><strong>ad</strong></span> <span class='ocrx_word' id='word_1_609' title='bbox 2235 5087 2513 5142; x_wconf 86' lang='lat' dir='ltr'><strong>exordium</strong></span> <span class='ocrx_word' id='word_1_610' title='bbox 2563 5085 2742 5140; x_wconf 79' lang='lat' dir='ltr'><strong>redire</strong></span> <span class='ocrx_word' id='word_1_611' title='bbox 2777 5085 3029 5151; x_wconf 69' lang='lat' dir='ltr'><strong>voluerit,</strong></span> <span class='ocrx_word' id='word_1_612' title='bbox 3078 5102 3182 5139; x_wconf 92' lang='lat' dir='ltr'><strong>non</strong></span> <span class='ocrx_word' id='word_1_613' title='bbox 3234 5083 3303 5137; x_wconf 88' lang='lat' dir='ltr'><strong>ad</strong></span> <span class='ocrx_word' id='word_1_614' title='bbox 3333 5085 3578 5153; x_wconf 90' lang='lat' dir='ltr'><strong>quintum</strong></span> <span class='ocrx_word' id='word_1_615' title='bbox 3608 5101 3700 5153; x_wconf 89' lang='lat' dir='ltr'><strong>cy-</strong></span> 
     </span>
    </p>
   </div>
   <div class='ocr_carea' id='block_1_97' title="bbox 434 5173 3698 5249">
    <p class='ocr_par' dir='ltr' id='par_1_97' title="bbox 434 5173 3698 5249">
     <span class='ocr_line' id='line_1_97' title="bbox 434 5173 3698 5249; baseline 0 -23"><span class='ocrx_word' id='word_1_616' title='bbox 434 5173 624 5240; x_wconf 90' lang='lat' dir='ltr'><strong>diosis,</strong></span> <span class='ocrx_word' id='word_1_617' title='bbox 670 5183 725 5229; x_wconf 93' lang='lat' dir='ltr'><strong>et</strong></span> <span class='ocrx_word' id='word_1_618' title='bbox 771 5178 1139 5245; x_wconf 69' lang='lat' dir='ltr'><strong>qumrentibus</strong></span> <span class='ocrx_word' id='word_1_619' title='bbox 1164 5180 1304 5235; x_wconf 91' lang='lat' dir='ltr'><strong>scire</strong></span> <span class='ocrx_word' id='word_1_620' title='bbox 1330 5181 1473 5249; x_wconf 90' lang='lat' dir='ltr'><strong>quod</strong></span> <span class='ocrx_word' id='word_1_621' title='bbox 1508 5197 1689 5235; x_wconf 86' lang='lat' dir='ltr'><strong>verum</strong></span> <span class='ocrx_word' id='word_1_622' title='bbox 1718 5191 1821 5248; x_wconf 89' lang='lat' dir='ltr'><strong>est,</strong></span> <span class='ocrx_word' id='word_1_623' title='bbox 1859 5181 2019 5235; x_wconf 89' lang='lat' dir='ltr'><strong>debet</strong></span> <span class='ocrx_word' id='word_1_624' title='bbox 2049 5179 2091 5238; x_wconf 93' lang='lat' dir='ltr'><strong>l)</strong></span> <span class='ocrx_word' id='word_1_625' title='bbox 2121 5179 2262 5232; x_wconf 91' lang='lat' dir='ltr'><strong>cium</strong></span> <span class='ocrx_word' id='word_1_626' title='bbox 2293 5177 2463 5231; x_wconf 87' lang='lat' dir='ltr'><strong>sancti</strong></span> <span class='ocrx_word' id='word_1_627' title='bbox 2494 5176 2695 5247; x_wconf 88' lang='lat' dir='ltr'><strong>Cyrilii,</strong></span> <span class='ocrx_word' id='word_1_628' title='bbox 2729 5190 2889 5245; x_wconf 88' lang='lat' dir='ltr'><strong>quem</strong></span> <span class='ocrx_word' id='word_1_629' title='bbox 2914 5175 3067 5229; x_wconf 90' lang='lat' dir='ltr'><strong>nobis</strong></span> <span class='ocrx_word' id='word_1_630' title='bbox 3093 5177 3393 5230; x_wconf 87' lang='lat' dir='ltr'><strong>necessario</strong></span> <span class='ocrx_word' id='word_1_631' title='bbox 3419 5174 3698 5244; x_wconf 88' lang='lat' dir='ltr'><strong>proposui-</strong></span> 
     </span>
    </p>
   </div>
   <div class='ocr_carea' id='block_1_98' title="bbox 432 5261 2013 5341">
    <p class='ocr_par' dir='ltr' id='par_1_98' title="bbox 432 5261 2013 5341">
     <span class='ocr_line' id='line_1_98' title="bbox 432 5261 2013 5341; baseline 0.008 -26"><span class='ocrx_word' id='word_1_632' title='bbox 432 5261 672 5330; x_wconf 85' lang='lat' dir='ltr'><strong>ejusdem</strong></span> <span class='ocrx_word' id='word_1_633' title='bbox 695 5266 877 5321; x_wconf 92' lang='lat' dir='ltr'><strong>circuli</strong></span> <span class='ocrx_word' id='word_1_634' title='bbox 894 5268 1077 5336; x_wconf 84' lang='lat' dir='ltr'><strong>regula</strong></span> <span class='ocrx_word' id='word_1_635' title='bbox 1100 5267 1255 5325; x_wconf 88' lang='lat' dir='ltr'><strong>fixius</strong></span> <span class='ocrx_word' id='word_1_636' title='bbox 1276 5271 1565 5337; x_wconf 78' lang='lat' dir='ltr'><strong>inluerere,</strong></span> <span class='ocrx_word' id='word_1_637' title='bbox 1591 5273 1729 5325; x_wconf 91' lang='lat' dir='ltr'><strong>hanc</strong></span> <span class='ocrx_word' id='word_1_638' title='bbox 1750 5280 1869 5340; x_wconf 89' lang='lat' dir='ltr'><strong>post</strong></span> <span class='ocrx_word' id='word_1_639' title='bbox 1890 5288 2013 5341; x_wconf 73' lang='lat' dir='ltr'><strong>prte-</strong></span> 
     </span>
    </p>
   </div>
   <div class='ocr_carea' id='block_1_99' title="bbox 431 5354 2013 5431">
    <p class='ocr_par' dir='ltr' id='par_1_99' title="bbox 431 5354 2013 5431">
     <span class='ocr_line' id='line_1_99' title="bbox 431 5354 2013 5431; baseline 0.007 -25"><span class='ocrx_word' id='word_1_640' title='bbox 431 5354 689 5409; x_wconf 89' lang='lat' dir='ltr'><strong>fationem</strong></span> <span class='ocrx_word' id='word_1_641' title='bbox 714 5367 949 5413; x_wconf 81' lang='lat' dir='ltr'><strong>nostram</strong></span> <span class='ocrx_word' id='word_1_642' title='bbox 972 5361 1299 5416; x_wconf 88' lang='lat' dir='ltr'><strong>credidimus</strong></span> <span class='ocrx_word' id='word_1_643' title='bbox 1326 5363 1721 5417; x_wconf 86' lang='lat' dir='ltr'><strong>ascribendam.</strong></span> <span class='ocrx_word' id='word_1_644' title='bbox 1752 5363 2013 5431; x_wconf 84' lang='lat' dir='ltr'><strong>Nonagin-</strong></span> 
     </span>
    </p>
   </div>
   <div class='ocr_carea' id='block_1_100' title="bbox 432 5448 2014 5524">
    <p class='ocr_par' dir='ltr' id='par_1_100' title="bbox 432 5448 2014 5524">
     <span class='ocr_line' id='line_1_100' title="bbox 432 5448 2014 5524; baseline 0.007 -26"><span class='ocrx_word' id='word_1_645' title='bbox 432 5455 483 5499; x_wconf 87' lang='lat' dir='ltr'><strong>ta</strong></span> <span class='ocrx_word' id='word_1_646' title='bbox 515 5448 750 5518; x_wconf 81' lang='lat' dir='ltr'><strong>quinque</strong></span> <span class='ocrx_word' id='word_1_647' title='bbox 783 5460 961 5505; x_wconf 90' lang='lat' dir='ltr'><strong>autem</strong></span> <span class='ocrx_word' id='word_1_648' title='bbox 987 5468 1248 5507; x_wconf 89' lang='lat' dir='ltr'><strong>annorum</strong></span> <span class='ocrx_word' id='word_1_649' title='bbox 1282 5454 1424 5508; x_wconf 90' lang='lat' dir='ltr'><strong>hunc</strong></span> <span class='ocrx_word' id='word_1_650' title='bbox 1466 5454 1672 5524; x_wconf 87' lang='lat' dir='ltr'><strong>cyclum</strong></span> <span class='ocrx_word' id='word_1_651' title='bbox 1699 5454 1876 5509; x_wconf 90' lang='lat' dir='ltr'><strong>studio</strong></span> <span class='ocrx_word' id='word_1_652' title='bbox 1906 5470 2014 5523; x_wconf 90' lang='lat' dir='ltr'><strong>quo</strong></span> 
     </span>
    </p>
   </div>
   <div class='ocr_carea' id='block_1_101' title="bbox 430 5536 2009 5613">
    <p class='ocr_par' dir='ltr' id='par_1_101' title="bbox 430 5536 2009 5613">
     <span class='ocr_line' id='line_1_101' title="bbox 430 5536 2009 5613; baseline 0.008 -26"><span class='ocrx_word' id='word_1_653' title='bbox 430 5536 695 5592; x_wconf 90' lang='lat' dir='ltr'><strong>valuimus</strong></span> <span class='ocrx_word' id='word_1_654' title='bbox 724 5541 977 5610; x_wconf 83' lang='lat' dir='ltr'><strong>expedire</strong></span> <span class='ocrx_word' id='word_1_655' title='bbox 1024 5544 1438 5599; x_wconf 87' lang='lat' dir='ltr'><strong>contendimus:</strong></span> <span class='ocrx_word' id='word_1_656' title='bbox 1486 5544 1731 5599; x_wconf 90' lang='lat' dir='ltr'><strong>ultimum</strong></span> <span class='ocrx_word' id='word_1_657' title='bbox 1770 5544 2009 5613; x_wconf 90' lang='lat' dir='ltr'><strong>ejusdem</strong></span> 
     </span>
    </p>
   </div>
   <div class='ocr_carea' id='block_1_102' title="bbox 429 5626 2009 5703">
    <p class='ocr_par' dir='ltr' id='par_1_102' title="bbox 429 5626 2009 5703">
     <span class='ocr_line' id='line_1_102' title="bbox 429 5626 2009 5703; baseline 0.004 -22"><span class='ocrx_word' id='word_1_658' title='bbox 429 5626 572 5682; x_wconf 90' lang='lat' dir='ltr'><strong>beati</strong></span> <span class='ocrx_word' id='word_1_659' title='bbox 602 5628 804 5701; x_wconf 88' lang='lat' dir='ltr'><strong>Cyrilli,</strong></span> <span class='ocrx_word' id='word_1_660' title='bbox 844 5633 893 5686; x_wconf 89' lang='lat' dir='ltr'><strong>id</strong></span> <span class='ocrx_word' id='word_1_661' title='bbox 924 5642 1008 5687; x_wconf 89' lang='lat' dir='ltr'><strong>est</strong></span> <span class='ocrx_word' id='word_1_662' title='bbox 1034 5634 1279 5702; x_wconf 91' lang='lat' dir='ltr'><strong>quintum</strong></span> <span class='ocrx_word' id='word_1_663' title='bbox 1310 5634 1591 5699; x_wconf 88' lang='lat' dir='ltr'><strong>circulum,</strong></span> <span class='ocrx_word' id='word_1_664' title='bbox 1622 5636 1745 5703; x_wconf 84' lang='lat' dir='ltr'><strong>quia</strong></span> <span class='ocrx_word' id='word_1_665' title='bbox 1773 5649 1866 5688; x_wconf 90' lang='lat' dir='ltr'><strong>sex</strong></span> <span class='ocrx_word' id='word_1_666' title='bbox 1909 5634 2009 5689; x_wconf 89' lang='lat' dir='ltr'><strong>ad-</strong></span> 
     </span>
    </p>
   </div>
   <div class='ocr_carea' id='block_1_103' title="bbox 429 5720 2003 5796">
    <p class='ocr_par' dir='ltr' id='par_1_103' title="bbox 429 5720 2003 5796">
     <span class='ocr_line' id='line_1_103' title="bbox 429 5720 2003 5796; baseline 0.006 -24"><span class='ocrx_word' id='word_1_667' title='bbox 429 5720 533 5775; x_wconf 87' lang='lat' dir='ltr'><strong>huc</strong></span> <span class='ocrx_word' id='word_1_668' title='bbox 558 5736 627 5775; x_wconf 85' lang='lat' dir='ltr'><strong>ex</strong></span> <span class='ocrx_word' id='word_1_669' title='bbox 656 5737 722 5777; x_wconf 91' lang='lat' dir='ltr'><strong>eo</strong></span> <span class='ocrx_word' id='word_1_670' title='bbox 752 5725 876 5777; x_wconf 93' lang='lat' dir='ltr'><strong>anni</strong></span> <span class='ocrx_word' id='word_1_671' title='bbox 905 5733 1241 5793; x_wconf 85' lang='lat' dir='ltr'><strong>supererant,</strong></span> <span class='ocrx_word' id='word_1_672' title='bbox 1274 5726 1326 5778; x_wconf 92' lang='lat' dir='ltr'><strong>in</strong></span> <span class='ocrx_word' id='word_1_673' title='bbox 1357 5735 1541 5781; x_wconf 90' lang='lat' dir='ltr'><strong>nostro</strong></span> <span class='ocrx_word' id='word_1_674' title='bbox 1563 5727 1664 5782; x_wconf 86' lang='lat' dir='ltr'><strong>hoc</strong></span> <span class='ocrx_word' id='word_1_675' title='bbox 1687 5741 1849 5796; x_wconf 87' lang='lat' dir='ltr'><strong>opere</strong></span> <span class='ocrx_word' id='word_1_676' title='bbox 1870 5742 2003 5795; x_wconf 74' lang='lat' dir='ltr'><strong>prte-</strong></span> 
     </span>
    </p>
   </div>
   <div class='ocr_carea' id='block_1_104' title="bbox 430 5811 2001 5878">
    <p class='ocr_par' dir='ltr' id='par_1_104' title="bbox 430 5811 2001 5878">
     <span class='ocr_line' id='line_1_104' title="bbox 430 5811 2001 5878; baseline 0.005 -15"><span class='ocrx_word' id='word_1_677' title='bbox 430 5811 700 5869; x_wconf 81' lang='lat' dir='ltr'><strong>ferentes:</strong></span> <span class='ocrx_word' id='word_1_678' title='bbox 751 5829 814 5870; x_wconf 89' lang='lat' dir='ltr'><strong>ac</strong></span> <span class='ocrx_word' id='word_1_679' title='bbox 854 5814 1047 5870; x_wconf 84' lang='lat' dir='ltr'><strong>deinde</strong></span> <span class='ocrx_word' id='word_1_680' title='bbox 1093 5815 1327 5878; x_wconf 78' lang='lat' dir='ltr'><strong>quinque</strong></span> <span class='ocrx_word' id='word_1_681' title='bbox 1375 5818 1509 5873; x_wconf 90' lang='lat' dir='ltr'><strong>alios</strong></span> <span class='ocrx_word' id='word_1_682' title='bbox 1560 5818 1704 5878; x_wconf 78' lang='lat' dir='ltr'><strong>iuxta</strong></span> <span class='ocrx_word' id='word_1_683' title='bbox 1761 5834 2001 5873; x_wconf 89' lang='lat' dir='ltr'><strong>normam</strong></span> 
     </span>
    </p>
   </div>
   <div class='ocr_carea' id='block_1_105' title="bbox 2122 5266 3698 5335">
    <p class='ocr_par' dir='ltr' id='par_1_105' title="bbox 2122 5266 3698 5335">
     <span class='ocr_line' id='line_1_105' title="bbox 2122 5266 3698 5335; baseline -0.002 -13"><span class='ocrx_word' id='word_1_684' title='bbox 2122 5285 2259 5333; x_wconf 78' lang='lat' dir='ltr'><strong>mus,</strong></span> <span class='ocrx_word' id='word_1_685' title='bbox 2292 5268 2383 5322; x_wconf 91' lang='lat' dir='ltr'><strong>sed</strong></span> <span class='ocrx_word' id='word_1_686' title='bbox 2407 5267 2472 5320; x_wconf 91' lang='lat' dir='ltr'><strong>ad</strong></span> <span class='ocrx_word' id='word_1_687' title='bbox 2503 5274 2743 5320; x_wconf 90' lang='lat' dir='ltr'><strong>nostrum</strong></span> <span class='ocrx_word' id='word_1_688' title='bbox 2767 5266 2995 5335; x_wconf 89' lang='lat' dir='ltr'><strong>primum</strong></span> <span class='ocrx_word' id='word_1_689' title='bbox 3029 5267 3308 5334; x_wconf 77' lang='lat' dir='ltr'><strong>vigilanter</strong></span> <span class='ocrx_word' id='word_1_690' title='bbox 3330 5272 3617 5330; x_wconf 81' lang='lat' dir='ltr'><strong>excurrat;</strong></span> <span class='ocrx_word' id='word_1_691' title='bbox 3648 5275 3698 5319; x_wconf 85' lang='lat' dir='ltr'><strong>el</strong></span> 
     </span>
    </p>
   </div>
   <div class='ocr_carea' id='block_1_106' title="bbox 2122 5360 3700 5429">
    <p class='ocr_par' dir='ltr' id='par_1_106' title="bbox 2122 5360 3700 5429">
     <span class='ocr_line' id='line_1_106' title="bbox 2122 5360 3700 5429; baseline -0.002 -14"><span class='ocrx_word' id='word_1_692' title='bbox 2122 5361 2332 5425; x_wconf 87' lang='lat' dir='ltr'><strong>ordine,</strong></span> <span class='ocrx_word' id='word_1_693' title='bbox 2360 5376 2467 5429; x_wconf 90' lang='lat' dir='ltr'><strong>quo</strong></span> <span class='ocrx_word' id='word_1_694' title='bbox 2497 5360 2746 5423; x_wconf 81' lang='lat' dir='ltr'><strong>diximus,</strong></span> <span class='ocrx_word' id='word_1_695' title='bbox 2778 5374 2876 5428; x_wconf 85' lang='lat' dir='ltr'><strong>per</strong></span> <span class='ocrx_word' id='word_1_696' title='bbox 2905 5376 2998 5414; x_wconf 89' lang='lat' dir='ltr'><strong>eos</strong></span> <span class='ocrx_word' id='word_1_697' title='bbox 3026 5360 3115 5428; x_wconf 90' lang='lat' dir='ltr'><strong>qui</strong></span> <span class='ocrx_word' id='word_1_698' title='bbox 3142 5360 3349 5414; x_wconf 81' lang='lat' dir='ltr'><strong>firmum</strong></span> <span class='ocrx_word' id='word_1_699' title='bbox 3378 5375 3592 5413; x_wconf 88' lang='lat' dir='ltr'><strong>cursum</strong></span> <span class='ocrx_word' id='word_1_700' title='bbox 3616 5375 3700 5413; x_wconf 90' lang='lat' dir='ltr'><strong>re-</strong></span> 
     </span>
    </p>
   </div>
   <div class='ocr_carea' id='block_1_107' title="bbox 2119 5450 3697 5519">
    <p class='ocr_par' dir='ltr' id='par_1_107' title="bbox 2119 5450 3697 5519">
     <span class='ocr_line' id='line_1_107' title="bbox 2119 5450 3697 5519; baseline 0 -16"><span class='ocrx_word' id='word_1_701' title='bbox 2119 5453 2316 5517; x_wconf 88' lang='lat' dir='ltr'><strong>tinent,</strong></span> <span class='ocrx_word' id='word_1_702' title='bbox 2361 5466 2547 5504; x_wconf 89' lang='lat' dir='ltr'><strong>eorum</strong></span> <span class='ocrx_word' id='word_1_703' title='bbox 2592 5465 2960 5519; x_wconf 82' lang='lat' dir='ltr'><strong>progressum,</strong></span> <span class='ocrx_word' id='word_1_704' title='bbox 3011 5451 3101 5517; x_wconf 86' lang='lat' dir='ltr'><strong>qui</strong></span> <span class='ocrx_word' id='word_1_705' title='bbox 3152 5450 3400 5504; x_wconf 85' lang='lat' dir='ltr'><strong>videntur</strong></span> <span class='ocrx_word' id='word_1_706' title='bbox 3445 5452 3697 5514; x_wconf 88' lang='lat' dir='ltr'><strong>titubare,</strong></span> 
     </span>
    </p>
   </div>
   <div class='ocr_carea' id='block_1_108' title="bbox 2116 5550 2399 5597">
    <p class='ocr_par' dir='ltr' id='par_1_108' title="bbox 2116 5550 2399 5597">
     <span class='ocr_line' id='line_1_108' title="bbox 2116 5550 2399 5597; baseline -0.011 0"><span class='ocrx_word' id='word_1_707' title='bbox 2116 5550 2399 5597; x_wconf 85' lang='lat' dir='ltr'><strong>sustentet.</strong></span> 
     </span>
    </p>
   </div>
   <div class='ocr_carea' id='block_1_109' title="bbox 2188 5630 3698 5701">
    <p class='ocr_par' dir='ltr' id='par_1_109' title="bbox 2188 5630 3698 5701">
     <span class='ocr_line' id='line_1_109' title="bbox 2188 5630 3698 5701; baseline -0.001 -16"><span class='ocrx_word' id='word_1_708' title='bbox 2188 5633 2318 5686; x_wconf 89' lang='lat' dir='ltr'><strong>illud</strong></span> <span class='ocrx_word' id='word_1_709' title='bbox 2348 5648 2562 5701; x_wconf 88' lang='lat' dir='ltr'><strong>quoque</strong></span> <span class='ocrx_word' id='word_1_710' title='bbox 2588 5648 2693 5687; x_wconf 91' lang='lat' dir='ltr'><strong>non</strong></span> <span class='ocrx_word' id='word_1_711' title='bbox 2722 5632 2917 5686; x_wconf 88' lang='lat' dir='ltr'><strong>minori</strong></span> <span class='ocrx_word' id='word_1_712' title='bbox 2946 5644 3074 5684; x_wconf 89' lang='lat' dir='ltr'><strong>cura</strong></span> <span class='ocrx_word' id='word_1_713' title='bbox 3096 5630 3389 5685; x_wconf 80' lang='lat' dir='ltr'><strong>notandum</strong></span> <span class='ocrx_word' id='word_1_714' title='bbox 3420 5647 3537 5688; x_wconf 90' lang='lat' dir='ltr'><strong>esse</strong></span> <span class='ocrx_word' id='word_1_715' title='bbox 3567 5649 3698 5687; x_wconf 86' lang='lat' dir='ltr'><strong>cen-</strong></span> 
     </span>
    </p>
   </div>
   <div class='ocr_carea' id='block_1_110' title="bbox 2117 5721 3697 5793">
    <p class='ocr_par' dir='ltr' id='par_1_110' title="bbox 2117 5721 3697 5793">
     <span class='ocr_line' id='line_1_110' title="bbox 2117 5721 3697 5793; baseline -0.001 -15"><span class='ocrx_word' id='word_1_716' title='bbox 2117 5724 2340 5786; x_wconf 92' lang='lat' dir='ltr'><strong>suimus,</strong></span> <span class='ocrx_word' id='word_1_717' title='bbox 2372 5739 2439 5778; x_wconf 90' lang='lat' dir='ltr'><strong>ne</strong></span> <span class='ocrx_word' id='word_1_718' title='bbox 2462 5724 2513 5777; x_wconf 90' lang='lat' dir='ltr'><strong>in</strong></span> <span class='ocrx_word' id='word_1_719' title='bbox 2544 5724 2705 5793; x_wconf 84' lang='lat' dir='ltr'><strong>primi</strong></span> <span class='ocrx_word' id='word_1_720' title='bbox 2731 5723 2927 5775; x_wconf 87' lang='lat' dir='ltr'><strong>mensis</strong></span> <span class='ocrx_word' id='word_1_721' title='bbox 2956 5721 3229 5787; x_wconf 84' lang='lat' dir='ltr'><strong>agnitione</strong></span> <span class='ocrx_word' id='word_1_722' title='bbox 3258 5722 3522 5781; x_wconf 84' lang='lat' dir='ltr'><strong>fallamur.</strong></span> <span class='ocrx_word' id='word_1_723' title='bbox 3564 5724 3697 5777; x_wconf 86' lang='lat' dir='ltr'><strong>Iiiuc</strong></span> 
     </span>
    </p>
   </div>
   <div class='ocr_carea' id='block_1_111' title="bbox 2115 5810 3694 5880">
    <p class='ocr_par' dir='ltr' id='par_1_111' title="bbox 2115 5810 3694 5880">
     <span class='ocr_line' id='line_1_111' title="bbox 2115 5810 3694 5880; baseline -0.004 -7"><span class='ocrx_word' id='word_1_724' title='bbox 2115 5817 2256 5873; x_wconf 79' lang='lat' dir='ltr'><strong>edim</strong></span> <span class='ocrx_word' id='word_1_725' title='bbox 2285 5830 2420 5879; x_wconf 88' lang='lat' dir='ltr'><strong>pene</strong></span> <span class='ocrx_word' id='word_1_726' title='bbox 2449 5822 2669 5870; x_wconf 88' lang='lat' dir='ltr'><strong>cunctus</strong></span> <span class='ocrx_word' id='word_1_727' title='bbox 2698 5826 2848 5866; x_wconf 87' lang='lat' dir='ltr'><strong>error</strong></span> <span class='ocrx_word' id='word_1_728' title='bbox 2877 5810 3246 5878; x_wconf 67' lang='lat' dir='ltr'><strong>discrepantire</strong></span> <span class='ocrx_word' id='word_1_729' title='bbox 3276 5811 3538 5880; x_wconf 86' lang='lat' dir='ltr'><strong>paschalis</strong></span> <span class='ocrx_word' id='word_1_730' title='bbox 3567 5828 3694 5866; x_wconf 82' lang='lat' dir='ltr'><strong>exo-</strong></span> 
     </span>
    </p>
   </div>
  </div>
