4128 6348
455 359 522 417 91
1493 350 1833 412 EPISTULA:
1864 355 1885 410 Ι
1922 354 2009 409 ΒΕ

2142 354 2354 411 ΤιυΜέε
2378 352 2689 412 ΡΑΒΟΙΙᾸΞ.
3648 360 3717 416 £2

457 566 717 624 Dominus
742 567 1083 636 omnipotens
1118 566 1257 621 hanc
1288 566 1702 620 sacratissimam
1730 565 2035 621 solemnitao

456 669 569 719 tem
595 658 972 719 celebrandam
1000 657 1121 716 ﬁliis
1144 659 1327 726 lsrael,
1363 660 1454 730 qui
1483 675 1550 715 ex
1582 657 1833 732 Egyptia
1864 661 2035 715 servi-

456 761 574 813 tute
615 751 1013 817 liberabantur,
1048 750 1329 815 indiceret,
1380 752 1457 806 ait
1502 752 1556 807 in
1598 752 1735 806 libro
1765 751 1936 807 Exodi
1965 751 2033 808 ad

456 843 679 915 loysen
708 849 763 899 et
791 842 971 899 Aaron
998 844 1051 898 in
1070 852 1215 897 terra
1245 841 1462 914 [Egypti
1486 861 1499 896 :
1532 841 1728 898 Mensis
1763 845 1861 898 iste
1887 846 2034 913 prin-

458 937 645 1008 cipium
670 936 939 1001 mensium,
970 937 1165 1005 primus
1188 937 1287 990 erit
1313 938 1370 991 in
1391 935 1651 991 mensibus
1675 937 1801 990 anni
1832 934 2029 1005 (Exod.

458 1041 552 1093 In,
574 1026 653 1095 2).
682 1025 921 1095 Itemque
950 1027 1145 1082 ibidem
1174 1047 1187 1081 :
1216 1026 1413 1091 Primo,
1446 1028 1638 1096 inquit,
1664 1043 1856 1093 mense,
1893 1028 2034 1083 deci-

458 1132 541 1175 me
562 1125 746 1187 quarto
767 1117 850 1173 die
875 1119 1065 1173 mensis
1094 1118 1163 1171 ad
1200 1134 1462 1182 vesperum
1504 1118 1778 1173 comedetis
1826 1134 2031 1188 azyma,

454 1222 613 1279 usque
655 1208 726 1261 ad
770 1208 1068 1280 vigesimum
1112 1210 1333 1278 primum
1379 1210 1609 1279 ejusdem
1657 1208 1727 1261 ad
1770 1224 2034 1279 vesperum

454 1297 647 1371 (lbid.,
678 1297 788 1368 18).
829 1297 888 1353 In
915 1298 1332 1354 Deuteronomio
1359 1314 1575 1369 quoque
1595 1298 1736 1353 idem
1758 1297 2035 1367 legislator

453 1392 668 1462 Moyses
706 1393 780 1449 ita
808 1392 1062 1463 pupulum
1098 1391 1166 1448 de
1207 1392 1309 1448 hac
1352 1407 1413 1448 re
1455 1404 1767 1449 commonet
1804 1392 2027 1448 dicens:

455 1482 685 1541 Observa
731 1499 956 1539 mensem
1000 1499 1248 1539 novarum
1288 1486 1515 1556 frugum,
1564 1492 1613 1539 et
1641 1484 1785 1540 verni
1811 1484 2033 1554 primum

456 1576 717 1646 temporis,
747 1584 803 1629 ut
832 1576 998 1647 facias
1037 1574 1241 1630 Pascha
1266 1574 1493 1631 Domino
1512 1573 1620 1631 Deo
1648 1586 1755 1642 tuo,
1784 1577 2029 1647 quoniam

452 1667 508 1721 in
530 1668 629 1723 isto
656 1682 830 1723 mense
857 1667 1033 1722 eduxit
1054 1676 1102 1721 te
1126 1665 1376 1722 Dominus
1408 1666 1549 1723 Deus
1574 1677 1689 1721 tuus
1716 1668 1780 1722 de
1800 1667 2031 1739 [Egypto

452 1765 605 1813 noctu
635 1755 869 1827 (Deuter.
904 1773 1018 1821 xvr,
1052 1756 1076 1810 1
1105 1766 1154 1811 et
1189 1758 1347 1826 seq.).
1370 1756 1540 1812 Tanta
1571 1756 1675 1812 bac
1709 1756 2031 1812 auctoritate

381 470 391 515 ³
457 476 614 541 ritur,
661 474 791 532 dum
836 474 1092 545 temporis
1138 472 1346 529 initium
1395 473 1690 541 ignoratur.
1729 470 1861 528 Nam
1910 488 2031 527 cum
2061 474 2111 535 Α
2139 474 2411 530 sententia
2444 475 2867 546 comprobatur:
2900 474 3019 547 qui,
3052 475 3206 547 juxta
3250 477 3388 534 hanc
3433 476 3713 551 Aigyptio-

2135 583 2256 623 rum
2282 568 2712 633 calculationem,
2742 580 2963 637 quartas
2990 570 3225 626 decimas
3254 570 3407 626 lunas
3448 573 3713 642 paschalis

2134 656 2487 713 observantia:
2513 658 2861 712 tradiderunt.
2893 658 3001 713 Sed
3043 659 3284 715 nonnulli
3319 667 3482 716 tanta:
3507 661 3714 717 subtili-

2137 749 2280 813 tatis,
2305 749 2419 804 sive
2446 749 2627 819 potius
2653 750 2948 804 sanctionis
2969 750 3157 818 ignari,
3189 751 3318 807 dum
3337 752 3439 809 alia
3463 738 3713 825 supputa;

2136 838 2299 893 tionis
2327 847 2644 906 argumenta
2676 840 3012 910 perquirunt,
3043 856 3074 895 a
3098 842 3344 898 veritatis
3382 843 3599 900 tramite
3626 859 3713 901 re-

2134 927 2352 984 cedunt.
2401 926 2552 985 Unde
2580 928 2900 1000 plerumque
2928 931 3209 1000 contingit,
3242 939 3301 986 ut
3327 932 3543 1002 quando
3570 946 3713 1005 saepe

2134 1016 2263 1074 dicti
2308 1016 2496 1075 Patres
2521 1018 2787 1077 decimam
2825 1027 3070 1095 quartam
3101 1021 3280 1077 lunam
3326 1031 3553 1093 ponunt,
3592 1035 3712 1081 eam

2135 1107 2222 1163 isti
2249 1107 2510 1165 decimam
2550 1111 2794 1180 quintam
2824 1112 3199 1182 suspicentur;
3230 1121 3287 1168 et
3312 1129 3431 1183 qua:
3461 1114 3712 1185 vigesima

2136 1202 2309 1272 prima
2346 1211 2451 1269 est,
2500 1204 2813 1272 vigesimam
2852 1205 3143 1260 secundam
3184 1220 3305 1261 esse
3341 1208 3711 1276 pronuntient.

2134 1293 2240 1348 Sed
2270 1294 2447 1361 nobis,
2477 1294 2672 1364 quibus
2699 1309 2854 1351 amor
2881 1303 2937 1351 et
2961 1311 3089 1351 cura
3119 1304 3201 1351 est
3228 1295 3545 1351 Christiana:
3584 1297 3713 1352 reli-

2132 1382 2327 1452 gionis,
2357 1383 2501 1438 nulla
2532 1399 2754 1454 prorsus
2779 1393 2999 1455 oportet
3026 1386 3237 1441 ratione
3265 1384 3577 1452 discedere;
3616 1380 3711 1443 sed
3770 1406 3773 1443 ὲ

2133 1474 2404 1545 pmlixam
2454 1475 2523 1531 ab
2570 1475 2654 1531 his
2701 1476 3012 1546 paschalem
3062 1477 3303 1547 regulam
3352 1478 3713 1535 sincerissima

2134 1566 2388 1621 convenit
2418 1567 2796 1623 observatione
2823 1582 3058 1625 servare.

2202 1658 2415 1725 Quanta
2443 1673 2571 1715 vero
2599 1660 2653 1714 in
2682 1657 2935 1716 Ecclesiis
2964 1668 3080 1717 toto
3110 1668 3376 1719 terrarum
3400 1662 3533 1719 orbe
3560 1662 3712 1720 diffu-

2133 1748 2210 1804 sis
2236 1749 2427 1805 horum
2476 1749 2695 1805 Patrum
2738 1752 2973 1806 nitamur
3014 1754 3357 1820 auctoritate,
3406 1769 3516 1810 non
3564 1756 3715 1811 labor

452 1844 631 1902 divina
656 1845 866 1911 claruit,
879 1846 1053 1916 primo
1072 1860 1276 1912 mense,
1299 1845 1509 1902 decimo
1528 1856 1721 1916 quarto
1742 1846 1829 1901 die
1850 1846 1918 1900 ad
1944 1859 2024 1900 ve
2060 1847 2108 1908 Β
2133 1850 2214 1899 est
2242 1844 2527 1901 ostendere
2556 1861 2570 1897 :
2618 1852 2741 1901 cum
2787 1849 3081 1903 secundum
3130 1848 3417 1904 concilium
3458 1848 3599 1918 apud
3627 1847 3714 1902 Ni-

452 1948 690 2008 sperum,
736 1950 905 2005 usque
940 1936 1009 1991 ad
1034 1937 1349 2005 vigesimum
1378 1936 1628 2006 primum,
1678 1934 2024 1991 festivitatem

454 2029 759 2101 paschalem
810 2028 1010 2085 debere
1049 2028 1331 2085 celebrari.
1377 2028 1486 2084 Sed
1530 2028 1655 2097 quia
1700 2028 1901 2085 mensis
1940 2028 2030 2084 hic

456 2118 596 2175 unde
621 2128 796 2177 sumat
822 2119 1126 2187 exordium,
1148 2119 1235 2175 vel
1262 2119 1351 2174 ubi
1381 2120 1720 2184 terminetur,
1754 2118 2033 2175 evidenter

452 2209 525 2267 ibi
552 2224 661 2266 non
682 2210 906 2279 legitur,
930 2210 1138 2280 praelati
1164 2209 1391 2266 trecenti
1413 2218 1470 2265 et
1491 2208 1796 2266 octodecim
1822 2207 2033 2280 pontiﬁ-

450 2315 559 2368 ces,
594 2302 798 2371 antiqui
823 2302 989 2357 moris
1016 2301 1432 2367 observantiam,
1471 2310 1527 2357 et
1554 2302 1749 2358 exinde
1778 2317 1809 2357 a
1840 2310 2029 2358 sancto

448 2392 633 2464 Moyse
661 2392 930 2458 traditam,
960 2393 1099 2449 sicut
1127 2393 1180 2448 in
1212 2392 1446 2464 septimo
1476 2393 1613 2449 libro
1640 2392 2031 2451 Ecclesiasticae

448 2482 679 2540 refertur
706 2484 970 2549 Historiae,
1001 2484 1256 2540 solertius
1306 2484 1707 2555 investigantes,
1738 2485 1807 2541 ab
1835 2492 2029 2543 octavo

452 2574 576 2635 idus
601 2574 799 2639 Martii,
853 2589 1023 2646 usque
1064 2577 1117 2632 in
1145 2575 1287 2632 diem
1318 2592 1581 2633 nonarum
1606 2577 1889 2649 Aprilium,
1941 2593 2031 2633 na-

450 2671 559 2719 tam
587 2663 767 2720 lunam
791 2663 969 2721 facere
992 2664 1244 2721 dixerunt
1274 2667 1432 2736 primi
1462 2667 1661 2721 mensis
1701 2666 1983 2723 exordium
2011 2686 2023 2720 :

448 2764 507 2812 et
532 2771 563 2811 a
577 2754 898 2814 duodecimo
918 2757 1005 2813 die
1025 2758 1367 2814 calendarum
1390 2758 1651 2829 Aprilium
1675 2773 1842 2829 usque
1864 2759 1917 2813 in
1937 2760 2034 2815 de-

449 2847 644 2903 cimum
663 2857 911 2919 quartum
932 2849 1182 2906 calendas
1203 2848 1367 2905 Maias
1390 2850 1569 2905 lunam
1587 2850 1849 2906 decimam
1869 2864 2032 2920 quar-

450 2942 558 2991 tam
579 2937 833 2995 solertius
859 2938 1248 3009 inquirendam.
1275 2939 1405 3006 Quae
1431 2940 1555 3011 quia
1579 2956 1700 2997 cum
1722 2940 1851 2997 solis
1869 2955 2030 2996 cursu

451 3043 558 3086 non
581 3027 859 3099 aequaliter
886 3029 1146 3097 volvitur,
1178 3037 1450 3086 tantorum
1478 3029 1685 3085 dierum
1720 3029 1909 3099 spatiis
1936 3044 2031 3085 oc-

448 3137 665 3179 cursum
692 3120 927 3178 vernalis
952 3121 1263 3191 :equinoctii
1284 3129 1647 3190 consequatur
1672 3138 1686 3173 :
1718 3120 1810 3189 qui
1840 3135 1869 3174 a
1893 3120 2029 3176 duo-

2135 1949 2303 1991 catam
2332 1945 2456 2006 post
2481 1944 2726 2008 tempora
2755 1953 2863 1993 non
2896 1938 3055 2009 longa
3079 1940 3410 1996 conveniens
3439 1951 3485 2006 ο,
3529 1953 3714 1996 eorum

2134 2026 2379 2097 primitus
2425 2027 2835 2094 deﬁnitionem,
2889 2044 3051 2099 quam
3101 2030 3170 2086 de
3226 2029 3465 2101 paschali
3508 2030 3714 2086 ratione

2136 2118 2487 2188 protulerant,
2530 2119 2680 2175 nullo
2723 2118 2888 2177 modo
2929 2119 3236 2177 violandam
3278 2135 3400 2178 esse
3426 2121 3714 2178 censuerit.

2136 2208 2376 2281 Denique
2407 2211 2459 2265 in
2490 2212 2692 2267 sanctis
2714 2213 3032 2279 canonibus,
3062 2216 3163 2269 sub
3190 2213 3347 2269 titulo
3382 2214 3714 2284 septuagesi-

2134 2317 2223 2357 mo
2268 2318 2431 2369 nono,
2473 2304 2565 2373 qui
2590 2314 2673 2360 est
2708 2306 2911 2378 primus
2943 2306 3107 2376 ipsius
3134 2305 3454 2362 Antiocbcni
3483 2306 3714 2370 concilii,

2133 2395 2215 2450 his
2242 2394 2417 2451 verbis
2441 2396 2709 2453 invenitur
2734 2411 3053 2468 expressum
3080 2415 3092 2450 :
3127 2395 3320 2453 Omnes
3351 2397 3437 2469 qui
3465 2397 3579 2453 ausi
3602 2399 3713 2467 fue-

2133 2487 2238 2540 rint
2284 2487 2561 2543 dissolvere
2605 2486 2959 2559 deﬁnitionem
3001 2489 3168 2542 sancti
3209 2498 3259 2542 et
3300 2487 3476 2558 magni
3517 2486 3714 2541 concilii

2134 2578 2270 2648 quod
2316 2577 2455 2647 apud
2484 2575 2723 2634 Nicteam
2750 2587 3116 2651 congregatum
3160 2587 3260 2646 est,
3304 2577 3397 2634 sub
3442 2578 3715 2647 prasentia

2134 2670 2355 2740 piissimi
2377 2680 2427 2724 et
2453 2671 2733 2726 uenerandi
2760 2673 3009 2742 principis
3050 2672 3399 2734 Constantini,
3445 2671 3509 2725 de
3535 2670 3717 2725 saluti?

2136 2762 2251 2831 fera
2293 2761 2619 2816 solemnitate
2666 2762 2921 2832 paschali,
2977 2760 3517 2825 excommunicandos,
3567 2768 3618 2813 et
3657 2759 3715 2821 de

2134 2847 2372 2904 Ecclesia
2392 2851 2661 2921 pellendos
2681 2867 2792 2907 esse
2812 2867 3107 2915 censemus;
3132 2852 3176 2905 si
3200 2860 3368 2906 tamen
3390 2849 3716 2911 contentiosi,

2134 2942 2377 2997 adversus
2404 2958 2465 2996 ea
2492 2958 2606 3015 quae
2640 2942 2775 2997 bene
2825 2952 2945 2999 sunt
2989 2942 3216 3007 decreta,
3261 2941 3599 3011 perstiteriut.
3648 2936 3714 2992 Et

2137 3034 2246 3087 lucc
2274 3032 2479 3103 quidem
2504 3032 2569 3085 de
2599 3032 2748 3085 laicis
2775 3032 2914 3085 dicta
2942 3033 3065 3086 sint.
3116 3030 3178 3085 Si
3204 3031 3318 3100 quis
3346 3038 3516 3083 autem
3543 3042 3718 3083 eorun-

2135 3127 2221 3197 qui
2250 3133 2478 3195 praesunt
2505 3122 2772 3191 Ecclesia,
2791 3134 2881 3179 aut
2904 3126 3195 3195 episcopus,
3220 3131 3308 3176 aut
3329 3121 3609 3192 presbyter,
3632 3130 3714 3173 aut

451 3210 664 3268 decimo
689 3211 1027 3267 calendarum
1057 3212 1318 3283 Aprilium
1348 3211 1455 3276 die,
1489 3218 1806 3267 cunctorum
1834 3209 2024 3267 Orien-
2054 3214 2100 3275 C
2134 3215 2407 3280 diaconus,
2435 3223 2550 3285 post
2575 3215 2710 3268 hanc
2736 3214 3089 3285 deﬁnitionem
3117 3213 3384 3268 tentaverit
3413 3212 3482 3265 ad
3509 3212 3713 3266 subver-

454 3302 641 3358 talium
661 3303 957 3371 sententiis,
979 3311 1034 3359 et
1057 3304 1290 3359 maxime
1312 3301 1709 3376 Egyptiorum,
1733 3305 1826 3374 qui
1847 3305 2027 3361 calcu-

448 3393 666 3451 lationis
683 3408 791 3464 pne
811 3395 1057 3451 omnibus
1070 3395 1219 3464 gnari
1234 3402 1380 3462 sunt,
1397 3394 1704 3465 specialiter
1718 3395 2025 3450 adnotatur.

448 3482 508 3539 In
535 3499 643 3554 quo
668 3485 854 3555 etiam,
901 3486 945 3542 si
976 3487 1101 3540 luna
1130 3486 1339 3542 decima
1371 3493 1567 3555 quarta
1589 3485 1815 3541 sabbato
1852 3486 2027 3542 conti-

449 3573 588 3642 gerit
616 3573 785 3645 (quod
819 3575 988 3631 semel
1031 3576 1084 3630 in
1114 3575 1408 3645 nonaginta
1435 3576 1673 3644 quinque
1704 3576 1860 3631 annis
1887 3577 2032 3631 acci-

448 3664 576 3721 dere
603 3665 945 3724 manil'estum
977 3669 1081 3738 est)
1100 3708 1116 3735 ,
1145 3668 1394 3737 sequenti
1420 3668 1509 3725 die
1546 3667 1839 3737 dominico,
1870 3669 1920 3725 id
1948 3677 2035 3725 est

448 3754 730 3813 undecimo
750 3756 999 3814 calendas
1028 3758 1244 3829 Aprilis,
1269 3758 1394 3815 luna
1415 3757 1621 3817 decima
1645 3760 1853 3828 quinta,
1884 3760 2029 3815 cele—

450 3844 713 3901 brandum
740 3845 970 3916 Pascha,
1000 3848 1190 3905 eadem
1218 3858 1407 3906 sancta
1436 3849 1673 3922 synodus
1706 3850 1824 3906 sine
1853 3850 2027 3908 ambi-

451 3937 656 4006 guitate
699 3936 953 3994 firmavit.
1000 3937 1117 3995 Hoc
1144 3940 1318 3997 modis
1344 3940 1594 3997 omnibus
1620 3939 1937 4007 admonens,
1970 3949 2032 3998 ut

436 4038 578 4099 ante
604 4030 981 4090 duodecimum
1013 4033 1265 4093 calendas
1294 4035 1491 4106 Aprilis
1530 4036 1712 4093 lunam
1764 4037 2028 4094 decimam

451 4136 699 4198 quartam
727 4130 992 4202 paschalis
1017 4130 1139 4186 festi
1169 4131 1345 4187 nullus
1370 4132 1666 4202 inquireret
1695 4150 1709 4199 ;
1741 4148 1898 4203 quam
1920 4149 2030 4191 non

452 4220 612 4294 primi
638 4220 858 4287 mensis,
884 4220 978 4278 sed
1006 4219 1180 4275 ultimi
1208 4234 1327 4275 esse
1356 4228 1651 4277 constaret.

2133 3308 2331 3362 sionem
2369 3307 2712 3377 populorum,
2762 3316 2814 3362 et
2858 3305 3214 3361 Ecclesiarum
3262 3303 3714 3376 perturbationem,

2134 3399 2346 3454 seorsim
2401 3398 2662 3467 colligere,
2706 3406 2756 3451 et
2782 3413 2900 3451 cum
2935 3394 3133 3452 Iudaeis
3181 3395 3388 3452 Pascha
3415 3394 3714 3456 celebrare;

2134 3496 2316 3543 sancta
2343 3486 2570 3557 synodus
2600 3487 2735 3539 hunc
2783 3486 3009 3541 alienum
3040 3487 3154 3557 jam
3207 3486 3328 3541 hinc
3374 3484 3439 3539 ab
3480 3482 3716 3539 Ecclesia

2135 3579 2405 3643 indicavit,
2438 3576 2575 3648 quod
2600 3593 2705 3634 non
2728 3578 2897 3633 solum
2924 3576 3041 3644 sibi,
3065 3578 3155 3633 sed
3176 3577 3413 3648 plurimis
3434 3591 3591 3629 causa
3615 3584 3719 3631 rats

2134 3669 2389 3739 ruptiortis
2419 3684 2481 3722 ac
2513 3666 2917 3739 perturbationis
2944 3669 3219 3723 exstiterit.
3247 3665 3358 3722 Nec
3381 3667 3546 3722 solum
3569 3682 3599 3719 a
3622 3665 3715 3718 mh

2136 3760 2348 3815 nisterio
2375 3759 2504 3816 tales
2532 3769 2783 3828 removet,
2814 3759 2905 3815 sed
2927 3760 3083 3814 etiam
3126 3757 3206 3813 illi
3233 3760 3319 3829 qui
3346 3766 3463 3828 post
3491 3757 3715 3812 damnas

2136 3851 2327 3906 tionem
2358 3849 2651 3924 hujusmodi
2679 3851 3057 3905 communicare
3105 3850 3431 3917 tentaverint,
3479 3849 3715 3903 damnati

2135 3950 2274 4010 sunt,
2322 3945 2462 3999 omni
2490 3960 2687 4015 quoque
2724 3944 3046 3998 extrinsecus
3090 3943 3287 3998 honore
3322 3942 3530 4012 privati,
3571 3952 3717 4013 quem

2137 4043 2317 4089 sancta
2346 4035 2547 4106 regula,
2578 4045 2626 4089 et
2652 4034 2997 4089 sacerdotium
3021 4032 3118 4088 Dei
3146 4032 3445 4104 promeruit.
3486 4030 3581 4113 His
3608 4044 3715 4087 non

2133 4124 2417 4183 dissimilia
2446 4125 2769 4180 venerabilis
2795 4139 2930 4194 papa
2960 4123 3071 4179 Leo
3090 4123 3233 4178 sedis
3256 4121 3567 4193 apostolica:
3590 4136 3716 4193 pne-

2136 4216 2219 4272 sul
2250 4214 2582 4285 pronuntiat,
2619 4214 2804 4270 dicens
2831 4232 2845 4267 :
2872 4212 3082 4267 Contra
3110 4221 3307 4267 statuta
3336 4227 3594 4267 canonum
3622 4228 3716 4279 pa-

352 4365 367 4377 _
434 4314 441 4399 δ
522 4310 633 4369 Sed
656 4326 760 4369 nec
786 4312 891 4369 hoc
916 4309 1350 4383 praetereundum
1376 4326 1497 4368 esse
1527 4311 1851 4381 putavimus,
1882 4311 2032 4384 quod
2140 4312 2425 4370 ternorum,
2467 4319 2583 4375 quat
2622 4312 2743 4357 ante
2770 4303 3085 4374 longissima:
3113 4303 3285 4357 celatis
3322 4316 3488 4399 annos
3513 4302 3569 4356 in
3597 4300 3716 4356 urbt

452 4402 611 4458 nimis
636 4411 819 4459 errant
845 4403 938 4473 qui
980 4402 1160 4458 lunam
1190 4415 1447 4473 peragere
1484 4416 1699 4459 cursum
1729 4403 1813 4458 sui
1845 4401 2035 4460 circuli

436 4493 668 4565 triginta
692 4494 899 4551 dierum
920 4495 1105 4566 spatiis
1123 4495 1473 4563 aestimantes,
1502 4494 1785 4551 duodecim
1812 4494 2029 4552 lunares

2142 4394 2323 4453 Nicena
2345 4394 2666 4466 spiritalibus
2685 4403 2805 4450 sunt
2826 4393 3046 4466 fundata
3075 4393 3311 4459 decretis,
3334 4392 3464 4447 nihil
3484 4394 3716 4465 cuiquam

2138 4489 2329 4544 audere
2359 4487 2657 4543 conceditur
2680 4503 2699 4542 :
2746 4487 2822 4539 ita
2850 4486 2986 4539 utsi
3015 4486 3126 4555 quis
3156 4484 3413 4539 diversum
3450 4484 3575 4554 quid
3601 4484 3717 4540 velit

450 4598 667 4642 menses
712 4586 767 4641 in
807 4585 1067 4642 trecentis
1104 4585 1382 4655 sexaginta
1407 4585 1597 4641 diebus
1626 4593 2023 4651 annumerant;
2060 4587 2109 4649 D
2134 4582 2425 4646 decernere,
2476 4596 2532 4635 se
2573 4581 2739 4651 potius
2762 4578 3022 4643 ,miuuat,
3070 4592 3224 4649 quam
3261 4576 3355 4630 illa
3400 4584 3723 4647 corrumpat;

450 4674 644 4745 quibus
666 4674 830 4731 etiam
858 4674 1095 4746 quinque
1123 4673 1237 4730 dies
1264 4673 1541 4744 adjiciunt,
1574 4688 1711 4744 quos
1740 4674 2024 4731 intercala-

452 4781 541 4824 res
568 4767 859 4839 appellavit
903 4768 1214 4837 antiquitas,
1261 4775 1324 4822 ut
1372 4766 1603 4823 solarem
1630 4781 1829 4821 annum
1860 4765 2029 4821 adim-

452 4857 603 4928 plere
657 4858 961 4915 videanlur.
1009 4857 1143 4913 Cum
1181 4857 1407 4927 diligens
1459 4857 1735 4927 inquisitio
1790 4856 2030 4911 veritatis

455 4947 751 5004 ostenderit
794 4949 854 5005 in
895 4948 1108 5004 duobus
1157 4948 1296 5003 lunae
1333 4948 1551 5003 circulis
1591 4961 1699 5002 non
1747 4947 2028 5016 sexaginta

454 5036 594 5103 dies,
621 5040 717 5095 sed
743 5040 1124 5111 quinquaginta
1156 5055 1349 5097 novem
1387 5040 1585 5095 debere
1624 5039 1911 5094 numerari.
1951 5039 2030 5093 Ac

449 5141 550 5200 per
585 5128 690 5185 hoc
731 5131 785 5183 in
822 5129 1103 5188 duodecim
1143 5132 1419 5188 lunaribus
1456 5129 1731 5186 mensibus
1760 5137 2031 5185 trecento-

451 5233 569 5275 rum
594 5219 979 5289 quinquaginta
1008 5230 1240 5290 quatuor
1275 5221 1482 5277 dierum
1516 5234 1778 5275 summam
1808 5219 1987 5289 colligi
2014 5237 2029 5285 ;

450 5308 538 5368 cui
574 5318 794 5381 epactas
839 5309 1078 5383 [Egyptii
1127 5324 1365 5377 annuas,
1407 5310 1459 5366 id
1497 5318 1581 5365 est
1620 5310 1868 5365 undecim
1895 5309 2030 5376 dies,

450 5400 900 5457 accommodant:
933 5409 991 5456 ut
1033 5402 1107 5456 ita
1149 5400 1365 5457 demum
1394 5400 1600 5455 lunaris
1643 5399 1883 5455 emensio
1910 5400 2031 5469 (aL,

450 5490 735 5562 dimensio)
764 5492 961 5548 rationi
988 5491 1119 5548 solis
1149 5490 1478 5560 adaequetur.
1511 5489 1667 5557 Quod
1697 5489 2033 5545 verissimum

450 5595 570 5639 esse
626 5592 809 5653 atque.
846 5583 1204 5639 certissimum
1265 5580 1754 5653 suprascriptorum
1812 5572 2031 5634 Patrum

2144 4671 2277 4736 ρυω
2299 4671 2367 4738 si,
2403 4678 2459 4723 ut
2488 4678 2710 4739 oportet,
2756 4685 2789 4720 a
2817 4668 3013 4721 cunctis
3050 4666 3380 4736 pontiﬁcibus
3413 4668 3717 4722 intemerata

2131 4770 2412 4827 serventur,
2453 4776 2544 4831 per
2570 4762 2834 4815 universas
2858 4757 3122 4813 Ecclesias
3161 4773 3267 4829 pax
3303 4758 3429 4823 erit,
3476 4767 3527 4813 et
3565 4758 3717 4828 firma

2134 4850 2432 4907 concordia.
2464 4848 2532 4904 Et
2558 4850 2789 4904 iterum:
2846 4846 2914 4904 In
2949 4847 3216 4913 omnibus,
3250 4847 3454 4919 inquit,
3483 4847 3718 4902 ecclesia-

2135 4943 2277 4996 sticis
2300 4941 2491 5005 causis,
2514 4940 2593 4995 Itis
2619 4939 2813 5012 legibus
2836 4937 3176 5009 obsequimur,
3202 4955 3330 5012 quas
3354 4939 3423 4993 ad
3442 4938 3717 5010 paciﬁcans

2133 5032 2512 5087 observantiam
2541 5032 2769 5086 omnium
2802 5030 3125 5085 sacerdotum
3163 5047 3255 5101 per
3284 5038 3537 5086 trecentos
3567 5037 3709 5084 octo.

2137 5122 2303 5176 decim
2325 5122 2580 5177 antistites
2604 5122 2832 5191 Spiritus
2854 5130 3065 5176 sanctus
3088 5122 3345 5176 instituit:
3368 5122 3443 5174 ita
3466 5129 3522 5173 ut
3545 5120 3716 5174 etiam-

2136 5216 2181 5269 si
2209 5214 2370 5270 multo
2394 5213 2565 5284 plures
2588 5214 2751 5279 aliud,
2801 5228 2955 5284 quam
2999 5212 3083 5267 illi
3125 5221 3370 5276 statuere,
3416 5211 3715 5278 decernant,

2136 5305 2192 5358 in
2239 5304 2385 5359 nulla
2428 5307 2712 5358 reverentia
2757 5303 2825 5357 sit
2867 5302 3174 5367 habendum,
3222 5300 3469 5373 quidquid
3501 5302 3657 5374 fuerit
3685 5315 3715 5355 ο

2139 5395 2504 5465 ρνωάὶειοηιηι
2526 5394 2894 5450 constitutione
2920 5392 3197 5446 diversum.

2206 5485 2565 5554 Snl‘licienter,
2618 5493 2678 5541 ut
2724 5492 2995 5556 putamus,
3047 5483 3256 5540 cunctis
3310 5483 3594 5554 indicitur,
3650 5495 3712 5540 ut

2135 5577 2389 5652 deinceps
2418 5578 2576 5637 aliter
2602 5591 2762 5649 quam
2784 5589 2816 5630 a
2842 5571 3045 5631 sanctis
3070 5574 3418 5637 constitutum
3440 5581 3523 5633 est
3546 5574 3710 5633 Patri-

547 5792 572 5821 ⁸
611 5787 783 5856 Alias,
835 5806 948 5845 cum
978 5800 1213 5845 sanctum
1253 5788 1531 5849 concilium
1564 5786 1723 5857 apud,
1746 5785 2073 5845 Antiochiam
2112 5792 2226 5856 post
2267 5792 2524 5855 tempora,
2573 5789 2717 5839 elc.:
2762 5781 2995 5853 rectius,
3040 5789 3099 5837 ut
3138 5797 3205 5838 ex
3246 5776 3593 5854 sequentibus
3632 5774 3709 5828 vi-

446 5851 624 5912 detur.
