4128 6348
412 356 487 415 23
1765 346 2055 407 DIONYSII
2083 342 2313 406 EXIGUI
2754 394 2759 397 .
3600 342 3675 403 υ

414 471 540 539 bus,
563 466 978 527 sacratissimum
1004 463 1209 523 Pascha
1236 462 1557 521 celebretur.
1587 461 1743 529 Quod
1769 463 1813 517 si
1838 463 1991 518 testi-
2019 466 2066 525 Α
2098 460 2249 529 dum,
2278 471 2611 525 communes,
2640 456 2692 515 id
2716 466 2800 515 est
2820 456 3052 515 minores
3076 454 3295 526 habeat,
3328 456 3546 515 tertium
3565 474 3675 518 etn-

414 562 597 619 tnonia
622 568 892 616 tantorum
921 558 1259 614 sacerdotum
1308 555 1532 609 forsitan
1575 554 1696 623 quis
1726 553 1993 609 obstinata

415 660 595 709 meme
617 651 937 721 despexerit,
963 647 1198 704 etiamin
1223 645 1443 701 historia
1464 644 1823 699 ecclesiastica
1846 642 1994 712 paria

414 744 651 801 breviter
696 742 936 798 intimata
978 738 1239 809 reperiet;
1289 736 1687 805 multorumque
1734 734 1995 788 relatione

415 834 749 905 pontificum,
797 838 852 886 et
879 830 1112 885 maxime
1138 828 1282 885 beati
1312 826 1610 891 Athanasii,
1659 823 1811 893 cujus
1833 837 1994 893 supra

416 926 778 990 meminimus,
825 924 939 979 haec
964 922 1151 977 eadem
1181 921 1395 989 vulgata
1420 926 1729 990 cognoscet.
1763 916 1995 987 ldipsutu

414 1013 805 1084 veroepistola
846 1012 1018 1069 sancti
1046 1009 1277 1065 Proterii
1300 1008 1675 1064 Alexandrina:
1706 1007 1851 1061 urbis
1879 1006 1995 1076 epi-

413 1105 565 1174 scopi
609 1103 674 1157 ad
725 1101 975 1159 eumdem
1022 1114 1215 1170 papam
1245 1098 1482 1154 Leonem
1520 1113 1620 1168 pro
1667 1098 1769 1152 hac
1809 1095 1996 1150 eadem

412 1194 655 1269 paschali
692 1192 990 1264 quaestione
1018 1192 1240 1256 directa,
1272 1197 1498 1246 testatur
1518 1207 1536 1243 τ
1561 1203 1723 1257 quam
1745 1195 1871 1242 ante
1899 1187 1999 1242 hos

414 1300 587 1342 annos
613 1281 997 1338 transferentes
1030 1297 1062 1337 e
1088 1281 1295 1346 Graeco,
1343 1279 1468 1334 huic
1507 1280 1660 1349 operi
1704 1278 1997 1333 adnecten-

413 1378 538 1435 dam
554 1392 677 1435 esse
694 1373 1063 1445 perspeximus
1086 1372 1177 1443 (al.
1193 1415 1208 1440 ,
1234 1370 1627 1441 prospeximus)
1655 1387 1667 1422 :
1694 1384 1793 1425 nec
1815 1383 1921 1424 non
1944 1376 2001 1423 et

415 1472 730 1535 argumenta
770 1462 1147 1533 IEgyptiurum
1177 1462 1469 1530 sagacitate
1498 1460 1717 1529 quaesita
1760 1458 1998 1514 subdidi-

414 1575 566 1623 mns;
594 1558 805 1628 quibus,
838 1556 882 1611 si
928 1554 1152 1610 forsitan
1182 1554 1514 1621 ignorentur,
1548 1552 1830 1622 paschales
1860 1551 1999 1605 tituli

414 1648 625 1717 possint
668 1646 824 1700 facile
872 1642 1093 1713 reperiri
1123 1660 1136 1695 :
1171 1641 1221 1696 id
1250 1649 1351 1705 est,
1398 1649 1595 1709 quotus
1634 1640 1705 1694 sit
1734 1655 1905 1694 annus
1930 1641 1998 1695 ab

413 1736 788 1793 lncarnatione
815 1734 1046 1799 Domini,
1097 1738 1153 1788 et
1181 1730 1344 1801 q'hota
1385 1732 1455 1785 sit
1503 1730 1755 1795 indictio;
1803 1740 1999 1799 quotus

416 1830 581 1885 etiam
626 1828 828 1882 lunaris
874 1825 1125 1889 circulus,
1184 1824 1297 1878 sive
1325 1823 1831 1878 decemnovennalis
1878 1824 1994 1877 exi-
2032 1833 2072 1891 Β
2099 1832 2314 1897 munis,
2380 1831 2695 1886 ﬁndecimus
2738 1831 3085 1886 embolismus

415 1929 555 1987 stat;
585 1919 872 1989 caeterique
900 1918 1058 1973 simili
1087 1917 1207 1987 (aL,
1226 1924 1524 1984 cmteraquc
1553 1915 1766 1984 similia)
1796 1931 1998 1985 suppu-

416 2013 640 2069 tationis
667 2011 989 2082 compendio
1018 2009 1382 2080 requirantur.
1423 2006 1677 2061 Orantem
1717 2023 1817 2078 pro
1846 2007 2002 2063 nobis

415 2103 799 2161 beatitudinem
856 2110 1087 2159 vestram
1135 2100 1311 2156 divina
1360 2099 1530 2170 gratia
1587 2098 1860 2155 custodire
1921 2097 2003 2153 di-

417 2203 639 2267 gnetur.

999 2325 1331 2383 EPISTOLA
1367 2325 1432 2382 ll.

671 2426 887 2499 semen
927 2456 1065 2495 anno
1104 2454 1313 2495 cuntsrt
1350 2452 1577 2495 VULGARI
1618 2436 1738 2492 526.

498 2556 738 2613 Dominis
765 2571 795 2609 a
825 2570 911 2609 me
936 2554 1224 2625 plurimum
1251 2552 1570 2608 venerandis
1599 2551 1870 2609 Bonifacio
1896 2553 2000 2623 pri-

422 2650 646 2706 micerio
674 2649 1029 2714 notariorum,
1060 2655 1115 2703 et
1129 2646 1279 2703 Bono
1300 2644 1696 2713 secundicerio,
1722 2645 2008 2719 Dionysius

421 2738 663 2809 Exiguus
690 2739 938 2793 salutem.

495 2832 860 2889 Observantiac
893 2830 1011 2903 (aL,
1043 2830 1400 2897 Reverentia,
1430 2847 1535 2885 non
1564 2828 1711 2899 bene)
1741 2828 2011 2900 paschalis

423 2923 684 2991 regulam,
716 2922 807 2977 diu
835 2929 1024 2977 sancto
1053 2936 1117 2976 ac
1148 2921 1442 2976 venerabili
1472 2920 1726 2976 Petronio
1755 2921 2011 2992 episcopo

421 3022 820 3079 commonente,
856 3013 1069 3068 tandem
1100 3012 1242 3083 stylo
1270 3011 1651 3068 commendare
1675 3012 2005 3082 compulsus,

422 3118 639 3159 omnem
668 3102 921 3173 deinceps
970 3102 1295 3157 diversitatis
1322 3102 1776 3172 oppugnationem
1822 3103 2006 3158 subla-

2094 554 2401 621 bolismum,
2426 552 2476 607 id
2496 561 2582 608 est
2601 553 2891 621 majorem;
2922 568 3121 609 annum
3148 562 3395 625 quartum
3424 564 3482 611 et
3510 556 3673 626 quin-

2098 652 2211 699 tum
2242 645 2371 700 item
2411 659 2745 709 communes,
2792 654 3001 700 sextum
3047 645 3454 714 embolismum;
3504 648 3674 719 septi-

2096 749 2243 789 mum
2271 749 2632 800 communem,
2658 742 2909 790 octavum
2934 736 3329 791 embolismum.
3359 737 3437 793 Ae
3457 753 3554 809 per
3572 740 3677 797 hoc

2097 824 2357 894 ogdoadis
2383 842 2696 882 communes
2724 828 2849 881 anni
2873 827 3129 898 quinque,
3155 837 3211 883 et
3238 836 3347 886 tres
3375 830 3677 888 embolismi

2092 915 2293 983 jugiter
2318 916 2676 975 ascribuntur.
2708 916 3023 972 Communis
3067 926 3247 973 autem
3276 935 3450 975 annus
3476 920 3678 978 duodes

2098 1006 2203 1061 cim
2230 1007 2445 1062 lunares
2472 1021 2682 1062 menses
2709 1008 2930 1076 colligit,
2959 1008 3050 1077 qui
3078 1008 3193 1063 dies
3222 1016 3496 1065 trecentos
3523 1011 3679 1081 quin-

2098 1096 2351 1165 quaginta
2370 1104 2602 1167 quatuor
2623 1096 2878 1152 eﬂiciunt.
2908 1097 3264 1153 Embolismus
3291 1107 3470 1154 autem
3484 1114 3678 1169 annus,

2099 1198 2155 1245 et
2176 1189 2329 1243 lunas
2359 1190 2634 1255 tredecim,
2691 1198 2750 1245 et
2786 1190 2901 1245 dies
2930 1197 3207 1246 trecentos
3243 1192 3515 1261 octoginta
3542 1208 3677 1264 qua-

2102 1289 2226 1337 tuor
2266 1282 2465 1337 habere
2513 1289 2859 1338 monstratur.
2919 1281 3052 1337 item
3098 1282 3373 1338 hendecas
3414 1280 3519 1340 hac
3564 1284 3681 1353 lege

2102 1372 2376 1428 discurrit.
2407 1371 2600 1443 Incipit
2641 1388 2785 1429 nono
2812 1388 2954 1428 anno
2982 1374 3121 1445 cycli
3150 1375 3678 1443 deeemnovennalis,

2101 1466 2193 1537 qui
2238 1473 2322 1522 est
2366 1466 2570 1521 lunaris
2596 1472 2779 1521 sextus
2826 1483 2839 1519 :
2884 1465 3037 1535 cujus
3073 1466 3280 1535 primus
3324 1474 3382 1521 et
3416 1468 3682 1523 secundus

2102 1574 2275 1615 annus
2301 1560 2602 1614 communis
2626 1566 2730 1624 est,
2757 1559 2948 1614 tertius
2975 1558 3356 1625 embolismus;
3387 1567 3611 1628 quartus
3629 1568 3684 1615 et

2100 1650 2320 1718 quintus
2361 1649 2682 1712 communis,
2714 1656 2899 1705 sextus
2926 1649 3301 1716 embolismus;
3343 1649 3603 1719 septimus
3631 1657 3687 1705 et

2102 1749 2324 1796 octavus
2339 1741 2671 1807 communis;
2689 1755 2861 1795 nonus
2881 1740 3253 1806 embolismus;
3278 1740 3516 1795 decimus
3536 1756 3688 1795 com-

3126 1848 3140 1883 :
3190 1830 3375 1899 sicque
3422 1830 3688 1887 hendecas

2104 1923 2479 1977 communibus
2508 1923 2663 1978 annis
2692 1931 2921 1993 septem,
2957 1920 3287 1978 embolismis
3320 1931 3553 1992 quatuor
3579 1931 3687 1977 ter-

2104 2012 2358 2069 minatur.
2409 2012 2861 2069 Embolismorum
2891 2020 3071 2067 autem
3116 2012 3215 2067 ista
3263 2014 3403 2068 ratio
3432 2012 3689 2082 probatur

2105 2104 2340 2159 existere
2358 2145 2373 2171 ,
2420 2104 2546 2173 quia
2576 2118 2840 2158 annorum
2866 2104 3231 2158 communium
3258 2104 3468 2159 videtur
3493 2104 3686 2159 damna

2104 2194 2356 2264 supplere
2389 2212 2402 2248 :
2434 2202 2700 2263 quatenus
2725 2192 2791 2247 ad
2820 2193 2995 2249 solare
3044 2202 3255 2264 tempus
3302 2194 3500 2249 lunaris
3541 2209 3685 2248 exae-

2104 2295 2300 2355 quetur
2325 2284 2594 2341 excursio.
2619 2282 2873 2351 Quamvis
2893 2284 3036 2339 enim
3067 2284 3193 2338 anni
3220 2283 3412 2339 solaris
3431 2282 3687 2339 circulum

2105 2392 2203 2448 per
2228 2377 2468 2445 singulos
2490 2391 2703 2432 menses
2733 2375 2857 2431 luna
2887 2376 3205 2442 circumeat,
3228 2383 3406 2429 tamen
3429 2374 3545 2444 ejus
3565 2390 3689 2444 per-

2106 2467 2395 2525 fectionem
2424 2467 2707 2524 duodecim
2736 2468 2847 2523 suis
2872 2467 3147 2522 mensibus
3174 2466 3397 2537 implere
3418 2481 3526 2520 non
3556 2480 3691 2536 [πω-ρ

2108 2559 2268 2615 valet.
2314 2558 2553 2630 Denique
2595 2559 2649 2613 in
2690 2558 2844 2613 annis
2891 2556 3266 2613 communibus
3312 2556 3382 2611 ad
3423 2557 3689 2611 rationem

2108 2648 2303 2704 solaris
2330 2649 2457 2703 anni
2511 2648 2759 2704 undecim
2794 2648 2908 2703 dies
2958 2647 3099 2701 luna:
3138 2647 3329 2702 deesse
3376 2655 3688 2703 cernuntur.

2108 2736 2167 2791 ln
2187 2736 2518 2793 embolismis
2544 2751 2674 2791 vero
2701 2735 3069 2792 novemdecim
3097 2735 3286 2791 diebus
3320 2736 3567 2792 eumdem
3592 2751 3690 2791 an-

2110 2844 2238 2884 num
2266 2828 2473 2883 videtur
2497 2828 2728 2883 solarem
2760 2829 2884 2883 luna
2926 2827 3322 2883 transcendere.
3355 2827 3695 2899 Quapropter

2110 2918 2368 2988 ogdoadis
2396 2926 2452 2973 et
2478 2917 2804 2973 bendecadis
2848 2932 3039 2984 annos,
3084 2916 3239 2987 juxta
3270 2916 3477 2988 praefati
3508 2919 3694 2975 circuli

2111 3009 2379 3085 ordinem,
2410 3010 2465 3065 in
2496 3009 2730 3065 medium
2760 3009 3121 3080 proferamus;
3152 3018 3209 3065 et
3231 3010 3434 3079 liquido
3453 3011 3694 3082 probabi~
3725 3054 3731 3065 .

2112 3118 2251 3168 mus,
2282 3116 2379 3173 per
2406 3109 2531 3158 octo
2556 3116 2727 3156 annos
2764 3108 2817 3155 et
2845 3100 3117 3167 undecim,
3160 3100 3300 3156 luna:
3328 3117 3542 3157 cursum
3569 3117 3691 3158 cum

421 3200 533 3248 tam
560 3191 678 3248 fore
716 3192 1082 3257 credideram;
1115 3193 1348 3248 maxime
1375 3193 1520 3262 quod
1560 3201 1870 3247 sanctorum
1903 3202 2008 3250 tre-
2037 3195 2082 3258 C
2112 3192 2227 3248 sole
2256 3190 2583 3247 contendere
2626 3209 2638 3244 :
2671 3190 2887 3261 quando
2917 3198 3000 3246 tot
3026 3191 3143 3246 dies
3184 3190 3274 3246 illa
3303 3192 3521 3263 colligat
3563 3198 3695 3263 quot

422 3291 705 3339 centorum
754 3281 1056 3337 octodecim
1108 3281 1405 3337 antistitum
1451 3282 1542 3351 qui
1587 3282 1728 3351 apud
1776 3282 2008 3337 Nicmam

424 3377 830 3436 convenerant,
880 3370 1262 3426 auctoritatem
1308 3372 1434 3425 totis
1490 3371 1695 3426 nisibus
1740 3372 2010 3427 insinuare

424 3478 738 3521 curaveram
767 3481 783 3516 :
808 3464 899 3533 qui
947 3463 1000 3516 in
1044 3463 1160 3532 ipso
1202 3462 1431 3517 concilio
1459 3462 1767 3517 venerando
1796 3461 2011 3518 decem-

425 3553 786 3610 novennalem
817 3552 1025 3624 cyclum
1076 3551 1394 3621 regulariter
1438 3550 1747 3621 afligentes,
1793 3561 2012 3621 quartas

426 3646 664 3702 decimas
694 3646 845 3699 lunas
873 3644 1139 3715 paschalis
1164 3644 1517 3699 observantia:
1544 3659 1642 3715 per
1668 3645 1848 3700 omnia
1876 3653 2012 3701 tem-

432 3752 568 3805 pora
600 3736 703 3805 legi
742 3751 852 3791 suae
880 3735 1235 3790 revolutiouis
1264 3734 1568 3789 immobiles
1598 3734 2008 3791 adnotaverunt.

427 3824 537 3881 Sed
578 3825 830 3895 quoniam
876 3824 1136 3879 sanctitas
1182 3831 1379 3889 vestra,
1424 3832 1541 3878 orta
1571 3824 1651 3880 rei
1678 3824 1835 3893 hujus
1862 3840 2011 3894 qua:-

428 3918 631 3985 stione,
668 3917 737 3973 de
775 3917 994 3973 archivo
1023 3916 1281 3972 Romanre
1306 3916 1561 3972 Ecclesim
1586 3917 1893 3974 Paschasini
1922 3935 2015 3974 ve-

430 4009 689 4065 nerabilis
715 4009 953 4081 episcopi
979 4008 1203 4079 scripta,
1229 4025 1388 4080 quem
1418 4017 1631 4065 constat
1658 4027 1757 4081 pro
1784 4027 2014 4081 persona

429 4100 727 4158 beatissimi
750 4116 903 4172 papae
930 4101 1127 4158 Leonis
1154 4109 1344 4157 sancto
1369 4100 1793 4159 Cbalcedonensi
1819 4118 2015 4173 praese-

430 4191 577 4248 disse
606 4191 861 4261 coneilio,
908 4192 977 4247 ad
1010 4191 1257 4248 eumdem
1288 4206 1483 4263 papam
1512 4207 1611 4263 per
1638 4192 1779 4249 idem
1808 4202 2016 4264 tempus

430 4282 634 4340 directa
666 4299 808 4340 nunc
839 4284 1080 4354 protulit,
1128 4299 1249 4355 quae
1274 4285 1476 4341 sanctis
1502 4283 1749 4341 Patribus
1777 4285 2017 4345 evidenti

432 4378 643 4432 ratione
672 4378 1035 4443 consentiunt,
1070 4378 1193 4434 huic
1222 4378 1475 4448 priesenti
1505 4378 1793 4432 indidimus
1822 4380 1973 4448 operi
1999 4398 2012 4433 :

435 4476 497 4522 ut
524 4467 680 4535 hujus
706 4468 868 4521 etiam
900 4468 998 4521 viri
1028 4469 1337 4522 testimonio
1362 4469 1680 4532 niteremur,
1710 4469 1802 4537 qui
1846 4470 2016 4523 mani—

2114 3281 2206 3335 ille
2234 3282 2553 3336 cucurrerit.

2186 3370 2242 3425 in
2261 3371 2505 3439 ogdoade
2528 3371 2757 3428 diximus
2777 3373 3012 3444 quinque
3031 3388 3202 3430 annos
3221 3388 3341 3430 esse
3360 3390 3695 3445 communes,

2114 3469 2225 3518 tres
2247 3461 2612 3517 etnbolismos.
2636 3462 2929 3532 Quinquies
2957 3478 3087 3533 ergo
3114 3466 3409 3521 trecenteni
3433 3467 3697 3539 quinqua-

2113 3551 2235 3621 geni
2263 3552 2533 3622 quaterni,
2582 3551 2716 3607 liunt
2762 3554 2909 3609 mille
2957 3556 3282 3626 septingenti
3323 3558 3695 3627 septuaginta;

2114 3651 2171 3699 et
2206 3651 2289 3699 ter
2333 3644 2631 3700 trecenteni
2672 3647 2921 3715 octogeni
2968 3649 3241 3717 quaterni,
3288 3649 3435 3705 mille
3483 3658 3698 3706 centum

2113 3732 2503 3802 quinquaginta
2548 3733 2675 3797 duo,
2726 3750 2790 3791 ac
2831 3751 2928 3805 per
2957 3738 3061 3794 hoc
3095 3738 3253 3794 simul
3287 3739 3421 3795 fiunt
3446 3740 3528 3797 bis
3558 3740 3700 3798 mille

2116 3827 2372 3893 nongenti
2403 3825 2582 3895 viginti
2626 3826 2756 3883 duo.
2808 3826 3068 3884 Similiter
3097 3837 3223 3886 octo
3250 3834 3377 3887 anni
3402 3833 3626 3899 salares,
3655 3832 3700 3889 si

2116 3916 2170 3971 in
2196 3931 2458 3971 summam
2486 3916 2820 3986 redigantur,
2875 3920 2928 3974 id
2961 3928 3044 3975 est
3073 3922 3244 3979 octies
3273 3926 3501 3979 trecenti
3540 3938 3699 3979 sexa-

2116 4007 2240 4077 geni
2260 4007 2432 4076 quini,
2460 4015 2516 4062 et
2544 4008 2836 4078 quadrans,
2868 4009 3072 4066 faciunt
3098 4012 3255 4067 simul
3289 4014 3372 4069 bis
3398 4014 3544 4069 mille
3565 4028 3703 4069 non-

2116 4106 2307 4167 gentos
2328 4097 2516 4167 viginti
2537 4097 2692 4155 duos.
2712 4098 2884 4156 Simili
2906 4101 3068 4158 modo
3088 4110 3145 4158 et
3167 4102 3491 4160 bendecadis
3508 4118 3695 4170 annos,

2118 4186 2211 4257 qui
2236 4196 2362 4243 sunt
2390 4202 2703 4244 communes
2748 4198 2978 4259 septem,
3022 4198 3079 4246 et
3106 4200 3338 4262 quatuor
3376 4192 3703 4262 embolismi,

2118 4280 2165 4335 si
2212 4279 2266 4335 in
2318 4294 2583 4334 summam
2628 4293 2692 4333 ea
2737 4294 2844 4350 qua
2891 4280 3125 4337 diximus
3159 4284 3541 4353 supputatione
3569 4296 3703 4338 eon-
3790 4348 3801 4355 ,

2119 4370 2370 4440 gesseris,
2401 4368 2733 4424 tantumdem
2761 4384 2900 4438 pene
2941 4370 3201 4441 reperies,
3242 4377 3501 4439 quantum
3532 4368 3701 4425 unde-

2122 4462 2226 4516 cim
2254 4460 2460 4515 solares
2486 4459 2612 4513 anni
2650 4458 2975 4526 coniiciunt;
3023 4462 3126 4517 hoc
3171 4468 3277 4528 est,
3323 4469 3515 4531 quater
3558 4459 3704 4516 mille

435 4556 576 4612 festo
619 4557 878 4613 tniraculo
935 4557 1322 4611 venerabilium
1382 4556 1695 4626 pontiﬁcum
1742 4558 2016 4626 paschalia
2051 4568 2095 4627 ι)
2123 4550 2549 4621 quatuordecim.
2606 4548 2733 4604 Haec
2770 4559 2852 4605 est
2880 4566 3009 4621 ergo
3060 4552 3517 4621 embolismorum,
3566 4552 3707 4607 sicut

437 4646 656 4703 decreta
678 4646 979 4701 conﬁrmat.
1030 4646 1184 4712 Quod
1230 4661 1361 4701 vero
1388 4647 1442 4701 in
1471 4646 1683 4717 scriptis
1712 4647 1841 4717 ipsis
1870 4662 2019 4702 com-

438 4738 680 4794 munium
727 4751 989 4791 annorum
1036 4744 1090 4791 et
1141 4738 1581 4793 embolismorum
1629 4739 1833 4793 mentio
1883 4736 2021 4794 facta

439 4838 542 4896 est,
592 4837 647 4885 et
674 4845 705 4883 a
739 4829 1010 4885 nonnullis
1036 4828 1149 4882 haec
1196 4828 1354 4892 ratio,
1405 4843 1527 4899 quae
1556 4844 1621 4884 ex
1652 4828 2024 4896 Hebrzuorum,

440 4926 501 4973 ut
528 4917 715 4985 fertur,
769 4906 1055 4973 traditione
1101 4916 1401 4984 descendit,
1445 4932 1776 4988 magnopere
1823 4920 2022 4989 quaeri-

440 5017 552 5076 tur,
582 5010 721 5066 scire
742 5008 1068 5074 volentibus,
1086 5016 1262 5063 utrum
1293 5008 1417 5063 huic
1436 5017 1660 5078 paterna
1683 5010 1865 5077 regula
1896 5010 2018 5079 (aL,

441 5110 682 5170 paterna:
726 5100 944 5168 regulae)
995 5114 1294 5156 consonare
1336 5099 1606 5165 videatur;
1658 5102 2019 5155 necessarium

442 5190 715 5259 duximus,
759 5198 815 5246 et
844 5191 983 5245 hanc
1026 5189 1297 5257 notitiam,
1346 5205 1414 5244 ne
1461 5189 1717 5259 probetur
1762 5189 1817 5243 in
1844 5190 2022 5258 aliquo

445 5277 724 5345 dissidere,
754 5288 941 5335 coacta
970 5279 1235 5334 brevitate
1263 5264 1529 5346 digerere.

516 5367 836 5424 Noverimus
888 5372 1106 5439 itaque,
1164 5370 1290 5438 quia
1338 5370 1476 5424 idem
1523 5370 2026 5426 decemnovennalis

445 5457 630 5530 cyclus
653 5474 749 5528 per
763 5460 1059 5527 ogdoadem
1078 5470 1131 5515 et
1156 5460 1517 5515 hendecadem
1540 5476 1755 5531 semper
1783 5461 1835 5514 in
1865 5476 1923 5514 se
1940 5477 2022 5514 re-

444 5548 698 5603 volvitur.
724 5546 857 5602 Octo
884 5563 1112 5617 namque
1142 5558 1197 5605 et
1224 5550 1471 5606 undecim
1504 5550 1618 5619 ipse
1648 5565 1902 5605 numerus
1927 5564 2023 5604 ex-

446 5640 695 5710 plicatur.
727 5638 940 5709 Ogdoas
964 5654 1122 5708 ergo,
1169 5656 1288 5710 qua:
1330 5641 1515 5711 incipit
1542 5655 1573 5693 a
1600 5642 1775 5709 primo
1804 5639 2021 5695 decem-

450 5732 731 5786 novennali
770 5732 944 5804 cyclo,
993 5735 1084 5803 qui
1114 5742 1197 5789 est
1225 5733 1424 5788 lunaris
1467 5732 1705 5788 decimus
1739 5734 2021 5803 septimus,

450 5817 553 5877 hac
576 5822 785 5878 ratione
826 5823 1128 5895 peragitur,
1176 5830 1237 5879 ut
1278 5837 1447 5881 annos
1484 5822 1715 5893 primum
1745 5830 1800 5878 et
1825 5836 2018 5881 secun-

2125 4640 2485 4709 praediximus,
2529 4640 2687 4707 ratio,
2720 4652 2779 4695 ut
2819 4641 3164 4698 incrementis
3203 4643 3314 4699 suis
3343 4643 3705 4700 communium

2125 4745 2389 4785 annorum
2412 4730 2734 4785 detrimenta
2760 4740 3132 4801 compensent.

2195 4823 2301 4878 Sed
2326 4822 2437 4892 jam
2464 4824 2879 4896 pulcherrimam
2907 4826 3059 4882 vobis
3079 4836 3241 4897 atque
3264 4827 3572 4898 praeclaram
3597 4827 3706 4882 col-

2127 4912 2415 4969 lectionem
2462 4914 2630 4984 ipsius
2677 4916 2816 4985 cycli
2857 4916 3362 4973 decemnovennalis
3404 4918 3705 4982 ostendam,

2126 5018 2223 5073 per
2269 5017 2429 5072 quam
2474 5018 2688 5060 omnem
2739 5004 2992 5074 deinceps
3033 5006 3455 5075 ambiguitatem,
3508 5008 3552 5061 si
3603 5021 3707 5075 qua

2128 5102 2274 5149 mota
2302 5094 2482 5159 fuerit,
2511 5092 2796 5159 auferatis;
2825 5110 2927 5150 nec
2956 5096 3025 5149 sit
3054 5096 3127 5149 ita
3154 5097 3274 5167 quis
3302 5098 3468 5152 nimio
3488 5106 3709 5167 stupore

2126 5186 2422 5258 perculsus,
2470 5186 2561 5253 qui
2606 5186 2977 5241 demonstrata
3005 5187 3107 5240 sibi
3150 5187 3394 5243 veritatis
3434 5188 3554 5241 luce
3601 5199 3709 5239 non

2128 5278 2377 5347 gaudeat,
2410 5287 2463 5332 et
2494 5278 2806 5346 ignorantiae
2830 5277 3035 5333 relictis
3054 5279 3311 5344 tenebris,
3333 5286 3492 5333 tanta:
3516 5276 3711 5334 rationi

2129 5370 2374 5440 protinus
2402 5384 2510 5423 non
2539 5368 2865 5436 acquiescat.
2903 5368 2949 5423 Α
2974 5370 3181 5426 decima
3228 5370 3416 5437 quinta
3446 5369 3571 5423 luna
3614 5382 3713 5438 pa-

2128 5462 2323 5517 schalis
2368 5460 2507 5526 festi,
2553 5460 2871 5526 anni,verhi
2898 5464 3087 5531 gratia,
3119 5463 3492 5533 praecedentis,
3543 5475 3713 5531 usque

2128 5550 2195 5605 ad
2224 5551 2487 5605 decimam
2532 5558 2777 5620 quartam
2805 5553 3105 5623 sequentis,
3135 5552 3281 5621 quod
3326 5552 3635 5622 quaerimus,
3664 5550 3712 5606 si

2128 5642 2428 5695 communis
2457 5655 2631 5694 annus
2650 5648 2749 5706 est,
2785 5648 3053 5696 trecentos
3071 5642 3456 5711 quinquaginta
3480 5648 3713 5710 quatuor

2128 5730 2243 5786 dies
2284 5730 2530 5795 habebit;
2579 5731 2625 5784 si
2676 5730 3056 5797 embolismus,
3120 5738 3391 5786 trecentos
3435 5730 3712 5799 octoginta

2129 5827 2376 5891 quatuor.
2409 5818 2563 5891 Quod
2597 5820 2645 5879 si
2671 5819 2786 5878 dies
2814 5834 2951 5878 unus
2977 5820 3099 5893 plus
3127 5820 3372 5878 minusve
3401 5818 3710 5891 contigerit,
