4128 6348
319 380 392 441 as
1355 368 1686 434 EPISTOLA
1723 370 1768 430 ιι
1807 371 1896 430 os
1936 370 2232 429 amona
2260 368 2576 457 nasum.
3519 369 3590 427 sc

322 490 547 553 evidens
573 505 728 549 error
748 497 850 549 est.
873 487 1115 562 Excepto
1137 488 1388 546 videlicet
1407 504 1550 545 anno
1571 490 1747 559 primo
1767 499 1908 556 saepe
1939 491 1979 545 Α
2013 484 2095 548 lis,
2119 484 2242 553 quia
2270 483 2571 539 communis
2600 495 2771 537 annus
2798 487 2899 547 est,
2917 487 3041 537 sunt
3062 479 3176 538 dies
3194 481 3424 539 trecenti
3437 482 3591 552 quit.-

324 585 453 644 dicti
480 583 992 639 decemnovennalis
1019 581 1176 653 cycli,
1211 594 1374 651 quem
1401 596 1432 636 a
1461 579 1672 636 decima
1711 586 1902 648 quarta

323 675 451 731 luna
479 671 700 728 Pascha:
728 671 921 738 ultimi,
972 671 1025 726 id
1055 677 1137 726 est
1164 671 1293 725 noni
1337 668 1530 724 decimi
1559 669 1705 733 anni,
1736 681 1906 736 usque

324 764 394 820 ad
414 763 677 819 decimam
705 768 951 832 quartam
981 759 1223 829 ejusdem
1251 759 1410 829 primi
1441 773 1724 814 numerare
1751 772 1906 812 cura-

325 871 446 912 mus
474 855 592 926 (aL,
634 852 1013 919 causavimus).
1066 850 1295 921 Propter
1333 851 1478 921 quod
1523 850 1664 906 idem
1687 840 1906 904 ultimus

324 953 566 1016 epactas,
605 944 658 999 id
691 952 774 1000 est
802 942 1131 1012 adjectiones
1176 943 1406 1007 lunares,
1439 940 1732 996 octodenas
1779 947 1905 994 tunc

323 1036 582 1099 retinens,
611 1034 786 1105 primo
812 1048 975 1096 anno.
1005 1048 1114 1088 non
1143 1031 1408 1095 undecim,
1435 1038 1495 1086 ut
1521 1030 1728 1087 caeteris
1753 1029 1907 1084 annis

326 1122 445 1179 ﬁeri
471 1124 626 1189 solet,
657 1123 755 1179 sed
783 1122 1067 1179 duodecim
1094 1120 1212 1178 dies
1255 1123 1645 1178 accommodat.
1685 1119 1754 1175 Et
1779 1120 1904 1189 quia

327 1213 546 1282 triginta
572 1213 780 1268 dierum
810 1211 914 1268 line
938 1211 1247 1278 volvuntur,
1277 1209 1421 1266 nulla
1459 1217 1650 1280 epacta
1678 1210 1730 1264 in
1759 1209 1909 1280 prin-

326 1303 469 1374 cipio
511 1303 680 1373 ipsius
725 1303 863 1374 cycli
907 1301 1156 1372 ponitur;
1200 1298 1467 1356 secundus
1512 1307 1693 1354 autem
1737 1313 1910 1353 annus

327 1399 546 1461 epactas
569 1390 817 1446 undecim
858 1389 1122 1460 suscipit:
1155 1396 1211 1444 et
1239 1389 1383 1456 ideo,
1431 1388 1571 1444 sicut
1593 1385 1846 1455 diximus,
1876 1402 1908 1441 a

325 1479 534 1535 decima
548 1480 734 1550 quinta
751 1480 874 1534 luna
896 1478 1114 1535 Pascha:
1132 1479 1289 1549 primi
1312 1477 1451 1550 cycli
1472 1491 1641 1546 usque
1664 1477 1732 1532 ad
1749 1476 1909 1532 tinem

323 1569 463 1638 ejus,
511 1570 567 1624 in
608 1569 984 1627 communibus
1029 1577 1084 1625 et
1124 1567 1453 1625 embolismis
1480 1568 1634 1624 annis
1660 1567 1911 1639 praefixos

322 1658 442 1716 dies
479 1674 581 1714 nos
625 1660 888 1725 invenire,
937 1674 1048 1715 non
1077 1658 1295 1714 dubium
1340 1667 1442 1714 est.
1472 1657 1630 1725 Quod
1678 1657 1723 1712 si
1753 1658 1911 1714 aliter

323 1751 615 1822 aliquando
643 1750 1023 1807 calculantium
1052 1749 1319 1820 imperitia
1353 1748 1514 1804 fuerit
1543 1749 1785 1805 fortassis
1807 1764 1907 1805 ex-

326 1841 584 1912 positum,
607 1842 709 1898 hac
735 1840 1077 1898 observantia
1096 1838 1521 1897 ratiocinationis
1549 1853 1737 1896 eorum
1756 1838 1906 1896 falsi-

328 1939 416 1986 tas
443 1939 717 2001 arguetur.

401 2041 578 2110 Atque
607 2047 666 2094 ut
685 2040 785 2096 hoc
805 2039 1140 2113 manifestius
1164 2041 1335 2113 possit
1359 2040 1608 2113 intelligi,
1634 2042 1912 2112 praesentis

326 2134 456 2188 anni
484 2139 845 2207 monstremus
891 2134 1162 2204 exemplo.
1213 2132 1441 2189 lndictio
1489 2135 1690 2204 quippe
1717 2142 1908 2204 quarta

328 2233 430 2289 est,
462 2231 518 2279 et
542 2223 744 2279 lunaris
771 2224 1001 2279 circulus
1030 2224 1375 2290 undecimus;
1406 2223 1911 2280 decemnovennalis

326 2318 505 2385 cyclus
532 2313 772 2370 decimus
799 2321 1042 2385 quartus.
1069 2313 1134 2368 Et
1155 2315 1409 2384 quoniam
1437 2314 1763 2369 hendecadis
1789 2328 1912 2369 sex-

328 2411 414 2459 tus
452 2418 624 2459 annus
651 2412 756 2470 est,
787 2419 910 2459 eum
953 2403 1326 2459 embolismum
1370 2419 1488 2460 esse
1535 2419 1760 2459 necesse
1806 2411 1909 2459 est.

328 2495 375 2550 A
402 2495 615 2552 decima
644 2496 830 2567 quinta
878 2496 1061 2566 itaque
1107 2494 1232 2550 luna
1263 2494 1520 2565 praeteriti
1550 2493 1692 2559 festi,
1743 2509 1914 2564 usque

228 2613 232 2616 ·
327 2586 396 2643 ad
421 2587 686 2644 decimam
712 2593 960 2656 quartam
986 2587 1287 2658 praesentis,
1334 2594 1467 2657 quot
1492 2594 1617 2642 sunt
1645 2587 1760 2640 dies
1786 2586 1911 2640 dili-

327 2678 539 2747 gentius
585 2677 963 2748 inquiramus:
1007 2684 1061 2731 et
1109 2677 1441 2731 inveniemus
1486 2676 1676 2747 procul
1726 2677 1908 2742 dubio,

328 2769 544 2839 quando
573 2768 779 2826 Pascha
808 2768 1083 2824 celebrare
1105 2768 1418 2823 debeamus.
1449 2767 1747 2823 Transacto
1769 2782 1912 2823 anno

330 2876 429 2932 per
457 2860 807 2917 indictionem
853 2859 1067 2914 tertiam
1099 2859 1153 2913 in
1183 2858 1389 2914 Pascha
1437 2859 1616 2913 lunam
1647 2859 1909 2914 decimam

328 2953 574 3018 quartam
606 2964 750 3006 nono
780 2949 1124 3005 calendarum
1155 2949 1414 3019 Aprilium
1445 2949 1549 3015 die,
1577 2949 1628 3003 id
1658 2958 1742 3004 est
1766 2949 1912 3018 vige-

329 3041 465 3097 simo
493 3050 686 3112 quarto
713 3041 909 3096 mensis
937 3040 1114 3095 Martii
1160 3040 1340 3106 fuisse,
1385 3041 1504 3109 quis
1550 3040 1776 3103 dubitet,
1819 3040 1911 3108 qui

329 3145 514 3187 curam
544 3132 702 3200 hujus
728 3133 807 3187 rei
839 3131 1038 3186 habere
1066 3131 1594 3200 Quantulumcunque
1623 3130 1909 3198 cognosci-

329 3226 455 3280 tur?
484 3223 553 3278 Et
575 3223 697 3279 ideo
727 3224 792 3278 ab
817 3232 1004 3279 octavo
1035 3223 1376 3278 calendarum
1404 3222 1666 3293 Aprilium
1695 3221 1781 3278 die
1804 3237 1904 3277 nu-
1938 3231 1984 3294 ο

328 3314 576 3371 merandi
622 3330 890 3370 sumamus
933 3314 1242 3381 exordium;
1293 3315 1553 3370 habemus
1581 3313 1756 3368 Martii
1799 3313 1913 3368 dies

327 3415 559 3477 septem,
592 3406 786 3476 Aprilis
815 3406 1052 3474 triginta,
1079 3404 1204 3460 Maii
1238 3406 1450 3474 triginta
1479 3413 1534 3460 et
1563 3420 1748 3470 unum,
1771 3403 1913 3459 Junii

328 3495 565 3563 triginta,
596 3492 721 3548 Julii
751 3494 967 3563 triginta
1008 3500 1065 3548 et
1093 3508 1277 3558 unum,
1331 3493 1552 3562 Augusti
1595 3493 1811 3562 triginta
1859 3499 1914 3547 et

329 3599 516 3648 unum,
531 3582 863 3653 Septembris
883 3583 1122 3651 triginta,
1144 3582 1391 3638 Octobris
1416 3584 1630 3652 triginta
1652 3593 1707 3637 et
1726 3598 1909 3649 unum,

329 3671 642 3729 Novembris
671 3674 905 3743 triginta,
939 3673 1248 3728 Decembris
1277 3674 1494 3743 triginta
1525 3681 1580 3728 et
1605 3689 1791 3738 unum,
1820 3672 1910 3728 Ja-

329 3763 499 3818 nuarii
528 3763 743 3832 triginta
771 3772 825 3818 et
847 3778 1028 3828 unum,
1054 3763 1330 3818 Februarii
1359 3764 1542 3832 viginti
1565 3773 1708 3829 octo,
1735 3763 1909 3819 Martii

327 3855 545 3924 triginta
588 3863 643 3910 et
675 3869 861 3921 unum,
903 3854 1101 3924 Aprilis
1136 3853 1422 3909 duodecim
1472 3853 1607 3920 dies,
1654 3855 1798 3924 quod
1828 3863 1910 3909 est

327 3946 498 4017 pridie
525 3945 645 4000 idus
685 3945 900 4015 Aprilis.
953 3945 1112 3998 Fiunt
1159 3945 1314 4000 simul
1361 3946 1584 4000 trecenti
1631 3946 1906 4014 octoginta

327 4043 577 4104 quatuor.
624 4033 779 4101 Quod
808 4036 883 4102 si,
921 4035 1076 4103 juxta
1123 4050 1308 4089 corum
1337 4033 1730 4098 diliinitionem,
1767 4046 1790 4071 ι
1820 4035 1910 4104 qui

328 4127 508 4181 lunam
530 4126 685 4181 aliter
704 4141 865 4197 quam
894 4143 954 4183 se
985 4127 1183 4182 veritas
1211 4127 1372 4182 habet
1399 4135 1733 4197 computant,
1763 4127 1909 4182 deci-

325 4234 467 4273 mam
496 4226 742 4290 quartam
773 4233 879 4274 non
909 4218 1080 4289 pridie
1107 4217 1285 4272 iduum
1316 4218 1599 4288 Aprilium,
1627 4218 1721 4274 sed
1749 4217 1910 4273 tertio

323 4312 510 4369 iduum
559 4311 750 4370 demus
791 4327 1109 4378 occurrere;
1141 4299 1429 4368 trecentos
1477 4313 1750 4383 oetoginta
1797 4319 1909 4370 tres

324 4402 438 4459 dies
467 4403 748 4458 imminuto
776 4418 1002 4458 numero
1031 4403 1376 4472 colligemus;
1423 4402 1567 4472 quod
1614 4404 1761 4457 nullo
1791 4403 1906 4459 ﬁeri

325 4502 484 4563 pacto
511 4494 844 4550 conceditur.
894 4493 961 4548 Et
1006 4494 1078 4548 ita
1108 4509 1322 4564 semper
1361 4494 1613 4563 quotiens
1641 4494 1904 4549 dubitatio

2007 574 2262 644 quaginta
2291 582 2541 642 quatuor.

2080 665 2238 720 Anno
2288 661 2768 722 decemnovennali
2819 660 3096 726 secundo,
3156 658 3331 718 lunari
3383 661 3594 719 decimo

2009 755 2239 823 octavo,’
2283 755 2352 810 ab
2397 763 2594 811 octavo
2642 754 2763 810 idus
2808 754 3005 824 Aprilis
3043 768 3212 824 usque
3251 756 3304 810 in
3344 764 3593 811 octavum

2008 848 2262 904 calendas
2290 845 2509 915 Aprilis,
2539 846 2667 915 quia
2696 845 2998 901 communis
3025 854 3131 914 est,
3176 853 3303 901 sunt
3340 845 3456 903 dies
3483 854 3594 901 tre-

2010 942 2154 997 centi
2184 940 2571 1011 quinquaginta
2595 945 2846 1008 quatuor.

2083 1053 2240 1108 Anno
2268 1049 2742 1107 decemnovennali
2773 1049 2958 1117 tertio,
2989 1047 3166 1103 lunari
3188 1047 3399 1104 decimo
3429 1061 3596 1121 nono,

2010 1156 2040 1196 a
2065 1143 2292 1212 septimo
2319 1142 2574 1198 calendas
2596 1140 2796 1211 Aprilis
2823 1154 2993 1209 usque
3022 1140 3076 1193 in
3102 1139 3220 1194 idus
3235 1140 3449 1209 Aprilis,
3473 1139 3596 1208 quia

2012 1233 2363 1289 embolismus
2405 1241 2516 1299 est,
2561 1233 2696 1287 tiunt
2736 1231 2852 1286 dies
2895 1231 3125 1287 trecenti
3165 1231 3440 1301 octoginta
3468 1244 3600 1300 qua-

2013 1331 2156 1378 tuor.

2084 1417 2240 1472 Anno
2268 1414 2744 1471 decemnovennali
2768 1423 2981 1484 quarto,
3022 1413 3197 1469 lunari
3228 1413 3420 1484 primo,
3450 1428 3479 1467 a
3503 1412 3600 1467 de-

2013 1506 2155 1580 cimo
2183 1514 2377 1562 octavo
2417 1506 2669 1561 calendas
2696 1505 2818 1560 Maii
2849 1519 3018 1575 usque
3064 1505 3116 1559 in
3143 1513 3393 1575 quartum
3431 1518 3605 1558 nonas

2012 1598 2229 1670 Aprilis,
2267 1599 2391 1668 quia
2415 1597 2716 1653 communis
2743 1605 2846 1660 est,
2882 1597 3018 1651 liunt
3045 1595 3158 1652 dies
3186 1597 3412 1652 trecenti
3440 1595 3604 1665 quin-

1969 1700 1974 1704 ‘
2013 1688 2269 1758 quaginta
2301 1696 2552 1757 quatuor.

2089 1777 2243 1833 Anno
2274 1778 2756 1834 decemnovennali
2795 1778 3009 1849 quinto,
3062 1777 3238 1832 lunari
3281 1775 3542 1841 secundo,
3569 1790 3600 1830 a

1940 1865 1988 1926 B
2017 1869 2177 1924 tertio
2214 1883 2385 1923 nonas
2414 1868 2611 1937 Aprilis
2641 1882 2812 1936 usque
2861 1868 2913 1921 in
2962 1866 3300 1922 undecimum
3347 1865 3603 1922 calendas

2015 1957 2232 2029 Aprilis,
2261 1958 2385 2026 quia
2416 1958 2717 2014 communis
2746 1965 2846 2024 est,
2881 1956 3018 2012 tiunt
3043 1956 3159 2012 dies
3187 1956 3414 2012 trecenti
3443 1957 3606 2025 quin-

2013 2051 2272 2122 quaginta
2300 2059 2552 2120 quatuor.

2087 2140 2244 2195 Anno
2271 2140 2747 2196 decemnovennali
2796 2150 2973 2206 sexto,
3017 2141 3191 2197 lunari
3221 2141 3406 2206 tertio,
3455 2155 3486 2196 a
3512 2139 3608 2196 de-

2018 2231 2164 2286 cimo
2193 2230 2446 2287 calendas
2472 2232 2667 2302 Aprilis
2695 2247 2868 2301 usque
2897 2233 2948 2286 in
2974 2242 3226 2304 quartum
3256 2232 3373 2288 idus
3387 2231 3610 2302 Aprilis,

2015 2319 2143 2389 quia
2174 2321 2523 2376 embolismus
2575 2329 2676 2387 est,
2729 2320 2863 2377 tiunt
2908 2322 3022 2378 dies
3068 2323 3300 2380 trecenti
3334 2323 3608 2393 octoginta

2016 2417 2268 2480 quatuor.

2090 2498 2247 2554 Anno
2287 2498 2769 2556 decemnovennali
2808 2502 3062 2573 septimo,
3107 2501 3283 2559 lunari
3331 2511 3546 2574 quarto,
3576 2518 3606 2557 a

2019 2590 2181 2644 tertio
2211 2590 2330 2645 idus
2362 2591 2559 2661 Aprilis
2583 2606 2753 2660 usque
2774 2591 2827 2647 in
2858 2593 3073 2648 tertium
3103 2593 3356 2649 calendas
3387 2593 3609 2664 Aprilis,

2017 2681 2141 2749 quia
2174 2682 2477 2736 communis
2506 2689 2607 2747 est,
2657 2679 2790 2737 ﬁunt
2816 2681 2933 2738 dies
2965 2683 3196 2740 trecenti
3218 2683 3608 2754 quinquaginta

2016 2781 2271 2842 quatuor.

2091 2863 2246 2919 Anno
2264 2863 2741 2920 decemnovennali
2769 2870 2985 2934 octavo,
3015 2866 3188 2922 lunari
3217 2867 3425 2938 quinto,
3446 2881 3475 2921 a
3497 2866 3610 2938 pri-

2019 2952 2108 3008 die
2145 2953 2398 3009 calendas
2425 2953 2624 3023 Aprilis
2663 2968 2835 3022 usque
2864 2955 2918 3008 in
2945 2955 3210 3010 decimum
3233 2967 3480 3026 quartum
3512 2972 3605 3011 ca-

2021 3043 2206 3099 lendas
2235 3043 2380 3109 Maii,
2412 3045 2536 3113 quia
2569 3045 2917 3099 embolismus
2945 3053 3046 3111 est,
3074 3045 3208 3100 tiunt
3230 3047 3347 3102 dies
3383 3045 3607 3100 trecenti

2019 3134 2292 3201 octoginta
2324 3141 2574 3202 quatuor.

2091 3221 2248 3277 Anno
2277 3221 2759 3279 decemnovennali
2790 3240 2958 3294 nono,
2988 3225 3165 3282 lunari
3191 3234 3372 3295 sexto,
3403 3241 3433 3281 a
3458 3226 3607 3282 dcci-

2021 3329 2112 3368 mo
2137 3313 2296 3368 tertio
2318 3314 2571 3369 calendas
2586 3314 2709 3369 Maii
2736 3330 2906 3385 usque
2935 3317 2988 3371 in
3009 3319 3297 3388 septimum
3320 3318 3437 3372 idus
3450 3318 3609 3388 Apri-

2021 3404 2104 3469 lis,
2137 3405 2261 3474 quia
2293 3406 2595 3460 communis
2623 3415 2726 3475 est,
2769 3405 2902 3463 [lunt
2927 3409 3042 3466 dies
3082 3411 3309 3465 trecenti
3338 3411 3609 3482 quinqua-

2019 3501 2164 3568 ginta
2194 3508 2445 3569 quatuor.

2094 3592 2249 3648 Anno
2280 3591 2755 3649 decemoovennali
2802 3593 3036 3661 decimo,
3081 3596 3254 3651 lunari
3295 3597 3545 3669 septimo,
3578 3611 3609 3652 a

2017 3692 2175 3740 sexto
2204 3684 2323 3739 idus
2353 3685 2551 3756 Aprilis
2581 3701 2750 3756 usque
2781 3687 2832 3740 in
2862 3697 3075 3743 sextum
3106 3689 3357 3744 calendas
3388 3691 3611 3761 Aprilis,

2020 3775 2146 3847 quia
2175 3777 2475 3832 communis
2504 3784 2604 3842 est,
2649 3778 2782 3832 tiunt
2824 3778 2940 3834 dies
2972 3782 3200 3836 trecenti
3225 3781 3608 3853 quinquaginta

2018 3878 2272 3939 quatuor.

2029 4014 2034 4019 .
2092 3964 2248 4020 Anno
2279 3962 2758 4021 decemnovennaii
2785 3964 3093 4034 undecimo,
3125 3966 3298 4023 lunari
3331 3976 3546 4034 octavo,
3578 3984 3610 4021 a

2017 4056 2207 4125 quinto
2233 4056 2485 4112 calendas
2515 4057 2713 4126 Aprilis
2738 4072 2906 4127 usque
2937 4059 2988 4112 in
3017 4059 3284 4114 decimum
3316 4060 3602 4129 septimum

2015 4145 2269 4201 calendas
2299 4146 2446 4213 Maii,
2496 4147 2620 4216 quia
2652 4146 3003 4203 embolismus
3032 4156 3133 4216 est,
3183 4149 3316 4204 ﬁunt
3344 4149 3459 4205 dies
3502 4157 3613 4205 tre-

2020 4238 2164 4291 centi
2206 4239 2475 4305 octoginta
2505 4247 2757 4307 quatuor.
2919 4251 2922 4254 '

2094 4326 2250 4382 Anno
2279 4327 2755 4385 decemnovennali
2785 4329 3128 4397 duodecimo,
3175 4331 3349 4386 lunari
3380 4347 3546 4400 nono,
3578 4347 3612 4386 a

2017 4418 2229 4475 decimo
2274 4429 2429 4476 sexto
2477 4420 2726 4477 calendas
2755 4421 2875 4477 Maii
2908 4437 3077 4494 usque
3123 4424 3176 4478 in
3224 4425 3394 4495 pridie
3439 4437 3619 4480 nonas

2022 4512 2238 4582 Aprilis,
2272 4513 2397 4582 quia
2421 4514 2722 4569 communis
2751 4522 2851 4581 est,
2884 4514 3018 4569 tiunt
3054 4513 3168 4571 dies
3196 4516 3421 4572 trecenti
3448 4515 3614 4586 quin-

323 4584 443 4638 talis
471 4585 789 4651 occurrerit,
815 4599 845 4638 a
867 4583 1070 4639 decima
1092 4585 1280 4655 quinta
1307 4585 1434 4639 luna
1457 4592 1737 4640 transacta:
1760 4585 1908 4640 festi-
1936 4598 1986 4658 ι)
2015 4605 2267 4674 quaginta
2290 4614 2540 4673 (μιαιυοτ,

321 4675 523 4741 vitatis,
566 4690 739 4745 usque
784 4676 836 4730 in
885 4674 1152 4731 decimam
1199 4683 1446 4744 quartam
1478 4675 1714 4742 Paschm,
1760 4676 1906 4745 quod

321 4769 630 4837 quaerimus,
660 4765 776 4823 dies
804 4767 1032 4824 sollicite
1061 4776 1455 4838 computemus.
1486 4767 1553 4822 Et
1590 4769 1636 4823 si
1661 4784 1904 4825 conmm-

321 4859 406 4912 nis
434 4873 605 4913 annus
634 4866 734 4925 est,
769 4865 1041 4914 trecentos
1067 4859 1453 4930 quinquaginta
1496 4866 1725 4929 quatuor
1757 4859 1905 4924 dies;

323 4955 372 5011 si
402 4955 746 5012 embolismus
773 4964 877 5024 est,
902 4965 1174 5013 trecentos
1195 4959 1469 5027 octoginta
1499 4967 1730 5027 quatuor
1757 4960 1908 5015 inve-

322 5047 536 5103 niemus
564 5065 576 5100 :
609 5063 710 5102 nec
737 5048 1066 5116 inaequalitas
1097 5048 1278 5122 (alias,
1310 5050 1664 5121 inmqnaliter)
1689 5065 1908 5120 prorsus

322 5141 540 5198 eveniet
573 5159 585 5194 :
617 5142 741 5211 quia
765 5143 947 5211 regula
975 5143 1112 5214 cycli
1141 5141 1300 5212 hujus
1343 5143 1443 5198 hac
1473 5145 1683 5199 ratione
1727 5145 1904 5199 subsi-

321 5231 435 5297 stit,
459 5230 612 5301 cujus
628 5231 965 5288 enucleatam
981 5233 1262 5288 formulam
1285 5232 1525 5303 subjecta
1542 5233 1904 5304 descriptione

325 5320 645 5390 pandemus.

394 5433 549 5490 Anno
573 5434 1047 5492 decemnovennah'
1082 5437 1279 5507 primo,
1311 5438 1481 5494 lunari
1509 5439 1716 5496 decimo
1740 5441 1905 5509 septi-

324 5540 431 5592 mo,
450 5540 480 5581 a
500 5525 708 5583 decimo
727 5526 918 5596 quinto
939 5528 1192 5584 calendas
1212 5527 1334 5584 Maii
1361 5543 1528 5601 usque
1554 5544 1724 5586 nonas
1747 5531 1906 5601 Apri-

2091 4697 2246 4750 Anno
2275 4696 2747 4754 decemuovennaii
2781 4699 2990 4755 decimo
3037 4700 3219 4768 tertio,
3263 4701 3432 4756 lunari
3462 4701 3610 4758 deci-

2021 4801 2134 4852 mo,
2165 4801 2193 4840 a
2219 4789 2373 4842 nonis
2395 4788 2588 4857 Aprilis
2612 4804 2781 4859 usque
2807 4791 2859 4846 in
2891 4806 3090 4846 nonum
3114 4791 3366 4847 calendas
3388 4793 3611 4863 Aprilis,

2018 4877 2143 4945 quia
2172 4880 2472 4933 communis
2514 4886 2615 4947 est,
2649 4879 2783 4934 tiunt
2810 4879 2924 4936 dies
2965 4882 3191 4938 trecenti
3221 4882 3608 4955 quinquaginta

2017 4974 2272 5036 quatuor.

2089 5055 2244 5113 Anno
2268 5057 2746 5117 decemnovennali
2773 5062 2983 5119 decimo
3004 5072 3221 5135 quarto,
3248 5065 3421 5122 lunari
3447 5065 3612 5120 unde.

2015 5149 2177 5213 cimo,
2210 5151 2276 5205 ab
2306 5156 2502 5206 octavo
2525 5152 2775 5208 calendas
2797 5153 2997 5224 Aprilis
3027 5171 3196 5226 usque
3222 5157 3273 5211 in
3305 5143 3608 5211 secundum

2016 5239 2134 5296 idus
2163 5240 2379 5311 Aprilis,
2412 5243 2538 5312 quia
2561 5243 2913 5304 embolismus
2941 5256 3042 5313 est,
3074 5247 3207 5302 ﬁunt
3235 5247 3349 5302 dies
3373 5249 3603 5303 trecenti

2010 5333 2281 5403 octoginta
2314 5345 2565 5406 quatuor.
3594 5343 3598 5346 ’

2084 5442 2239 5498 Anno
2268 5443 2749 5504 decemnovennali
2779 5450 2993 5506 decimo
3022 5449 3233 5519 quinto,
3265 5450 3438 5508 lunari
3469 5451 3605 5508 duo-

2011 5532 2240 5600 decimo,
2270 5535 2337 5591 ab
2383 5535 2558 5594 idibus
2588 5539 2782 5611 Aprilis
2814 5557 2982 5611 usque
3013 5543 3066 5598 in
3097 5543 3351 5602 calendas
3377 5543 3601 5617 Aprilis,

401 5783 426 5814 ι
453 5772 718 5859 Lunarem
751 5775 1237 5859 Fictoriincyclum
1291 5777 1448 5859 ν-ιρᾳ
1487 5783 1668 5859 notat;
1716 5793 1875 5859 quem
1907 5778 1974 5837 ad
2013 5779 2186 5840 Martii
2213 5781 2282 5838 29
2312 5782 2681 5856 apposuimus,
2731 5799 2836 5842 uno
2869 5795 2993 5845 ante
3037 5786 3248 5859 cyclum
3278 5785 3597 5844 Alexandri-

323 5858 514 5912 norum
539 5847 945 5920 quartodecimo
973 5846 1083 5918 die;
1111 5855 1258 5909 recte
1285 5847 1353 5907 ad
1379 5846 1620 5921 Dionysii
1643 5846 1898 5909 mentem.
