4128 6348
2906 297 3010 320 -..ξ

485 377 557 439 27
1556 374 1559 377 '
1766 375 2118 437 monvsws
2155 374 2471 439 EXIGUUS.
3071 346 3081 375 ⁵
3122 365 3127 393 ³
3165 346 3279 394 ’ί
3686 378 3757 436 as

482 494 610 561 quia
638 492 939 551 communis
966 501 1069 562 est,
1103 492 1234 548 finiit
1259 488 1373 547 dies
1401 490 1629 547 trecenti
1677 493 2063 563 quinquaginta
2094 503 2139 559 Α
2173 494 2397 549 trecenti
2428 490 2698 563 octoginta
2729 499 2978 565 quatuor.
3007 564 3016 571 .

481 594 743 652 quatuor.

559 674 719 731 Anno
739 674 1218 733 decemnovennall
1243 674 1454 732 decimo
1474 683 1649 741 sexto,
1668 675 1841 729 lunari
1861 674 2071 730 decimo

485 765 670 831 lcrtio,
697 780 727 820 a
749 773 943 834 quarto
968 780 1139 840 nonas
1164 764 1361 834 Aprilis
1405 778 1573 834 usque
1603 765 1657 819 in
1682 764 2067 820 duodecimum

482 856 734 912 calendas
762 857 984 927 Aprilis,
1033 858 1159 925 quia
1188 857 1491 913 communis
1516 866 1619 921 est,
1655 856 1791 913 ﬁunt
1818 856 1933 913 dies
1962 865 2071 913 tre-

486 946 633 1001 centi
653 946 1041 1017 quinquaginta
1071 956 1325 1015 quatuor.

510 1100 513 1101 ν
554 1036 710 1090 Anno
736 1034 1214 1092 decemnovennali
1253 1036 1467 1093 decimo
1487 1036 1740 1107 septimo,
1772 1034 1945 1091 lunari
1970 1035 2068 1090 dc-

481 1124 626 1180 cimo
656 1132 874 1194 quarto,
902 1126 971 1181 ab
999 1124 1283 1182 undecimo
1312 1126 1567 1197 calendas
1593 1126 1793 1196 Aprilis
1822 1138 1992 1195 usque
2016 1125 2068 1179 in

480 1216 729 1284 quintum
758 1215 877 1270 idus
899 1215 1116 1286 Aprilis,
1137 1218 1263 1287 quia
1291 1217 1642 1272 cmbolismus
1664 1226 1765 1278 est,
1799 1216 1933 1269 iiunt
1953 1214 2068 1269 dies

2246 582 2400 640 Anno
2428 581 2898 639 decemnoveunali
2928 578 3143 639 decimo
3186 589 3401 647 octavo,
3451 582 3625 640 lunari
3652 584 3753 642 de-

2171 674 2315 730 cimo
2340 674 2552 744 quinto,
2584 688 2614 728 a
2642 682 2837 744 quarto
2856 674 2976 732 idus
3002 671 3200 744 Aprilis
3227 689 3397 745 usque
3420 675 3474 729 in
3503 687 3753 745 quartum

2172 763 2423 821 calendas
2448 764 2664 835 Aprilis,
2714 765 2839 836 quia
2865 766 3164 822 communis
3191 773 3296 834 est,
3338 764 3473 822 ﬁunt
3500 766 3613 824 dies
3643 775 3755 825 tre-

2171 855 2313 911 centi
2342 840 2730 926 quinquaginta
2755 865 3005 925 quatuor.

2244 942 2403 999 Anno
2430 944 2905 1001 decentnovennali
2947 946 3160 1004 decimo
3189 963 3354 1017 nono,
3385 948 3558 1005 lunari
3602 950 3751 1006 deci-

2172 1049 2261 1090 mo
2287 1043 2464 1099 sexto,
2498 1050 2527 1089 a
2558 1036 2720 1091 tertio
2740 1036 2992 1093 calendas
3006 1038 3205 1109 Aprilis
3232 1054 3399 1109 usque
3418 1041 3472 1095 in
3487 1041 3753 1097 decimum

2171 1128 2422 1195 quintum
2465 1118 2901 1194 calendas‘Maii,
2930 1130 3057 1198 quia
3100 1128 3446 1187 embolismus
3488 1139 3589 1199 est,
3621 1131 3758 1187 tiunt

2171 1216 2288 1272 dies
2316 1219 2543 1272 trecenti
2568 1219 2843 1288 octoginta
2869 1227 3121 1290 quatuor.
3732 1214 3739 1221 ’

1057 1416 1739 1567 PB/EFATIO
1816 1459 2575 1581 cumsropu.
2658 1466 3263 1575 JUSTELLI

1324 1626 1393 1684 ΙΝ
1430 1625 1727 1685 CODICEM
1767 1622 2097 1684 CANONUM
2144 1623 2497 1685 ECCLESle
2531 1630 2914 1691 UNIVERSAE.

1953 1764 2300 1786 __—“

556 1846 790 1906 Ecclesia
820 1821 1125 1903 Christiana
1156 1846 1426 1917 primitiva
1456 1845 1657 1917 duplici
1679 1845 1798 1915 jure
1827 1845 1952 1899 olim
1986 1860 2069 1899 re-
2100 1848 2145 1909 Β
2170 1860 2291 1901 nem
2314 1846 2706 1919 interpositam,
2735 1850 3042 1906 necessario
3072 1850 3331 1923 postulari
3360 1866 3630 1910 canonum
3661 1853 3762 1909 Ni--

479 1943 730 2011 gebatur,
760 1940 943 1997 divino
966 1948 1019 1995 et
1040 1938 1325 1996 canonico.
1357 1938 1426 1992 At
1452 1938 1689 1993 divinum
1714 1936 1928 2006 quidem
1953 1935 2064 2005 jus,

479 2033 669 2089 codice
707 2046 874 2087 sacrm
914 2029 1246 2100 Scriptum;
1297 2028 1613 2087 canonicum
1658 2042 1788 2083 vero
1813 2070 1827 2093 ,
1869 2026 2068 2083 Codice

478 2122 760 2177 Canonum
806 2122 1131 2177 continetur.
1187 2117 1370 2190 Itaque
1411 2120 1465 2174 in
1505 2118 1783 2186 conciliis,
1835 2117 1911 2173 illi
1958 2117 2065 2173 duo

479 2211 695 2268 codices
723 2211 777 2265 in
808 2210 985 2266 medio
1011 2226 1297 2267 consessus
1325 2211 1452 2280 poni
1481 2209 1749 2273 solebant,
1784 2216 1843 2264 ut
1871 2224 1942 2264 ex
1969 2224 2065 2265 co-

479 2318 598 2358 rum
621 2302 742 2371 jure
770 2304 1009 2374 episcopi
1038 2304 1179 2358 inter
1204 2318 1261 2358 se
1289 2302 1535 2371 dogmata
1568 2302 1782 2372 pietatis
1810 2301 2063 2371 explora-

482 2402 619 2459 rent,
651 2394 869 2448 obortas
888 2395 1124 2449 haareses
1149 2393 1468 2459 refutarent,
1501 2402 1556 2448 et
1584 2394 1982 2449 controversias
2002 2393 2070 2447 ad

478 2484 819 2553 disciplinam
845 2485 1283 2550 ecclesiasticam,
1317 2498 1633 2555 sacramque
1660 2486 1913 2540 πολιτείαν
1941 2500 2065 2554 per-

480 2576 715 2643 tinentes
742 2575 1074 2631 dirimerent.
1100 2574 1253 2629 Hunc
1282 2590 1489 2630 morem
1519 2574 1757 2630 indicant
1786 2583 1907 2630 acta
1937 2591 2071 2631 con-

482 2665 595 2723 cilii
621 2663 1097 2733 Chalcedonensis,
1122 2665 1209 2721 ubi
1232 2666 1429 2735 passim
1460 2666 1575 2721 haec
1598 2666 1759 2721 verba
1788 2656 2099 2736 reperiun-'

480 2763 591 2823 tur,
608 2759 934 2831 προκειμένου
957 2759 1005 2811 ἓν
1027 2765 1099 2829 τῷ
1118 2759 1259 2827 μέσῳ
1280 2765 1371 2812 τοῦ
1395 2758 1681 2829 ἁγιωτάτου
1700 2761 1782 2811 καὶ
1804 2760 2068 2829 ἁχράντου

479 2848 813 2919 accinetae,
844 2848 1128 2916 anteposito
1155 2849 1211 2901 in
1240 2849 1408 2903 medio
1431 2857 1763 2903 sacrosancto
1784 2859 1833 2902 et
1861 2867 2071 2904 uenera-

482 2934 573 2991 bili
595 2934 896 3008 Euangelio.
924 2934 989 2990 Et
1017 2933 1245 3007 Cyrilltts
1268 2936 1683 3005 Alexandrinus,
1712 2938 1765 2991 in
1798 2937 2069 3007 Apologe-

484 3028 595 3083 tico
637 3027 706 3082 ad
752 3025 1110 3082 Theodosium
1156 3026 1286 3095 imp.
1320 3025 1388 3081 de
1424 3026 1657 3081 concilio
1688 3026 1957 3097 Epliesiuo
1987 3027 2069 3082 lo—

482 3131 655 3185 quens
696 3133 709 3169 :
758 3115 812 3171 'li
834 3116 955 3189 ἁγία
984 3115 1194 3179 σύνοδος
1226 3115 1498 3191 σύνεδρον,
1528 3120 1701 3193 ὥσπερ
1728 3122 1812 3172 καὶ
1841 3119 2067 3191 κεφαλήν,

2172 1951 2443 1992 caenorum
2472 1938 2693 1995 decreta
2726 1948 3073 2006 testarentur,
3122 1958 3347 2012 quaeque
3383 1944 3765 2000 subter-annexa

2177 2034 2334 2083 erant
2366 2046 2378 2080 :
2413 2029 2502 2083 ubi
2550 2029 3051 2086 sabterannexorum
3099 2047 3234 2088 voce
3276 2033 3500 2102 intelligi
3545 2048 3643 2104 par
3676 2042 3762 2088 est

2172 2133 2410 2175 canones
2438 2121 2793 2177 conciliorum
2837 2123 2930 2191 qui
2960 2138 2990 2176 a
3032 2121 3249 2179 Nicmno
3288 2123 3356 2178 ad
3384 2123 3766 2179 Constantino-

2173 2210 2503 2280 politanum,
2554 2200 2901 2267 nunuérorutn
2947 2214 3088 2268 serie
3137 2214 3192 2269 in
3224 2229 3390 2269 unum
3429 2215 3768 2281 collecti,_in

2171 2301 2341 2355 veteri
2370 2299 2567 2356 Codice
2590 2300 2871 2356 Canonum
2905 2302 3267 2373 reperiuntur.
3293 2302 3363 2357 Et
3392 2302 3618 2372 Vigilius
3645 2304 3763 2372 cpi-

2173 2393 2311 2448 stola
2341 2393 2408 2448 ad
2437 2392 2714 2449 Rusticum
2739 2402 2794 2448 et
2821 2394 3200 2450 Sebastianum
3223 2396 3485 2451 diaconos
3507 2392 3762 2451 Ecclesia)

2175 2483 2431 2540 Romana:
2453 2526 2470 2549 ,
2514 2499 2585 2541 ex
2610 2498 2678 2541 eo
2712 2482 2913 2541 Codice
2961 2500 3227 2541 canonem
3267 2487 3399 2543 citat
3430 2487 3483 2540 in
3528 2486 3759 2542 concilio

2173 2575 2601 2632 Chalcedonensi
2631 2575 2916 2646 probatum
2939 2584 3101 2646 atque
3131 2576 3347 2643 lectum,
3366 2577 3458 2645 qui
3483 2576 3537 2632 in
3564 2576 3753 2631 Antio-

2176 2664 2346 2720 chena
2370 2663 2576 2735 synodo
2596 2665 2818 2733 quintus
2840 2664 3447 2732 numeroconsignatus
3470 2664 3752 2734 reperitur.

2182 2752 2335 2809 Unde
2356 2760 2582 2823 apparet
2602 2752 2883 2824 primitivte
2898 2751 3151 2809 Ecclesiae
3175 2751 3378 2819 Patres,
3403 2754 3457 2811 in
3478 2753 3569 2809 illo
3592 2752 3758 2808 veteri

2176 2840 2373 2898 Codice
2398 2840 2681 2897 Canonum
2711 2842 3111 2913 componendo,
3138 2842 3291 2912 juxta
3314 2858 3474 2915 quem
3504 2843 3572 2899 de
3600 2842 3759 2899 rebus

2175 2932 2345 2987 sacris
2362 2930 2562 3000 judicia
2590 2930 2947 2998 habebantur,
2980 2932 3187 3003 singula
3215 2933 3601 3003 consequentia
3628 2947 3757 2988 con-

2177 3006 2299 3080 cilia
2327 3031 2478 3079 certo
2511 3022 2699 3078 ordine
2725 3022 3076 3092 disposuisse,
3122 3031 3380 3094 certaque
3409 3040 3473 3080 ac
3500 3024 3760 3081 continua

2178 3119 2341 3182 serie,
2358 3132 2460 3173 nec
2483 3118 2781 3188 interrupta
2804 3131 3150 3173 numerorum
3169 3118 3508 3175 connexione
3523 3132 3760 3174 canones

486 3209 717 3263 ὶποιοῦτο
760 3208 993 3281 Χριστόν·
1026 3203 1184 3261 ἔκειτο
1212 3208 1313 3282 γὰρ
1355 3208 1402 3259 ἐν
1429 3206 1558 3277 ἁγίῳ
1583 3207 1738 3281 θρόνῳ
1778 3209 1836 3260 τὸ
1883 3211 2068 3263 σεπτὸν

2180 3208 2393 3264 illorum
2420 3221 2752 3272 numerasse,
2796 3221 2863 3263 ne
2895 3208 3023 3277 quid
3062 3207 3190 3264 huic
3217 3205 3404 3264 Codici
3432 3208 3640 3264 detrahi
3670 3216 3763 3262 aut

480 3297 797 3370 Εὐαγγέλιον,
820 3297 1097 3367 ἰπιφωνοῦν
1116 3304 1223 3356 τοῖς
1263 3297 1425 3368 ἁγίοις
1456 3298 1770 3370 ἱσρουργοῖς,
1801 3306 1967 3370 κρῖμα
1994 3297 2073 3353 δί-

485 3406 633 3441 καιον
657 3387 882 3459 κρίνατε.
898 3384 1096 3439 Sancta
1110 3383 1336 3455 synodus
1350 3382 1608 3438 Christum
1631 3401 1999 3449 consessorem,
2024 3396 2075 3440 et

480 3478 615 3533 uelut
638 3486 811 3548 caput,
826 3476 1087 3532 constituit
1108 3493 1124 3531 :
1141 3477 1484 3531 venerandum
1498 3478 1633 3531 enim
1645 3475 2001 3548 Evangelium,
2020 3480 2073 3531 in

487 3576 668 3622 sancto
698 3568 881 3623 throno
910 3568 1214 3623 collocatum
1234 3577 1367 3633 erat,
1399 3566 1752 3623 sacerdotibus
1778 3571 2028 3623 insonans
2052 3586 2070 3623 :

482 3660 689 3714 Iustum
709 3660 963 3731 judicium
984 3659 1234 3731 judicate.
1286 3657 1354 3712 Et
1398 3659 1626 3728 epistola
1657 3660 1909 3729 synodica
1941 3675 2073 3715 con-

490 3749 606 3804 cilii
629 3749 1002 3818 Aquileiensis,
1020 3751 1296 3821 proposita:
1314 3750 1366 3804 in
1390 3750 1557 3805 medio
1582 3751 1769 3807 dicina:
1790 3751 2075 3822 Scriptura:

484 3841 662 3909 (Tom.
693 3840 713 3896 Ι
743 3841 989 3914 Concil.).

553 3934 769 3991 Codicis
798 3950 927 3991 vero
954 3933 1234 3990 Canonum
1266 3935 1380 4006 ipsa
1403 3950 1617 4006 quoque
1650 3932 1887 4006 synodus
1912 3934 2070 3992 Chal-

486 4025 811 4083 cedonensis
833 4026 1094 4090 meminit,
1129 4034 1290 4095 atque
1319 4042 1386 4081 ex
1416 4042 1482 4081 eo
1513 4027 1642 4081 citat
1671 4028 1807 4097 (Act.
1838 4027 1872 4080 4
1902 4038 1951 4082 et
1983 4013 2072 4098 il)

486 4132 724 4173 canones
746 4116 834 4183 85,
867 4115 956 4181 84,
986 4116 1056 4169 95
1084 4126 1140 4171 et
1160 4115 1229 4170 96
1261 4116 1373 4186 (qui
1404 4115 1457 4182 5,
1489 4115 1541 4182 Δ,
1572 4116 1639 4170 l5
1666 4125 1723 4173 et
1753 4118 1839 4187 16,
1870 4119 1922 4173 in
1944 4135 2069 4175 con-

486 4212 614 4267 cilio
630 4209 971 4265 Antiocheno
993 4207 1376 4279 reperiuntur),
1395 4223 1690 4278 eorumque
1707 4209 1828 4279 jure
1855 4209 1921 4265 de
1942 4226 2073 4266 con-

489 4301 766 4357 troversiis
795 4298 1173 4356 ecclesiasticis
1197 4298 1526 4367 pronuntiat.
1559 4297 1627 4353 Et
1655 4298 1883 4369 epistola
1912 4314 2075 4371 syno-

487 4397 607 4452 dica
649 4396 1025 4465 episc0porum
1062 4391 1351 4462 provinciae
1381 4388 1588 4444 Pisidia:
1619 4390 1827 4445 Asiana:
1868 4390 2072 4448 dimce-

488 4501 619 4541 SCwS
648 4484 714 4538 ad
754 4484 990 4539 Leonem
1032 4484 1161 4553 imp.
1197 4479 1384 4553 (Tom.
1417 4480 1461 4533 ll
1490 4479 1690 4534 Coucil.
1724 4480 1846 4534 edit.
1883 4478 2071 4554 Rom.)

2182 3297 2305 3353 addi
2341 3304 2524 3368 posset
2554 3315 2566 3350 :
2599 3311 2759 3367 quem
2790 3306 2845 3353 et
2871 3297 2994 3353 ideo
3023 3296 3213 3354 Patres
3242 3296 3497 3369 Ephesini
3524 3306 3578 3353 et
3605 3296 3766 3353 Chal-

2183 3388 2559 3453 cedonenses,
2620 3388 2819 3458 aliique
2874 3388 3226 3463 ecclesiastici
3277 3390 3569 3460 scriptores
3624 3392 3768 3455 τάξει

2182 3488 2238 3533 et
2252 3480 2543 3535 ἀκολουθίαν
2567 3487 2665 3535 τῶν
2688 3481 2929 3544 κανόνων,
2952 3482 3241 3537 ἀκολουθίαν
3264 3481 3688 3546 inluetantia)»,
3713 3488 3771 3534 et

2181 3566 2406 3645 ἀριθμῶν
2432 3571 2742 3635 ἀκολουθίαν,
2770 3571 2952 3625 seriem
2974 3579 3029 3625 et
3049 3573 3466 3644 consequentiam
3488 3587 3764 3636 canonum,

2182 3662 2595 3730 consequentiam
2620 3662 3040 3729 ecclesiasticam,
3072 3673 3126 3719 et
3153 3665 3568 3733 consequentiam
3592 3679 3771 3718 nume-

2181 3767 2384 3815 rorum,
2416 3752 2613 3821 passim
2640 3758 2855 3808 vocant.
2899 3750 3051 3809 Unde
3078 3762 3134 3810 et
3172 3754 3225 3809 in
3256 3755 3389 3809 actis
3417 3754 3766 3810 conciliorum

2184 3857 2286 3907 vox
2303 3843 2572 3904 ἀκολούθως
2594 3851 2651 3898 et
2669 3852 2938 3906 κανονικῶς
2959 3858 3058 3913 pro
3080 3843 3270 3899 eadem
3283 3844 3532 3900 sumitur.
3558 3842 3767 3913 Priapos

2181 3934 2445 3990 nebantur
2474 3942 2653 3991 autem
2681 3935 2868 4004 viginti
2896 3950 3134 3992 canones
3160 3936 3389 3991 concilii.
3406 3935 3605 3991 Nicaeni
3622 3976 3638 4003 ,
3677 3934 3765 3991 διὰ

2180 4028 2271 4082 τήν
2300 4034 2390 4085 τῆς
2419 4028 2763 4095 οἱκουμενικῆς
2784 4025 2999 4081 συνόδου
3023 4028 3303 4092 αὐθεντὶαν,
3336 4033 3561 4096 propter
3581 4032 3765 4080 aucto-

2182 4115 2400 4169 ritatem
2431 4123 2489 4170 et
2514 4114 2790 4183 dignitatis
2818 4116 3225 4186 praerogativam
3254 4116 3432 4186 magni
3467 4115 3608 4172 illius
3635 4129 3766 4171 con-

2182 4208 2289 4264 cilii
2309 4250 2324 4275 ,
2356 4207 2501 4280 quod
2531 4208 2760 4279 primum
2786 4209 3177 4265 tecumenicum
3202 4207 3442 4265 Ecclesia
3463 4207 3766 4266 Christiana

2181 4299 2512 4367 celebravit;
2562 4300 2781 4371 pmlixo
2811 4299 2975 4356 etiam
3005 4299 3148 4354 illius
3175 4300 3437 4366 nomine,
3461 4307 3521 4354 ut
3548 4298 3766 4368 quidam

2180 4392 2693 4463 existimant,un
2725 4394 2776 4447 in
2807 4392 3018 4449 caeteris
3045 4391 3138 4461 qui
3177 4390 3405 4459 subjecti
3432 4404 3529 4445 seu
3556 4391 3763 4445 subter-

2182 4482 2379 4538 annexi
2401 4490 2555 4538 erant
2577 4484 2919 4538 observatum
2950 4497 3056 4538 non
3085 4480 3184 4535 fuit
3206 4497 3219 4532 :
3244 4488 3405 4549 atque
3424 4479 3548 4534 inde
3569 4479 3766 4534 factum

487 4578 621 4631 citat
663 4588 925 4630 canonem
956 4572 1053 4638 85,
1085 4574 1175 4641 qui
1206 4580 1428 4642 quartus
1468 4577 1551 4624 est
1580 4567 1897 4625 Antiocheni
1940 4585 2072 4627 con-
2110 4589 2155 4647 υ
2182 4572 2414 4636 videtur,
2461 4571 2613 4642 lapsu
2645 4572 2938 4643 temporis,
2971 4579 3030 4626 ut
3055 4570 3155 4627 sub
3182 4569 3400 4625 nomine
3429 4569 3641 4624 concilii
3676 4568 3763 4622 Ἢ-

485 4668 616 4721 cilii.
670 4664 736 4720 Et
779 4664 1065 4736 Dionysius
1096 4663 1330 4734 Exiguus
1377 4662 1603 4733 epistola
1653 4662 1889 4732 paschali
1932 4662 1957 4715 l
2005 4663 2072 4718 ad

484 4756 798 4811 Petronium
826 4755 1157 4825 episcopum,
1190 4770 1451 4809 canonem
1475 4753 1605 4809 citat
1622 4751 1688 4807 79
1712 4753 1935 4825 (Cascis
1956 4754 2068 4826 80),

483 4847 574 4915 qui
607 4848 809 4915 primus
849 4854 933 4902 est
973 4846 1211 4917 ejusdem
1242 4845 1433 4917 synodi
1463 4845 1831 4902 Antiochenae.
1867 4847 1931 4901 Et
1958 4849 2072 4917 epi-

483 4938 624 4993 stola
663 4937 731 4992 ad
775 4936 1108 5008 Stephanum
1137 4934 1509 4991 Salonitanum
1540 4936 1849 5007 episcopum
1870 4980 1884 5005 ,
1912 4952 2071 5006 quam

484 5044 596 5083 sua:
624 5028 826 5084 veteris
856 5027 995 5083 illius
1022 5026 1234 5084 Codicis
1261 5020 1540 5083 Canonum
1570 5027 1774 5083 Latina:
1804 5028 2069 5098 interpre-

484 5119 676 5178 tationi
702 5119 951 5189 praeﬁxit,
981 5134 1216 5175 canones
1245 5134 1277 5174 a
1304 5118 1519 5175 Niceno
1540 5118 1770 5174 concilio
1792 5134 1808 5174 ι
1832 5119 1900 5175 ad
1928 5118 2070 5175 Con-

482 5209 1026 5279 stantinorolitanum
1056 5226 1106 5274 ι,
1155 5209 1258 5264 hoc
1285 5219 1385 5275 est,
1420 5225 1449 5264 a
1480 5210 1653 5280 primo
1683 5211 1862 5280 capite
1903 5223 2070 5278 usque

485 5297 553 5351 ad
566 5299 916 5352 centesimum
933 5298 1323 5366 sexagesimum
1337 5298 1581 5367 quintum
1600 5301 1898 5364 enumerat,
1914 5298 2066 5364 sicut,

487 5393 547 5440 ut
577 5386 693 5455 ipse
721 5388 821 5453 ait,
850 5389 902 5441 in
936 5385 1117 5443 erca
1144 5389 1470 5453 auctoritate,
1501 5387 1852 5443 conciliorum
1882 5386 2070 5442 ordine

488 5483 546 5529 et
566 5490 911 5531 numerorum
935 5478 1076 5534 serie
1104 5478 1295 5547 digesti
1326 5486 1499 5533 erant.
1530 5477 1606 5533 Ad
1636 5479 1750 5533 haec
1770 5476 2071 5547 respexisse

486 5565 704 5620 videtur
733 5564 844 5622 Leo
873 5566 895 5621 l
924 5568 1165 5639 pontifex
1186 5611 1202 5637 ,
1230 5577 1286 5624 et
1312 5568 1551 5640 synodus
1575 5567 1815 5622 Romana
1843 5568 2069 5638 epistola

489 5658 559 5712 ad
605 5657 970 5715 Theodosium
1001 5662 1128 5730 imp.
1181 5676 1278 5730 pro
1321 5660 1577 5715 Flaviano
1626 5661 1932 5730 patriarcha
1963 5659 2068 5714 CP.

490 5746 692 5817 scripta
725 5747 935 5817 (Ibid.),
961 5765 1064 5817 qua
1093 5750 1229 5818 petit
1256 5758 1315 5805 ut
1338 5750 1551 5821 juberet
1573 5748 1880 5819 generalem
1906 5766 2070 5821 syno-

493 5838 618 5896 dum
649 5840 787 5898 intra
818 5841 1024 5899 italiam
1055 5842 1314 5902 celebrari
1344 5860 1356 5897 ς
1393 5842 1563 5915 quod,
1597 5849 1720 5916 post
1751 5842 2066 5916 appellatio-

2179 4662 2313 4718 cieni
2339 4661 2687 4717 laudarentur
2714 4676 2923 4717 omnes.
2955 4659 3112 4729 Quod
3139 4659 3279 4731 apud
3306 4656 3626 4728 Gregorium
3655 4657 3765 4712 Tu-

2180 4766 2466 4808 ronensem
2489 4751 2803 4822 episc0pum
2831 4751 3121 4807 observare
3150 4750 3279 4805 licet
3309 4746 3447 4821 (Lib.
3480 4763 3557 4814 ix,
3581 4763 3626 4800 c.
3650 4744 3765 4815 55),

2178 4843 2269 4898 ubi
2299 4859 2366 4899 ex
2395 4858 2663 4899 canonum
2693 4842 3029 4899 Niaenorum
3054 4841 3289 4898 decretis
3316 4854 3579 4896 canonem
3608 4838 3764 4900 citat,

2176 4934 2268 5004 qui
2300 4933 2369 4987 l4
2407 4942 2491 4991 est
2526 4931 2853 5003 Cangrensis
2897 4932 3113 4988 concilii
3160 4949 3173 4985 :
3227 4930 3528 4997 Canonum,
3572 4927 3765 4997 inquit,

2180 5026 2518 5084 Nicacnorum
2543 5027 2748 5081 decreta
2772 5025 2950 5095 relegi,
2975 5025 3028 5077 in
3047 5023 3227 5094 quibus
3248 5023 3538 5076 continetur
3553 5037 3571 5074 :
3602 5017 3768 5083 «Quia

2176 5119 2221 5173 si
2250 5135 2351 5189 qua
2371 5118 2634 5189 reliquerit
2658 5117 2838 5181 virum,
2868 5124 2917 5168 et
2939 5123 3108 5168 torum
3127 5129 3224 5183 quo
3254 5112 3379 5169 bene
3397 5113 3544 5178 uixit,
3576 5127 3771 5183 spreve-

2178 5211 2282 5275 rit;
2318 5229 2335 5262 ι
2389 5220 2447 5265 et
2470 5208 2833 5277 sequebantur
2859 5220 3095 5262 canones
3123 5203 3193 5259 25
3222 5204 3439 5261 concilii
3468 5194 3764 5274 Ancyrani,

2180 5308 2237 5354 et
2264 5297 2710 5356 Neocaesariensis
2734 5295 2801 5349 Η
2824 5297 2967 5367 (qua:
2995 5296 3210 5365 quidem
3237 5295 3345 5350 duo
3373 5293 3604 5350 concilia
3637 5298 3764 5348 ante

2187 5388 2462 5444 Nicaenum
2493 5385 2762 5443 celebrata
2785 5394 2946 5453 sunt,
2978 5394 3035 5441 et
3058 5385 3126 5440 ab
3146 5400 3214 5441 eo
3237 5384 3492 5454 deinceps
3519 5394 3768 5455 compro-

2180 5477 2346 5543 bata,
2396 5484 2456 5533 ut
2484 5484 2603 5532 acta
2644 5477 2861 5532 concilii
2889 5476 3185 5532 Florentini
3236 5474 3541 5543 testantur)
3594 5480 3649 5525 et
3676 5471 3767 5540 qui

2181 5566 2528 5638 postmodum
2545 5566 2821 5623 constituti
2839 5575 2987 5631 sunt,
3001 5565 3328 5635 Gangrensis
3340 5563 3428 5630 2i,
3444 5561 3766 5618 Antiocheni

2180 5657 2251 5711 25
2300 5657 2487 5729 (cujus
2513 5666 2750 5727 quatuor
2777 5671 3014 5711 canones
3041 5655 3140 5711 sub
3170 5655 3325 5709 titulo
3354 5652 3453 5721 95,
3483 5651 3579 5718 94,
3612 5650 3683 5706 95
3708 5660 3767 5706 et

2182 5753 2271 5817 illi,
2306 5768 2369 5807 ex
2402 5766 2467 5806 co
2496 5749 2683 5806 codice
2707 5750 2941 5805 citantur
2963 5748 3015 5803 in
3038 5749 3268 5804 concilio
3288 5745 3761 5810 Chalcedmtensi).

2183 5843 2528 5906 Laodicensis
2578 5841 2701 5911 59,.
2740 5848 2794 5900 et
2843 5840 3421 5914 Constantinopolitani
3468 5857 3484 5897 ι
3527 5846 3765 5906 quatuos
