4128 6348
375 335 436 393 29
984 329 1050 391 ιν
1088 327 1381 393 CODICEM
1418 327 1745 390 maenaa
1782 328 1961 389 um.
2005 294 2237 390 setas.
2279 329 2601 391 J’GSTELLI
2639 326 3033 390 nummo.
3372 408 3377 413 Α
3572 337 3647 397 se

377 448 599 521 (Graecis
641 464 718 519 ι),
761 448 855 517 qui
883 446 1102 517 quidem
1130 448 1370 511 collecti,
1413 446 1712 503 secundum
1762 447 1960 518 Dion’y-
1990 448 2039 508 Α
2066 447 2381 513 constabat,
2411 448 2517 503 hoc
2561 457 2645 503 est
2683 456 2917 518 quatuor
2944 449 3130 519 primis
3156 451 3548 518 meumeni‘cis,
3591 460 3648 506 et

377 541 510 595 sium
557 537 859 606 Exiguum,
910 536 1013 591 154
1050 552 1287 593 canones
1332 535 1589 592 efﬁciunt.
1640 535 1719 590 Ex
1766 536 1961 607 quibus

376 631 674 688 canonibus
722 631 792 685 ab
836 629 989 684 initio
1036 629 1394 698 compositum
1425 636 1543 682 erat
1586 642 1785 697 corpus
1819 627 1961 681 illius

375 722 587 777 Codicis
615 720 819 789 antiqui
849 734 1007 788 quem
1037 719 1090 773 in
1120 718 1257 773 actis
1281 716 1475 789 synodi
1504 715 1960 771 Chalcedonensis

374 814 567 880 citari,
616 821 780 882 atque
821 819 953 866 ante
977 826 1096 865 eam
1126 811 1240 865 vim
1271 824 1538 865 canonum
1591 808 1957 863 universalem

375 905 484 973 iam
508 904 759 959 habuisse
779 910 1116 972 compertum
1138 910 1219 956 est
1249 919 1262 954 :
1295 901 1381 956 cui
1411 908 1596 969 postea
1622 898 1818 969 adjecti
1836 907 1959 954 sunt

377 996 587 1051 concilii
617 980 874 1065 Ephesini
901 1009 957 1049 ιιι
986 993 1308 1049 ωαυηιθηίοἰ
1337 1001 1463 1048 octo
1489 1006 1726 1047 canones
1757 990 1895 1046 forte
1909 997 1956 1059 'a

376 1086 649 1156 Stephano
678 1085 933 1155 episcopo
965 1084 1268 1155 Ephesino,
1307 1085 1458 1153 cujus
1486 1092 1664 1139 exstat
1691 1097 1956 1139 canonum

373 1178 628 1232 collectio
667 1177 905 1232 nondum
947 1176 1111 1242 edita,
1158 1191 1278 1245 qua:
1304 1176 1523 1231 omnino
1552 1176 1807 1230 convenit
1835 1189 1957 1230 cum

373 1270 542 1324 veteri
572 1269 773 1326 Codice
802 1269 1060 1325 Ecclesia:
1079 1270 1361 1333 universae,
1406 1283 1749 1337 canonesque
1778 1268 1961 1323 conci-

373 1360 566 1415 liorum
581 1359 799 1426 Nicaeni,
818 1360 1110 1432 Ancyrani,
1124 1359 1592 1424 Neoczesariensis,
1608 1359 1952 1428 Gaugrensis,

373 1449 719 1519 Antiocheni,
746 1449 1093 1506 Laodicensis
1141 1458 1197 1506 et
1228 1449 1831 1521 Constantinopolitani,
1863 1466 1956 1505 ea-

371 1541 493 1596 dem
523 1542 666 1596 serie
693 1549 749 1597 et
776 1541 965 1596 ordine
1010 1540 1251 1606 exhibet,
1284 1541 1479 1611 quibus
1504 1542 1621 1611 ipse
1662 1541 1957 1612 Ephesinos

373 1632 594 1689 rddidit.
628 1632 754 1688 Hzec
782 1649 912 1688 vero
934 1633 986 1687 in
1018 1632 1349 1689 Bibliotheca
1375 1632 1644 1700 Palatina,
1674 1634 1814 1704 apud
1843 1633 1954 1689 hae-

372 1727 527 1784 redes
559 1726 801 1782 Geiharti
825 1725 1215 1780 Ermeuhorstii
1246 1724 1537 1794 llamburgi
1564 1734 1895 1792 asservatur,
1923 1741 1953 1780 a

2063 536 2301 605 quinque
2328 536 2755 607 particularibus,
2783 547 2998 593 servato
3026 539 3191 594 etiam
3218 541 3409 597 ordine
3439 548 3649 611 tempo-

2063 626 2137 680 ris
2168 641 2198 680 a
2239 626 2449 681 Nicmna
2497 628 2707 699 synodo
2754 627 2820 682 ad
2867 628 3403 700 Chalcedonensem,
3452 632 3648 685 additis

2063 718 2362 772 canonibus
2391 719 2702 787 apostolicis
2729 716 2819 784 85,
2853 718 3259 776 Sardicensibus
3284 730 3340 778 et
3366 720 3651 787 Carthagi-

2063 808 2337 871 nensibus,
2370 808 2739 864 Trullcnsibus
2764 810 2946 876 etiam,
2980 808 3396 882 Gmcorumque
3425 811 3645 869 Patrum

2061 898 2306 968 epistolis
2332 899 2610 955 canonicis
2641 909 2801 954 antea
2828 913 2937 954 non
2968 902 3231 971 receptis,
3264 917 3367 957 nec
3391 917 3421 955 a
3466 903 3648 956 conci-

2061 989 2145 1045 liis
2171 990 2542 1053 (ncumenicis,
2569 1005 2669 1046 nec
2696 991 2764 1045 ab
2794 992 2959 1061 impp.
2992 991 3322 1048 conﬁrmatis
3354 1010 3373 1045 :7
3402 992 3646 1047 ubi'Bal-

2060 1097 2213 1139 samo
2241 1098 2338 1153 per
2362 1083 2507 1139 hunc
2534 1099 2799 1139 canonem
2821 1124 2838 1152 ,
2883 1084 3135 1140 localium
3165 1100 3381 1155 quoque
3411 1085 3647 1156 synodo-

2060 1190 2178 1229 rum
2209 1173 2673 1232 conﬁrmationem
2705 1176 2898 1232 factam
2938 1184 3027 1236 τήν
3052 1180 3317 1251 γενομένην
3348 1176 3431 1232 διὰ
3461 1180 3583 1231 τούς
3615 1200 3644 1228 υ

2059 1267 2363 1340 ἓπικύρωσιν
2391 1274 2489 1321 τῶν
2525 1275 2743 1323 τοπικῶν
2785 1267 3046 1333 συνόδων,
3096 1267 3394 1323 adnotavit.
3443 1268 3647 1332 Quibus

2057 1367 2247 1428 postea
2270 1357 2464 1427 adjecti
2481 1368 2607 1414 sunt
2632 1374 2871 1414 canones
2891 1360 3109 1415 concilii
3131 1359 3331 1415 Nicacni
3355 1376 3409 1424 u,
3437 1374 3502 1414 ac
3529 1367 3649 1413 tan-

2058 1448 2180 1503 dem
2210 1465 2278 1505 ex
2319 1450 2386 1505 iis
2414 1450 2668 1505 omnibus
2714 1458 2823 1504 tam
2870 1451 3169 1507 canonibns
3214 1466 3376 1520 quam
3426 1450 3645 1504 Patrum

2055 1539 2287 1596 decretis
2308 1556 2338 1595 a
2361 1540 2573 1597 Nicaana
2599 1541 2772 1611 prima
2801 1542 3011 1612 synodo
3041 1543 3107 1597 ad
3138 1542 3408 1598 Nicwnam
3432 1559 3467 1597 ιι
3497 1559 3649 1597 com-

2056 1630 2265 1699 positus
2288 1639 2371 1685 est
2400 1630 2585 1686 Codex
2621 1631 2899 1687 Canonum
2931 1631 3186 1697 Ecclesia:
3215 1632 3503 1688 Orientalis
3538 1632 3646 1703 (cui

2056 1719 2242 1774 titulus
2263 1722 2463 1783 Κανόνας
2481 1730 2579 1777 τῶν
2605 1724 2925 1785 ἀποστόλων,
2954 1729 3037 1777 xxi
3064 1732 3164 1779 τῶν
3188 1725 3342 1797 ἁγίων
3369 1724 3640 1792 συνόδων),

370 1820 563 1889 quibus
618 1819 894 1887 hucusque
941 1817 1175 1872 nancisci
1228 1831 1332 1870 non
1386 1816 1677 1886 potuimus.
1737 1814 1950 1881 Postea,
1988 1829 2034 1888 Β
2060 1827 2091 1866 e
2117 1810 2255 1865 Bibl.
2281 1813 2661 1867 canonicorum
2693 1813 2753 1867 Ι).
2784 1813 2971 1868 llilarii
2995 1814 3344 1871 Pictaviensis
3370 1832 3399 1869 a
3425 1816 3542 1870 viro
3569 1818 3637 1871 cl.

369 1909 825 1967 Chalcedonensis
873 1908 1089 1965 concilii
1133 1907 1312 1977 quarti
1360 1906 1679 1962 mcumenici
1719 1920 1954 1963 canones

372 2000 445 2056 29
472 2002 537 2055 ab
561 2001 665 2055 alio
687 2000 977 2055 collectore
1004 1998 1169 2052 additi
1200 2005 1344 2053 sunt.
1372 1996 1496 2051 Haec
1517 2004 1696 2050 autem
1717 1997 1954 2066 quinque

371 2092 618 2158 concilia,
652 2091 776 2146 licet
804 2089 1150 2161 particularia
1195 2089 1333 2152 sint,
1365 2086 1742 2141 auctoritatem
1773 2094 1952 2139 tamen

369 2182 825 2238 mcumenicorum
867 2179 1062 2250 adepta
1097 2187 1254 2245 sunt,
1301 2176 1736 2247 quandoquidem
1767 2173 1953 2231 Patres

369 2282 601 2345 quatuor
630 2276 868 2345 priorum
900 2272 1255 2328 conciliorum
1276 2270 1366 2325 illa
1388 2270 1717 2340 probarunt,
1747 2283 1953 2338 suaque

369 2370 608 2425 fecerunt
636 2385 651 2423 :
681 2376 842 2436 atque
863 2367 929 2420 ab
953 2365 1202 2419 universa
1228 2377 1351 2418 cum
1377 2360 1633 2427 Orientis,
1665 2367 1774 2414 tum
1798 2358 1953 2414 Occi-

367 2460 544 2516 dentis
570 2458 812 2515 Ecclesia
853 2456 1176 2512 unanimiter
1204 2452 1502 2524 approbata
1549 2460 1604 2508 et
1635 2449 1951 2507 conﬁrmata

367 2564 519 2622 sunt,
560 2562 616 2610 et
645 2554 699 2607 in
738 2551 935 2608 Codice
962 2549 1242 2605 Canonum
1274 2547 1527 2603 Ecclesiae
1572 2546 1834 2600 universa:
1862 2561 1939 2601 re-

367 2653 524 2717 cepta
552 2644 796 2710 fuerunt,
844 2650 899 2697 et
938 2642 1137 2696 inserta
1179 2639 1270 2695 tali
1301 2637 1490 2693 ordine
1520 2645 1577 2691 et
1604 2651 1949 2691 numerorum

368 2737 526 2803 serie,
560 2744 616 2790 ut
645 2751 808 2790 unum
835 2742 889 2788 et
908 2732 1046 2788 idem
1072 2746 1270 2802 corpus
1294 2729 1709 2796 constituerent,
1737 2727 1823 2782 cui
1843 2728 1950 2782 vim

368 2839 421 2882 et
444 2827 817 2882 auctoritatem
868 2823 1115 2879 canonici
1140 2821 1276 2892 juris
1316 2819 1635 2875 universalis
1664 2819 1949 2875 concilium

366 2915 798 2973 Chalcedonense
819 2913 966 2970 dedit
994 2927 1204 2969 canone
1226 2912 1276 2980 1,
1302 2912 1384 2966 his
1406 2910 1584 2966 verbis
1609 2927 1622 2964 :
1647 2914 1780 2973 Τοὺς
1805 2913 1949 2985 παρὰ

334 3049 345 3058 ι
367 3018 465 3066 τῶν
505 3010 657 3082 ἁγίων
686 3012 917 3085 Πατέρων
958 3009 1068 3063 καθ’
1092 3009 1304 3065 ἑκάστην
1335 3004 1543 3060 σύνοδον
1584 3002 1718 3081 ἄχρι
1744 3012 1832 3059 τοῦ
1861 3014 1950 3059 νῦν

365 3103 656 3161 ἐκτεθέντας
676 3102 883 3160 κανόνας
912 3115 1117 3171 κρατεῖν
1148 3097 1515 3168 ἐδικαιὼσαμεν
1547 3113 1560 3148 :
1596 3092 1832 3149 Canoues
1860 3097 1949 3165 qui

366 3208 401 3245 α
451 3191 646 3246 sanctis
692 3187 927 3246 Patribus
985 3190 1041 3244 in
1092 3205 1397 3260 unaquaque
1434 3187 1632 3260 synodo
1690 3188 2019 3269 hucusquec

365 3280 630 3337 ccnstituti
652 3289 796 3345 sunt,
828 3278 1085 3334 observari
1106 3293 1305 3344 mquam
1336 3278 1645 3331 censuimus.
1664 3274 1731 3331 Et
1757 3276 1951 3346 postea

362 3369 696 3427 Justinianus
720 3371 846 3441 imp.
881 3369 1060 3424 novel.
1095 3367 1218 3433 151,
1250 3367 1318 3422 de
1346 3367 1658 3422 Canonibus
1686 3366 1946 3423 ecclesia-

363 3462 534 3528 sticis,
547 3466 862 3534 Θεσπίζομεν
877 3465 1043 3516 τοίνυν
1059 3463 1195 3525 τάξιν
1215 3461 1421 3532 νόμιμον
1440 3461 1647 3530 ἐπέχειν
1676 3459 1947 3517 inlinam-

366 3555 575 3615 στικούς
597 3554 805 3612 mm:
821 3594 835 3613 .
870 3554 991 3612 τούς
1012 3551 1110 3606 ὑπὸ
1131 3559 1230 3607 τῶν
1259 3551 1413 3624 ἁγίων
1435 3551 1700 3624 τεσσάρων
1723 3549 1947 3605 συνόδων

363 3645 663 3704 ἐκτεθέντας,
688 3641 719 3701 ἧ
749 3643 1146 3713 βιῗαιωθέντας,
1179 3641 1317 3696 τοῦτ’
1358 3644 1473 3695 ἐστὶ
1511 3649 1602 3700 τῆς
1654 3641 1704 3694 ἐν
1747 3644 1944 3716 Nimia,

362 3736 443 3788 καὶ
464 3742 553 3795 τῆς
577 3736 625 3787 ἑν
647 3732 1181 3796 κωνσταντινουπόλει,
1210 3735 1401 3791 καὶτῆς
1422 3733 1473 3785 ἐν
1498 3734 1693 3803 Ἐφέσῳ
1714 3734 1943 3805 πρώτης,

362 3828 562 3885 καὶτῆς
593 3828 643 3880 ἐν
680 3824 965 3895 Καλχηδόνι
996 3841 1009 3875 :
1044 3822 1326 3889 Sancimus
1366 3823 1467 3876 vim
1510 3823 1677 3894 legum
1716 3822 1946 3878 obtinere

361 3918 733 3972 ecclesiasticos
760 3933 982 3972 canones
1002 3957 1017 3983 ,
1066 3917 1151 3988 qui
1177 3933 1209 3969 a
1239 3917 1434 3970 sanctis
1465 3925 1686 3985 quatuor
1714 3916 1947 3970 conciliis

361 4011 622 4064 constituti
652 4020 792 4075 sunt,
839 4018 886 4063 et
916 4009 1212 4079 conﬁrmati
1232 4049 1247 4075 ,
1289 4010 1384 4063 hoc
1423 4019 1500 4063 est
1530 4008 1773 4079 Nicazno,
1805 4009 1943 4065 Con-

361 4101 844 4172 stantinOpolitano,
866 4098 1149 4169 Ephesino,
1172 4110 1221 4153 et
1245 4097 1673 4153 Chalcedonensi.
1706 4100 1806 4156 Ubi
1829 4118 1948 4155 con-

359 4192 681 4262 ﬁrmatorum
702 4207 836 4246 voce
867 4190 1088 4259 intelligi
1111 4206 1208 4260 par
1232 4197 1314 4244 est
1335 4205 1571 4244 canones
1594 4191 1942 4245 conciliorum

358 4281 669 4337 dimcesewn
706 4284 1084 4352 prmdictorum
1114 4279 1417 4352 Ancyrani,
1469 4279 1942 4349 Neoczesariensis,

358 4370 705 4445 Gangrensis,
732 4374 1073 4439 Antiocheni,
1100 4383 1153 4429 et
1171 4373 1533 4439 Laodicensis,
1556 4373 1649 4443 qui
1674 4379 1789 4429 toto
1812 4375 1945 4430 orbe

358 4467 595 4538 recepti,
625 4475 679 4522 et
708 4466 775 4522 ab
806 4466 935 4537 ipsis
962 4474 1195 4536 quatuor
1221 4465 1489 4535 prioribus
1518 4466 1763 4521 conciliis
1789 4480 1941 4521 (ncu-

2056 1900 2264 1957 Joanne
2281 1902 2438 1957 Tillio
2465 1902 2683 1958 Parisiis
2702 1902 2889 1959 Gncce
2914 1907 3146 1975 primum
3171 1907 3365 1973 editus,
3383 1915 3437 1962 et
3456 1916 3643 1977 postea

2056 1994 2124 2048 ab
2153 1993 2267 2048 Elia
2295 1993 2559 2063 Ehingero
2589 2012 2657 2050 ex
2687 1997 2940 2053 Biblioth.
2975 1998 3282 2067 Augustana
3322 2000 3643 2071 Witebcrgze

2056 2098 2198 2137 anno
2230 2084 2396 2149 1614,
2448 2087 2534 2140 cui
2566 2086 2804 2143 Zonaras
2833 2097 2889 2144 et
2918 2089 3166 2144 Balsanio
3209 2106 3333 2145 suas
3373 2092 3642 2161 interpre-

2058 2174 2292 2231 lationes
2339 2176 2681 2243 addiderunt,
2733 2193 2851 2248 quae
2880 2180 3110 2235 antehac
3141 2180 3193 2235 in
3221 2181 3395 2236 lucem
3427 2182 3641 2252 prodics

2055 2273 2199 2320 runt.
3576 2334 3579 2335 ν

2130 2357 2307 2415 Prima
2336 2361 2495 2430 igitur
2516 2372 2570 2419 et
2598 2365 2837 2419 omnium
2870 2368 3229 2421 vetustissima
3258 2376 3342 2423 est
3368 2383 3641 2424 canonum

2054 2448 2545 2505 ecclesiasticorum
2575 2453 2857 2522 collectio,
2888 2470 3006 2523 quae
3035 2455 3221 2523 Concx
3249 2455 3506 2512 Canonuu
3535 2456 3639 2512 Ec-

2054 2557 2253 2597 “usus
2286 2558 2556 2599 uxivensm
2587 2556 2736 2601 recte
2768 2560 3130 2617 nuncupatur,
3178 2550 3302 2618 quia
3334 2566 3428 2614 co,
3474 2550 3636 2604 veluti

2048 2631 2169 2700 jure
2198 2635 2466 2687 communi
2496 2644 2549 2689 et
2577 2637 2866 2691 universali
2885 2677 2899 2701 ,
2933 2637 3177 2694 Ecclesia
3208 2641 3478 2709 primitiva
3526 2650 3636 2696 tam

2053 2721 2107 2777 in
2135 2719 2354 2777 Oriente
2377 2739 2538 2793 quam
2570 2726 2620 2779 in
2648 2725 2935 2783 Occidente
2963 2730 3091 2783 olim
3127 2746 3221 2785 usa
3248 2739 3330 2786 est
3358 2733 3408 2785 in
3439 2724 3637 2801 dijudi-

2051 2814 2237 2869 candis
2264 2816 2430 2870 sacris
2457 2819 2867 2885 controversiis;
2918 2829 3101 2890 postea
3133 2837 3260 2877 vero
3305 2823 3373 2877 ab
3413 2824 3636 2892 antiquo

2052 2902 2144 2957 iilo
2169 2902 2389 2970 Codice,
2407 2906 2573 2960 veluti
2597 2916 2747 2963 certo
2769 2917 2929 2976 atque
2946 2911 3218 2964 communi
3242 2910 3494 2966 Ecclesiae
3515 2915 3636 2966 nni-

2052 3010 2220 3050 vers-.c
2265 2998 2588 3054 auctoritate
2636 3000 2905 3069 probato,
2960 3004 3159 3057 veteris
3196 3004 3637 3072 jnrisprudentim

2051 3086 2428 3143 ecclesiastica:
2456 3106 2727 3159 corpore,
2771 3090 2859 3159 jus
2905 3107 3067 3147 oume
3114 3094 3473 3160 canonicum,
3526 3106 3635 3150 tam

2051 3178 2360 3235 Graecorum
2389 3195 2550 3249 quam
2582 3180 2892 3237 Latinorum
2913 3222 2927 3247 ,
2954 3199 3051 3253 per
3079 3199 3268 3240 omnes
3296 3186 3461 3241 totius
3488 3188 3638 3244 orbis

2050 3268 2339 3325 Christiani
2369 3270 2627 3327 diwceses
2654 3289 2718 3328 ac
2743 3275 3049 3343 provincias
3078 3275 3377 3331 derivatum
3404 3286 3511 3333 est.

2120 3362 2257 3417 Sunt
2276 3370 2330 3417 et
2346 3363 2462 3417 aliae
2482 3365 2714 3437 antiquae
2736 3374 2791 3429 et
2820 3366 3152 3422 recentiores
3174 3367 3529 3426 collectiones
3542 3385 3637 3424 seu

2048 3454 2413 3509 breviatioues
2440 3470 2726 3531 canonum,
2763 3474 3173 3514 nomocanoues
3195 3460 3387 3524 etiam,
3419 3476 3513 3515 seu
3542 3476 3635 3515 ca-

2049 3558 2251 3599 nonum
2298 3552 2353 3599 et
2391 3545 2568 3614 legum
2615 3547 3059 3602 concerdantium
3109 3550 3465 3617 collotiones,
3516 3567 3636 3621 qua:

2049 3653 2243 3694 omnes
2284 3653 2551 3693 canonum
2603 3641 2902 3695 sententias
2949 3642 3049 3696 sub
3104 3642 3266 3696 certis
3313 3644 3634 3713 quihusdam

2047 3728 2217 3782 titulis
2235 3728 2781 3798 ceinprehenderuut,
2809 3728 3034 3785 Joannis
3054 3732 3263 3787 scilicet
3291 3731 3634 3801 Scholastici,

2050 3816 2226 3873 Photii
2253 3825 2309 3873 ct
2328 3818 2538 3874 Arsenii
2564 3820 2990 3889 patriarcharum
3018 3820 3148 3887 CP.,
3183 3824 3355 3878 Alexii
3388 3824 3634 3890 Mistini,

2047 3907 2316 3964 Simeonis
2344 3907 2688 3978 Loguthetaa,
2733 3919 2789 3966 et
2833 3904 3180 3966 Constantini
3228 3913 3634 3987 llarmenopuli,

2047 4002 2383 4072 aliorumque
2410 4002 2762 4058 collectorum
2791 4002 3133 4071 Gmcorum,
3182 4016 3306 4076 post
3333 4008 3633 4065 Chalcedo-

2048 4111 2214 4151 nense
2241 4096 2552 4164 concilium,
2580 4103 2635 4152 et
2654 4095 2936 4153 Justiniani
2964 4100 3092 4169 imp.
3129 4108 3391 4170 tempora,
3426 4103 3635 4172 privato

2050 4194 2254 4241 tantum
2286 4188 2881 4260 consilio-conscriptm,
2925 4192 3178 4261 nullaque
3207 4193 3419 4261 publica
3448 4204 3634 4249 auctu-

2046 4278 2208 4333 ritate
2249 4278 2522 4349 probatae,
2570 4296 2672 4336 nec
2700 4296 2730 4334 a
2760 4282 3003 4337 conciliis
3032 4285 3405 4353 tecnmenicis,
3440 4303 3535 4342 nec
3566 4289 3634 4343 ab

2047 4369 2213 4438 impp.
2245 4368 2614 4435 conﬁrmatae;
2668 4386 2789 4441 qua:
2825 4380 2880 4427 et
2912 4371 3033 4428 ideo
3064 4366 3264 4429 nullam
3294 4376 3403 4431 vim
3433 4378 3637 4433 habent

2045 4459 2180 4529 juris
2203 4461 2449 4517 canonici
2481 4462 2825 4529 universalis,
2870 4463 2964 4520 sed
2990 4472 3169 4520 tamen
3210 4468 3278 4523 ad
3308 4469 3634 4541 interpreta-

357 4558 581 4614 menicis
620 4557 831 4628 probati
872 4564 929 4611 et
957 4555 1257 4611 conﬁrmati
1284 4594 1298 4618 ,
1342 4554 1395 4609 in
1430 4553 1631 4610 Codice
1658 4553 1937 4610 Canonum
1971 4596 2023 4657 Β
2049 4552 2251 4608 tionem
2300 4563 2353 4609 et
2394 4555 2688 4611 faciliorem
2738 4554 3148 4613 instructionem
3193 4575 3462 4617 canonum
3510 4574 3635 4617 su:.t

356 4647 608 4705 Ecclesia:
631 4649 895 4703 universa:
916 4647 1353 4712 continebantur,
1378 4654 1437 4700 ut
1463 4645 1664 4701 diserte
1691 4645 1941 4702 Theodo-

355 4758 445 4798 rus
473 4741 720 4796 Balsamo
759 4740 826 4795 ad
854 4739 1291 4795 Nomocanonem
1323 4737 1501 4794 Photii
1533 4739 1612 4793 tit.
1649 4739 1700 4806 1,
1730 4754 1850 4810 cap.
1884 4739 1940 4808 2,

356 4833 633 4888 adnotavit
659 4832 745 4887 his
770 4831 951 4887 verbis
981 4849 994 4885 :
1030 4837 1314 4903 Σημείωσαι
1334 4837 1427 4891 τήν
1455 4838 1728 4908 παροῦσαν
1756 4835 1941 4909 νεαρὰν

358 4924 534 4998 (ρλοί)
583 4927 649 4984 ὡς
677 4925 859 4995 νόμους
893 4932 1138 5000 κρατεῖν,
1187 4929 1275 4993 μ.λόΔ
1298 4923 1446 4993 μόνον
1488 4927 1605 4985 τοὺς
1646 4926 1793 4997 παρὰ
1842 4930 1940 4979 τῶν

358 5015 673 5087 (τεσσάρων)
699 5014 851 5087 ἁγίων
880 5013 1103 5071 συνόδων
1128 5015 1411 5075 ἐκτεθένταξ
1440 5016 1674 5079 κανόνας,
1703 5014 1828 5068 ἀ).λά
1856 5017 1943 5067 rati.

351 5109 473 5168 τοὺς
496 5106 640 5182 παρὰ
668 5106 859 5161 τούτων
882 5107 1273 5179 βεϐαιωθέντας,
1298 5106 1452 5178 ἤγουν
1473 5107 1590 5166 τοὺς
1612 5106 1820 5166 κανόνας
1841 5113 1940 5159 τῶν

351 5205 569 5254 τοπικῶν
589 5196 812 5253 συνόδων
846 5215 857 5251 :
892 5195 1036 5253 Nota
1057 5204 1363 5269 presentem
1392 5197 1667 5262 novellam,
1699 5213 1813 5267 qua:
1856 5197 1941 5251 di-

350 5290 437 5355 cit,
469 5296 716 5359 tanquam
755 5288 888 5360 leges
916 5289 1110 5342 servari
1139 5298 1373 5358 aportere
1398 5334 1411 5356 ,
1460 5306 1563 5344 non
1590 5290 1759 5344 solum
1786 5290 1873 5361 qui
1904 5307 1937 5345 α

349 5378 542 5431 sanctis
567 5380 830 5450 (quatuor)
861 5378 1077 5449 synodis
1113 5378 1238 5431 editi
1264 5388 1384 5433 sunt
1412 5395 1637 5434 canones
1661 5419 1673 5445 ,
1723 5380 1819 5433 sed
1844 5396 1932 5434 eos

349 5471 503 5522 etiam
531 5470 616 5541 qui
644 5469 707 5522 ab
732 5468 809 5523 his
831 5469 1124 5538 conﬁrmati
1147 5478 1298 5535 sunt,
1330 5486 1418 5523 seu
1456 5486 1677 5525 canones
1702 5471 1929 5541 synodo-

349 5561 758 5626 rnmlocalium.
816 5559 1121 5616 Concilium
1166 5563 1327 5617 etiam
1371 5562 1934 5637 ConstantinOpolita-s

349 5664 474 5702 num
504 5665 590 5715 ιιι,
634 5651 688 5704 in
725 5649 910 5706 Trullo
953 5652 1193 5708 habitum
1242 5667 1383 5707 anno
1428 5653 1527 5706 707
1555 5696 1570 5721 ,
1627 5655 1726 5709 sub
1773 5650 1939 5711 Justi-

340 5741 510 5794 niano
537 5740 599 5805 ll,
628 5742 908 5813 antiquum
939 5743 1087 5799 illum
1118 5742 1371 5801 Codicem
1398 5742 1649 5801 Ecclesia:
1670 5746 1935 5803 universa:

348 5833 685 5892 conﬁrmavit
724 5852 929 5895 canone
968 5837 1056 5909 ll-,
1109 5839 1437 5896 enumeratis
1467 5840 1708 5896 conciliis
1738 5842 1934 5911 quibus

2045 4645 2202 4700 valde
2230 4646 2390 4701 utiles
2419 4655 2472 4702 et
2501 4648 2840 4703 necessaria}.

2117 4737 2271 4804 Quod
2301 4748 2478 4794 autem
2524 4740 2589 4793 ad
2638 4739 2933 4796 Ecclesiam
2976 4741 3371 4801 Occidentalem
3420 4749 3633 4810 attincI,

2044 4840 2253 4893 certum
2284 4840 2393 4897 est,
2426 4832 2477 4885 in
2507 4841 2625 4886 toto
2654 4831 2785 4887 orbe
2817 4833 3181 4902 Occidentali,
3216 4846 3270 4891 et
3296 4838 3498 4892 Latintc
3529 4842 3635 4893 lin-
3726 4882 3733 4889 .

2042 4936 2159 4991 gnte
2189 4921 2508 4978 dimcesibus
2536 4931 2591 4978 et
2637 4924 2961 4993 provinciis,
3011 4942 3131 4981 eam
3174 4943 3391 4998 quoque
3443 4930 3542 4997 (ut
3583 4942 3637 4983 ιιι

2044 5011 2356 5083 Orientalis)
2376 5014 2427 5068 in
2453 5014 2669 5083 judiciis
2690 5015 3088 5085 ecclesiasticis,
3124 5019 3311 5088 priscis
3337 5021 3637 5074 canonilms

2048 5106 2219 5161 veteri
2248 5104 2448 5161 Codice
2478 5106 2731 5162 Ecclesiae
2753 5108 3018 5164 universa:
3046 5111 3451 5180 comprehensis
3484 5128 3632 5165 usam

2047 5201 2228 5259 fuisse.
2262 5202 2316 5257 ld
2349 5210 2614 5258 testantur
2648 5210 2766 5258 acta
2796 5205 3146 5259 conciliorum
3169 5214 3223 5258 et
3248 5203 3463 5258 decreta
3495 5223 3632 5275 [mu-

2048 5292 2271 5362 tiﬁcum,
2303 5294 2392 5348 ubi
2416 5295 2615 5365 passim
2645 5294 2848 5349 codicis
2886 5303 2940 5349 et
2963 5295 3206 5364 corporis
3245 5309 3535 5361 canonum,
3581 5308 3635 5351 ct

2046 5387 2391 5458 antiquorum
2422 5403 2710 5451 canonum,
2736 5395 2790 5442 et
2818 5402 3082 5442 canonum
3105 5386 3456 5442 Orientalium
3483 5406 3633 5444 mcu-

2046 5475 2144 5545 tio,
2176 5492 2283 5547 quo
2314 5478 2531 5533 nomine
2561 5476 2744 5531 Codex
2767 5475 3020 5531 Ecclesia:
3043 5477 3305 5534 universa:
3326 5480 3445 5535 sine
3468 5481 3632 5535 dubio

2045 5567 2376 5638 intelligitur.
2408 5568 2611 5624 Horum
2642 5576 2820 5621 autem
2845 5581 3109 5623 canonum
3128 5567 3436 5626 Grazcorum
3472 5575 3632 5652 varia:

2043 5658 2374 5729 diversatque
2396 5666 2684 5716 occurrunt
2705 5656 2908 5713 Latina:
2938 5660 3429 5731 interpretationes.
3455 5664 3631 5731 Atque

2048 5751 2269 5819 antiqua
2304 5750 2390 5803 illa
2413 5758 2492 5804 est
2522 5765 2625 5818 qua
2651 5749 2731 5804 usi
2763 5760 2887 5805 sunt
2918 5749 3094 5806 Latini
3134 5750 3487 5807 conciliorum
3513 5754 3629 5805 col-

2046 5842 2275 5897 lectores
2301 5883 2316 5910 ,
2365 5841 2461 5897 sub
2510 5840 2731 5935 nomine
2756 5842 2965 5900 olsidori
3007 5843 3316 5899 Mercatoris
3341 5882 3356 5905 ,
3412 5851 3464 5895 et
3506 5860 3631 5900 cum
