4128 6348
494 330 564 390 ῑι
1784 318 2137 379 DIONYSIUS
2175 314 2502 376 EXICUUS.
3690 304 3763 364 $2

497 446 828 519 Dionysiana
861 441 1316 517 interpretatione
1369 440 1794 511 coniunxerunt,
1853 440 2075 509 ejusque
2103 441 2151 501 Α
2181 437 2341 492 ticum
2398 435 2559 491 ltum.
2611 432 2809 499 Siricil’,
2858 426 3189 493 Innocentii,
3238 423 3467 497 Zosimi,
3494 423 3758 519 Bonifacii

497 537 735 609 antiqua:
754 536 1018 593 versionis
1044 534 1195 605 plura
1225 532 1553 603 exemplaria
1578 538 1792 587 exstant
1816 530 1871 585 in
1892 529 2075 584 biblio-

498 628 690 685 thecis.
737 626 1145 697 Sedantiquior
1172 624 1362 688 altera,
1413 621 1650 679 nondum
1694 621 1878 685 edita,
1923 619 2076 688 cujus

496 722 865 789 pervetustum
893 715 1172 786 exemplar
1196 729 1297 769 ms.
1328 728 1496 785 penes
1532 712 1633 769 nos
1672 710 1959 777 habemus,
1990 708 2077 763 lit-

500 808 634 866 teris
657 807 965 877 maiusculis
991 814 1302 871 exaratum,
1348 803 1495 875 quod
1522 804 1621 859 aevi
1649 804 1731 858 sui
1762 810 1944 857 notam
1990 800 2076 856 in-

497 899 663 956 dicat.
679 898 919 971 Dionysii
938 914 1067 954 vero
1081 897 1269 966 Exigui
1285 896 1474 952 Latina
1498 894 1873 965 interpretatio
1895 893 2076 966 (quam

498 998 627 1043 ante
655 1002 829 1044 annos
855 989 1041 1057 viginti
1067 1004 1134 1043 ex
1162 994 1378 1043 vetusto
1405 986 1526 1041 cod.
1558 1001 1661 1039 ms.
1704 983 1839 1038 Bibl.
1881 990 2078 1038 nostra:

494 1077 787 1149 edidimus)
810 1088 868 1134 ut
887 1078 1077 1149 purior
1095 1088 1149 1134 et
1171 1079 1471 1147 elegantior
1489 1076 1699 1133 creteris
1720 1075 1937 1145 prmlata
1962 1082 2076 1139 est;

492 1184 613 1240 quas
640 1170 856 1239 quidem
894 1170 1090 1225 seriem
1134 1177 1190 1225 et
1233 1169 1474 1224 ordinem
1515 1166 1889 1233 conciliorum,
1912 1179 2079 1221 cano-

492 1262 1194 1333 numqueconsequentiam
1224 1278 1288 1318 ac
1312 1276 1660 1317 numerorum
1688 1259 2081 1315 connexionem

494 1353 736 1419 retinuit,
768 1368 888 1425 quae
910 1361 1028 1408 erat
1057 1354 1109 1409 in
1139 1352 1330 1408 Graeco
1358 1350 1651 1420 exemplari
1677 1364 1785 1420 quo
1813 1348 1929 1420 ipse
1956 1362 2084 1405 usus

493 1452 598 1511 est,
623 1461 653 1499 a
682 1444 899 1500 Nicaeno
926 1444 1133 1501 scilicet
1156 1444 1387 1501 concilio
1414 1443 1593 1514 primo
1616 1443 1953 1498 meumenico
1970 1482 1985 1506 ,
2016 1441 2083 1497 ad

491 1530 1149 1605 Constantinopolitanum
1178 1551 1225 1597 ι,
1276 1535 1378 1590 hoc
1417 1542 1502 1589 est
1539 1549 1570 1587 a
1612 1535 1784 1603 primo
1812 1532 1991 1604 capite
2016 1532 2084 1587 ad

494 1623 854 1692 centesimum
895 1623 1289 1692 sexagesimum
1335 1624 1580 1694 quintum
1605 1662 1621 1687 ,
1666 1630 1724 1678 ut
1757 1622 1872 1692 ipse
1913 1622 1989 1676 ait
2028 1621 2085 1678 in

496 1711 728 1780 epistola
773 1726 883 1768 suae
921 1713 1225 1769 collectioni
1257 1712 1474 1784 praeﬁxa
1498 1753 1514 1779 ,
1554 1714 1640 1769 cui
1668 1712 1906 1785 (omissis
1932 1712 2083 1769 Con-

2174 526 2481 594 leestini,
2512 526 2743 593 Leonis,
2772 523 3003 589 Gelasii,
3035 520 3325 588 Anastasii,
3352 518 3422 575 ab
3449 532 3593 575 anno
3615 515 3760 573 scili-

2176 626 2263 674 cet
2290 617 2397 673 585
2423 618 2494 674 ad
2514 632 2713 673 annum
2743 614 2868 681 £96,
2900 615 2955 670 in
2981 628 3150 670 unum
3184 611 3425 681 collegit,
3452 618 3510 667 et
3536 609 3591 666 in
3620 608 3763 666 ordi-

2177 725 2298 767 nem
2327 710 2496 767 titulis
2514 709 2829 780 compositis
2852 706 3120 773 distinxit,
3148 706 3249 762 sub
3280 719 3386 761 una
3407 703 3550 761 serie
3580 718 3765 760 nume-

2177 816 2362 858 rorum
2411 815 2480 857 eo
2526 799 2688 856 modo
2725 814 2836 869 quo
2885 796 3106 853 Patrum
3146 810 3387 852 canones
3430 792 3764 851 transferens

2179 892 2563 959 ordinaverat,
2613 900 2674 947 ut
2728 892 2844 961 ipse
2897 888 3183 961 profitetur
3237 889 3291 945 in
3342 887 3570 958 epistola
3619 903 3762 958 pste-

2181 982 2398 1039 l‘ationis
2433 983 2554 1039 loco
2583 981 2799 1052 prmtixa
2826 980 2895 1035 ad
2924 978 3191 1035 Julianum
3222 978 3594 1050 presbyterum
3625 976 3766 1033 tituli

2181 1075 2395 1132 Sancta:
2418 1074 2909 1147 Anastasiteiquam
2936 1088 3059 1128 cum
3083 1072 3257 1127 indice
3283 1071 3623 1127 decretorum
3653 1069 3767 1125 edi-

2182 1166 2471 1240 dimus(ln
2501 1165 2629 1222 Cod.
2674 1165 2809 1221 ϐασι.
2852 1163 2996 1219 Eccl.
3047 1163 3225 1233 Rom.)
3275 1178 3418 1217 anno
3449 1160 3766 1232 1643],qui

2183 1259 2403 1331 synodis
2447 1258 2632 1313 Romae
2672 1255 2957 1312 celebratis
2984 1253 3084 1309 sub
3104 1252 3426 1325 Symmacho
3456 1267 3616 1322 papa,
3646 1258 3769 1321 post

2186 1349 2527 1405 consulatum
2566 1346 2772 1402 Paulini
2796 1385 2812 1410 ,
2844 1346 2948 1401 hoc
2974 1352 3058 1401 est
3101 1358 3244 1398 anno
3271 1341 3409 1408 ‘99,
3437 1342 3525 1398 die
3554 1341 3768 1398 calend.

2187 1439 2605 1511 Martiarum,_et
2632 1435 2820 1492 Flavio
2848 1436 3052 1491 Avieno
3077 1433 3293 1504 iuniore
3310 1474 3326 1500 ,
3354 1432 3455 1489 sub
3472 1432 3560 1488 die
3585 1433 3621 1487 8
3650 1431 3769 1488 idus

2188 1531 2474 1597 Novemb,
2498 1531 2600 1586 boc
2624 1537 2708 1587 est
2732 1542 2875 1584 anno
2898 1525 3027 1597 502,
3060 1525 3381 1596 subscripsis
3412 1540 3442 1580 e
3479 1523 3766 1594 reperitur.

2192 1621 2342 1679 Unde
2370 1622 2541 1694 liquet
2577 1634 2685 1691 quo
2723 1627 2971 1689 tempore
2996 1616 3335 1689 Dionysianze
3365 1614 3468 1670 illa:
3495 1614 3770 1669 collectio-

2190 1728 2326 1780 nes,
2359 1721 2467 1767 tam
2519 1725 2785 1766 canonum
2832 1708 3187 1764 conciliorum
3229 1721 3391 1777 quam
3429 1706 3771 1762 decretorum

489 1804 986 1874 stantinopolitanis
1042 1815 1273 1875 quatuor
1334 1804 1729 1875 posterioribus
1781 1804 2079 1863 canonibus
2109 1822 2159 1883 Β
2194 1804 2505 1879 pontiﬁcum
2553 1802 2710 1859 Rom.
2740 1802 2955 1870 scriptae
2983 1800 3110 1855 sint.
3154 1798 3329 1870 Atque
3356 1798 3471 1853 haec
3491 1805 3573 1852 est
3596 1796 3769 1867 prima

492 1901 551 1950 et
586 1902 712 1949 octo
739 1892 1058 1964 Ephesinis,
1089 1896 1181 1965 qui
1224 1896 1276 1951 in
1310 1893 1647 1952 Collectione
1673 1896 1986 1961 Canonum,
2029 1906 2086 1953 et

491 1981 887 2041 Nomucauone
948 1982 1171 2041 Joannis
1223 1984 1544 2041 Scholastici
1597 1985 1919 2056 patriarcha:
1971 1983 2081 2043 CP.

493 2084 556 2131 et
600 2076 813 2132 caeteris
839 2077 1090 2133 omnibus
1131 2075 1443 2132 Gmcorum
1488 2090 1761 2132 canonum
1805 2076 2084 2133 collectio-

494 2164 681 2223 nibus»
713 2167 1099 2237 reperiuntur)
1152 2167 1356 2223 addidit
1403 2182 1642 2224 canones
1688 2168 1780 2239 qui
1833 2169 2089 2226 dicuntur

491 2257 875 2326 Apostolorum
903 2259 1289 2331 quinquaginta
1307 2302 1323 2329 ,
1353 2269 1409 2316 et
1429 2260 1776 2318 Sardicenses
1798 2270 1852 2317 et
1880 2262 2086 2319 Africa-

491 2362 594 2405 nos
620 2348 711 2417 qui
740 2350 795 2405 in
822 2348 1112 2408 Occidente
1137 2351 1327 2409 Latine
1354 2361 1480 2409 sunt
1502 2353 1627 2409 editi
1654 2372 1667 2407 :
1693 2362 1855 2424 atque
1883 2354 2004 2411 ideo
2027 2355 2081 2412 in

492 2438 742 2496 omnibus
763 2441 1174 2499 collectionibus
1196 2444 1541 2514 postmodum
1564 2444 1721 2515 positi
1746 2452 1893 2513 sunt,
1916 2445 1999 2501 διὰ
2026 2450 2083 2504 τὸ

493 2530 651 2585 πολλὰ
676 2535 797 2605 περί
825 2554 975 2589 τινων
1008 2535 1304 2611 ἐπιχωρίων
1347 2536 1503 2608 i701»
1543 2542 1645 2592 τῶν
1674 2533 1885 2591 δντικῶν
1920 2545 2086 2612 μερῶν

492 2620 828 2700 διορίζεσθαι,
880 2623 1168 2696 Propterea
1206 2626 1340 2697 quod
1380 2626 1546 2681 multa
1582 2626 1648 2682 de
1679 2626 1988 2699 quibusdam
2015 2630 2085 2685 ad

491 2712 609 2771 loca
636 2723 687 2768 et
714 2716 946 2785 regiones
972 2715 1371 2786 pertinentibus,
1394 2718 1498 2771 sive
1522 2713 1941 2774 Occidentalibus
1969 2736 2086 2791 par-

494 2803 652 2873 tibus,
676 2806 994 2878 deﬁnierint,
1018 2816 1076 2863 ut
1090 2808 1165 2863 ait
1190 2807 1438 2866 Balsamo
1455 2808 1509 2864 iu
1532 2810 1927 2880 prolegomenis
1954 2827 2082 2868 mss.

493 2892 566 2949 ad
607 2910 766 2950 suum
812 2895 1273 2954 Nomocanonem.
1324 2898 1608 2970 Dionysius
1635 2908 1815 2956 autem
1854 2899 2087 2971 Exiguus

493 2997 607 3039 sua:
633 2983 970 3042 collectionis
995 3002 1264 3043 canonum
1296 2990 1559 3045 rationem
1586 2990 1809 3059 exponit
1851 2991 1935 3046 his
1963 3008 2085 3047 ver—

493 3071 579 3128 bis
610 3091 623 3126 :
656 3073 897 3130 Canones
941 3077 1027 3147 qui
1066 3076 1308 3131 dicuntur
1354 3078 1757 3149 Apostolorum,
1808 3079 1873 3134 de
1905 3078 2087 3139 Crwco

493 3165 877 3230 transtulimus,
912 3164 1094 3238 quibus
1130 3169 1338 3237 plurimi
1359 3185 1666 3224 consensum
1690 3186 1795 3224 non
1824 3170 2087 3241 prccbuere

496 3251 725 3329 facilem,
756 3260 988 3332 quamvis
1010 3268 1186 3330 postea
1211 3262 1447 3331 quaedam
1472 3265 1753 3317 constituta
1777 3264 2080 3333 pontiﬁcum

493 3366 565 3405 ex
593 3352 723 3421 ipsis
763 3349 1059 3404 Canonibus
1100 3361 1367 3422 assumpta
1395 3369 1508 3407 esse
1549 3353 1821 3408 videantur
1852 3370 1870 3409 :
1900 3355 2086 3410 deinde

496 3440 706 3511 regulas
752 3438 993 3496 Nicwna:
1040 3442 1265 3513 synodi,
1314 3452 1365 3497 et
1410 3444 1650 3516 deinceps
1688 3448 1916 3499 omnium
1961 3463 2087 3501 con-

499 3531 739 3586 ciliorum
762 3571 778 3597 ,
827 3535 932 3588 sive
976 3550 1092 3605 qua:
1130 3543 1254 3588 ante
1285 3552 1422 3604 eam,
1463 3538 1569 3591 sive
1605 3552 1719 3608 qua:
1761 3537 2086 3607 postmodum

498 3622 642 3692 [actu
669 3633 829 3689 sunt,
879 3640 1040 3696 usque
1067 3625 1138 3679 ad
1172 3626 1428 3696 synodum
1469 3628 1770 3697 pontiﬁcum
1822 3626 1949 3693 I50,
1998 3628 2087 3699 qui

497 3714 639 3779 apud
681 3712 1186 3786 Constantinopolim
1232 3726 1625 3772 conrener..nt:
1671 3728 1722 3771 et
1763 3718 1857 3773 sub
1906 3720 2088 3775 ordine

496 3818 827 3859 numerorum
853 3845 869 3869 ,
916 3805 970 3858 id
1006 3814 1082 3859 est
1111 3823 1143 3860 α
1182 3808 1349 3876 primo
1396 3806 1564 3876 capite
1602 3823 1759 3878 usque
1804 3808 1873 3861 ad
1919 3817 2087 3861 cente-

494 3893 684 3951 sintum
704 3896 1080 3965 sexagesimum
1112 3899 1374 3968 quintum,
1413 3898 1546 3951 sicut
1574 3896 1790 3952 habetur
1818 3900 1874 3952 in
1904 3896 2089 3952 Greca

496 3984 806 4040 auctoritate
824 3985 1155 4057 digessimus.
1173 3986 1302 4041 Tum
1325 3988 1489 4042 sancti
1510 3986 1944 4044 Chalcedonensis
1966 4003 2089 4043 con-

496 4072 607 4127 cilii
633 4074 837 4129 decreta
860 4074 1153 4145 subdentes,
1169 4079 1225 4131 in
1239 4078 1319 4133 his
1342 4076 1640 4133 Cra'corum
1657 4094 1911 4134 canonum
1932 4079 2089 4150 ﬁnem

498 4181 611 4222 esse
638 4166 987 4224 declaramus.
1037 4169 1249 4227 Statuta
1276 4187 1475 4243 quoque
1503 4171 1834 4228 Sardicensis
1862 4174 2087 4239 concilii,

496 4266 650 4327 atque
674 4259 936 4331 Africani,
982 4277 1096 4334 qua:
1138 4260 1324 4319 Latine
1370 4272 1491 4317 sunt
1537 4263 1696 4329 edita,
1745 4264 1853 4319 suis
1884 4281 1915 4319 a
1945 4266 2090 4321 nobis

495 4352 725 4405 numeris
748 4356 1031 4409 cernuntur
1054 4370 1167 4409 esse
1190 4355 1454 4411 distincta.
1477 4353 1607 4410 lla‘c
1621 4370 1751 4411 vero
1767 4354 2090 4427 Dionysiana

500 4441 753 4497 collectio
779 4444 849 4499 ab
877 4442 1116 4500 Ecclesia
1146 4443 1389 4500 Romana
1418 4445 1601 4499 statim
1631 4454 1850 4516 recepta
1898 4456 2003 4513 est,
2032 4457 2093 4504 ut

499 4538 727 4597 testatur
741 4530 1097 4589 Cassiodorus
1128 4531 1268 4603 (Lib.
1300 4533 1363 4588 de
1393 4534 1597 4599 lnstit.,
1629 4552 1674 4589 c.
1706 4534 1820 4606 23),
1854 4536 2087 4609 Dionysii

495 4617 687 4688 Exigui
717 4636 930 4675 coawus
956 4637 970 4675 :
998 4620 1122 4676 Fuit
1166 4624 1357 4677 nostris
1385 4622 1697 4693 temporibus
1734 4626 1925 4694 inquit,
1957 4627 2087 4682 Dio-

498 4711 678 4780 nysius
707 4711 1009 4776 monachus,
1044 4710 1241 4783 Scytha
1265 4712 1495 4778 natione,
1520 4714 1609 4767 sed
1633 4696 1860 4769 moribus
1877 4717 2086 4772 omnino

385 4866 393 4873 θ
498 4800 786 4866 Romanus,
818 4803 874 4855 in
902 4813 1116 4872 utraque
1138 4804 1317 4875 lingua
1342 4804 1690 4871 doctissimus,
1720 4807 1807 4877 qui
1834 4809 2022 4877 petitus
2052 4825 2085 4861 a

497 4890 765 4963 Stephano
794 4893 1033 4963 episcopo
1065 4893 1410 4961 Salonitano,
1459 4911 1525 4950 ea:
1554 4894 1751 4952 Graecis
1777 4900 2087 4969 exemplari-

498 4979 589 5037 bus
610 4999 835 5038 canones
857 4983 1251 5049 ecclesiasticos,
1270 5002 1475 5057 magna:
1494 4985 1795 5059 eloquentia:
1816 4990 1927 5044 luce
1945 5006 2088 5046 com-

498 5078 689 5148 posuit.
733 5093 859 5149 quos
889 5077 1040 5132 hodie
1063 5093 1159 5133 usu
1198 5078 1524 5135 celeberrimo
1558 5079 1798 5137 Ecclesia
1842 5081 2085 5138 Romana

500 5168 873 5238 complectitur.
907 5167 975 5222 Et
998 5183 1235 5224 canones
1260 5167 1513 5225 aJoanne
1536 5168 1579 5224 ll
1609 5187 1745 5243 papa
1777 5173 1923 5228 missi
1944 5189 2088 5232 anno

503 5254 609 5311 555
635 5273 734 5328 pro
762 5273 924 5314 causa
953 5258 1340 5315 Contumeliosi
1370 5261 1629 5333 episcopi,
1677 5265 1769 5334 qui
1817 5279 1886 5320 ex
1916 5275 2099 5323 trans-

500 5347 705 5404 latione
728 5347 969 5422 Dionysii
996 5348 1184 5421 Exigui
1218 5351 1460 5423 expressi
1490 5353 1831 5424 reperiuntur
1861 5356 1881 5424 (
1898 5354 2090 5411 Tom.l

500 5439 701 5498 Concil.
736 5441 970 5514 Gallice).

576 5534 646 5591 Ut
670 5545 851 5593 autem
878 5536 1063 5595 Codici
1103 5537 1387 5596 Canonum
1416 5537 1666 5596 Ecclesia:
1691 5538 1980 5599 Orientalis
1999 5543 2094 5601 de-

502 5625 651 5709 crc'ta
673 5642 770 5685 seu
798 5629 1040 5700 epistolas
1068 5631 1343 5687 canonica:
1372 5628 1591 5683 Patrum
1607 5628 1917 5687 Graecorum
1945 5649 1975 5687 a
2005 5628 2093 5706 si-

504 5718 648 5775 nodo
678 5718 929 5777 Trullana
958 5736 1167 5777 annexa
1196 5729 1341 5786 sunt,
1391 5719 1679 5792 Dionysius
1723 5735 1940 5792 quoque
1968 5723 2092 5782 Exi-

502 5830 637 5887 guus
664 5816 827 5889 paulo
853 5825 977 5889 post
1004 5816 1296 5875 editionem
1321 5827 1586 5873 canonum
1610 5855 1633 5887 ,
1660 5812 1881 5873 decreta
1907 5820 2087 5891 ponti-

2190 1908 2248 1956 et
2289 1893 2660 1965 antiquissima
2714 1890 3064 1947 decretalium
3111 1889 3428 1960 pontiﬁcum
3474 1886 3773 1954 collectio,

2188 2003 2310 2059 qua:
2336 1985 2471 2041 liber
2519 1982 2870 2039 Decretorum
2911 1981 3052 2037 dicta
3102 1988 3187 2036 est
3229 1994 3261 2035 a
3305 1977 3563 2034 Zacharia
3612 1992 3777 2049 papa,

2188 2081 2417 2153 epistola
2460 2078 2531 2133 ad
2572 2076 2820 2149 Pipinum
2855 2085 2911 2133 et
2938 2077 3222 2149 episcopos
3248 2074 3486 2133 Francia:
3508 2118 3525 2143 ,
3571 2090 3640 2131 ex
3666 2090 3774 2145 quo

2189 2175 2322 2230 citat
2345 2172 2592 2244 quasdam
2621 2171 2855 2243 capitula
2880 2169 3174 2226 Innocentii
3198 2209 3215 2234 ,
3248 2168 3443 2226 Leonis
3469 2178 3526 2224 et
3550 2167 3771 2225 Celasii.

2189 2264 2286 2321 Cui
2308 2272 2495 2335 postea
2524 2264 2591 2319 ab
2620 2262 2727 2318 alio
2768 2260 3061 2317 collectore
3088 2260 3269 2316 addita
3291 2268 3421 2316 sunt
3444 2259 3661 2315 decreta
3687 2274 3777 2314 se-

2189 2357 2466 2430 quentium
2496 2354 2832 2425 pontiﬁcum,
2862 2351 3061 2419 Hilari,
3085 2353 3299 2421 Felicis,
3328 2351 3607 2423 Simplicii,
3632 2349 3774 2405 Hor-

2192 2449 2410 2512 misdze.
2442 2446 2749 2519 Symmachi
2776 2487 2791 2511 ,
2823 2454 2881 2501 et
2924 2442 3169 2514 Gregorii
3191 2443 3442 2513 iunioris.
3474 2441 3555 2499 Ex
3582 2443 3775 2513 quibus

2190 2546 2299 2592 tam
2325 2537 2678 2593 conciliorum
2702 2536 3027 2603 canonibus,
3056 2550 3215 2605 quam
3241 2533 3557 2605 pontiﬁcum
3584 2534 3775 2589 decre-

2190 2628 2277 2694 tis,
2308 2626 2525 2683 tandem
2553 2626 2887 2696 compositus
2934 2633 3018 2682 est
3043 2624 3230 2680 Codex
3266 2624 3547 2680 Canonum
3591 2622 3772 2680 Eccle-

2190 2720 2283 2775 siae
2332 2718 2588 2775 Romana:
2613 2759 2629 2784 ,
2659 2718 2751 2789 qui
2799 2731 2831 2771 a
2877 2715 3036 2772 Joan.
3069 2715 3445 2773 Wendelstino
3468 2755 3486 2781 ,
3515 2730 3580 2771 ex
3608 2715 3777 2771 tribus

2191 2809 2348 2866 codd.
2381 2824 2510 2865 mss.
2541 2807 2828 2878 Moguntina
2852 2807 3083 2878 primum
3113 2807 3288 2863 editus
3316 2814 3431 2873 est,
3448 2821 3591 2862 anno
3618 2804 3781 2870 1525,

2190 2910 2248 2959 et
2270 2900 2524 2957 Mattbzco
2555 2901 2695 2956 tituli
2722 2899 2781 2956 S.
2831 2900 3021 2969 Angeli
3061 2900 3382 2971 presbytero
3408 2898 3667 2955 cardinali
3691 2898 3771 2954 di-

2193 2999 2377 3057 catus,
2405 2992 2504 3047 sub
2544 2991 2648 3048 boc
2677 2991 2834 3047 titulo
2866 3008 2880 3045 :
2912 2991 3149 3045 L‘anones
3189 2988 3593 3080 Apostolqrum,
3626 2987 3777 3043 Vete-

2193 3100 2308 3139 rum
2346 3082 2692 3138 Conciliorum
2741 3082 3163 3144 Constitutiones,
3212 3090 3262 3134 et
3310 3079 3533 3135 Decreta
3568 3079 3777 3151 pontiﬁ-

2192 3189 2308 3226 cum
2354 3171 2667 3243 antiquiora.
2729 3168 2921 3227 Postea
2974 3169 3200 3226 Lutetizc
3258 3168 3586 3226 Parisiorum
3636 3183 3789 3224 anno

2196 3265 2348 3331 I609,
2373 3265 2471 3321 sub
2501 3265 2656 3320 titulo
2678 3263 2891 3321 Codicis
2912 3262 3192 3319 Canonum
3213 3260 3464 3318 Ecclesiae
3494 3262 3770 3317 Romanae.

2191 3360 2366 3429 Atque
2416 3359 2533 3429 ipse
2580 3366 2663 3413 est
2689 3356 2873 3413 Codex
2912 3355 3194 3412 Canonum
3240 3357 3333 3425 qui
3364 3356 3431 3410 ab
3460 3354 3729 3409 lladriano
3756 3353 3783 3408 ι

2190 3466 2328 3521 papa
2373 3449 2570 3507 Carolo
2608 3448 2800 3520 Magno
2846 3449 2961 3518 regi
3010 3446 3197 3502 Romae
3235 3448 3448 3502 oblatus
3499 3453 3582 3500 est
3631 3460 3774 3500 anno

2190 3539 2329 3606 805,
2379 3539 2447 3595 ad
2486 3554 2642 3594 usum
2671 3536 3033 3594 Ecclesiarum
3062 3535 3483 3593 Occidentalium
3505 3576 3523 3603 ,
3552 3537 3637 3593 cui
3666 3536 3781 3606 epi-

2192 3632 2333 3688 stola
2377 3646 2472 3686 seu
2506 3644 2759 3685 versuum
2808 3630 3153 3700 politicorum
3180 3628 3535 3685 achrosticbis
3561 3627 3779 3698 praeﬁxa

2191 3731 2275 3779 est
2295 3737 2417 3778 cum
2445 3721 2547 3777 bac
2581 3720 2964 3791 inscriptione,
3000 3719 3204 3775 Damno
3234 3720 3505 3774 excellenti
3525 3720 3634 3790 ﬁlio
3668 3717 3781 3771 Ka-

2189 3811 2305 3866 rulo
2339 3809 2463 3883 Regi
2508 3809 2813 3864 Hadrianus
2853 3826 3020 3879 papa,
3047 3823 3166 3877 qua:
3183 3824 3212 3862 a
3237 3807 3552 3863 doctissimo
3574 3805 3778 3862 Jacobo

2190 3900 2479 3957 Sirmondo
2525 3899 2669 3956 edita
2697 3906 2779 3955 est
2808 3916 2821 3952 :
2855 3898 3103 3969 illiusque
3138 3897 3354 3955 Codicis
3382 3897 3535 3968 plura
3566 3905 3783 3952 exstant

2191 3989 2407 4062 antiqua
2430 3989 2762 4060 exemplaria
2791 4004 2921 4045 mss.
2970 3990 3025 4044 in
3073 3988 3416 4045 bibliothecis
3440 4029 3456 4054 ,
3486 3996 3542 4042 et
3569 3988 3787 4043 brevia-

2193 4083 2329 4138 rium
2377 4080 2617 4151 eiusdem
2647 4096 2679 4137 a
2730 4080 3026 4137 Cresconio
3062 4079 3327 4163 epiSCOpo'
3368 4076 3621 4134 Africano
3645 4119 3659 4145 ,
3690 4077 3783 4146 qui

2193 4174 2338 4232 circa
2385 4189 2585 4229 annum
2612 4172 2717 4228 690
2745 4173 2910 4239 vixit,
2965 4172 3180 4229 omissis
3229 4171 3455 4243 integris
3488 4171 3783 4227 canonibus

2193 4268 2546 4327 conciliorum
2576 4275 2633 4324 et
2657 4266 2891 4325 decretis
2917 4264 3252 4339 pontiﬁcum,
3282 4278 3405 4333 qua:
3428 4263 3585 4319 facile
3612 4270 3792 4318 estex

2194 4361 2309 4432 ipsa
2339 4359 2663 4418 collectione
2702 4366 2978 4430 repetere.
3025 4357 3201 4427 Atque
3242 4355 3296 4409 lii
3322 4362 3448 4409 sunt
3473 4367 3708 4408 canones
3728 4361 3785 4408 et

2192 4452 2408 4509 decreta
2436 4452 2632 4524 quibus
2675 4453 2726 4506 in
2752 4450 2970 4521 iudiciis
2996 4445 3380 4505 ecclesiasticis
3414 4444 3655 4501 Romana
3686 4459 3793 4500 usa

2192 4552 2275 4599 est
2301 4541 2541 4600 Ecclesia
2568 4582 2583 4607 ,
2613 4551 2673 4598 ut
2718 4548 2948 4597 testatur
2988 4539 3097 4596 Leo
3127 4538 3192 4594 ιγ
3224 4551 3360 4609 papa
3385 4575 3402 4603 ,
3432 4535 3524 4606 qui
3554 4535 3791 4591 concilia

2191 4634 2307 4704 ipsa
2335 4642 2390 4690 et
2432 4632 2749 4705 pontiﬁcum
2789 4632 3007 4688 decreta
3054 4646 3174 4702 quae
3201 4630 3305 4686 hoc
3325 4628 3510 4684 codice
3538 4625 3783 4682 Romano

2190 4726 2609 4782 continebantur
2633 4766 2647 4791 ,
2680 4731 2928 4780 recenset
2954 4722 3037 4777 his
3057 4721 3239 4777 verbis
3268 4738 3279 4773 :
3314 4717 3513 4790 Quibus
3530 4726 3700 4771 autem
3728 4718 3789 4769 in

2190 4815 2424 4869 omnibus
2466 4816 2830 4870 ecclesiasticis
2872 4813 3066 4868 utimur
3106 4811 3361 4884 judiciis,
3396 4819 3516 4865 sunt
3560 4823 3791 4861 canones

2190 4907 2276 4976 qui
2298 4906 2541 4960 dicuntur
2562 4904 2947 4975 Apostolorum,
2974 4900 3028 4956 Ν
3034 4904 3334 4965 iccenorum,
3365 4901 3779 4971 Ancyranorum,

2194 4994 2694 5052 Neocwsariensinm
2717 4992 3133 5063 ,Cangrensium
3154 5032 3169 5057 ,
3195 4990 3595 5063 Laodicensium
3610 5030 3624 5050 ,
3648 4989 3791 5044 Con-7

2188 5086 2794 5159 stantinopolitanorum,
2826 5082 3228 5153 Ephesinorum,
3261 5080 3777 5144 Chalcedonensium,

2192 5180 2620 5245 Sardicensium,
2658 5175 3119 5247 Africanensium,
3166 5171 3690 5244 Carthaginensium,
3734 5181 3782 5224 et

2193 5290 2309 5328 cum
2336 5273 2441 5328 illis
2468 5269 2661 5342 regula:
2686 5266 2967 5338 prtesulum
3001 5265 3357 5322 Romanorum
3384 5262 3586 5325 Siricii,
3620 5262 3783 5317 Inno‘

2196 5365 2374 5430 centii,
2415 5362 2633 5423 Zosimi,
2674 5358 2973 5427 Caelestini,
3026 5357 3240 5423 Leonis,
3284 5354 3515 5420 Celasii,
3563 5354 3739 5409 Hilari
3764 5397 3781 5422 ,

2132 5492 2136 5495 -
2200 5452 2531 5525 Symmachi,
2561 5449 2887 5519 Hormisdte,
2914 5449 3172 5518 Simplicii
3197 5456 3247 5501 et
3275 5443 3511 5516 Gregorii
3525 5445 3777 5515 iunioris.

2203 5546 2301 5602 Isti
2330 5546 2539 5602 omnino
2564 5552 2717 5610 sunt,
2736 5553 2786 5598 et
2812 5560 2902 5615 per
2925 5557 3050 5613 quos
3073 5538 3316 5610 judicant
3345 5535 3591 5606 episcopi,
3613 5545 3664 5589 et
3692 5552 3795 5607 per

2179 5629 2324 5708 quos
2349 5635 2500 5691 sintut
2514 5635 2822 5706 iudicantur
2851 5642 2900 5687 et
2929 5631 3123 5687 clerici.

2269 5728 2555 5785 Videamus
2582 5742 2726 5785 nunc
2765 5741 2874 5797 quo
2896 5725 3017 5795 iure
3044 5721 3415 5782 ecclesiastico
3441 5737 3535 5777 usa
3568 5730 3647 5778 est
3678 5718 3783 5789 Ec-

2197 5819 2364 5880 clesia
2417 5817 2666 5878 Africana
2722 5825 3034 5886 mutemque
3078 5816 3331 5875 Ecclesiae
3385 5813 3776 5874 Occidentales.
