4128 6348
319 344 388 400 55
917 337 983 394 IN
1022 336 1314 396 CODICESI
1354 336 1681 396 CAXONUM
1727 337 1902 394 UNIY.
1946 339 2219 398 ECCLES.
2261 340 2582 399 JUSTELLI
2623 342 3010 404 PREFATIO.
3521 351 3596 412 δι

321 453 401 509 Ac
431 465 663 523 primum
690 451 907 521 quidem
931 491 946 516 ,
978 461 1184 508 certum
1229 460 1313 507 est
1348 451 1657 518 Africanos,
1704 451 1904 508 Νεαηηὶ
1935 457 1982 517 Α
2009 462 2203 510 cuntur
2241 456 2650 528 Apostolorum,
2683 461 2911 517 antehac
2933 478 2962 518 a
2987 461 3157 520 Gallis
3187 478 3294 519 non
3315 473 3592 538 receptos,

320 543 535 600 concilii
565 543 725 614 primi
765 543 1086 599 meumenici
1136 557 1373 598 canones
1418 542 1696 607 habuisse,
1737 558 1766 596 a
1796 542 1912 598 Ca:—

319 637 518 693 ciliano
557 635 970 703 Carthaginiensi
1024 634 1314 706 episcopo,
1364 635 1454 704 qui
1496 637 1543 690 ei
1578 636 1813 691 interfuit
1857 645 1912 692 et

318 727 676 798 subscripsit,
742 727 973 791 allatas,
1043 736 1102 781 ut
1181 727 1281 797 ipsi
1350 735 1614 784 testantur
1676 727 1911 784 Africani

320 815 509 872 Patres
555 817 609 871 in
657 817 888 872 concilio
935 816 1349 885 Cartliaginensi
1401 833 1544 872 anno
1597 817 1738 884 M9,
1789 829 1912 888 post

317 909 656 966 consulatum
707 907 931 964 llonorii
997 923 1070 961 ιιι
1129 916 1187 962 et
1257 907 1548 964 Theodosii
1609 925 1702 965 vnt
1766 911 1909 965 cele-

319 1002 494 1064 brato,
521 1001 713 1069 quibus
742 1000 904 1054 etiam
932 1015 962 1053 a
992 998 1192 1071 Cyrillo
1242 1000 1606 1056 Alexandrino
1631 1003 1908 1075 episcOpo,

319 1090 469 1146 etab
513 1089 690 1145 Attico
718 1088 1319 1160 ConstantinOpolitano
1341 1130 1356 1154 ,
1391 1090 1507 1161 ipsa
1549 1090 1760 1145 Nicena
1799 1101 1911 1144 sta-

318 1189 430 1235 tuta
461 1181 773 1237 transmissa
799 1191 1021 1237 suntex
1066 1183 1513 1252 interpretatione
1561 1180 1802 1238 Teilonis
1853 1189 1909 1237 et

317 1271 512 1328 Taristi
537 1313 554 1340 ,
576 1287 697 1342 qua:
727 1272 780 1326 in
820 1272 1058 1328 editione
1085 1272 1452 1328 Conciliorum
1475 1269 1784 1328 Coloniensi
1813 1288 1910 1328 ex-

314 1371 439 1418 stat.
469 1363 576 1418 Sed
606 1372 663 1418 et
692 1363 812 1419 aliis
840 1362 1042 1420 Griecis
1061 1365 1366 1420 canonibus
1398 1364 1566 1420 veteri
1587 1364 1784 1420 Codice
1805 1364 1908 1420 Ca-

315 1469 514 1509 nonum
535 1452 786 1510 Ecclesiae
813 1454 1077 1509 universa:
1098 1455 1528 1525 comprehensis,
1553 1455 1659 1510 hoc
1685 1463 1768 1510 est
1799 1455 1909 1510 An-

314 1549 548 1620 cyranis,
574 1548 1119 1619 Neoezesariensibus,
1153 1550 1580 1621 Gangrensibus,
1613 1549 1908 1608 Antioche-

317 1639 435 1705 nis,
494 1639 936 1704 Laodicensibus,
993 1650 1050 1696 et
1102 1641 1726 1713 Constantinopolitanis
1779 1659 1907 1699 usos

316 1727 510 1796 fuisse;
543 1745 611 1784 ex
639 1731 832 1801 quibus
857 1774 871 1798 ,
906 1747 1043 1802 pace
1083 1734 1275 1789 Africa:
1299 1735 1566 1800 restituta,
1594 1733 1906 1804 Fulgentius

2011 546 2110 602 sed
2141 549 2354 616 ignotos
2378 549 2887 620 fuisse.Sigebertus
2907 569 3002 610 rex
3023 555 3352 612 Francorum
3378 558 3433 612 in
3477 562 3595 638 epi-

2014 635 2150 691 stola
2171 638 2237 692 ad
2264 638 2596 694 Desiderium
2619 640 3003 698 Caturcensem
3025 646 3334 716 episcolium
3367 647 3537 718 (Tom.
3569 635 3594 702 1

2013 726 2208 798 Script.
2254 727 2396 782 Hist.
2443 729 2698 801 Ἑταῖρε),
2745 733 3025 802 protitetur
3052 744 3244 806 optare
3273 754 3596 795 conservare

2015 814 2226 871 Statuta
2255 833 2541 884 canonum,
2566 828 2621 874 et
2654 823 3030 877 ecclesiasticas
3054 827 3258 896 regulas
3275 865 3290 887 ,
3336 828 3473 882 sicut
3499 843 3594 898 pa-

2013 915 2194 962 rentes
2222 908 2338 977 ejus
2387 910 2825 966 obscrvavcrant.
2879 911 2944 967 Et
2989 916 3227 987 episcopi
3264 916 3448 973 Gallia:
3495 920 3595 975 sub

2013 995 2354 1053 Childeberto
2385 999 2785 1056 Austrasiorum
2832 1017 2961 1072 rege
3009 1007 3064 1058 in
3106 1008 3314 1077 synodo
3348 1008 3590 1075 Metensi,

2010 1085 2251 1156 Egidium
2285 1089 2640 1148 Rhemensem
2671 1095 2982 1164 episcopum
3027 1095 3203 1168 (Creg.
3241 1097 3362 1150 Tur.
3407 1097 3496 1152 lib.
3528 1114 3593 1165 Χ,

2010 1193 2058 1234 et
2090 1179 2211 1251 19),
2246 1183 2388 1236 lectis
2415 1200 2670 1238 canonum
2701 1185 3074 1256 sanctionibus,
3105 1188 3174 1243 ab
3200 1190 3388 1245 ordine
3414 1205 3598 1246 sacer-

2010 1269 2177 1324 dotali
2227 1280 2591 1327 removerunt.
2637 1273 2706 1327 Et
2751 1276 2851 1330 sub
2894 1277 3086 1332 eodem
3133 1277 3512 1345 Childeberto,
3541 1281 3596 1337 in

2010 1380 2171 1420 causa
2205 1365 2523 1436 lngeltrudis
2553 1411 2567 1434 ,
2600 1370 2714 1439 ipse
2745 1371 3036 1440 Gregorius
3087 1373 3226 1444 (Lib.
3269 1392 3320 1430 ix
3346 1414 3361 1439 ,
3410 1393 3458 1431 c.
3505 1378 3596 1448 ’55)

2009 1469 2274 1511 canonum
2308 1457 2646 1514 Nicmnorunt
2694 1463 2914 1518 nomine
2965 1466 3076 1534 (qui
3104 1465 3286 1521 Codici
3316 1467 3596 1524 Canonum

2010 1543 2262 1602 Ecclesizu
2290 1550 2574 1618 univcrsm,
2606 1569 2713 1622 quo
2742 1555 2994 1610 utebatur
3021 1556 3295 1611 Gallicana
3326 1557 3595 1626 Ecclesia,

2009 1639 2319 1706 practitulati
2369 1644 2544 1712 erant)
2586 1645 2715 1698 citat
2759 1662 3021 1702 canonem
3083 1649 3149 1701 14
3195 1652 3405 1706 co::cilii
3451 1651 3598 1706 Gan-

2010 1731 2218 1796 grcnsis
2248 1749 2260 1782 :
2295 1730 2562 1786 Canonum
2599 1732 2935 1789 Nicamorum
2965 1737 3172 1790 decreta
3195 1739 3381 1810 relegi,
3408 1742 3462 1794 in
3485 1742 3599 1812 qui-

317 1819 638 1888 Ferrandus,
658 1820 912 1877 Ecclesice
935 1822 1375 1892 Carthaginensis
1391 1825 1671 1893 diaconus,
1695 1827 1904 1882 Collec-

2012 1820 2102 1873 bus
2135 1822 2447 1888 continetur,
2473 1823 2607 1886 Quia
2641 1828 2686 1878 si
2714 1843 2814 1895 qua
2843 1829 3106 1899 reliquerit
3136 1831 3317 1896 cirum,
3349 1839 3398 1884 et
3432 1843 3599 1885 torum

317 1913 517 1968 tionem
545 1928 641 1968 seu
682 1913 1016 1970 Breviarium
1056 1931 1324 1971 canonum
1352 1926 1479 1972 ante
1517 1933 1612 1974 sua
1654 1926 1900 1987 tempora

317 2001 370 2054 in
401 2002 577 2057 Africa
604 2014 966 2073 receptorum.
998 2005 1066 2060 ad
1095 2006 1485 2060 restituendam
1508 2006 1773 2061 Africana:
1803 2005 1902 2062 Ec-

317 2093 495 2148 clcsize
539 2093 866 2164 disciplinam
916 2097 1222 2166 composuit
1267 2097 1480 2167 (eodem
1516 2095 1626 2152 fere
1659 2105 1902 2167 tempore

316 2200 424 2254 quo
451 2186 738 2258 Dionysius
767 2187 1004 2258 Exiguus
1028 2205 1180 2245 suam
1225 2189 1613 2247 Collectionem
1643 2192 1808 2248 edidit
1835 2192 1902 2248 ad

318 2293 466 2332 usum
497 2277 750 2335 Ecclesia:
799 2280 1099 2350 Romamn),
1130 2282 1342 2338 omissis
1367 2284 1663 2338 canonibus
1686 2291 1904 2353 aposto-

317 2367 450 2435 licis,
479 2367 778 2438 Ephesinis,
812 2380 868 2426 et
892 2371 1441 2437 Chalcedonensibus,
1471 2380 1529 2428 et
1557 2373 1754 2428 additis
1773 2373 1901 2428 Sar—

316 2458 632 2525 dicensibus,
672 2469 729 2515 et
763 2461 1081 2531 quibusdam
1128 2462 1359 2517 decretis
1411 2461 1590 2516 Sirieii
1645 2476 1797 2533 papa:
1834 2478 1901 2517 ex

315 2549 453 2604 illius
480 2551 714 2620 epistola
744 2553 812 2607 ad
841 2553 1124 2623 episcopos
1153 2553 1436 2609 Africanos
1462 2555 1659 2623 scripta
1683 2595 1697 2618 ,
1730 2554 1825 2610 sed
1848 2563 1905 2609 et

316 2638 621 2706 Africanis,
679 2641 1300 2713 Carthaginensibusque
1369 2645 1630 2699 conciliis.
1706 2644 1904 2701 Habuit

314 2729 454 2782 enim
484 2728 725 2786 Ecclesia
766 2731 1017 2787 Africana
1043 2741 1246 2788 cet-tam
1286 2741 1341 2787 et
1370 2741 1644 2804 receptam
1685 2749 1902 2789 suarum

314 2821 642 2891 synodorum
670 2823 1066 2891 collectionem,
1098 2824 1475 2881 Africanorum
1505 2841 1774 2880 canonum
1804 2842 1904 2880 no—

316 2911 457 2965 mine
480 2927 510 2964 a
551 2913 786 2968 concilio
814 2913 1227 2983 Carthaginensi
1258 2915 1550 2971 universali
1581 2916 1748 2970 totius
1769 2915 1904 2970 dia:-

312 3017 507 3058 εεεεωε
533 3003 725 3059 Africa:
755 3006 1069 3075 probatam,
1108 3007 1356 3076 illiusque
1387 3008 1526 3062 actis
1570 3009 1824 3062 insertam
1849 3009 1900 3074 (a

315 3095 469 3150 nobis
513 3094 705 3150 Latine
750 3106 804 3151 et
830 3096 1048 3162 Graece,
1080 3098 1180 3152 sub
1210 3098 1364 3151 titulo
1386 3095 1601 3153 Codicis
1621 3097 1903 3152 Canonum

314 3181 571 3239 Ecclesia:
601 3185 860 3241 Africanae
903 3202 1046 3242 anno
1077 3187 1215 3242 1615
1254 3186 1454 3242 editam
1479 3227 1494 3252 ,
1527 3187 1682 3255 cujus
1709 3203 1903 3241 novam
1935 3207 1978 3267 ρ

315 3290 463 3330 nunc
489 3275 783 3332 editionem
809 3277 1017 3349 damus)
1046 3293 1208 3350 quam
1249 3278 1538 3350 Dionysius
1565 3278 1804 3348 Exiguus
1851 3281 1903 3334 in

313 3383 410 3422 sua
439 3366 773 3424 Collectione
801 3371 1016 3438 posuit,
1062 3379 1118 3425 et
1147 3371 1383 3441 synodus
1421 3369 1676 3425 Trullana
1705 3370 1906 3426 contir-

320 3459 504 3512 mavit.
542 3459 734 3514 Postea
775 3475 908 3516 vero
932 3501 947 3526 ,
977 3459 1368 3522 Collectionem
1412 3476 1679 3516 canonum
1727 3469 1783 3514 et
1810 3461 1906 3515 de-

318 3557 587 3604 cretorum
607 3550 918 3620 pontiﬁcum
938 3567 967 3605 a
996 3551 1249 3622 Dionysio
1275 3549 1480 3620 Exiguo
1509 3550 1904 3614 concinnatam,

317 3640 384 3692 ab
414 3639 527 3709 ipsa
580 3639 830 3695 Africana
873 3639 1110 3696 Ecclesia
1165 3649 1440 3710 receptam
1491 3638 1655 3694 fuisse
1705 3638 1908 3694 indicat

318 3727 649 3784 Breviarium
675 3773 691 3797 ,
721 3745 816 3785 seu
837 3728 1140 3787 Concordia
1170 3746 1436 3785 canonum
1464 3729 1740 3785 Cresconii
1769 3729 1910 3783 Alri-

319 3819 437 3873 cani
493 3819 753 3890 episcopi,
807 3835 928 3890 qua:
980 3821 1195 3877 circiter
1237 3835 1434 3875 annum
1467 3819 1570 3874 698
1598 3821 1820 3890 scripta,
1853 3831 1908 3874 et

319 3917 430 3964 tota
459 3926 525 3966 ex
550 3910 874 3983 Dionysiana
904 3911 1238 3967 Collectione
1266 3925 1523 3980 expressa
1552 3919 1654 3964 est.
1689 3909 1797 3965 Sed
1840 3910 1909 3965 de

320 4002 402 4057 bis
431 4004 673 4073 pluribus
697 4007 748 4060 in
781 4005 1095 4076 praefatione
1125 4005 1190 4059 ad
1210 4003 1466 4061 Codicem
1497 4003 1774 4060 Canonum
1805 4002 1911 4059 Ec-

321 4090 497 4146 clesia:
521 4092 809 4147 Africaine.

390 4179 663 4236 Gallicana
695 4184 857 4238 etiam
901 4181 1140 4238 Ecclesia
1172 4182 1339 4237 veteri
1361 4183 1483 4252 jure
1518 4182 1783 4238 canonico
1813 4196 1909 4237 usa

320 4279 425 4336 cst,
453 4283 688 4344 quatuor
719 4274 971 4330 videlicet
998 4275 1239 4346 priorum
1268 4275 1620 4330 conciliorum
1673 4288 1912 4330 cucume-

322 4364 584 4433 nicorum,
617 4375 672 4420 et
691 4368 902 4422 caeteris
923 4368 990 4422 ab
1019 4368 1084 4422 iis
1109 4364 1470 4434 conﬁrmatis,
1501 4373 1558 4421 et
1578 4366 1645 4421 ab
1668 4364 1906 4421 Ecclesia

324 4455 568 4510 universa
613 4458 883 4526 receptis;
918 4466 1228 4513 nontamen
1270 4473 1336 4512 ex
1383 4457 1708 4529 Dionysiana
1741 4457 1910 4512 inter-

2007 1909 2060 1960 in
2103 1925 2201 1978 quo
2243 1909 2368 1963 bene
2415 1914 2571 1979 vixit,
2625 1917 2870 1982 spreverit
2909 1957 2924 1982 ,
2965 1917 3140 1971 dicens
3166 1961 3185 1986 ,
3227 1921 3348 1990 quia
3386 1937 3491 1974 non
3531 1923 3599 1976 sit

2004 1997 2173 2060 portio
2211 1998 2264 2050 in
2295 1998 2388 2051 illa
2419 2001 2640 2054 caelestis
2669 2005 2815 2072 regni
2841 2006 3038 2074 gloria,
3064 2009 3150 2078 qui
3183 2011 3338 2078 fuerit
3358 2011 3599 2082 conjugio

2007 2087 2302 2153 copulatus,
2336 2091 2616 2144 anathema
2646 2093 2731 2145 sit.
2775 2092 2882 2148 Sed
2904 2106 2958 2149 et
2985 2099 3176 2167 synodi
3200 2099 3443 2167 qumdam
3471 2099 3600 2156 Gal-

2007 2175 2194 2230 licana:
2226 2220 2240 2244 ,
2295 2187 2354 2232 ut
2410 2180 2714 2247 Valcntina,
2767 2183 3084 2254 Rhegensis,
3154 2189 3483 2246 Arelatensis
3531 2206 3592 2257 tl,

2007 2265 2348 2334 Agatliensis,
2382 2279 2436 2324 et
2467 2269 2796 2339 Epaonensis
2820 2316 2836 2341 ,
2865 2276 3034 2330 citant
3063 2292 3300 2334 canones
3325 2279 3594 2345 Nicaenos.

2011 2355 2326 2426 Ancyranos
2353 2400 2367 2424 ,
2404 2368 2458 2413 et
2504 2359 2865 2418 Laodicenses
2886 2404 2902 2429 ,
2944 2380 3010 2420 ex
3043 2368 3214 2422 veteri
3246 2369 3600 2424 translatione

2008 2443 2151 2513 apud
2183 2445 2364 2502 Gallos
2396 2457 2523 2504 tunc
2543 2460 2762 2520 recepta
2789 2492 2805 2517 ,
2851 2469 2970 2523 qua:
2999 2457 3137 2525 apud
3168 2457 3428 2514 lsidorum
3458 2458 3600 2514 Mer-

2007 2543 2248 2589 catorem
2305 2539 2605 2606 reperitur,
2647 2556 2753 2609 qua
2806 2558 3022 2613 semper
3071 2546 3294 2602 liberius
3342 2549 3423 2603 usi
3474 2557 3600 2606 sunt

2006 2640 2168 2694 quam
2213 2627 2536 2698 Dionysiana
2555 2670 2568 2693 ,
2601 2646 2768 2700 usque
2798 2633 2866 2688 ad
2896 2633 3075 2690 Caroli
3105 2636 3280 2706 Magni
3317 2647 3557 2709 tempora
3577 2679 3594 2706 ,

2005 2719 2092 2774 cui
2122 2717 2237 2787 ejus
2284 2722 2558 2790 exemplar
2584 2723 2822 2778 oblatum
2852 2735 2935 2780 est
2963 2728 3032 2781 ab
3061 2727 3333 2786 Hadriano
3364 2746 3502 2802 papa
3531 2731 3552 2786 1
3577 2771 3594 2798 ,

2006 2814 2061 2862 et
2089 2807 2341 2878 deinceps
2365 2808 2688 2882 Dionysiana
2717 2815 2805 2868 illa
2829 2816 2882 2870 in
2911 2831 3111 2887 corpus
3135 2835 3405 2876 canonum
3433 2823 3600 2877 inter-

2007 2899 2330 2967 pretatione,
2367 2899 2736 2971 Africanisque
2766 2908 3081 2973 canonibus,
3114 2919 3167 2963 et
3191 2911 3423 2968 decretis
3449 2913 3597 2983 prio-

2007 3003 2124 3040 rum
2152 2990 2464 3056 pontilicum
2495 2991 2858 3049 Romanorum
2899 3013 2929 3051 a
2961 2997 3214 3068 Dionysio
3239 2999 3446 3069 Exiguo
3473 3003 3593 3058 col-

2009 3076 2160 3134 lectis
2183 3089 2445 3149 perpetuo
2479 3082 2559 3136 usi
2582 3091 2708 3137 sunt
2737 3100 2751 3137 :
2783 3087 2926 3155 quod
2957 3087 3010 3141 in
3041 3090 3285 3144 c0neiliis
3310 3091 3600 3148 Gallicanis

2009 3171 2108 3225 sub
2129 3170 2402 3228 Ludovico
2427 3173 2519 3228 Pio
2549 3175 2894 3245 imperatore,
2921 3180 3241 3250 ueterisque
3268 3181 3598 3254 subsequen-

2011 3260 2150 3316 tibus
2170 3270 2461 3319 observare
2490 3264 2634 3320 licet.

2079 3353 2247 3424 idque
2299 3365 2487 3425 aperte
2535 3353 3108 3417 indicat'llincmarus
3153 3362 3468 3422 Rhemensis
3511 3382 3599 3422 ar-

2007 3445 2382 3514 chiepiscopus
2407 3488 2421 3514 ,
2471 3448 2564 3516 qui
2594 3449 2695 3504 sub
2723 3449 2920 3507 Carolo
2947 3453 3115 3509 Calvo
3165 3457 3297 3526 imp.
3330 3459 3505 3524 vixit,
3540 3460 3597 3515 in

2010 3540 2271 3609 opusculo
2301 3541 2558 3597 adversus
2604 3541 2948 3600 llincmarum
2991 3547 3401 3605 Laudunensem
3443 3551 3595 3622 (Cap.

2008 3630 2123 3700 l5),
2155 3632 2238 3685 his
2266 3633 2446 3688 verbis
2477 3651 2489 3687 :
2525 3633 2624 3698 Qui
2651 3647 2770 3689 sunt
2803 3637 2881 3690 illi
2909 3655 3032 3709 quos
3053 3649 3104 3694 et
3131 3643 3416 3710 apostolica
3432 3645 3596 3709 sedes,

2009 3730 2059 3774 et
2101 3737 2276 3774 omnes
2325 3723 2550 3792 epismpi
2601 3741 2691 3794 per
2744 3727 3034 3782 universum
3082 3729 3289 3800 orbem,
3333 3741 3381 3786 et
3427 3735 3598 3787 omnis

2010 3809 2246 3864 Ecclesia
2275 3813 2531 3867 catholica
2557 3831 2784 3870 canones
2798 3819 3296 3892 appellant?qnique
3323 3841 3355 3876 a
3378 3823 3595 3880 Nicaeus

2009 3903 2256 3965 cont-ilio,
2290 3903 2425 3974 quod
2461 3904 2685 3974 primum
2715 3907 2770 3960 in
2822 3911 3014 3963 nostris
3053 3913 3316 3968 codicibus
3358 3931 3486 3983 quos
3533 3913 3599 3969 ab

2012 3996 2297 4063 apostolica
2335 3995 2456 4049 sede
2492 3997 2716 4067 majores
2747 4001 2910 4054 nostri
2943 4013 3252 4070 acceperunt
3274 4005 3558 4076 sequendos
3579 4044 3602 4071 ,

2011 4102 2104 4155 per
2151 4087 2385 4140 ordinem
2428 4104 2586 4158 usque
2617 4089 2687 4142 ad
2716 4091 3018 4161 Africanum
3055 4095 3350 4162 concilium,
3389 4114 3481 4166 pro
3509 4113 3599 4150 ca-

2011 4179 2233 4232 nonibus
2285 4181 2624 4250 recipiendis,
2663 4185 2966 4239 venerandis
3021 4197 3069 4239 et
3106 4187 3438 4242 observandis
3478 4193 3593 4244 reti-

2014 4278 2154 4322 nent.
2186 4267 2252 4322 Et
2281 4270 2440 4337 paulo
2466 4280 2587 4338 post
2615 4271 2682 4325 de
2711 4271 2942 4328 decretis
2979 4275 3295 4344 p0ntilicum
3323 4277 3548 4346 loquens
3581 4293 3596 4329 :

2019 4357 2201 4413 Pande
2232 4360 2410 4423 nobis,
2443 4377 2738 4432 qua’sumus
2757 4401 2772 4424 ,
2817 4364 2942 4434 quid
2971 4381 3178 4420 censeas
3220 4367 3285 4420 de
3311 4384 3486 4422 eorum
3511 4369 3601 4424 de-

2013 4453 2164 4506 cretis
2203 4453 2289 4522 qui
2330 4462 2445 4522 post
2477 4452 2757 4508 Nicwnum
2795 4456 3094 4524 concilium,
3132 4468 3182 4511 et
3209 4460 3316 4514 alia
3345 4462 3601 4517 catholica

327 4546 654 4611 pretatione,
687 4546 780 4599 sed
811 4561 878 4600 ex
906 4546 1072 4600 altera
1099 4548 1413 4609 vetustiore,
1445 4548 1533 4601 illa
1561 4548 1763 4602 scilicet
1791 4561 1910 4616 qum
1942 4568 1993 4627 Ι)
2016 4546 2268 4608 concilia.
2306 4545 2625 4600 observanda
2656 4549 2937 4603 decretalia
2979 4561 3258 4606 constituta
3313 4555 3376 4608 de
3410 4557 3601 4611 eisdem

325 4636 554 4690 habetur
583 4638 633 4691 in
662 4638 985 4693 collectione
1021 4655 1141 4710 qua:
1163 4638 1352 4694 lsidori
1378 4639 1692 4694 Mercatoris
1717 4655 1910 4693 nomen

325 4728 562 4798 pnel'crt,
594 4730 646 4784 in
677 4731 913 4786 editione
940 4729 1306 4787 Conciliorum
1334 4732 1662 4787 Coloniensi.

393 4821 606 4876 Codicis
648 4831 827 4875 autem
857 4821 1136 4877 Canonum
1177 4821 1435 4878 Ecclesia:
1472 4821 1765 4877 Gallicamc
1797 4835 1912 4876 me-

325 4913 481 4964 minit
521 4913 756 4982 synodus
801 4913 1137 4978 Parisiensis,
1192 4916 1244 4970 in
1285 4931 1444 4970 causa
1478 4913 1774 4968 Pretextati
1808 4913 1914 4969 llo-

328 5000 696 5070 thomagensis
721 5004 986 5074 episcopi,
1030 5004 1176 5075 apud
1205 5005 1522 5073 Gregorium
1545 5003 1913 5058 Turonensem

328 5090 470 5158 (Lib.
505 5107 537 5146 v
563 5130 578 5155 ,
610 5109 656 5147 c.
690 5093 778 5163 18)
804 5137 817 5158 ,
849 5097 936 5166 qui
962 5095 1176 5151 Librum
1205 5096 1477 5151 Canonum
1502 5104 1658 5151 vocat
1684 5137 1699 5162 ,
1726 5097 1776 5149 in
1805 5111 1914 5164 quo

328 5197 527 5236 novum
573 5198 854 5250 canonem,
907 5188 1057 5254 quasi
1115 5188 1472 5257 apostolicum
1527 5201 1556 5240 a
1611 5183 1915 5254 Chilperico

328 5286 454 5341 rege
503 5288 773 5328 annexum
822 5275 915 5340 ait,
943 5277 1033 5345 qui
1081 5277 1135 5330 in
1187 5276 1355 5331 veteri
1400 5275 1599 5330 Codice
1635 5275 1912 5330 Canonum

328 5361 578 5420 Ecclesia:
619 5366 880 5422 unive'sJe
911 5384 1016 5421 non
1041 5377 1194 5422 erat:
1229 5366 1350 5437 Ipse
1377 5384 1492 5421 vero
1517 5367 1910 5438 (Cliilpericus)

331 5452 582 5518 discessit,
607 5458 963 5510 transmittens
999 5457 1219 5512 Librum
1245 5456 1546 5521 Canonum,
1590 5459 1642 5512 in
1669 5475 1768 5530 quo
1797 5467 1911 5512 erat

331 5546 598 5614 quaternio
637 5563 794 5600 noras
825 5564 1078 5613 annexus,
1118 5548 1307 5602 habens
1340 5565 1563 5603 canones
1599 5551 1744 5619 quasi
1782 5565 1912 5620 apo-

333 5636 559 5700 stolicos,
591 5640 912 5692 continentes
944 5639 1050 5694 hinc
1089 5656 1106 5694 :
1146 5659 1162 5690 ι
1195 5639 1482 5710 Episcopus
1521 5640 1575 5692 in
1607 5641 1910 5707 homicidio,

335 5724 588 5780 adulterio
613 5737 663 5781 et
684 5730 910 5798 perjurio
939 5730 1302 5800 deprehensus,
1337 5748 1367 5782 α
1393 5731 1680 5785 sacerdotio
1703 5733 1918 5786 divella-

353 5817 591 5892 ttr(Can.
636 5823 814 5892 Aposf.
850 5820 962 5895 25).
997 5843 1013 5876 ι
1061 5822 1213 5880 Unde
1255 5825 1423 5896 liquet
1455 5839 1689 5881 canones
1718 5826 1809 5897 qui
1830 5825 1914 5883 di-

2015 4637 2178 4688 sacris
2208 4636 2488 4690 canonibus
2512 4639 2839 4707 promulgata
2864 4652 3170 4708 sanxerunt,
3196 4645 3327 4698 sicut
3355 4645 3598 4712 Siricins,

2018 4725 2351 4782 Innocentius
2377 4771 2390 4795 ,
2419 4729 2687 4797 Zosimus,
2735 4731 3064 4804 Bonifacius,
3097 4734 3432 4800 Caelestinus,
3461 4737 3598 4803 Leo,

2018 4815 2258 4880 Hilarus,
2287 4818 2649 4888 Symmachus,
2686 4821 2944 4892 Gelasius,
2977 4824 3280 4894 Hormisda,
3305 4827 3601 4901 Gregorius,

2017 4917 2064 4961 et
2090 4909 2272 4978 quique
2301 4909 2390 4961 alii
2432 4910 2768 4978 (Anastasius
2812 4915 3018 4969 scilicet
3046 4924 3101 4970 et
3131 4917 3440 4988 Simplicius
3463 4961 3478 4986 ,
3509 4922 3602 4990 qui

2020 5001 2073 5055 in
2106 4999 2426 5071 Dionysiana
2457 5002 2777 5058 collectione
2818 5009 3226 5079 recensentur),
3255 5028 3468 5080 quorum
3512 5013 3603 5066 de-

2018 5101 2161 5146 creta
2194 5091 2422 5146 Ecclesia
2459 5095 2748 5161 catholica,
2780 5105 2832 5150 et
2870 5098 3052 5152 I’atres
3075 5141 3090 5164 ,
3121 5117 3182 5152 ac
3203 5102 3602 5171 prcedecessores

2019 5187 2183 5241 nostri
2211 5188 2465 5241 servanda
2496 5198 2786 5258 tenuerunt,
2818 5201 2867 5247 et
2888 5197 3110 5250 t-enerati
3141 5203 3278 5250 sunt.
3305 5194 3382 5248 Ex
3408 5195 3603 5263 quibus

2021 5285 2274 5347 apparet.
2307 5285 2365 5330 ut
2404 5277 2478 5331 ait
2511 5277 2806 5349 Baronius,
2836 5284 3082 5338 hactenus
3110 5302 3211 5340 non
3239 5302 3334 5339 usu
3372 5295 3601 5356 receptas

2019 5367 2265 5434 epistolas
2313 5368 2432 5422 illas
2478 5384 2592 5439 quae
2621 5381 2741 5425 ante
2766 5371 3070 5428 Silvestrum
3109 5374 3415 5444 (legendum
3464 5377 3603 5431 Siri-

2019 5459 2178 5528 cium)
2209 5459 2527 5514 diversorum
2547 5463 2853 5533 pontiﬁcum
2895 5464 3250 5520 Romanorum
3281 5470 3517 5539 feruntur
3536 5469 3600 5523 ab

2023 5550 2231 5607 Isidoro
2277 5553 2526 5608 collectae.
2585 5555 2758 5625 Atque
2792 5556 2860 5610 de
2915 5557 2980 5611 iis
3033 5558 3434 5630 intelligendum
3483 5570 3598 5628 est,

2020 5643 2168 5714 quod
2191 5643 2317 5698 olim
2345 5645 2411 5699 ab
2452 5646 2719 5717 episcOpis
2747 5644 2932 5702 Gallia:
2961 5647 3182 5705 Nieolao
3223 5650 3242 5703 l
3273 5667 3423 5720 papa:
3469 5654 3601 5706 scri-

2023 5742 2173 5806 ptum
2204 5735 2318 5804 ipse
2343 5743 2589 5799 testatur,
2623 5737 2898 5790 decretalia
2918 5739 3202 5807 priscorum
3223 5743 3523 5810 pontiﬁcum
3545 5741 3599 5792 in

2024 5836 2128 5882 toto
2157 5841 2370 5898 corpore
2397 5825 2600 5884 Codicis
2643 5826 2910 5885 Canonum
2940 5847 3041 5888 non
3073 5833 3288 5886 inveniri
3315 5832 3595 5893 descripta.
