2064 3174
267 162 303 194 ss
904 161 1084 193 DIONYSIUS
1102 162 1260 194 EXIGUUS.
1868 166 1904 196 56

267 223 317 252 Hic
328 223 402 252 enim
415 221 518 251 Cadit-is
527 221 660 251 Canonuni
675 229 743 250 voce
755 220 866 257 intelligi
880 228 930 258 par
938 226 980 250 est
994 222 1056 251 Dim
1072 226 1095 256 Α
1110 222 1280 252 Valentinum
1291 220 1375 259 (590),
1386 231 1447 252 can.
1459 222 1495 257 Ως
1509 222 1666 259 llispalense
1680 230 1688 252 ι
1699 227 1726 252 et
1740 222 1902 252 Toletannm

267 269 407 304 nysianam
433 269 640 299 collectionem,
668 275 703 295 ex
724 268 872 295 canonibus
894 271 922 295 et
942 267 1058 296 decretis

218 309 221 312 ί
265 314 421 350 pontitlcum
440 315 617 349 compositam
630 334 638 348 ,
650 321 711 349 qua:
724 318 780 341 tum
791 313 818 340 in
833 313 952 341 Ecclesia
971 313 1056 341 Galli-

265 368 333 389 cana
359 369 409 388 usu
435 361 619 388 ecclesiastico
651 364 710 388 erat
742 360 906 394 generaliter
936 364 1055 396 recepta.

266 405 425 434 llincmarus
448 406 519 433 enim
543 406 667 434 decreta-
679 406 835 440 pontilicum
860 414 875 433 a
902 405 998 433 Siricio
1022 405 1058 433 ad

263 451 423 485 Gregorium
441 451 576 485 iuniorem
589 471 596 483 ,
609 450 702 478 codice
715 450 840 478 llomano
847 451 1056 486 comprehensa.

263 499 363 533 passim
378 498 462 530 citat,
476 504 509 525 ac
525 498 682 525 nominatim
705 497 852 525 Innocentii
866 497 1007 532 epistolam
1023 496 1057 524 ad

263 544 420 572 Victricium
432 544 677 578 Rothomagensem
693 543 860 578 episcopum,
875 551 908 570 ex.
921 543 1003 570 sacris
1017 551 1059 569 ca-

261 589 373 616 nonibus
401 589 590 624 promulgatam
616 589 664 615 ait.
688 588 833 624 Synodalia
861 595 926 615 vero
948 587 1057 615 decreta

261 641 321 669 qua!
334 634 473 670 Sylvestro
487 635 650 667 tribuuntur,
666 634 800 669 improbat
810 633 852 661 bis
864 633 971 661 verbis:
985 632 1057 665 Quo-

262 681 333 708 niam
347 680 451 716 quidam
464 681 538 716 quasi
557 681 584 707 in
607 681 786 707 auctoritatem
800 680 934 714 proferunt
955 679 1058 714 Sylves-

261 731 329 753 trum
351 734 447 761 papam
468 726 607 752 decrevisse
627 725 692 752 talia
707 733 764 761 quc
787 725 905 752 Ecclesia
929 724 1057 751 catholica

261 772 330 799 inter
352 771 489 807 synodalia
511 771 614 798 decreta
629 779 682 798 non
702 774 844 805 computat,
864 777 922 806 quia
945 769 1057 805 majores

260 817 343 844 nostri
356 817 417 843 inde
429 815 502 843 nobis
513 816 622 843 tertendo
643 817 697 843 suis
709 815 818 851 posteris
833 815 999 851 reliquerunt,
1015 815 1057 842 hic

260 862 435 889 necessarium
449 869 544 896 ponere
563 861 695 888 duximus.
713 861 846 896 Scriptum
856 868 965 896 namque
975 864 1013 887 est
1027 861 1055 887 in

1108 275 1156 300 xu,
1171 269 1205 296 de
1228 268 1323 296 iisdem
1346 268 1483 297 observari
1502 272 1623 296 statuunt
1645 276 1705 303 qua:
1731 268 1758 295 in
1780 269 1903 297 conciliis

1108 314 1265 348 Agathensi,
1282 314 1476 346 Aurelianensi,
1491 314 1635 349 Rhegcnsi,
1645 318 1673 341 et
1689 313 1830 341 Valentino
1843 313 1903 342 Gal-

1108 359 1168 387 licis
1189 360 1335 388 constituta
1349 364 1452 394 essent,
1473 367 1587 394 quorum
1607 360 1689 387 etiam
1711 360 1793 387 verba
1817 359 1901 394 subji-

1107 405 1192 438 ciunt,
1205 409 1286 441 atque
1300 413 1333 433 ex
1350 406 1381 433 iis
1391 405 1425 432 de
1440 406 1630 433 controversiis
1639 405 1832 433 ecclesiasticis
1839 405 1902 440 pro?

1109 451 1243 477 nuntiant.
1256 450 1340 478 Tanta
1353 450 1402 477 l‘uit
1410 454 1473 478 tunc
1480 451 1610 486 temporis
1620 450 1748 478 Ecclesizc
1758 449 1901 479 Gallicana

1108 496 1257 523 auctoritas
1272 496 1343 531 apud
1357 496 1503 531 Hispanos,
1518 501 1547 523 ut
1564 496 1636 531 quod
1655 497 1689 524 ab
1704 497 1748 523 illa
1768 497 1900 524 sancitum

1107 544 1176 572 erat,
1191 540 1348 567 imitandum
1360 533 1583 576 statuenduinque
1593 541 1732 568 ducerent.
1745 540 1901 575 Agobardus

1108 585 1293 617 Lugdunensis
1306 587 1459 622 episcopus,
1470 588 1515 622 qui
1531 587 1581 615 sub
1595 587 1731 615 Ludovico
1752 587 1801 615 Pio
1823 588 1898 620 vixit,

1108 629 1305 657 Gallicanorum
1329 632 1410 658 etiam
1437 641 1570 659 canonum
1601 633 1721 659 meminit
1747 633 1786 658 liis
1811 632 1899 659 verbis

1108 675 1178 712 (Lib.
1194 677 1225 703 tle
1243 677 1389 711 Dispensat.
1405 679 1509 705 ercles.)
1524 687 1529 703 ξ
1548 678 1614 704 Sunt
1630 680 1671 713 qui
1687 678 1839 705 Gallicanos
1852 685 1899 705 ca-

1109 729 1202 755 nones,
1220 728 1263 748 aut
1279 724 1389 749 aliarunt
1405 724 1545 758 regionum,
1563 729 1650 758 putent
1665 733 1714 750 non
1728 724 1898 758 recipiendos,

1106 776 1137 795 eo
1148 770 1216 805 quod
1232 770 1310 804 legati
1328 770 1447 801 Romani,
1461 778 1503 797 seu
1516 771 1685 804 impera/oris,
1699 772 1724 796 in
1740 779 1827 797 eorum
1838 778 1899 797 con-

1106 813 1279 841 stitutionibus
1295 823 1345 841 non
1358 816 1535 849 interfuerint,
1552 820 1603 841 etc.
1620 815 1651 841 Et
1666 815 1778 849 epistola
1798 815 1830 842 ad
1850 816 1898 842 im-

1106 863 1259 894 peratorem
1284 869 1289 885 :
1319 860 1377 886 IIuc
1407 861 1504 886 accedit
1531 861 1598 898 quyd
1627 862 1669 895 pia
1693 861 1898 887 consideratione

259 907 372 942 quodam
389 914 506 934 sermone
518 926 525 938 ,
538 906 597 933 sine
617 907 776 940 excerptoris
792 907 895 932 nomine
906 925 914 938 ,
927 905 960 931 de
978 905 1056 940 gestis
1073 905 1094 934 Β
1108 904 1212 939 dignum
1225 905 1332 935 videtur.
1348 905 1380 931 de
1397 906 1545 931 canonibus
1563 907 1658 931 πῆξαι
1679 905 1833 938 Gallicanis,
1856 906 1898 940 (ιςιί

261 952 386 987 Sylvatri
401 954 534 986 excerpta,
551 959 625 986 quem
634 950 751 977 Isidorus
765 949 928 984 llispalensis
942 949 1054 984 collegit,

259 1005 319 1024 cum
343 997 458 1032 epistolis
480 997 605 1023 Romanis
628 995 696 1023 sedis
716 995 868 1030 pontiﬁcum
887 1002 904 1021 a
926 994 1057 1022 Clemente

260 1050 341 1078 usque
349 1042 384 1068 ad
395 1041 425 1069 Β.
436 1041 596 1077 Gregorium,
606 1041 722 1067 eumdem
732 1040 893 1075 Sylvestrum
903 1039 1054 1072 decrevisse,

260 1093 290 1115 ut
308 1088 394 1115 nullus
413 1087 495 1114 laicus
518 1087 613 1114 crimen
640 1086 733 1113 clerico
753 1085 849 1112 audeat
872 1086 980 1120 inferre,
999 1089 1054 1112 etc.

261 1135 327 1166 Quot
339 1133 410 1160 dicta
419 1140 496 1169 quam
509 1132 615 1159 adt-crsu
632 1131 692 1165 sibi,
705 1136 730 1158 et
743 1139 820 1167 quam
840 1130 941 1158 diversa
957 1138 973 1156 a
993 1138 1056 1157 san-

263 1179 313 1205 ctis
327 1178 487 1211 canonibus,
506 1182 531 1204 et
542 1178 624 1204 sociis
641 1176 739 1212 legibus
759 1176 812 1203 sint
825 1196 833 1209 ,
853 1183 927 1202 nemo
950 1179 989 1202 est
1012 1175 1054 1210 qui

258 1223 372 1257 dubitet,
395 1223 439 1259 qui
457 1228 481 1250 et
494 1223 549 1250 hac
568 1222 637 1250 dicta
660 1230 718 1249 cum
733 1222 835 1249 ratione
856 1221 1014 1254 attenderit,
1029 1225 1054 1248 et

257 1277 347 1297 sacras
364 1269 468 1305 regulas
490 1277 521 1296 ac
538 1269 606 1305 leges
620 1269 770 1305 diligentius
783 1268 883 1304 legerit.
908 1266 1053 1302 Perperam

258 1314 417 1343 Iiincinarus
427 1315 496 1342 banc
504 1314 691 1342 collectionem
702 1314 878 1349 epistolarum
893 1312 1052 1348 pontiﬁcum

258 1359 443 1388 Romanorum
458 1367 474 1388 a
495 1358 636 1388 Clemente
659 1359 694 1387 ad
708 1358 739 1386 Β.
751 1358 910 1393 Gregorium
922 1378 930 1391 ,
945 1357 1052 1386 Isidoro

258 1404 408 1440 llispalensi
423 1405 549 1440 episcopo
563 1404 677 1437 tribuit,
695 1411 756 1440 qua:
776 1403 887 1432 omnino
908 1402 1052 1431 tribuenda

257 1456 300 1478 est
318 1450 421 1479 Isidoro
441 1450 583 1478 Mercatori
595 1457 694 1485 ,quam
712 1450 746 1477 ab
767 1449 894 1484 Hispania
912 1449 938 1476 in
951 1449 1052 1477 Gallias

257 1495 375 1527 allatam,
405 1494 554 1529 Riculplius
568 1493 739 1528 Moguntinus
764 1493 909 1529 episcopus
936 1493 1051 1529 primum

255 1539 402 1574 evolgavit,
415 1543 445 1566 ut
456 1539 514 1574 ipse
528 1538 688 1566 Hiucmarus
701 1542 815 1566 testatur
826 1538 941 1573 epistola
954 1537 1050 1565 advor-

1107 949 1181 984 quasi
1192 950 1313 983 super/lui
1329 955 1372 975 aut
1388 951 1441 975 inut
1454 950 1489 976 lcs
1501 959 1515 975 a
1530 951 1681 985 quibusdam
1694 955 1857 983 respuuntur,
1868 959 1897 977 eo

1107 993 1175 1027 quod
1188 995 1308 1021 neoterici
1327 994 1436 1021 Ilontani
1458 1004 1500 1021 cos
1514 1004 1564 1022 non
1580 996 1821 1027 commendaverinl,
1842 1004 1898 1022 cum

1107 1038 1205 1074 antiqui
1222 1039 1339 1074 religiose
1352 1049 1394 1066 eos
1406 1041 1518 1066 uenerati
1542 1046 1609 1067 sunt.
1628 1040 1718 1076 Ncque
1742 1042 1788 1067 hoc
1803 1041 1898 1067 idcirco

1106 1083 1211 1117 dicitur,
1224 1089 1250 1110 ut
1267 1087 1362 1119 possint
1387 1087 1500 1112 omnium
1524 1087 1708 1121 episcopaliunt
1731 1092 1898 1113 conrenluum

1105 1133 1250 1158 sanctiones
1265 1133 1357 1166 trquali
1370 1133 1523 1159 auctoritate
1535 1133 1690 1166 recipienda:
1704 1132 1853 1166 creduntur,
1865 1138 1893 1159 ut

1105 1174 1220 1208 Nicani,
1233 1176 1459 1211 Chalcedonensis,
1475 1182 1498 1204 et
1521 1184 1671 1205 cwterorum
1690 1178 1846 1213 generalium
1864 1187 1897 1205 ex

1106 1221 1181 1249 totius
1197 1223 1284 1249 mundi
1300 1232 1425 1250 consensu
1446 1231 1659 1259 congregatarum
1676 1230 1700 1252 et
1719 1230 1895 1260 receptorum;

1105 1266 1150 1294 sed
1169 1268 1228 1303 quia
1244 1276 1357 1303 congrua
1377 1270 1547 1302 veneratione,
1568 1279 1614 1304 pro
1630 1271 1714 1298 causis
1734 1271 1895 1300 necessariis.

1103 1318 1211 1347 quarum
1226 1313 1391 1347 deﬁnitiones
1403 1315 1429 1340 in
1445 1315 1497 1341 illis
1514 1316 1677 1350 generalibus
1696 1325 1747 1343 non
1764 1316 1897 1342 inveniun-

1104 1361 1154 1390 tur,
1174 1358 1237 1392 ﬁdcs
1253 1359 1286 1385 sit
1310 1360 1346 1385 eis
1370 1360 1517 1386 adhibenda
1539 1362 1662 1395 religione
1684 1361 1780 1388 debita.
1796 1361 1896 1394 Quibus

1103 1404 1192 1431 verbis
1205 1404 1349 1432 discrimen
1368 1406 1508 1440 utriusque
1530 1406 1696 1433 collectionis
1713 1414 1764 1441 qua
1788 1415 1833 1433 usa
1855 1411 1896 1434 est

1102 1447 1223 1477 Ecclesia
1247 1449 1397 1483 Gallicana,
1421 1456 1514 1486 aperte
1535 1452 1695 1479 ostenditur.
1719 1452 1784 1479 Illud
1815 1453 1895 1479 etiam

1102 1494 1202 1522 indicat
1216 1496 1357 1522 concilium
1370 1496 1489 1524 Vascnse
1506 1505 1533 1531 υ,
1550 1505 1620 1525 anno
1637 1498 1687 1525 529
1703 1498 1833 1531 habitum,
1849 1505 1894 1524 ca-

1102 1548 1174 1568 none
1190 1542 1275 1576 primo
1289 1551 1294 1567 :
1310 1542 1343 1568 Et
1353 1544 1465 1578 quamvis
1476 1545 1562 1570 omnia
1573 1553 1629 1578 ante
1640 1553 1654 1570 (ι
1667 1545 1764 1571 sanctis
1774 1544 1894 1571 sacerdo-

256 1591 302 1612 sus
309 1584 484 1611 llincmaruin
496 1583 700 1615 Lauilunensem
711 1583 877 1618 episcopum,
889 1583 934 1610 ubi
947 1582 981 1610 de
993 1590 1052 1610 sen-
1064 1586 1086 1616 c
1103 1586 1170 1613 tibus
1184 1587 1222 1613 rel
1236 1588 1335 1614 clericis
1358 1588 1488 1615 obsewari
1502 1589 1619 1622 drbeant,
1635 1594 1659 1616 et
1679 1590 1777 1624 antiqui
1798 1594 1822 1616 et
1846 1597 1894 1616 no-

257 1628 350 1656 tenliis
363 1636 396 1655 ex
405 1627 508 1656 Graecis
520 1631 549 1655 et
563 1627 665 1655 Latinis
679 1628 829 1655 canonibus
838 1632 918 1663 atque
931 1628 1050 1663 synodis,

255 1672 424 1707 decretisque
435 1671 592 1707 pontiﬁcum
605 1672 639 1699 ab
654 1671 790 1700 Hadriano
804 1672 939 1707 collectis,
954 1677 982 1700 et
995 1672 1050 1701 En-

255 1718 396 1752 gelramno
415 1717 542 1752 episcopo
556 1717 626 1744 dalis
645 1717 759 1752 loquens
773 1725 779 1743 :
796 1716 835 1744 De
849 1717 913 1749 illis,
942 1718 1049 1752 inquit,

255 1763 390 1791 sententiis
403 1763 480 1798 plena
500 1768 539 1790 est
555 1767 624 1790 terra
635 1763 686 1789 ista
698 1782 705 1794 ,
720 1763 785 1790 sicut
799 1767 824 1789 et
837 1762 869 1790 de
880 1762 946 1790 libro
958 1763 1052 1790 collec-

257 1813 343 1836 tarum
367 1808 534 1843 epistolarum
556 1807 589 1834 ab
621 1807 737 1841 Isidoro,
764 1816 839 1844 quem
861 1809 893 1835 de
919 1807 1053 1843 Hispania

255 1853 365 1881 allatum
379 1853 520 1889 Riculphus
531 1852 699 1889 Moguntina:
706 1854 839 1889 episcopus
849 1853 878 1880 iis
890 1853 1048 1889 hujusmodi,

254 1899 321 1927 sicut
334 1899 361 1926 in
371 1899 492 1935 capitulis
505 1899 559 1934 regi
571 1907 584 1925 s
598 1899 725 1931 curiosus,
741 1898 870 1932 obtinuit,
885 1905 911 1926 et
925 1900 991 1927 istas
1004 1908 1049 1926 re-

255 1945 343 1980 giones
361 1944 394 1972 de
412 1945 459 1972 illo
480 1944 574 1979 repleri
596 1944 667 1980 fecit.
690 1944 762 1972 Vixit
784 1949 874 1972 autem
901 1944 1050 1980 Riculphus

255 1993 379 2025 tempore
397 1989 487 2018 Caroli
503 1990 610 2025 Magni,
635 1994 664 2018 et
677 1990 792 2018 concilio
806 1990 963 2026 Moguntino
977 1998 1049 2019 anno

255 2033 310 2062 8ιὸ
320 2035 457 2063 celebrato
468 2036 584 2071 pratluit.

289 2079 391 2109 Habuit
401 2081 483 2109 etiam
497 2080 616 2110 Ecclesia
631 2080 780 2116 Gallicana,
800 2087 900 2118 przcter
923 2083 1045 2112 codicem

252 2127 442 2162 universalem,
457 2128 600 2164 quamdam
612 2136 722 2156 suarum
735 2130 902 2165 synodorum
912 2129 1049 2158 collectio-

252 2182 326 2209 nem,
337 2175 537 2204 Gallicanorum
551 2184 684 2204 canonum
694 2177 805 2205 nomine
817 2181 966 2212 receptam,
979 2184 1048 2212 quo~

253 2228 315 2249 rum
338 2221 461 2249 meminit
481 2220 622 2249 llormisda
645 2230 715 2257 papa
736 2222 806 2257 apud
825 2221 984 2250 Gratianum
1005 2222 1047 2250 bis

1102 1632 1161 1659 belli
1188 1641 1299 1659 canones
1323 1634 1454 1660 continere
1481 1635 1639 1668 probentur,
1664 1639 1717 1662 etc.
1742 1635 1800 1662 Hoc
1824 1635 1895 1662 enim

1102 1683 1217 1710 canone,
1234 1682 1262 1703 ut
1277 1682 1304 1704 et
1319 1679 1419 1712 passim
1435 1679 1461 1705 in
1472 1680 1594 1706 conciliis
1608 1679 1711 1711 Galliic,
1724 1680 1896 1715 antiquorum

1101 1729 1236 1749 canonum
1250 1723 1370 1757 nomine,
1394 1723 1520 1757 Codicepi
1533 1724 1672 1752 Canonum
1689 1724 1812 1752 Ecclesia:
1835 1724 1894 1752 uni-

1102 1774 1187 1794 versa:
1212 1767 1356 1801 significari
1376 1768 1484 1795 dubium
1508 1777 1560 1796 non
1590 1774 1641 1796 est.
1666 1769 1779 1802 Addam,
1802 1768 1894 1797 Gallos

1100 1816 1164 1840 ante
1181 1813 1369 1847 Dionysianam
1390 1813 1576 1840 collectionem
1594 1820 1608 1839 a
1625 1813 1722 1841 Carolo
1745 1813 1840 1847 Magno
1855 1821 1894 1841 re-

1099 1860 1216 1892 ceptam,
1233 1857 1362 1884 Africanis
1376 1858 1524 1884 canonibus
1536 1858 1573 1885 uti
1588 1858 1682 1885 solitos
1700 1858 1790 1888 luissc,
1804 1861 1832 1885 ul
1853 1858 1894 1886 in-

1099 1902 1172 1930 dicat
1183 1902 1324 1929 COnciilHlll
1338 1901 1533 1929 Matisconeuse
1541 1911 1568 1935 n,
1577 1910 1647 1930 anno
1656 1903 1707 1929 58S
1718 1904 1892 1935 celebratum,

1099 1954 1203 1975 canone
1213 1947 1229 1973 6
1245 1947 1321 1974 :Jam
1336 1947 1402 1974 enim
1417 1948 1448 1973 de
1464 1948 1508 1974 tali
1522 1956 1609 1979 causa.
1626 1952 1650 1974 et
1662 1949 1685 1974 in
1697 1948 1813 1974 conciliis
1821 1948 1893 1983 Afri-

1098 1993 1171 2020 canis
1185 1993 1319 2028 deﬁnitum
1330 1998 1377 2020 est.
1395 1992 1479 2025 Quam
1494 1993 1671 2028 deﬁnitionem
1687 1999 1774 2020 nostra
1795 2001 1893 2029 quoque

1098 2039 1204 2073 dignam
1216 2039 1335 2065 duximus
1346 2038 1445 2065 sociare
1456 2038 1568 2070 decreto,
1585 2043 1609 2065 et
1623 2038 1744 2070 allocare,
1760 2043 1787 2064 ut
1801 2046 1891 2065 sacra—

1097 2089 1184 2111 menta
1206 2084 1298 2110 altaris
1313 2084 1414 2111 nonnisi
1429 2092 1445 2109 a
1456 2083 1554 2118 jejunis
1568 2083 1734 2110 celebrentur.
1746 2083 1892 2110 Nonnullae

1096 2129 1178 2157 etiam
1194 2130 1322 2165 epistolas
1343 2129 1500 2164 pontilicum
1529 2129 1609 2156 Rom.
1633 2137 1683 2157 suo
1709 2130 1794 2157 codici
1820 2130 1892 2157 inse-

1097 2175 1183 2203 ruisse
1207 2179 1319 2201 testatur
1331 2175 1473 2202 concilium
1489 2174 1649 2209 Agatliense.
1675 2182 1736 2201 can.
1752 2175 1787 2201 9:
1801 2174 1892 2201 Siricii

1096 2220 1209 2255 episcopi
1223 2220 1373 2252 auctoritas,
1386 2227 1442 2254 quae
1455 2226 1493 2246 est
1506 2220 1545 2246 his
1559 2218 1701 2247 canonibus
1712 2220 1820 2252 inserta,
1836 2228 1891 2246 ser-

253 2266 361 2294 vet-bis:
377 2265 525 2293 Secundum
535 2266 623 2293 titulos
637 2267 800 2303 antiquorum
816 2267 936 2298 Patrum,
953 2272 1044 2295 sancto
1059 2268 1084 2299 ο
1098 2269 1178 2292 retur.
1197 2264 1274 2299 Quod
1292 2264 1463 2299 desumplum
1485 2269 1527 2292 est
1551 2272 1584 2292 ex
1608 2264 1696 2293 Siricii
1719 2265 1832 2300 epistola
1856 2264 1891 2292 ad

253 2310 354 2346 Spiritu
369 2316 519 2347 suggerente
525 2312 696 2347 conscriptos,
711 2317 736 2340 et
750 2313 889 2340 secundum
904 2324 914 2338 ε
941 2314 1044 2340 .Ientias

253 2355 306 2384 518
319 2356 497 2392 episcoporum
521 2357 584 2392 (hoc
604 2361 646 2384 est
669 2357 791 2385 Nicaenos
814 2362 955 2393 (sationes),
980 2365 1044 2393 quas

251 2402 331 2428 etiam
342 2401 472 2429 Gallicani
486 2410 604 2430 canones
615 2403 746 2430 continere
764 2403 892 2436 videntur,
908 2403 997 2430 clerici
1015 2404 1044 2430 in

250 2447 378 2475 adulterio
390 2447 553 2483 deprehensi,
577 2453 621 2475 aut
641 2449 691 2483 ipsi
713 2449 836 2484 confessi,
857 2454 902 2475 aut
925 2448 957 2475 ab
983 2449 1044 2476 aliis

251 2493 373 2526 conuicti,
387 2492 422 2519 ad
436 2492 559 2520 honorem
572 2493 656 2520 redire
670 2501 723 2520 non
733 2497 839 2528 possunt
852 2492 929 2528 (Can.
944 2492 972 2521 Si
983 2494 1044 2528 quis

250 2538 390 2572 diaconus,
406 2537 451 2572 50,
465 2538 604 2573 distinct.).
627 2538 715 2573 Atque
734 2538 829 2566 borum
843 2538 1045 2567 Gallicanorum

250 2590 383 2611 canonum
398 2582 533 2619 Hispanos
546 2584 683 2612 studiosos
696 2583 788 2615 fuisse,
809 2584 971 2619 illorumque
993 2592 1043 2612 au-

251 2630 403 2658 ctoritatem
417 2630 582 2666 sequendam
596 2637 668 2665 saepe
682 2630 733 2658 sibi
748 2630 923 2665 proposuisse
942 2630 1045 2659 indicat

250 2675 394 2703 concilium
411 2674 614 2703 Tarraconense
629 2679 750 2709 tempore
761 2674 882 2709 ejusdem
896 2675 1045 2703 Hormisdae

250 2726 321 2748 anno
331 2719 381 2747 517
393 2720 568 2752 celebratum,
583 2727 644 2747 can.
657 2719 686 2746 ll
694 2741 701 2753 ,
716 2719 749 2747 Ut
762 2719 846 2748 nullus
857 2722 1041 2749 monachorum

250 2767 360 2801 forensis
374 2766 470 2801 negotii
484 2770 615 2801 susceptor
626 2766 665 2793 vel
678 2770 813 2793 exsecutor
826 2767 933 2799 existat,
949 2768 1000 2795 nisi
1013 2768 1041 2795 id

249 2811 317 2847 quod
329 2812 480 2839 monasterii
489 2812 608 2846 exposuit
621 2811 731 2843 utilitas,
746 2810 837 2838 abbate
847 2812 897 2839 sibi
911 2813 1040 2840 nihilomi-

249 2863 297 2883 nus
310 2857 461 2891 imperante,
482 2862 615 2882 canonum
637 2861 697 2883 ante
713 2856 801 2883 omnia
816 2855 1037 2891 ,Gallicanornm,

248 2903 281 2931 de
293 2903 330 2932 eis
340 2902 520 2930 constitutione
529 2906 642 2932 servata.
653 2902 686 2932 Et
696 2902 831 2932 llerdeuse
841 2901 927 2940 (52‘),
937 2910 998 2931 can.
1010 2904 1038 2939 5;

1097 2309 1245 2338 Himerium
1274 2309 1514 2342 Tarraconensem,
1529 2317 1610 2345 quem
1632 2314 1726 2345 postea
1749 2309 1891 2346 Dionysius

1097 2354 1212 2390 Exiguus
1234 2363 1288 2383 suae
1310 2355 1480 2383 decretorum
1495 2355 1650 2390 pontillcum
1673 2356 1827 2383 collectioni
1847 2355 1890 2383 in-

1096 2402 1190 2430 seruit.

1132 2447 1200 2476 Sunt
1212 2452 1240 2476 et
1254 2447 1312 2476 alia:
1325 2447 1447 2482 quietiam
1458 2445 1603 2475 Gallicana:
1618 2446 1800 2479 collectiones,
1813 2446 1890 2482 capi-

1097 2494 1153 2522 tula
1175 2494 1301 2522 videlicet
1321 2493 1503 2532 ecclesiastica
1526 2492 1617 2521 Caroli
1639 2491 1889 2535 Dlagtii,_Ludovi.i

1097 2537 1148 2572 Pii,
1163 2543 1190 2566 et
1203 2538 1323 2566 Lotbarii
1339 2538 1421 2573 impp.
1438 2538 1473 2565 ab
1486 2537 1617 2573 Ansegiso
1632 2543 1659 2566 et
1681 2538 1826 2566 Benedicto
1836 2538 1889 2566 Le-

1097 2584 1151 2611 vita
1164 2584 1288 2616 collecta,
1299 2587 1380 2618 atque
1393 2583 1484 2611 omnia
1497 2591 1567 2619 pene
1578 2591 1612 2612 ex
1631 2583 1731 2612 Codice
1748 2584 1888 2612 Canonum

1096 2628 1223 2658 Ecclesia:
1236 2629 1373 2661 Romamn,
1387 2633 1415 2656 et
1434 2628 1528 2657 lsidori
1550 2629 1708 2657 Mei-caloris
1728 2629 1889 2657 collectione

1095 2674 1246 2710 desumpta,
1262 2681 1321 2708 qusc
1342 2673 1367 2701 in
1382 2673 1497 2702 concilio
1520 2674 1650 2703 Meldensi
1674 2674 1811 2703 obsonari
1834 2674 1889 2711 pla.

1094 2721 1151 2749 cuit
1168 2728 1228 2748 can.
1243 2719 1278 2746 78
1292 2729 1298 2746 :
1324 2718 1359 2747 Ut
1373 2719 1486 2755 capitula
1511 2719 1685 2748 ecclesiastica
1704 2729 1721 2747 a
1735 2719 1770 2748 D.
1793 2720 1888 2749 Carolo

1093 2765 1191 2802 Magno
1198 2766 1273 2800 imp.,
1280 2773 1325 2793 nec
1332 2774 1383 2793 non
1394 2774 1410 2793 a
1418 2765 1451 2792 D.
1460 2765 1588 2793 Ludovico
1597 2765 1646 2793 Pio
1652 2766 1717 2802 Aug.
1725 2766 1888 2802 promulgata

1092 2812 1141 2841 obn
1145 2812 1186 2839 ire
1191 2811 1320 2839 observari
1326 2812 1430 2847 pracipi
1433 2816 1517 2844 antur,
1524 2812 1590 2839 sicut
1597 2817 1621 2839 et
1626 2812 1721 2848 legalia
1727 2812 1887 2840 observanda

1092 2867 1148 2886 esse
1171 2862 1321 2886 noscuntur.
1342 2857 1371 2885 In
1391 2857 1487 2892 quibus
1511 2857 1635 2892 capitulis
1657 2858 1756 2894 passim
1769 2859 1887 2885 citintur

1092 2911 1211 2933 canones
1221 2906 1247 2932 et
1260 2903 1366 2933 decreta
1380 2901 1538 2939 pontiﬁcum
1557 2909 1617 2938 qua:
1634 2903 1659 2931 in
1674 2902 1768 2932 codice
1783 2902 1885 2931 Roma-
