4128 6348
355 353 420 408 δι
951 344 1028 405 IN
1067 344 1357 406 CODICEM
1399 347 1722 406 CANONUM
1765 349 1933 406 UNIV.

2035 349 2256 409 CCLES.
2297 350 2621 412 JUSTELLI
2661 350 3050 414 ΡΒᾸΞΕΑΤΙΟ.
3552 357 3628 418 58

357 485 441 526 na
469 466 722 525 Ecclesia
751 466 1294 537 comprehenduntur.
1327 464 1480 522 Unde
1510 474 1732 537 apparet
1786 465 1933 520 illum
1962 470 2008 529 Α
2039 481 2189 537 papa:
2211 468 2475 524 sententia
2505 483 2574 524 ex
2598 468 2740 526 illius
2761 471 2986 540 epistola
3014 470 3080 526 ad
3111 470 3387 528 Rusticum
3414 472 3622 532 Narbo-

355 563 619 628 codicem,
643 575 804 631 quem
834 561 902 614 ab
924 557 1194 614 Hadriano
1219 557 1240 613 I
1280 557 1479 613 Karolo
1519 558 1710 626 Magno
1753 558 1936 612 datum

354 653 521 710 fuisse
546 653 803 718 diximus,
833 651 977 706 circa
1003 650 1117 705 hac
1149 662 1389 719 tempora
1422 650 1488 703 ab
1526 648 1762 705 Ecclesia
1810 646 1936 702 Gal-

354 745 529 800 licana
551 741 782 812 primum
811 748 1084 810 receptum
1106 749 1160 794 et
1189 741 1542 810 approbatum
1588 740 1770 795 fuisse.
1827 737 1936 794 Ex-

352 842 502 890 stant
523 840 580 888 et
606 830 842 902 capitula
870 829 1050 884 Karoli
1078 830 1226 885 Calvi
1255 840 1310 885 et
1332 845 1704 886 successorum
1734 829 1938 898 aliquot

353 925 599 982 Francia
623 938 808 993 regum
837 923 892 978 in
939 922 1164 977 diversis
1193 922 1411 992 synodis
1459 919 1626 984 edita,
1677 937 1708 975 a
1736 919 1937 976 Iacobo
1963 914 1969 919 ’

355 1014 645 1073 Sirmondo
684 1014 738 1068 in
766 1027 930 1068 unum
957 1012 1208 1078 collecta,
1237 1012 1485 1080 notisque
1512 1010 1837 1066 doctissimis
1875 1011 1940 1064 il-

358 1108 582 1164 Iustrata
607 1119 753 1161 anno
777 1102 931 1158 I625.
978 1103 1206 1158 Secutus
1227 1112 1310 1158 est
1337 1102 1428 1156 lvo
1455 1100 1801 1156 Carnotensis
1820 1102 1936 1170 epi-

355 1213 575 1269 scapus,
590 1195 741 1266 cujus
766 1195 1013 1250 collectio
1037 1194 1181 1248 circa
1212 1208 1411 1247 annum
1435 1190 1591 1257 “02,
1607 1191 1707 1247 sub
1728 1191 1938 1247 Decreti

353 1287 596 1354 nomine,
621 1283 941 1356 jampridem
968 1283 1025 1337 in
1051 1283 1224 1338 lucem
1253 1281 1471 1352 prodiit.

425 1374 612 1429 Restat
641 1381 700 1427 ut
726 1373 793 1427 de
823 1371 1108 1442 Hispanica
1134 1379 1189 1425 et
1230 1371 1519 1439 Anglicana
1559 1369 1798 1426 Ecclesia
1836 1370 1936 1424 ali-

352 1467 482 1538 quid
511 1466 770 1521 dicamus.
803 1465 879 1518 Ac
920 1463 988 1518 de
1025 1462 1276 1532 Hispanis
1303 1462 1519 1531 quidem
1557 1462 1790 1517 dubitari
1831 1477 1938 1517 non

353 1566 536 1630 potest
556 1558 676 1612 illos
695 1556 996 1627 priscorum
1025 1553 1304 1610 Canonum
1325 1552 1524 1610 Codice
1541 1553 1794 1610 Ecclesiae
1817 1555 1937 1608 uni-

354 1664 525 1706 versa
553 1647 1088 1718 comprehensorum,
1114 1644 1234 1714 jure
1277 1645 1345 1699 ab
1386 1644 1540 1699 initio
1583 1659 1710 1700 usos
1753 1643 1936 1710 fuisse,

352 1756 582 1812 quorum
613 1739 750 1796 adeo
773 1738 1001 1795 studiosi
1028 1746 1086 1792 et
1119 1745 1362 1792 amantes
1383 1735 1553 1800 fuere,
1594 1744 1656 1791 ut
1689 1752 1812 1791 cum
1850 1752 1939 1806 sy-

2035 573 2257 615 nensem
2289 561 2600 631 episcopum
2619 561 2923 633 desumpta,
2944 577 3064 632 qua
3083 563 3297 632 quidem
3327 564 3622 624 Innocentii

2034 659 2091 706 et
2117 649 2313 708 Leonis
2334 653 2573 723 epistola
2594 652 2646 708 in
2675 653 2876 710 Codice
2907 653 3187 711 Canonum
3220 655 3478 714 Ecclesia
3508 659 3621 716 Ro-

2037 756 2208 797 mana
2236 743 2594 813 reperiuntur.

2108 851 2222 907 Iloc
2251 851 2366 920 ipso
2394 853 2613 921 saculo,
2643 852 2901 910 Martinus
2931 853 3313 911 Bracharensis
3333 856 3624 928 episcopus

2037 941 2283 1000 Latinam
2312 942 2622 998 Gracorum
2669 960 2936 1000 canonum
2976 945 3472 1016 interpretationem
3502 950 3621 1005 edi-

2037 1030 2134 1096 dit,
2159 1046 2278 1101 qua
2317 1031 2650 1088 collectionis
2677 1031 3029 1089 Orientalium
3083 1051 3348 1092 canonum
3382 1040 3620 1106 nomine,

2038 1121 2106 1176 ad
2139 1121 2450 1190 Nitigesium
2480 1123 2566 1178 vel
2588 1124 2896 1180 universum
2931 1125 3217 1180 concilium
3248 1125 3503 1183 Lucencis
3525 1127 3628 1184 Ec-

2034 1213 2213 1268 clesia
2241 1213 2467 1279 directa,
2517 1215 2657 1270 inter
2703 1216 2932 1272 concilia
2957 1216 3227 1288 Hispania
3248 1227 3442 1273 exstat.
3468 1219 3623 1276 Unde

2040 1311 2220 1356 autem
2249 1302 2456 1371 singula
2483 1303 2714 1375 capitula
2744 1313 3046 1373 sumantur,
3078 1322 3184 1361 non
3214 1307 3481 1376 ascripsit.
3513 1306 3634 1363 Sed

2038 1395 2082 1449 si
2113 1409 2174 1448 ea
2197 1397 2536 1450 conferamus
2564 1411 2686 1451 cum
2737 1395 2940 1452 Gracis
2972 1397 3270 1452 canonibus
3297 1397 3494 1453 Codice
3522 1397 3627 1456 Ec-

2039 1482 2217 1538 clesia
2246 1483 2507 1538 universa
2529 1485 2954 1555 comprehensis,
2970 1501 3036 1540 ex
3060 1501 3126 1541 eo
3155 1486 3377 1542 omnino
3401 1487 3620 1543 desum-

2040 1581 2130 1644 pta
2160 1589 2279 1629 esse
2308 1574 2661 1641 inveniemus,
2694 1577 2877 1646 paucis
2899 1577 3140 1646 exceptis
3166 1592 3284 1646 qua
3310 1593 3378 1634 ex
3407 1576 3629 1634 Toleta-

2042 1663 2124 1718 nis
2147 1664 2390 1719 conciliis
2420 1665 2487 1720 ad
2505 1666 2789 1720 utilitatem
2813 1665 3169 1722 Ecclesiarum
3195 1666 3485 1738 Hispania,
3510 1668 3625 1724 sive

2042 1753 2110 1807 ab
2138 1768 2227 1819 eo,
2257 1755 2371 1809 sive
2400 1755 2468 1810 ab
2497 1755 2605 1810 alio
2632 1756 2810 1810 addita
2840 1765 2981 1811 sunt.
3015 1756 3124 1812 Nec
3170 1756 3391 1828 Hispani
3431 1757 3624 1814 Latina

352 1830 510 1888 nodis
554 1829 979 1894 subscriberent,
1019 1827 1123 1883 hac
1159 1826 1388 1882 formula
1431 1834 1729 1892 uterentur,
1790 1827 1933 1880 salva
1969 1830 2014 1889 Β
2042 1842 2498 1913 υίοηγείίεχίευί
2524 1846 2966 1915 interpretatione
3005 1848 3083 1901 usi
3113 1826 3383 1913 sulm-sed
3413 1848 3502 1904 ina
3530 1865 3626 1906 ve-

353 1923 661 1976 auctoritate
685 1921 972 1990 priscorum
1001 1934 1274 1984 canonum,
1300 1926 1359 1972 ut
1380 1916 1434 1972 in
1455 1917 1937 1987 subscriptionibus

353 2015 571 2070 concilii
598 2012 837 2068 Toletani
877 2026 914 2067 ιι
960 2010 1251 2066 observare
1282 2009 1426 2064 licet.
1468 2006 1534 2062 Et
1576 2008 1939 2066 Bracharense

353 2105 641 2162 concilium
671 2119 812 2159 anno
840 2100 947 2158 565
981 2101 1340 2164 celebratum,
1387 2099 1704 2154 nominatim
1726 2097 1937 2153 Codicis

351 2195 633 2250 Canonum
675 2193 918 2248 meminit
974 2192 1062 2245 his
1108 2191 1321 2245 verbis:
1357 2189 1626 2243 Lucretius
1669 2189 1935 2258 episcopus

352 2285 485 2339 dixit
509 2302 527 2338 :
561 2283 926 2339 Necessarium
948 2281 1191 2346 arbitror,
1223 2284 1273 2334 si
1299 2290 1480 2338 vestra
1513 2281 1828 2350 fraternitati
1862 2280 1936 2332 vi-

350 2376 520 2443 detur,
543 2386 599 2428 ut
618 2376 856 2430 instituta
884 2381 1183 2428 sanctorum
1216 2370 1467 2435 Patrum,
1511 2371 1775 2426 recensitis
1807 2371 1939 2425 anti-

352 2469 464 2538 quis
493 2465 794 2533 canonibus,
825 2467 1180 2520 innotescunt:
1204 2479 1318 2534 qua:
1344 2464 1440 2517 etsi
1470 2480 1571 2517 non
1593 2465 1786 2530 omnia,
1802 2473 1938 2517 certe

351 2557 429 2612 ωι
462 2573 630 2626 pauca
669 2555 909 2628 quadam
954 2568 1068 2625 qua:
1116 2553 1185 2606 ad
1237 2553 1632 2607 instructionem
1681 2552 1936 2607 clericalis

350 2647 643 2717 disciplinae
669 2647 946 2716 pertinent,
977 2644 1290 2715 relegantur.
1324 2641 1514 2697 Omnes
1536 2644 1759 2714 episcopi
1784 2645 1934 2698 dixe-

351 2751 510 2795 runt:
540 2739 718 2794 Placet
743 2738 880 2811 quod
903 2737 1098 2791 dictant
1133 2746 1244 2802 est,
1271 2745 1320 2790 et
1359 2752 1586 2807 congrua
1626 2753 1708 2792 res
1751 2746 1845 2801 est,
1880 2745 1936 2790 ut

350 2831 533 2900 quibus
556 2834 778 2900 fortasse
799 2845 892 2899 per
917 2827 1174 2881 incuriam
1209 2825 1404 2882 abolita
1433 2827 1553 2881 s’unt
1589 2827 1936 2881 ecclesiastica

349 2922 649 2987 constituta,
686 2919 907 2974 audiant
950 2924 1250 2972 sanctorum
1289 2932 1546 2971 canonum
1586 2917 1836 2987 regulam,
1885 2926 1935 2969 et

351 3009 636 3065 observent.
673 3008 867 3064 llelecti
897 3015 1015 3062 sunt
1061 3022 1125 3061 ea:
1171 3008 1370 3064 Codice
1406 3007 1710 3073 Canonum,
1759 3024 1934 3062 coram

348 3101 590 3164 concilio,
616 3108 725 3154 tam
751 3100 1067 3171 generalium
1087 3100 1401 3169 synodorum
1424 3116 1646 3154 canones
1675 3117 1827 3170 quam
1856 3101 1934 3154 lo-

2043 1932 2144 1986 teri
2174 1947 2336 2000 quam
2365 1932 2600 1988 Isidorus
2618 1935 2854 2001 exhibet,
2884 1936 2952 1990 ad
2981 1935 3133 2006 cujus
3160 1938 3471 1995 methodum
3494 1956 3627 1996 con-

2043 2025 2167 2080 cilia
2198 2025 2482 2096 Hispania,
2515 2035 2574 2081 ut
2602 2026 2921 2083 Toletanum
2945 2044 3039 2094 xn,
3068 2030 3197 2084 citat
3221 2029 3435 2087 Graecos
3462 2047 3628 2089 cano-

2040 2130 2157 2170 nes.
2183 2114 2264 2169 Ex
2291 2116 2395 2171 hac
2424 2124 2603 2172 autem
2644 2117 2966 2173 collectione
2995 2128 3235 2189 apparet,
3271 2135 3506 2176 canones
3529 2121 3623 2190 qui

2036 2209 2290 2264 dicuntur
2329 2209 2731 2279 Apostolorum,
2777 2224 2806 2263 a
2848 2210 3077 2265 Martino
3121 2211 3475 2267 Bracharcnsi
3504 2226 3626 2269 esse

2036 2300 2355 2368 praeteritos,
2380 2307 2437 2353 ut
2465 2308 2592 2368 pote
2616 2300 2755 2354 illius
2781 2308 2942 2356 atate
2970 2301 3036 2356 ab
3067 2300 3307 2357 Ecclesia
3337 2301 3624 2373 Hispanica

2041 2391 2276 2447 nondum
2308 2398 2576 2462 receptos.
2600 2391 2704 2447 Sed
2735 2401 2791 2447 et
2843 2393 3078 2450 Isidorus
3131 2393 3462 2464 Hispalensis
3506 2396 3623 2465 epi-

2035 2498 2253 2553 scopus,
2284 2483 2373 2553 qui
2416 2484 2648 2539 concilio
2677 2482 2944 2540 Toletano
2974 2501 3027 2540 1v
3073 2485 3410 2556 subscripsit,
3443 2485 3512 2542 de
3541 2487 3626 2543 his

2035 2577 2333 2631 canonihus
2362 2575 2479 2632 hac
2507 2577 2672 2631 tradit
2703 2595 2715 2629 :
2751 2578 2984 2633 (Iunones
3018 2581 3104 2649 qui
3134 2581 3376 2636 dicuntur
3399 2581 3624 2653 Aposto-

2035 2668 2222 2730 lorum,
2244 2683 2332 2720 seu
2381 2667 2500 2737 quia
2529 2667 2732 2721 eosdem
2762 2684 2853 2721 nec
2899 2674 3046 2722 sedes
3096 2671 3378 2739 apostolica
3418 2672 3620 2742 recipit,

2035 2774 2129 2812 nec
2151 2759 2319 2812 sancti
2363 2757 2550 2813 Patres
2595 2758 2701 2813 illis
2749 2775 3017 2814 assensum
3059 2761 3407 2831 prwbuerunt,
3446 2779 3541 2831 pro
3563 2779 3624 2818 eo

2037 2852 2176 2923 quod
2203 2851 2266 2904 ab
2296 2852 2571 2918 ha’reticis,
2602 2852 2693 2906 sub
2732 2855 2940 2908 nomine
2977 2855 3326 2924 apostolorum
3355 2857 3624 2926 compositi

2037 2945 2431 3014 dignoscantur,
2464 2947 2695 3013 quamvis
2725 2947 2778 2998 in
2800 2947 2871 2999 eis
2896 2946 3043 2999 utilia
3073 2948 3420 3011 inreniantur,
3450 2956 3621 3001 tamen

2036 3035 2100 3088 ab
2131 3037 2438 3090 auctoritate
2467 3036 2720 3089 canonica
2750 3045 2902 3106 atque
2951 3037 3234 3104 apostolica
3274 3053 3449 3090 eorum
3478 3045 3622 3106 gestu

2037 3133 2240 3178 constat
2287 3139 2398 3177 esse
2426 3134 2642 3186 remota,
2674 3132 2824 3193 atque
2865 3124 3000 3178 inter
3026 3125 3320 3194 apocrypha
3351 3125 3617 3195 deputata.

351 3191 565 3245 calium.
597 3188 668 3244 Et
692 3199 896 3260 postea,
927 3205 1045 3245 can.
1070 3190 1138 3244 40
1169 3208 1182 3244 :
1223 3190 1427 3244 Placuit
1453 3199 1507 3244 ut
1536 3201 1795 3262 prcecepta
1838 3207 1933 3245 an-

2039 3214 2268 3269 Secutus
2299 3222 2382 3268 est
2412 3214 2641 3270 Isidorus
2681 3188 2834 3279 alter,
2861 3215 3026 3270 etiam
3059 3188 3346 3285 Hispanus
3369 3252 3383 3278 ,
3428 3217 3520 3287 qui
3567 3216 3622 3272 in

354 3281 616 3350 liquerunt
640 3296 897 3334 canonum
924 3297 1038 3352 qua
1059 3281 1209 3336 modo
1234 3282 1290 3343 in
1305 3283 1530 3338 concilio
1559 3283 1772 3336 recitata
1793 3291 1930 3348 sunt,

350 3372 528 3426 nullus
555 3372 744 3426 audeat
762 3375 1046 3441 praeterire.
1077 3373 1296 3429 Codicis
1323 3375 1486 3429 etiam
1517 3375 1795 3431 Canonum
1820 3390 1934 3430 me-

350 3459 505 3515 minit
532 3462 818 3517 concilium
844 3461 1159 3518 Toletanum
1191 3480 1264 3529 1v,
1293 3479 1436 3520 anno
1455 3463 1561 3519 635
1582 3465 1932 3530 celebratum,

354 3563 474 3603 can.
502 3550 557 3615 '5,
584 3549 688 3605 Set
714 3550 748 3604 4
781 3569 793 3604 :
819 3550 1082 3607 Diacenus
1107 3552 1358 3610 Codicem
1385 3553 1664 3611 Canonum
1693 3557 1745 3609 in
1767 3556 1933 3610 medio

351 3643 636 3711 proferens,
687 3643 912 3712 capitula
961 3644 1024 3698 de
1076 3645 1309 3699 conciliis
1364 3646 1576 3716 agendis
1609 3648 1929 3716 pronuntiat.

352 3727 613 3786 Ilabuisse
642 3733 804 3786 etiam
837 3732 1123 3804 Hispanos,
1154 3743 1213 3789 ut
1242 3743 1297 3790 et
1325 3735 1607 3791 Africanos
1635 3745 1689 3790 et
1730 3736 1932 3804 Gallos,

350 3821 634 3888 quamdam
657 3836 875 3876 suarum
895 3823 1222 3895 synodorum
1238 3825 1525 3894 specialem
1556 3827 1932 3882 collectionem

351 3923 418 3962 ex
448 3907 716 3980 Hispania
741 3912 984 3968 conciliis
1025 3915 1401 3984 compositam,
1457 3916 1678 3971 innuere
1725 3917 1936 3973 videtur

348 3995 690 4055 Innocentius
738 3999 804 4055 III
832 4016 969 4072 papa
1000 4002 1053 4056 in
1080 4003 1307 4072 epistola
1359 4002 1425 4057 ad
1452 4003 1671 4059 Petrum
1699 4004 1934 4076 Compo-

350 4091 631 4145 stelionum
673 4091 816 4147 illius
861 4094 1028 4148 verba
1073 4092 1311 4149 referens
1342 4094 1511 4164 (Tom.
1565 4095 1631 4149 III
1660 4095 1929 4168 Concil.):

349 4178 489 4234 Eme.
504 4182 688 4247 itense,
722 4183 913 4252 inquit,
937 4184 1213 4239 concilium
1241 4187 1592 4240 authenticum
1612 4205 1742 4255 esse,
1756 4189 1933 4244 multis

349 4274 635 4329 rationibus
664 4274 952 4342 astruebas,
979 4286 1085 4330 tum
1104 4277 1224 4348 quia
1252 4293 1367 4331 cum
1391 4277 1508 4333 aliis
1529 4281 1762 4335 conciliis
1801 4297 1928 4336 con-

348 4364 539 4418 tinetur
556 4367 613 4420 in
634 4366 764 4422 libro
786 4370 872 4439 qui
919 4368 1117 4439 Corpus
1143 4367 1412 4424 Canonum
1441 4373 1750 4442 appellatur,
1783 4391 1934 4444 quem

349 4452 646 4509 Alexander
672 4474 812 4528 papa
835 4474 927 4527 per
954 4459 1400 4516 interlocutionem
1429 4464 1780 4519 authenticum
1833 4483 1930 4537 ap-

2036 3305 2278 3376 pluribus
2304 3306 2536 3376 vulgatis
2565 3316 2618 3362 et
2645 3323 2774 3362 mss.
2816 3307 3110 3376 codicibus,
3143 3307 3408 3364 Mercator
3437 3310 3624 3380 appel-

2036 3396 2195 3450 latur.
2220 3395 2272 3450 Is
2313 3405 2551 3452 veterem
2580 3399 2816 3453 codicem
2848 3399 3015 3463 auxit,
3047 3398 3354 3455 accessione
3384 3399 3621 3468 ipsorum

2036 3501 2302 3541 canonum
2352 3487 2812 3555 apostolicorum,
2875 3487 3272 3542 Sardicensium
3335 3490 3495 3543 etiam
3567 3496 3625 3544 et

2036 3577 2428 3642 Africanorum,
2471 3592 2534 3633 ac
2574 3577 2910 3633 diversorum
2954 3578 3308 3633 conciliorum
3351 3576 3538 3634 Gallia
3565 3587 3625 3634 et

2035 3666 2335 3738 Hispania:
2369 3666 2460 3722 sed
2491 3676 2545 3724 et
2569 3669 2915 3745 epistolarum
2956 3669 3305 3723 decretalium
3353 3668 3625 3725 Romano-

2035 3776 2154 3816 rum
2199 3759 2528 3830 pontificum,
2576 3775 2607 3815 a
2654 3759 2936 3816 Clemente
2995 3775 3162 3829 usque
3202 3760 3269 3815 ad
3298 3759 3618 3830 Gregorium

2036 3849 2304 3918 Magnum,
2329 3860 2388 3905 ut
2409 3852 2525 3921 ipse
2547 3859 2777 3907 testatur
2805 3851 2858 3906 in
2903 3852 3130 3921 epistola
3175 3867 3286 3906 sua
3313 3853 3622 3908 collectioni

2034 3939 2271 4010 praefixa,
2306 3955 2466 4010 quam
2489 3956 2588 3995 ms.
2615 3956 2782 4011 penes
2807 3956 2906 3996 nos
2934 3940 3211 4004 habemus,
3232 3957 3351 4011 qua
3380 3942 3542 3997 etiam
3567 3942 3622 3997 in

2032 4029 2242 4101 Corpus
2262 4031 2507 4086 Gratiani
2530 4032 2701 4086 relata
2732 4039 2812 4087 est
2847 4030 3000 4103 (Can.
3029 4030 3254 4099 Placuit,
3276 4031 3339 4085 16
3365 4033 3534 4102 dist.).
3555 4031 3623 4087 In

2034 4121 2288 4191 principio
2330 4121 2479 4192 hujus
2525 4123 2818 4186 voluminis,
2851 4123 3042 4192 inquit,
3087 4122 3309 4194 qualiter
3348 4126 3621 4179 concilium

2035 4209 2174 4277 apud
2201 4227 2294 4263 nos
2321 4211 2608 4263 celebratur
2637 4213 2921 4278 posuimus,
2945 4220 3001 4263 ut
3021 4213 3105 4281 qui
3127 4221 3357 4265 nostrum
3387 4214 3619 4267 ordinem

2034 4301 2175 4369 sequi
2215 4299 2487 4362 voluerint,
2511 4301 2678 4353 sciant
2698 4299 2928 4368 qualiter
2951 4300 3044 4354 hoc
3076 4316 3228 4370 agere
3249 4300 3485 4356 debeant.
3516 4302 3622 4358 De-

2035 4390 2186 4459 nique
2204 4397 2412 4459 prapter
2431 4406 2605 4444 eorum
2628 4390 3006 4454 auctoritatem,
3024 4390 3220 4444 caeteris
3238 4392 3471 4445 conciliis
3494 4408 3624 4461 pra.

2033 4480 2297 4546 posuimus
2348 4496 2574 4534 canones
2621 4481 2706 4552 qui
2754 4480 2999 4533 dicuntur
3027 4481 3413 4550 Apostolorum,
3445 4482 3562 4537 licet
3589 4501 3622 4537 a

348 4543 602 4641 Ρξοθξνξξς
634 4545 732 4601 ῧυί
759 4548 1067 4641 εοίιεοξίοηί
1105 4548 1408 4620 Hispallij
1449 4553 1706 4608 ηοηηυῘΙὶι
1748 4553 1932 4611 ΕΟΟῙΟ·
1959 4550 2006 4609 D
2034 4543 2339 4639 quibusdam
2396 4543 2687 4640 apocryphi
2739 4571 2997 4632 dicantur,
3031 4543 3274 4641 quoniam
3326 4543 3496 4641 plures
3533 4590 3620 4627 eos

350 4634 442 4690 sia
463 4632 754 4692 Gallicana
773 4638 1088 4704 constituta,
1118 4648 1173 4696 et
1200 4642 1457 4710 quasdam
1488 4643 1796 4712 pontiﬁcum
1822 4646 1932 4701 Ro-

348 4735 632 4781 manorum
654 4726 908 4796 epistolas
928 4725 1230 4785 decretales
1282 4731 1512 4787 insertas
1560 4733 1725 4790 fuisse
1773 4736 1929 4792 facile

348 4820 433 4868 est
454 4814 710 4884 colligere
737 4832 803 4872 ex
834 4818 899 4874 iis
919 4832 1039 4888 qua
1065 4835 1226 4890 supra
1265 4821 1333 4877 de
1361 4821 1651 4883 Gallicanis
1701 4830 1926 4883 canoni-

347 4903 451 4960 bus
471 4906 718 4976 diximus,
749 4917 805 4965 et
833 4925 900 4966 ex
930 4912 1143 4967 concilii
1163 4913 1406 4970 Toletani
1439 4932 1496 4972 ιιι
1529 4916 1704 4989 (585),
1735 4934 1853 4975 can.
1884 4936 1925 4988 I,

349 5000 410 5048 et
429 4991 837 5055 Barcinonensis
855 4998 1026 5071 (599),
1043 5017 1162 5057 can.
1187 5004 1240 5059 3.
1257 5003 1362 5060 Illa
1391 5021 1518 5062 vero
1540 5018 1663 5063 sunt
1685 5011 1926 5081 epistola

345 5097 472 5153 qua
499 5093 686 5154 postea
721 5088 774 5143 in
811 5089 1007 5148 Codice
1053 5091 1330 5148 Canonum
1369 5094 1626 5152 Ecclesia
1673 5099 1928 5157 Romana

345 5172 566 5231 inserta
584 5184 727 5233 sunt.
760 5177 914 5246 Quod
935 5182 1077 5238 enim
1099 5182 1295 5239 dicitur
1316 5200 1433 5241 can.
1467 5187 1533 5242 16
1578 5191 1791 5246 concilii
1817 5191 1927 5248 To-

345 5265 514 5324 letani
566 5284 640 5335 tv,
696 5272 960 5345 Synodica
996 5277 1273 5347 praesulum
1331 5277 1684 5337 Romanorum
1723 5283 1928 5340 decreta

345 5359 710 5432 Apocalypsim
729 5364 951 5421 Joannis
987 5369 1120 5422 inter
1155 5370 1353 5426 divinos
1384 5371 1543 5427 libros
1583 5376 1928 5444 recipiendam

347 5451 692 5520 constituunt,
726 5455 779 5510 id
799 5459 988 5528 procul
1010 5459 1172 5516 dubio
1204 5463 1427 5532 intelligi
1450 5481 1548 5535 par
1582 5478 1665 5521 est
1706 5469 1773 5524 de
1811 5470 1926 5541 epi-

347 5541 486 5628 stola
523 5542 822 5603 Innocentii
859 5548 880 5603 I
911 5565 1065 5622 papa
1109 5554 1178 5607 ad
1215 5552 1536 5624 Exuperium
1577 5556 1925 5628 Tolosanum,

346 5627 402 5686 In
430 5646 537 5704 qua
573 5633 641 5690 de
669 5636 819 5693 libris
855 5638 909 5694 in
946 5656 1155 5699 canone
1198 5645 1517 5715 recipiendis
1546 5648 1740 5716 agitur,
1792 5627 1931 5708 inter

292 5772 304 5781 _
343 5730 484 5789 quos
533 5719 877 5783 Innocentius
913 5727 1289 5803 Apocalypsim
1334 5733 1554 5790 Ioannis
1609 5737 1927 5795 nominatim

347 5822 614 5874 recenset.
635 5812 702 5875 Et
724 5817 776 5876 In
798 5820 1025 5882 concilio
1045 5823 1308 5885 Toletano
1334 5843 1383 5884 vi
1414 5825 1660 5888 laudatur
1688 5829 1924 5890 Leonlsl

2034 4660 2307 4727 recipiunt,
2335 4669 2383 4713 et
2419 4661 2586 4714 sancti
2617 4660 2800 4714 Patres
2842 4678 3016 4715 eorum
3064 4663 3347 4715 sententias
3377 4664 3620 4734 synodali

2032 4749 2340 4803 auctoritate
2365 4750 2751 4811 roboravernnt.
2777 4759 2827 4804 et
2854 4751 2987 4804 inter
3017 4753 3295 4806 canonicos
3339 4764 3622 4822 posuerunt

2031 4839 2436 4893 constitutiones.
2467 4838 2670 4892 Deinde
2690 4841 3027 4908 quarumdam
3050 4842 3383 4911 cpistolarum
3415 4843 3619 4898 decreta

2029 4929 2252 4982 uirorum
2282 4930 2679 4998 apostolicorum
2703 4931 3110 4994 interseruimus,
3136 4931 3190 4985 id
3217 4941 3292 4985 est
3321 4933 3616 5001 Clementis,

2031 5017 2287 5084 Anacleti,
2335 5017 2589 5085 Evaristi,
2637 5030 2684 5072 et
2715 5029 3015 5074 creterorum
3064 5021 3460 5091 apostolicorum
3492 5039 3617 5094 quas

2031 5110 2289 5178 potuimus
2342 5109 2587 5164 hactenus
2643 5110 2866 5180 reperire
2897 5111 3160 5182 epistolas,
3193 5129 3348 5185 usque
3396 5113 3464 5165 ad
3493 5113 3617 5183 Syl-

2034 5209 2255 5254 veslrum
2284 5217 2494 5271 papam.
2531 5201 2864 5257 l'ostmodum
2893 5221 3008 5258 vero
3059 5203 3335 5258 Nicwnam
3362 5205 3614 5276 synodum

2033 5291 2410 5358 constituimus,
2431 5301 2639 5362 prepter
2660 5295 3015 5349 auctoritatem
3039 5296 3268 5366 ejusdem
3297 5299 3472 5369 magni
3494 5315 3617 5353 con-

2031 5382 2160 5436 cilii.
2193 5381 2446 5454 Deinceps
2495 5385 2812 5440 diversorum
2857 5388 3189 5441 conciliorum
3232 5387 3526 5445 Graecorum
3551 5408 3614 5446 ac

2034 5469 2360 5538 Latinorum,
2388 5473 2492 5528 sive
2517 5492 2631 5545 qua:
2659 5487 2797 5542 ante,
2831 5494 2917 5530 seu
2961 5493 3074 5549 qua:
3119 5483 3442 5549 postmodum
3472 5485 3612 5554 facta

2030 5576 2170 5630 sunt,
2218 5568 2309 5621 sub
2356 5569 2536 5624 ordine
2573 5588 2898 5625 numerorum
2931 5588 2991 5625 ac
3037 5583 3339 5647 temporum,
3373 5579 3612 5647 capitulis

2030 5658 2137 5711 suis
2166 5657 2406 5714 distincte
2433 5660 2525 5715 sub
2555 5663 2707 5733 hujus
2737 5664 3010 5720 voluminis
3066 5679 3270 5740 aspectu
3300 5673 3573 5725 locarimus
3591 5691 3608 5725 :

2031 5745 2357 5817 subjicientes
2387 5753 2545 5804 etiam
2569 5753 2761 5822 reliqua
2792 5755 2996 5810 decreta
3025 5763 3302 5834 pra‘sulnnt
3348 5761 3608 5816 Romane-

2028 5853 2141 5892 rum
2164 5853 2319 5911 usque
2335 5839 2403 5894 ad
2427 5850 2663 5898 sanctum
2686 5841 3006 5918 Gregorium.
3038 5848 3154 5920 Ipse
3178 5861 3354 5906 autem
3378 5850 3606 5908 Isidorus
