4128 6348
526 357 599 416 39
1508 426 1513 431 ἰ
1782 354 2138 413 DIONYSIUS
2177 354 2497 413 EXICUUS.
3724 355 3798 413 ιο

526 471 791 526 Mercator
810 464 1023 528 concilii
1049 468 1292 527 Toletani
1316 485 1366 525 xl
1392 467 1539 541 (675)
1563 469 1823 533 meminit,
1856 470 2104 540 illiusque
2134 483 2181 541 Α
2208 481 2258 525 et
2296 490 2360 525 ex
2388 472 2563 525 eodem
2593 469 2723 524 libro
2751 470 2922 523 decem
2953 468 3200 539 capitula,
3224 483 3337 538 qua
3364 484 3455 538 per
3495 469 3611 525 loca
3638 478 3795 525 nota-

525 561 778 617 collcctio
800 577 830 615 a
850 561 1145 618 canonibus
1172 560 1543 631 apostolorum
1570 560 1910 630 protenditur
1940 576 2111 631 usque

524 652 593 707 ad
614 654 901 709 concilium
928 654 1245 710 Toletanum
1276 670 1367 709 xu.
1412 653 1546 710 Huic
1568 656 1733 710 etiam
1764 657 1950 711 inserti
1982 665 2111 712 sunt

521 757 763 799 canones
812 743 879 798 ab
932 742 1531 812 Hadrianolpontilice
1578 743 1815 812 collecti,
1850 755 1905 800 et
1932 744 2107 813 lngel-

524 848 714 890 ramno
744 833 1160 891 Mediomatricis
1178 836 1327 891 urbis
1348 835 1604 905 episcopo
1633 824 1838 890 traditi.
1874 833 2024 891 Unde
2047 837 2111 889 li-

522 932 654 991 quet
680 924 818 980 hanc
844 924 1218 980 collectionem
1263 941 1372 980 non
1416 940 1535 981 esse
1563 926 1751 980 lsidnri
1780 926 2111 997 Hispalensis

522 1013 791 1082 episcopi,
819 1023 878 1068 ut
897 1014 1047 1069 multi
1077 1016 1291 1070 nomine
1310 1017 1518 1085 decepti
1542 1031 1821 1087 perperam
1842 1026 1968 1073 sunt
1995 1019 2112 1089 opi-

524 1106 663 1169 nati,
714 1106 809 1161 sed
840 1106 984 1160 illius
1009 1106 1197 1161 lsidori
1235 1116 1596 1176 cognomento
1634 1107 1969 1165 Mercatoris.
2015 1109 2111 1163 lsi-

520 1194 691 1250 dorus
718 1194 861 1250 enim
899 1196 1249 1267 llispalensis,
1278 1206 1336 1252 ut
1364 1204 1638 1255 testantur
1665 1197 1938 1269 Hispanici
1978 1200 2111 1255 scri-

522 1291 730 1351 ptores,
762 1292 1007 1341 mortuus
1034 1293 1119 1341 est
1144 1300 1287 1341 anno
1310 1284 1436 1341 655.
1478 1285 1554 1341 Ex
1585 1288 1954 1357 superioribus
1982 1304 2111 1345 vero

522 1382 741 1428 constat
793 1373 1053 1431 lsidorum
1100 1375 1455 1433 Mercatorem
1494 1378 1692 1434 vixisse
1731 1379 1878 1435 circa
1928 1379 2110 1435 Caroli

523 1466 702 1537 Magni
723 1478 779 1524 et
806 1468 1057 1526 Hadriani
1084 1471 1104 1525 Ι
1129 1472 1394 1542 pontiﬁcis
1417 1480 1679 1542 tempora,
1702 1486 1930 1541 quorum
1950 1479 2111 1528 aetate

525 1559 671 1614 illius
698 1560 950 1617 collectio
1005 1562 1057 1616 in
1084 1562 1255 1617 Gallia
1286 1564 1517 1633 primum
1563 1564 1903 1619 innotescere
1924 1564 2105 1634 empit,

520 1664 643 1718 qua:
670 1658 826 1705 aucta
872 1651 1163 1707 multorum
1200 1668 1468 1708 canonum
1499 1654 1809 1710 accessione
1829 1654 1882 1708 in
1909 1670 2107 1711 nomen

524 1740 656 1796 illud
685 1743 928 1811 transiit,
981 1750 1041 1798 ut
1065 1744 1229 1799 etiam
1268 1743 1432 1801 Lmen
1474 1761 1571 1800 seu
1617 1744 1827 1801 Conpus
1849 1744 2107 1803 Csxouuu

518 1832 833 1897 diceretur;
863 1834 941 1888 sic
970 1834 1113 1888 enim
1159 1836 1321 1891 habet
1373 1836 1515 1890 illius
1560 1836 1839 1905 inscriptio
1887 1836 1940 1890 in
1987 1852 2109 1892 meo

521 1921 715 1977 codice
752 1936 888 1977 ms.:
938 1922 1132 1994 Incipit
1166 1924 1295 1980 liber
1330 1926 1417 1996 qui
1458 1927 1753 1997 appellatur
1778 1927 1989 1983 Conrus
2015 1943 2110 1983 cs-

522 2024 726 2066 NONUM.

605 2101 681 2157 De
708 2100 905 2160 Codice
932 2102 1211 2161 Canonum
1241 2104 1492 2164 Ecclesia:
1530 2108 1847 2165 Britannicae
1872 2124 1968 2165 seu
1999 2110 2111 2165 An-

520 2191 749 2259 glicanze
771 2195 1074 2251 testimonia
1103 2197 1345 2265 quaedam
1366 2206 1581 2253 exstant
1619 2198 1757 2269 apud
1796 2214 1975 2254 rerum
1998 2198 2115 2255 Bri-

526 2283 866 2339 tannicarum
914 2286 1225 2356 scriptorcs.
1279 2287 1528 2357 Legimus
1575 2290 1719 2344 enim
1768 2287 2112 2343 Theodorum

522 2374 999 2445 archiepiscopum
1046 2376 1491 2433 Cantuariensem
1560 2378 1752 2433 librum
1800 2380 2111 2450 scripsisse,

520 2462 618 2529 qui
647 2460 869 2518 PATBOI
895 2463 1142 2521 σηοωεδ
1172 2466 1485 2533 vocabatur,
1518 2467 1571 2521 in
1601 2469 1831 2524 concilio
1856 2468 2113 2525 ﬂereforo

522 2550 698 2606 diensi
729 2551 880 2623 (675)
912 2555 1220 2623 probatum,
1252 2563 1314 2609 ut
1351 2556 1494 2610 illius
1524 2564 1646 2613 acta
1677 2565 1945 2615 testantur
1972 2559 2115 2629 apud

528 2641 752 2709 Bedam,
781 2644 931 2698 Anno
952 2645 1125 2709 tertio,
1156 2644 1350 2715 inquit,
1379 2644 1617 2717 Ecgfridi
1637 2648 1791 2719 regis,
1818 2647 2115 2703 Theodorus

522 2733 664 2803 cogit
685 2735 961 2788 concilium
987 2737 1362 2805 episcoporum,
1384 2752 1490 2791 una
1517 2754 1631 2791 cum
1651 2739 1725 2793 eis
1752 2740 1840 2809 qui
1861 2738 2115 2794 canonica

528 2821 748 2877 Patrum
797 2835 994 2879 statuta
1045 2827 1327 2897 deligerent
1362 2837 1414 2881 et
1442 2838 1673 2883 nossent.
1708 2828 1775 2882 Et
1802 2829 1966 2899 paulo
1992 2839 2117 2899 post

527 2914 695 2984 ipsius
717 2914 985 2971 Theodori
1008 2917 1168 2972 verba
1191 2916 1450 2986 referens,
1467 2922 1560 2988 qui
1586 2918 1712 2974 huic
1726 2920 1960 2975 concilio
1977 2934 2115 2990 pne-

527 3003 629 3057 l'uit
658 3020 672 3057 :
719 3001 889 3073 Rogo,
920 3004 1239 3060 dilectissimi
1266 3009 1477 3077 fratres,
1501 3019 1556 3061 ut
1584 2999 1796 3078 interque
1818 3009 2022 3063 decreta
2052 3026 2115 3064 ac

527 3091 743 3162 deﬁnita
761 3102 882 3146 sunt
902 3110 935 3147 α
952 3096 1148 3149 sanctis
1170 3094 1435 3164 Patribus,
1458 3099 1758 3169 incorrupta
1787 3100 1851 3153 ab
1879 3098 2113 3155 omnibus

522 3182 673 3237 nobis
701 3194 982 3238 serventur.
1004 3183 1195 3241 Omnes
1222 3188 1614 3243 consacerdotes
1643 3190 1804 3243 nostri
1835 3190 2109 3244 dixerunt:

524 3269 737 3340 Optime
762 3272 998 3326 omnibus
1025 3276 1213 3344 placet,
1236 3291 1447 3347 quicque
1476 3277 1787 3347 deﬁnierunt
1817 3288 2112 3333 sanctorum

520 3375 753 3415 canones
771 3359 1010 3425 Patruus,
1035 3380 1128 3417 nos
1154 3380 1351 3435 quoque
1376 3381 1555 3419 omnes
1574 3367 1737 3421 alacri
1768 3370 1941 3422 animo
1962 3369 2120 3422 liben-

523 3452 724 3505 tissime
741 3468 964 3507 servare.
982 3450 1177 3518 Quibus
1199 3456 1375 3508 statim
1403 3456 1596 3525 protuli
1616 3455 1804 3511 librum
1826 3452 2115 3524 Canonum,

2213 578 2403 622 veram,
2422 563 2540 631 quia
2564 560 2709 615 nobis
2737 562 2963 614 maxime
2988 560 3282 613 necessaria
3304 559 3549 628 sciebam,
3577 560 3685 615 illis
3704 575 3795 618 co-

2212 669 2325 706 ram
2349 653 2569 707 ostendi.
2593 652 2721 718 Qum
2748 651 2962 721 quidem
2987 650 3219 721 capitula
3248 651 3364 720 ipse
3389 650 3531 706 Beda
3560 652 3792 721 subjicit.

2212 743 2317 799 Sed
2340 752 2393 798 et
2412 744 2736 798 vetustiores
2757 750 2813 797 et
2833 744 3164 798 recentiores
3185 742 3513 812 synodornm
3540 742 3795 801 Ecclesia

2214 824 2535 890 Britannica:
2563 849 2801 889 canones
2828 842 3049 889 exstant
3090 833 3143 887 in
3170 834 3405 889 editione
3434 834 3795 891 Conciliorum

2213 926 2414 995 Anglia:
2438 925 2503 980 ll.
2536 925 2847 995 Spelmanni
2876 924 2975 978 viri
3012 923 3316 988 clarissimi,
3349 940 3417 979 ex
3454 927 3649 995 quibus
3678 927 3794 997 pla-

2213 1033 2340 1072 num
2378 1026 2461 1074 est
2489 1016 2688 1073 Gmcis
2728 1016 3043 1082 canonibus,
3077 1016 3371 1084 Africanis,
3426 1026 3481 1073 et
3509 1017 3797 1076 Gallicanis

2214 1107 2412 1176 Anglos
2438 1123 2564 1163 usos
2592 1107 2773 1162 fuisse.

2281 1198 2421 1254 Sunt
2459 1207 2517 1255 et
2559 1199 2678 1254 alia:
2723 1197 2928 1255 Latina:
2956 1199 3308 1258 collectiones
3334 1216 3629 1269 canonum,
3659 1203 3797 1260 Bur-

2210 1289 2398 1345 chardi
2448 1289 2650 1347 scilicet
2702 1290 3113 1347 Wormatiensis
3160 1292 3442 1363 episcopi,
3520 1303 3576 1349 et
3621 1293 3798 1351 lvonis

2212 1380 2583 1448 Carnotensis,
2610 1398 2728 1453 qua:
2760 1384 2860 1439 sub
2888 1383 3045 1439 titulo
3072 1382 3423 1440 Decretorum
3470 1385 3627 1442 edita:
3650 1395 3795 1443 sunt.

2214 1470 2454 1541 Denique
2481 1470 2767 1528 Gratianus
2810 1471 3165 1529 Bononiensis
3206 1474 3523 1542 monachus,
3557 1477 3795 1532 omnium

2212 1560 2576 1616 Collectorum
2603 1578 2871 1618 canonum
2901 1564 3243 1631 novissimus,
3274 1565 3375 1621 sub
3416 1564 3731 1623 Innocentio
3752 1565 3797 1623 ll

2214 1668 2349 1724 papa
2394 1653 2671 1710 decretum
2724 1656 3030 1725 composuit
3065 1671 3133 1711 ex
3179 1657 3380 1713 Cnccis
3428 1667 3483 1713 et
3512 1658 3792 1727 Africanis,

2215 1744 2437 1812 aliisque
2465 1745 2777 1811 canonibus,
2809 1753 2864 1800 et
2900 1745 3131 1801 decretis
3177 1746 3484 1817 pontiﬁcum
3514 1748 3671 1805 Rom.
3702 1765 3799 1806 ve-

2214 1839 2499 1903 terumque
2518 1831 2735 1888 Patrum
2759 1835 3043 1889 sententiis
3061 1836 3346 1891 collectum
3370 1836 3532 1909 (quod
3555 1839 3798 1895 absolute

2210 1920 2298 1990 jus
2322 1924 2642 1979 canonicum
2669 1925 2783 1979 sive
2808 1924 3140 1995 pontiﬁcium
3188 1927 3575 1998 nuncupatur),
3606 1929 3673 1983 ab
3694 1926 3797 1984 Ec-

2214 2014 2379 2069 clesia
2433 2012 2676 2069 Romana
2723 2016 3006 2086 probatum
3054 2022 3110 2070 et
3154 2014 3529 2071 conﬁrmatum
3556 2059 3571 2083 ,
3643 2017 3799 2088 cujus

2209 2101 2331 2170 jure
2373 2118 2560 2160 omnes
2610 2103 2992 2160 controversiae
3032 2103 3413 2160 ecclesiasticae
3450 2106 3609 2162 hodie
3650 2107 3797 2177 judi-

2214 2200 2424 2246 cantur.

2287 2283 2463 2352 Atque
2511 2283 2626 2340 haec
2654 2284 2795 2341 dicta
2824 2284 2933 2340 sint
2959 2283 3027 2340 de
3070 2285 3240 2340 veteri
3287 2283 3490 2340 Codice
3516 2284 3799 2342 Canonum

2215 2370 2469 2427 Ecclesiae
2497 2374 2780 2438 universte,
2812 2373 3036 2443 ejusque
3064 2373 3474 2429 conﬁrmatione
3516 2383 3572 2429 et
3609 2382 3797 2431 aucto-

2216 2463 2395 2527 ritate,
2423 2461 2669 2534 iurisque
2718 2464 2964 2519 canonici
3006 2465 3213 2534 origine
3256 2474 3312 2520 et
3347 2478 3654 2535 progressu,
3687 2474 3797 2521 tam

2217 2550 2270 2604 in
2292 2549 2511 2606 Oriente
2554 2565 2717 2621 quam
2746 2552 2799 2606 in
2826 2550 3135 2618 Occidente,
3161 2552 3471 2623 Crtecisque
3508 2569 3571 2609 ac
3596 2552 3799 2610 Latinis

2216 2642 2444 2698 vetustis
2473 2650 2529 2697 et
2582 2644 2975 2699 recentioribus
3015 2660 3283 2701 canonum
3334 2646 3716 2703 collectoribus
3742 2654 3800 2703 et

2217 2734 2773 2804 interpretationibus.
2823 2734 2962 2803 Quid
2993 2744 3173 2791 autem
3204 2737 3257 2791 in
3284 2735 3445 2807 hujus
3474 2738 3655 2809 operis
3679 2738 3796 2794 edi-

2206 2823 2365 2878 tione
2394 2818 2819 2893 praestiterimus,
2843 2838 2931 2880 res
2958 2825 3073 2894 ipsa
3102 2825 3410 2895 patefaciet.
3430 2825 3571 2882 Sane
3592 2835 3797 2882 textum

2212 2912 2455 2971 Gmcum
2480 2929 2773 2983 canonum,
2795 2930 2864 2971 ex
2892 2914 3038 2972 edito
3065 2916 3251 2971 codice
3278 2916 3435 2973 Joan.
3484 2916 3628 2985 Tilii,
3657 2918 3797 2973 bona

2216 3006 2319 3063 fide
2347 3007 2729 3077 exscripsimus
2756 3024 2771 3073 ;
2802 3015 2859 3062 et
2897 3008 3021 3076 quia
3053 3008 3239 3062 multis
3262 3008 3315 3062 in
3355 3008 3488 3065 locis
3511 3010 3798 3065 mendosus

2213 3104 2353 3166 erat,
2384 3097 2594 3152 collatis
2622 3096 2867 3167 plurimis
2889 3095 3197 3151 Graecorum
3226 3111 3495 3153 canonum
3523 3097 3798 3167 exempla-

2216 3186 2366 3242 ribus
2386 3186 2542 3242 editis
2564 3195 2622 3243 et
2641 3202 2804 3241 manu
2826 3187 3077 3251 exaratis,
3102 3196 3355 3243 accurate
3375 3188 3794 3254 emendavimus,

2217 3278 2591 3349 variantesque
2606 3278 2866 3333 lectiones
2885 3278 3247 3348 ascripsimus,
3270 3293 3333 3334 ac
3349 3278 3537 3334 Latina
3564 3279 3798 3351 Dionysii

2222 3367 2411 3437 Exigui
2443 3368 2887 3439 interpretatione
2910 3370 3130 3424 omnino
3158 3368 3272 3425 fere
3299 3371 3375 3424 usi
3404 3386 3618 3437 sumus;
3646 3379 3800 3426 notas

2220 3460 2451 3528 denique
2473 3468 2527 3514 et
2552 3459 2959 3537 observationes
2984 3460 3245 3530 quasdam
3275 3461 3567 3532 adjecimus

740 3722 1851 3886 CODEX
2045 3623 3795 3895 CANONUM‘

1368 3991 2090 4107 ECCLESUE
2174 3993 2968 4110 UNIVERSAZ.

1124 4270 1677 4378 CONCILII
1754 4271 2239 4378 NICfE'NI
2319 4272 3067 4380 (ECUMENICI
3145 4278 3187 4379 I

1607 4457 1972 4521 CANONES
2022 4459 2147 4519 XX
2192 4459 2211 4537 (
2256 4474 2371 4521 an.
2407 4460 2557 4523 Chr.
2602 4460 2770 4541 325).

1968 4607 2347 4623 —-—

606 4687 675 4746 ά.
699 4688 859 4753 εἴτις
904 4692 952 4746 ἓν
991 4692 1122 4767 νόσῳ
1150 4693 1253 4748 ὑπὸ
1294 4694 1478 4768 ἰατρῶν
1526 4693 1920 4769 ἔχιιρουργήθη,
1953 4691 1983 4751 ἢ
2012 4692 2114 4747 ὑπὸ

2290 4691 2329 4746 l.
2346 4690 2403 4748 Si
2428 4693 2617 4763 quisin
2646 4693 2837 4751 morbo
2859 4709 2890 4750 a
2912 4694 3137 4753 medicis
3161 4694 3394 4762 excisus,
3419 4693 3801 4753 velabarbaris

530 4780 810 4854 βαρϐάρων
853 4781 1112 4852 ἔξετμήθη,
1140 4778 1291 4842 οὗτος
1336 4784 1525 4853 μενέτω
1570 4784 1619 4835 ἐν
1658 4790 1730 4851 τῷ
1776 4782 1953 4855 κλήρῳ.
1984 4784 2038 4834 Εἰ
2067 4781 2121 4837 δέ

533 4889 611 4927 τις
657 4869 893 4940 ὑγιαίνων
940 4870 1122 4926 ἑαυτὸν
1158 4872 1403 4941 ἐξέτεμεν,
1436 4877 1614 4926 τοῦτον
1650 4872 1733 4923 καὶ
1774 4869 1826 4924 έν
1854 4878 1926 4943 τῷ
1958 4869 2119 4941 κλήρῳ

534 4959 884 5034 ἐξεταζόμενον
934 4964 1227 5017 πεπαῦσθαι
1269 4968 1548 5034 προσήκει,
1596 4967 1681 5018 καὶ
1728 4964 1782 5017 ἐκ
1839 4970 1928 5020 τοῦ
1974 4962 2123 5039 δεῦρο

533 5050 721 5122 μηδένα
741 5060 841 5107 τῶν
862 5056 1102 5111 τοιούτων
1119 5064 1311 5131 χρῆναι
1337 5058 1675 5133 πμὰγισθαν
1694 5058 1868 5130 ὥσπερ
1889 5053 1940 5109 δὲ
1967 5063 2121 5111 τνῦτο

534 5141 801 5217 πρόδηλον,
835 5140 912 5198 ὅτι
956 5149 1077 5217 περὶ
1119 5153 1219 5201 τῶν
1259 5145 1650 5204 ἐπιτηδευόντων
1692 5148 1751 5201 τὸ
1789 5152 2009 5221 πρᾶγμα
2036 5149 2123 5201 καί

532 5236 831 5306 τολμώντων
854 5237 1068 5300 εαυτοὺς
1097 5239 1356 5311 ἐκτέμνειν,
1385 5237 1602 5316 εἴρηται,
1618 5238 1778 5299 οὕτως
1806 5237 1855 5293 εἴ
1875 5259 2006 5300 τινες
2023 5237 2123 5293 ὑπὸ

539 5324 734 5401 βαρϐὁιιε
747 5348 813 5379 ων
840 5326 868 5386 ἦ
899 5324 1158 5383 δεσποτῶν
1206 5330 1609 5399 εὐνουχίσθησαν
1641 5326 2122 5399 [εὐνουχισθίντες],

538 5416 846 5489 εὑρίσκοιντο
867 5414 1026 5478 ἄλλως
1051 5414 1335 5486 ἆξιοι,τούς
1364 5421 1624 5479 τοιούτους
1648 5420 1719 5478 εἰς
1743 5417 1919 5496 κλῆρον
1946 5438 2123 5493 προσ-

542 5510 669 5562 ἰιται
698 5507 723 5562 ὁ
753 5510 932 5563 κανών.

608 5598 676 5665 β’.
703 5598 903 5659 Ἐπειδή
947 5601 1105 5656 πολλὰ
1140 5603 1250 5662 ἤτοι
1287 5602 1388 5658 ὑπὸ
1425 5603 1644 5677 ἀνάγκης
1670 5601 1699 5663 ἦ
1726 5599 1885 5665 ἄλλως
1921 5604 2123 5676 ἔπειγο-

540 5687 698 5757 μὲνων
724 5696 820 5742 τῶν
848 5690 1121 5764 ἀνθρώπων
1150 5694 1342 5763 ἐγένετο
1385 5697 1523 5769 πλρὰ
1568 5697 1655 5749 τὸν
1691 5694 1873 5749 κανόνα
1914 5696 1999 5749 τὸν
2044 5698 2119 5748 ἐκ·

540 5778 918 5848 κλησιαστικὸν,
946 5783 1076 5854 ὥστε
1126 5785 1415 5861 ἁΰρὼπουτ
1463 5787 1564 5842 ἀπὸ
1605 5786 1793 5844 ἕθνικοῦ
1834 5785 1951 5858 βίον
2000 5783 2120 5864 ἅίιτι

2223 4789 2472 4837 exsectus
2498 4790 2601 4851 est,
2631 4774 2677 4840 is
2705 4791 2919 4839 maneat
2948 4784 3002 4838 in
3030 4783 3196 4839 clero.
3218 4783 3275 4839 Si
3295 4785 3415 4854 quis
3435 4794 3614 4840 autem
3637 4798 3803 4842 sanus

2223 4869 2458 4941 seipsum
2487 4872 2732 4939 abscidit,
2762 4871 2939 4940 hunc,
2971 4874 3135 4929 etiam
3163 4875 3217 4930 in
3244 4875 3388 4931 clero
3426 4876 3799 4944 constitutum,

2221 4960 2495 5017 abstinere
2520 4963 2790 5030 convenit,
2821 4971 2877 5018 et
2895 4964 3148 5034 deinceps
3168 4965 3372 5020 nullum
3401 4966 3558 5035 talem
3586 4980 3807 5037 promo-

2226 5055 2339 5111 veri
2368 5062 2602 5126 oportet.
2651 5057 2801 5113 Sicut
2828 5066 3007 5113 autem
3035 5058 3139 5113 hoc
3169 5057 3508 5115 manifestum
3531 5069 3632 5126 est,
3658 5057 3806 5129 quod

2225 5145 2291 5201 de
2317 5147 2383 5201 iis
2411 5148 2501 5217 qui
2522 5146 2590 5201 de
2630 5147 2888 5202 industria
2919 5148 3023 5204 hoc
3056 5157 3242 5218 agunt,
3272 5150 3577 5221 audentque
3598 5152 3805 5222 seipsos

2225 5234 2561 5304 abscindere,
2588 5236 2787 5292 dictum
2816 5244 2933 5292 est:
2971 5239 3045 5293 ita
3074 5240 3120 5295 si
3140 5240 3230 5309 qui
3260 5242 3398 5296 vela
3429 5242 3693 5311 barbaris,
3719 5240 3807 5301 vel

2226 5339 2257 5378 a
2298 5323 2529 5380 dominis
2557 5325 2789 5380 eunuchi
2816 5324 2943 5382 facti
2980 5336 3124 5394 sunt,
3158 5338 3213 5384 et
3241 5330 3277 5384 ii
3316 5331 3515 5401 alioqui
3553 5332 3696 5404 digni
3723 5332 3808 5389 in-

2229 5414 2532 5485 veniantur,
2560 5416 2697 5472 tales
2718 5417 2770 5471 in
2792 5416 2994 5474 clerum
3017 5418 3253 5475 admittit
3280 5435 3477 5479 canon.

2292 5600 2355 5657 ll.
2387 5600 2652 5669 Quoniam
2697 5605 2865 5661 multa
2892 5606 2979 5663 vel
3008 5608 3362 5675 necessitate,
3395 5620 3488 5667 aut
3529 5611 3687 5669 aliter
3712 5626 3809 5670 co-

2221 5694 2471 5762 gentibus
2501 5696 2827 5761 hominibus,
2860 5697 3000 5753 facta
3026 5707 3151 5754 sunt
3193 5709 3391 5770 praeter
3416 5716 3682 5759 canonem
3710 5717 3805 5760 ec-
3830 5759 3853 5777 ο

2219 5785 2600 5856 clesiasticum,
2634 5787 2706 5845 ita
2739 5796 2796 5845 ut
2825 5787 3128 5865 bomincse
3153 5790 3339 5863 gentili
3368 5792 3477 5848 vita
3507 5806 3678 5863 nuper
3706 5804 3805 5849 ac-
