4128 6348
371 338 435 393 ιι
1302 329 1526 389 conm
1563 312 1892 390 CANONUM
1936 335 2301 395 emensa»:
2344 339 2719 400 stetisses.
3577 354 3646 412 ιε

374 428 742 506 ποοσελιοντας
770 454 832 520 τῇ
858 447 1051 511 πίστει,
1075 450 1158 499 καί
1186 445 1235 496 ἐν
1263 444 1411 515 ὀλίγῳ
1444 434 1619 518 χρόνῳ
1649 448 1946 517 malnat»-

2060 449 2314 506 cedentes
2344 454 2409 507 ad
2439 452 2615 519 tndem,
2642 463 2696 508 et
2735 454 2929 524 exiguo
2956 466 3201 530 tempore
3226 460 3439 529 eruditi,
3462 466 3641 520 statim

366 562 487 606 τας,
511 542 658 600 εὐθὺς
703 540 785 593 ἐπὶ
813 540 872 594 τό
911 538 1244 608 πνευματικὸν
1286 537 1493 609 λουτρὸν
1541 534 1700 608 ἄγειν,
1732 542 1811 591 καί
1851 538 1955 610 ἅμα

367 642 443 706 τῷ
474 633 808 701 βαπτισθῆναι
838 628 1116 705 προσάγειν
1146 631 1215 689 εἰς
1244 630 1546 693 ἐπισκοπὴν,
1576 627 1605 686 ἦ
1634 630 1704 689 εἰς
1730 630 1958 702 πρεσϐυ-

366 732 587 797 τερεῖον’
616 722 776 781 καλῶς
825 719 989 783 ἔδοξεν
1029 719 1056 773 ἔ
1060 740 1175 790 χειν
1215 725 1304 773 τοῦ
1343 718 1515 773 λοιποῦ
1554 718 1706 789 μηδὲν
1734 725 1955 773 τοιοῦτον

368 815 615 886 γίνεσθαι.
662 817 763 867 Καὶ
789 815 885 886 γάρ
916 816 1000 865 καί
1027 813 1222 886 χρόνον
1253 810 1333 866 δεῖ
1352 820 1427 884 τῷ
1450 814 1841 885 κατηχουμένῳ,
1873 816 1957 866 καί

368 909 498 977 μετὰ
532 908 586 960 τὸ
627 907 897 975 βάπτισμα
927 903 1231 977 δοκιμασίας
1280 904 1525 963 πλείονος·
1577 906 1737 975 σαφές
1766 905 1863 978 γὰρ
1896 907 1954 959 τὸ

370 998 702 1055 ἀποστολικὼ
731 998 945 1071 γράμμα
987 998 1045 1050 τό
1070 996 1229 1065 λέγον,
1261 1012 1278 1043 ι
1310 999 1385 1052 Μή
1414 993 1466 1047 δέ
1493 993 1751 1063 νεόφυτον,
1772 996 1855 1047 ἵνα
1885 1000 1955 1064 μή

370 1092 611 1161 τυφωθεὶς
640 1092 711 1147 εἰς
734 1096 895 1161 κρῖμα
926 1088 1121 1158 ἐμπέσῃ
1167 1088 1251 1138 καί
1290 1082 1484 1156 παγίδα
1512 1090 1600 1137 τοῦ
1626 1083 1858 1138 διαϐόλου
1885 1102 1896 1135 :
1931 1104 1949 1135 ι

370 1185 426 1233 εἰ
450 1179 501 1235 δέ
529 1201 627 1256 προ
654 1181 790 1238 όντος
819 1184 911 1234 τοῦ
945 1177 1133 1249 χρόνου
1163 1176 1393 1247 ψυχικόν
1421 1198 1470 1230 τι
1501 1176 1782 1267 ἁμάρτημα
1809 1177 1954 1250 εὑρε-

368 1275 470 1330 θείη
496 1277 615 1349 περὶ
642 1275 697 1327 τὸ
727 1273 1025 1345 πρόσωπον,
1053 1274 1139 1325 καί
1186 1272 1452 1341 ἐλέγχοιτο
1487 1270 1590 1323 ὑπὸ
1628 1267 1719 1323 δύο
1746 1269 1775 1328 ἦ
1802 1278 1955 1343 τριῶν

368 1367 660 1441 μαρτύρων,
690 1363 973 1417 πεπαύσθω
1007 1361 1032 1415 ὁ
1061 1367 1290 1421 τοιοῦτος
1321 1366 1410 1415 τοῦ
1439 1360 1642 1437 κλῆρον’
1676 1359 1703 1414 ό
1730 1359 1785 1413 δέ
1813 1363 1955 1434 παρὰ

366 1462 529 1511 ταῦτα
555 1462 734 1518 ποιῶν,
763 1456 831 1512 ὡς
859 1453 1137 1507 ὑπεναντία
1164 1460 1226 1523 τῇ
1252 1453 1443 1524 μεγάλῃ
1480 1450 1677 1520 συνόδῳ
1712 1452 1957 1525 θρασυνό-

367 1568 548 1618 μενος,
588 1548 737 1607 αὐτὸς
791 1544 1103 1600 κινδυνεύσει
1148 1549 1269 1617 περὶ
1319 1547 1400 1600 τόν
1449 1545 1627 1619 κλῆρον
1674 1542 1798 1615 [τοῦ
1840 1545 1955 1603 κλήν

430 1660 507 1691 υΙο
1494 1660 1525 1689 ο

430 1660 459 1691 υ
492 1674 507 1691 .
1494 1660 1525 1689 ο

367 1636 501 1801 ρῸγί.
568 1726 924 1801 Δπηγόρευσεν
964 1727 1177 1781 καθόλου
1226 1729 1255 1784 ἡ
1301 1727 1493 1798 μεγάλη
1545 1726 1789 1791 σύνοδος,
1830 1732 1951 1797 μήτε

2057 541 2124 595 ad
2153 543 2429 611 spirituale
2458 544 2729 600 lavacrum
2754 547 3038 618 ducantur,
3064 554 3296 608 etsimul
3326 565 3486 625 atque
3512 558 3644 627 bap—

2058 631 2203 685 tizati
2234 630 2446 699 fuerint,
2478 635 2544 689 ad
2570 636 2945 707 epismpatum
2973 642 3059 696 vel
3087 644 3483 716 presbyterium
3514 648 3643 717 pro-

2057 735 2410 792 moveantur;
2436 736 2581 783 recte
2602 729 2805 786 habere
2829 733 2999 788 visum
3025 745 3124 799 est,
3150 738 3357 793 utnihil
3385 739 3642 809 deinceps

2057 819 2165 873 tale
2194 818 2306 874 ﬁat.
2333 821 2464 876 Nam
2493 832 2547 877 et
2577 833 2819 894 tempore
2848 844 2984 897 opus
3025 840 3109 884 est
3138 835 3548 903 catechumeno,
3583 847 3642 892 et

2056 917 2179 977 post
2223 910 2545 980 baptismum
2572 916 2891 985 probatione
2921 921 3160 989 majore:
3195 934 3441 994 apertum
3492 929 3635 983 enim

2056 1005 2139 1052 est
2169 1001 2523 1067 apostolicum
2553 1004 2829 1074 scriptum,
2874 1006 3055 1063 dicens
3086 1029 3097 1061 :
3136 1010 3258 1066 Non
3301 1015 3632 1086 neophytum,

2056 1105 2120 1142 ne
2142 1092 2275 1161 forte
2302 1092 2512 1162 inﬂatus
2542 1096 2596 1147 in
2640 1096 2895 1165 judicium
2920 1101 3140 1163 incidat,
3183 1113 3230 1155 et
3258 1106 3499 1176 laqueum
3528 1109 3644 1161 dia-

2057 1180 2176 1236 boli.
2204 1183 2267 1238 Si
2294 1201 2424 1241 vero
2449 1189 2775 1257 procedente
2804 1198 3048 1261 tempore
3080 1195 3299 1264 aliquod
3327 1199 3489 1252 animi
3513 1214 3645 1268 pec-

2056 1285 2233 1330 catum
2263 1277 2566 1335 inveniatur
2594 1282 2647 1335 in
2669 1298 2733 1336 ea
2758 1300 3010 1353 persona,
3036 1296 3093 1340 et
3118 1288 3329 1345 duobus
3358 1291 3442 1344 vel
3475 1292 3644 1345 tribus

2056 1365 2284 1421 testibus
2304 1369 2671 1436 convincatur,
2703 1374 2974 1428 abstineat
2996 1376 3120 1431 talis
3151 1392 3181 1431 a
3204 1379 3353 1433 clero
3379 1398 3391 1431 :
3425 1381 3512 1448 qui
3544 1395 3644 1433 au-

2058 1463 2165 1509 tem
2181 1467 2386 1533 prmter
2414 1460 2529 1515 haec
2557 1462 2701 1528 facit,
2734 1472 2793 1517 ut
2820 1467 2912 1534 qui
2934 1481 3140 1536 magna:
3168 1469 3358 1540 synodi
3385 1471 3642 1525 adversa-

2055 1544 2166 1605 rius
2188 1560 2307 1601 esse
2335 1548 2547 1615 audeat,
2583 1550 2697 1620 ipse
2726 1551 2793 1607 de
2819 1553 3075 1610 clericatu
3115 1558 3533 1626 periclitabitur.

2124 1724 2212 1781 lll.
2256 1727 2676 1788 Vetuitomuino
2694 1748 2890 1802 magna
2919 1738 3173 1809 synodus,
3206 1755 3275 1795 ne
3304 1741 3464 1797 liceat
3515 1744 3636 1812 epi-

367 1819 651 1889 ἔπισκόπῳ,
681 1823 805 1889 μήτε
838 1818 1197 1892 πρεσϐυτέρῳ,
1224 1820 1350 1887 μήτε
1398 1814 1631 1887 διακόνῳ,
1659 1822 1781 1886 μήτε
1830 1816 1946 1876 όλως

2058 1831 2243 1887 scopo,
2275 1836 2375 1875 nec
2400 1824 2736 1895 presbytero,
2768 1842 2871 1881 nec
2898 1828 3148 1896 diacono,
3182 1847 3282 1886 nec
3309 1833 3403 1888 ulli
3424 1836 3641 1903 penitus

366 1912 466 1963 mi
502 1916 599 1963 τῶν
635 1910 683 1961 ἐν
723 1909 909 1981 κλήρῳ,
940 1909 1124 1971 ἐξεῖναι
1169 1909 1495 1962 συνείσακτον
1523 1916 1738 1980 γυναῖκα
1779 1906 1946 1979 ἔχειν’

369 2001 501 2059 πλὴν
532 1998 576 2053 εί
610 2004 678 2072 μη
725 1997 827 2072 ἄρα
867 2001 1085 2074 μητέρα,
1126 1998 1156 2057 ἦ
1198 1998 1435 2070 ἀδελφήν.
1470 1999 1498 2057 ἦ
1529 2003 1678 2064 θείαν,
1710 2000 1740 2059 ἦ
1764 2000 1796 2053 ἃ
1822 2004 1951 2070 μόνα

365 2088 624 2166 πρόσωπα
648 2096 818 2145 πᾶσαν
844 2089 1068 2161 ὑποψίαν
1090 2088 1431 2161 διαπέφευγεν.

434 2263 494 2318 δ’.
525 2265 829 2319 Ἐπίσκοπον
856 2266 1105 2337 προσήκει
1129 2263 1353 2332 μάλιστα
1377 2264 1466 2332 μὲν
1498 2263 1600 2317 ὑπὸ
1630 2265 1832 2317 πάντων
1852 2271 1951 2317 τῶν

362 2358 413 2411 ἐν
432 2364 502 2429 ,τῇ
530 2357 762 2432 ἐπαρχίᾳ
788 2355 1143 2409 καθίστασθαι’
1170 2358 1215 2408 εὶ
1236 2351 1289 2408 δὲ
1319 2352 1579 2426 δυσχερὲς
1604 2352 1679 2413 εἴη
1707 2354 1764 2407 τό
1792 2360 1952 2408 τοιοῦ-

360 2466 464 2507 τον,
488 2445 518 2504 ἦ
550 2444 635 2499 διά
662 2449 990 2515 κατεπείγουο
1003 2466 1066 2498 αν
1106 2443 1345 2516 ἀνάγκην,
1374 2443 1403 2501 ἦ
1429 2443 1513 2499 διὰ
1538 2453 1694 2515 μῆκος
1728 2443 1866 2510 ὁδοῦ,
1901 2446 1951 2509 ἐξ

364 2536 587 2594 ἅπαντος
630 2543 766 2609 τρεῖς
814 2537 898 2588 ἐπὶ
942 2535 1000 2589 τό
1053 2536 1179 2588 αὐτὸ
1226 2535 1635 2604 συναγομένους,
1667 2534 1950 2607 συμψήφων

361 2632 632 2704 γινομένων
660 2633 743 2683 καί
782 2635 883 2683 τῶν
913 2628 1142 2682 ἀπόντων
1171 2630 1256 2681 καὶ
1290 2620 1654 2697 συντιθεμένων
1680 2624 1760 2680 διὰ
1786 2647 1951 2698 γραμ-

360 2721 557 2789 μάτων,
578 2719 688 2772 τότε
717 2723 806 2776 τὴν
832 2721 1156 2793 χειροτονίαν
1182 2719 1465 2772 ποιεῖσθαι.
1495 2718 1561 2770 Τό
1589 2715 1641 2771 δὲ
1670 2719 1823 2793 κύρος
1851 2724 1949 2772 τῶν

359 2811 631 2880 γινομένων
674 2807 907 2864 δίδοσθαι
949 2809 1291 2867 καθ’ἑκάστην
1339 2809 1594 2882 ἐπαρχίαν
1636 2816 1709 2881 τῷ
1756 2830 1950 2883 μητρο-

360 2902 559 2975 πολίτη.
806 2967 827 2989 ⁶

432 2994 487 3047 ε’.
520 2997 636 3067 Περὶ
657 3002 757 3049 τῶν
778 2995 1113 3053 ἀκοινωνήτων
1133 2997 1429 3066 γενομένων,
1452 2993 1547 3050 εἴτε
1570 3004 1669 3050 τῶν
1689 2997 1740 3049 ἐν
1763 2996 1947 3069 κλήρῳ,

360 3081 459 3139 εἴτε
496 3092 594 3138 τῶν
630 3087 676 3137 ἐν
723 3086 875 3157 λακῷ
918 3088 1140 3158 τάγματι
1185 3083 1517 3160 τεταγμένων,
1553 3088 1654 3153 ὑπὸ
1696 3095 1794 3141 τῶν
1837 3087 1949 3142 καθ’

2055 1923 2243 1963 eorum
2271 1912 2363 1981 qui
2410 1923 2538 1968 sunt
2578 1916 2840 1983 inclero,
2873 1928 3186 1976 extraneam
3226 1922 3643 1993 [subintroduc—

2054 1998 2197 2070 tam]
2221 2000 2420 2056 habere
2458 2004 2771 2071 mulierem;
2803 2007 2905 2061 nisi
2948 2008 3089 2064 forte
3131 2021 3223 2066 aut
3251 2021 3477 2069 matrem
3498 2058 3513 2081 ,
3546 2026 3640 2071 aut

2053 2105 2319 2162 sororem,
2349 2103 2443 2150 aut
2488 2097 2730 2161 amitam,
2759 2100 2842 2155 vel
2869 2116 2960 2156 eas
2992 2110 3198 2158 tantum
3228 2121 3487 2175 personas
3516 2124 3638 2179 qute

2054 2197 2266 2239 omnem
2282 2187 2646 2256 suspicionem
2669 2189 2947 2259 ellugiunt.

2123 2275 2212 2331 ιν.
2254 2277 2579 2350 Episcopum
2604 2291 2825 2352 oportet
2852 2288 3087 2352 maxime
3112 2289 3329 2358 quidem
3357 2291 3425 2346 ab
3466 2292 3641 2346 omni-

2053 2367 2153 2423 bus
2173 2368 2265 2438 qui
2293 2371 2495 2426 suntin
2512 2374 2790 2441 provincia
2815 2377 3081 2448 episcopis
3102 2381 3355 2436 constitui
3390 2400 3402 2435 :
3433 2383 3478 2437 si
3507 2398 3640 2438 vero

2054 2458 2159 2513 hoc
2181 2459 2395 2515 difﬁcile
2423 2459 2603 2529 fuerit,
2635 2472 2727 2518 aut
2756 2476 2978 2536 propter
3014 2478 3295 2538 urgentem
3341 2475 3641 2529 necessita-

2054 2555 2181 2612 tem,
2214 2556 2306 2603 aut
2346 2560 2566 2621 prepter
2610 2555 2816 2611 itineris
2845 2556 3252 2627 longitudinem,
3283 2570 3393 2618 tres
3422 2565 3643 2619 omnino

2053 2637 2107 2692 in
2139 2640 2369 2710 idipsum
2392 2647 2796 2715 convenientes,
2825 2650 3117 2707 dummodo
3146 2655 3524 2711 consenserint
3545 2657 3642 2725 qui

2053 2726 2266 2797 absunt,
2299 2739 2354 2785 et
2380 2747 2478 2800 per
2516 2733 2721 2791 litteras
2762 2741 3203 2808 approbaverint,
3245 2744 3641 2800 ordinationem

2052 2816 2268 2874 faciant.
2328 2822 2677 2882 Conﬁrmatio
2730 2839 2911 2885 autem
2967 2849 3158 2889 eorum
3211 2852 3332 2906 qua:
3386 2838 3441 2891 in
3503 2853 3641 2908 qua~

2013 2937 2018 2942 ι
2052 2923 2158 2977 que
2185 2914 2461 2981 provincia
2490 2926 2770 2987 geruntur,
2806 2910 3070 2979 tribuatur
3091 2928 3531 2997 metropolitano.

2123 3001 2189 3055 V.
2230 3003 2307 3057 De
2328 3005 2394 3058 iis
2422 3009 2511 3074 qui
2538 3014 2915 3067 communione
2938 3016 3233 3084 privantur,
3258 3035 3356 3075 seu
3378 3036 3445 3074 ex
3466 3022 3638 3090 clero,

2051 3108 2147 3147 seu
2174 3110 2241 3149 ex
2271 3096 2410 3151 laico
2432 3100 2638 3166 ordine,
2665 3102 2732 3157 ab
2760 3105 3028 3175 episcopis
3064 3110 3482 3180 uniuscujusque
3512 3127 3639 3182 pro-

358 3177 577 3235 ἇκάστην
603 3180 734 3251 ἒπαρ
743 3200 784 3247 χ
788 3183 861 3233 ίαν
889 3179 1170 3233 ἐπισκόπων
1198 3182 1443 3256 κρατείτω
1466 3182 1496 3237 ἠ
1518 3183 1686 3252 γνώμη
1709 3183 1840 3235 κατὰ
1860 3182 1943 3236 τόν

2050 3190 2238 3245 vincia:
2288 3202 2534 3248 servetur
2581 3196 2695 3251 haec
2740 3200 3010 3254 sententia
3048 3203 3340 3257 secundum
3370 3220 3638 3261 canonem

312 3323 322 3331 ,
358 3270 544 3323 κανόνα
573 3271 657 3324 τόν
682 3268 1053 3340 διαγορεύοντα,
1078 3273 1199 3330 τοὺς
1240 3272 1514 3343 ὑφ’ἐτέρων
1546 3272 1938 3338 άποϐληθέντας,

358 3361 440 3433 ὑφ’
461 3361 645 3437 ἐτέρων
673 3367 741 3431 μή
771 3365 1089 3437 προσίεσθαι.
1125 3361 1463 3426 Ἐξεταζέσθω
1494 3361 1569 3429 δὲ,
1594 3369 1662 3436 μὴ
1688 3364 1944 3435 μικροψυ-

360 3454 459 3526 χίᾳ
492 3452 523 3511 ἦ
552 3453 813 3527 φιλονεικίᾳ
850 3454 882 3511 ἧ
922 3474 1016 3509 τινι
1062 3452 1275 3527 τοιαύτῃ
1324 3452 1476 3527 ἀηδίᾳ
1520 3461 1609 3509 τοῦ
1664 3456 1944 3510 ἐπισκόπου

358 3546 747 3616 ἀποσυνάγωγοι
771 3547 1080 3618 γεγένηνται.
1102 3543 1209 3599 "Im
1238 3541 1324 3598 οὖν
1350 3553 1501 3601 τοῦτο
1528 3552 1617 3604 τήν
1646 3549 1946 3622 πρέπουσαν

359 3621 580 3699 ἐξέτασιν
605 3636 856 3710 λαμϐάνῃ,
882 3637 1041 3696 καλῶς
1070 3634 1213 3707 ἔχειν
1256 3634 1426 3699 ἔδοξεν
1466 3638 1681 3691 ἑκάστου
1712 3641 1944 3694 ἐνιαυτοῦ

358 3732 463 3799 καθ’
481 3732 697 3789 ἑκάστην
726 3733 990 3807 ἐπαρχίαν
1018 3730 1093 3793 δὶς
1118 3738 1208 3785 τοῦ
1253 3731 1281 3784 ἔ
1284 3753 1404 3792 τους
1433 3731 1679 3792 συνόδους
1702 3736 1941 3804 γίνεσθαι,

357 3823 438 3877 ἵνα
483 3831 614 3899 κοινῇ
655 3825 857 3878 πάντων
900 3830 999 3878 τῶν
1046 3823 1331 3877 ἐπισκόπων
1357 3831 1449 3883 τῆς
1493 3825 1750 3896 ἐπαρχίας
1779 3826 1864 3879 ἐπὶ
1888 3825 1945 3879 τό

357 3916 478 3970 αὐτὸ
530 3918 920 3989 συναγομένων,
958 3918 1022 3970 τὰ
1063 3923 1275 3972 τοιαῦτα
1326 3921 1588 3988 ζητήματα
1637 3919 1943 3981 ἐξετάζοιντο

356 4005 752 4078 [ἐξετάζωνται],
782 4011 866 4061 καί
893 4007 1054 4067 οὕτως
1083 4009 1128 4061 οί
1157 4007 1560 4078 ὁμολογουμένως
1588 4028 1944 4083 προσκεκρου-

355 4100 500 4160 κότες
532 4107 604 4171 τῷ
634 4101 895 4170 ἐπισκόπῳ
917 4099 1063 4154 ’κατὰ
1104 4101 1249 4171 λόγον
1280 4103 1593 4159 ἀκοινώνητοι
1620 4104 1760 4176 παρά
1788 4108 1944 4156 πᾶσιν

354 4188 476 4246 εἶναι
524 4192 726 4257 δόξωσι,
766 4195 956 4269 μέχρις
991 4189 1049 4247 ἂν
1084 4200 1156 4263 τῷ
1192 4201 1340 4264 κοινῷ
1366 4200 1465 4246 τῶν
1505 4194 1795 4248 ἐπισκόπων
1823 4193 1942 4266 δόξῃ

353 4290 442 4343 τήν
472 4286 932 4360 φιλανθρωποτέραν
970 4286 1103 4357 ὑπὲρ
1143 4286 1305 4337 αὐτῶν
1340 4283 1569 4337 ἐκθέσθαι
1598 4282 1774 4357 ψῆφον.
1800 4283 1940 4365 Δί.δέ

354 4377 555 4432 σύνοδοι
596 4379 926 4449 γινέσθωσαν⁶
959 4379 1052 4445 μία
1093 4377 1182 4445 μέν
1230 4376 1330 4447 πρό
1369 4382 1459 4434 τῆς
1492 4385 1938 4450 τεσσαρακοστῆς,

352 4467 431 4521 ἵνα
461 4469 631 4527 πάσης
666 4466 1024 4539 μικροψυχίας
1057 4466 1435 4542 ἀναιρουμένης,
1463 4466 1520 4520 τό
1546 4463 1703 4541 δῶρον
1726 4470 1940 4542 καθαρέν

351 4560 699 4632 προσφέρηται
733 4565 805 4625 τῷ
830 4564 960 4627 Θεῷ·
985 4555 1197 4631 δευτέρα
1220 4552 1294 4619 δέ,
1334 4557 1453 4629 περί
1477 4555 1562 4609 τὸν
1589 4562 1679 4610 τοῦ
1707 4559 1933 4626 μετοπώ-
1960 4582 2015 4641 D

351 4671 443 4723 ρου
474 4650 666 4725 καιρόν.

422 4742 485 4802 ς’.
513 4744 586 4795 Τά
611 4743 809 4817 ἀρχαῖα
829 4738 915 4798 ἔθη
940 4744 1186 4815 κρατείτω
1206 4739 1269 4793 τά
1292 4739 1340 4793 ἐν
1361 4740 1619 4811 Αἰγύπτῳ.
1644 4739 1727 4791 καί
1746 4739 1931 4810 Λιϐύῃ,

350 4834 434 4885 καί
458 4832 782 4899 Πενταπόλει,
815 4832 947 4885 ὥστε
971 4832 1056 4885 τὸν
1082 4830 1130 4881 ἐν
1157 4826 1495 4905 Ἀλεξανδρείᾳ
1519 4829 1792 4883 ἐπίσκοπον
1818 4830 1935 4881 πάν-

350 4945 451 4978 των
473 4928 661 4980 τούτων
682 4922 711 4977 ἕ
713 4944 828 4995 χειν
848 4927 939 4981 τὴν
954 4924 1206 4987 ἐξουσίαν·
1233 4920 1406 4979 ἐπειδή
1430 4923 1600 4991 καὶτῷ
1624 4923 1671 4975 ἐν
1698 4930 1758 4993 τῇ
1776 4924 1935 4992 Ῥώμη

350 5015 615 5085 ἑπισκόπῳ
642 5022 790 5069 τοῦτο
820 5011 1065 5084 [τοιοῦτο]
1097 5014 1303 5072 σύνηθές
1333 5011 1489 5065 ἐστιν.
1519 5014 1729 5083 Ὁμοίως
1767 5010 1820 5065 δὲ
1850 5015 1934 5065 καί

347 5108 482 5162 κατά
516 5112 605 5163 τὴν
635 5102 945 5175 ’Δντιόχειαν
975 5106 1061 5158 καί
1099 5104 1148 5157 ἐν
1184 5110 1298 5162 ταῖς
1325 5099 1496 5162 ἄλλαις
1532 5103 1834 5173 ἐπαρχίαις,
1867 5104 1933 5155 τά

346 5198 598 5268 πρεσϐεῖα
628 5196 880 5259 σώζεσθαι
899 5204 1008 5256 ταῖς
1036 5194 1341 5253 ἐκκλησίαις.
1366 5193 1581 5246 Καθόλου
1606 5190 1658 5246 δέ
1684 5190 1931 5265 πρόδηλον

344 5292 519 5350 ἐκεῖνο,
547 5285 622 5342 ὅτι
653 5284 703 5339 εἴ
723 5308 799 5346 τις
822 5290 984 5362 χωρίς
1004 5286 1205 5357 γνώμης
1229 5288 1317 5336 τοῦ
1344 5283 1714 5357 μητροπολίτου
1736 5283 1930 5353 γένοιτο

344 5377 644 5440 ἐπίσκοπος,
673 5377 759 5430 τόν
788 5382 1014 5431 τοιοῦτον
1041 5376 1071 5431 ἡ
1096 5374 1287 5444 μεγάλη
1316 5371 1523 5432 σύνοδος
1554 5375 1706 5445 ὥρισε
1736 5378 1803 5443 μὴ
1825 5372 1929 5428 δεῖν

344 5461 469 5520 εἶναι
490 5467 785 5521 ἐπίσκοπον.
818 5466 926 5518 Ἐάν
958 5465 1046 5535 μέν
1070 5484 1145 5518 τοι
1172 5472 1234 5534 τῇ
1261 5471 1396 5535 κοινῇ
1437 5465 1642 5518 πάντων
1666 5464 1812 5535 ψήφῳ
1842 5468 1927 5518 εὖ·

342 5555 471 5627 λόγῳ
500 5553 651 5629 οὔσῃ,
675 5558 760 5608 καί
786 5556 912 5608 κατὰ
949 5551 1131 5608 κανόνα
1162 5552 1589 5617 ἐκκλησιαστικὸν,
1616 5552 1705 5608 δύο
1733 5554 1762 5613 ἦ
1792 5564 1927 5629 τρεῖς

341 5640 405 5696 δι’
426 5644 603 5697 οἰκείαν
632 5642 922 5714 φιλονεικίαν
950 5642 1261 5713 ἀντιλέγωσι,
1294 5643 1546 5716 κρατείτω
1575 5644 1604 5699 ἡ
1629 5651 1729 5696 τῶν
1756 5645 1925 5699 πλειό-

338 5758 433 5787 νων
460 5735 642 5806 ψῆφος.

630 5910 897 5970 ΡΑτιιιοι..
945 5910 1186 5973 LXVII.

2051 3283 2142 3353 qui
2168 3286 2496 3353 pronuntiat,
2529 3296 2586 3342 ut
2610 3289 2663 3343 hi
2686 3291 2776 3359 qui
2806 3292 2872 3345 ab
2897 3293 3013 3350 aliis
3042 3286 3383 3364 abjicruntur,
3416 3299 3484 3353 ab
3514 3300 3637 3355 aliis

2051 3390 2158 3429 non
2187 3375 2537 3444 recipiantur.
2570 3379 2875 3449 lnquiratur
2904 3393 3084 3439 autem
3119 3402 3187 3441 ne
3213 3388 3504 3456 simultate,
3537 3400 3634 3445 aut

2050 3468 2418 3536 contentione,
2450 3480 2542 3524 aut
2591 3473 2768 3541 aliqua
2815 3476 2917 3529 alia
2961 3478 3208 3534 molestia
3257 3483 3495 3552 episcopi
3526 3485 3639 3539 sint

2048 3560 2520 3615 excommunicati.
2552 3560 2621 3616 Ut
2644 3563 2746 3619 hoc
2789 3580 2918 3635 ergo
2948 3566 3227 3625 decentius
3276 3573 3639 3641 examinetur,

2048 3657 2196 3703 recte
2222 3651 2421 3705 habere
2468 3653 2640 3709 visum
2671 3662 2753 3709 est
2796 3663 2853 3709 ut
2883 3658 3106 3726 singulis
3135 3661 3289 3715 annis
3328 3678 3425 3731 per
3450 3679 3638 3717 unam-

2047 3752 2317 3808 quamque
2346 3742 2676 3811 provinciam
2707 3745 2789 3801 bis
2812 3746 2863 3799 in
2888 3762 3029 3802 anno
3052 3749 3240 3820 synodi
3268 3749 3420 3819 ﬁant,
3443 3761 3501 3807 ut
3521 3768 3637 3808 om-

2047 3843 2142 3883 nes
2172 3832 2223 3883 in
2256 3846 2421 3884 unum
2444 3834 2831 3889 convenientes
2877 3837 3116 3908 episcOpi
3143 3842 3461 3908 provinciae,
3491 3842 3637 3910 ejus-

2046 3920 2192 3975 modi
2212 3923 2536 3989 quaestiones
2567 3926 2899 3994 examinent,
2928 3936 2982 3981 et
3015 3929 3091 3984 sic
3115 3931 3207 3998 qui
3235 3931 3523 3987 manifeste
3552 3933 3637 3987 of-

2045 4011 2314 4067 fenderint
2343 4015 2683 4085 episcopum,
2734 4018 2881 4087 juste
2919 4023 3371 4078 excommunicati.
3414 4024 3480 4078 ab
3510 4040 3631 4080 om-

2046 4102 2203 4157 nibus
2223 4119 2341 4159 esse
2357 4106 2660 4175 videantur,
2681 4109 2854 4163 donec
2876 4111 3248 4181 episcoporum
3273 4115 3435 4168 coetui
3455 4116 3630 4170 visum

2044 4192 2206 4249 fuerit
2234 4212 2333 4264 pro
2365 4197 2429 4250 iis
2459 4198 2834 4252 humaniorem
2874 4198 3015 4254 ferre
3042 4202 3387 4255 sententiam.
3424 4202 3631 4273 Synodi

2045 4294 2224 4340 autem
2257 4286 2406 4349 ﬁant,
2457 4304 2562 4342 una
2610 4288 2827 4358 quidem
2873 4300 3000 4345 ante
3044 4292 3538 4360 Quadragesimam,
3572 4303 3633 4349 ut

2044 4377 2189 4431 omni
2218 4376 2488 4433 simultate
2512 4379 2739 4445 sublata,
2775 4396 2966 4436 munus
2991 4398 3184 4451 purum
3206 4383 3321 4439 Deo
3338 4383 3626 4442 oll‘eratur:

2043 4468 2278 4524 secunda
2300 4478 2480 4525 autem
2505 4468 2647 4526 circa
2670 4479 2881 4542 tempus
2910 4474 3173 4529 autumni.

2108 4730 2196 4785 Vl.
2223 4733 2440 4804 Antiqui
2470 4750 2649 4791 mores
2678 4737 2979 4802 obtineant,
3004 4742 3095 4810 qui
3126 4751 3252 4797 sunt
3282 4744 3334 4797 in
3365 4743 3625 4817 Egypto,

2038 4822 2203 4894 Libya
2230 4824 2596 4895 etPentapoli,
2624 4827 3091 4886 utAlexandrinus
3119 4834 3405 4904 episcopus
3435 4837 3627 4891 horum

2039 4916 2277 4970 omnium
2298 4917 2495 4972 habeat
2518 4926 2865 4987 potestatem,
2885 4923 3139 4989 quoniam
3163 4925 3251 4978 illa
3274 4935 3356 4980 est
3384 4927 3628 4984 Romano

2039 5007 2202 5061 etiam
2246 5010 2501 5079 episcopo
2557 5012 2913 5066 consuetudo.
2964 5013 3225 5070 Similiter
3277 5026 3455 5072 autem
3486 5028 3541 5071 et
3570 5020 3624 5071 in

2041 5096 2345 5162 Antiochia,
2378 5106 2432 5153 et
2473 5100 2525 5153 in
2557 5100 2674 5155 aliis
2710 5102 3003 5171 provinciis
3031 5105 3307 5175 privilegia
3340 5118 3627 5161 serventur

2037 5183 2312 5241 Ecclesiis.
2338 5188 2471 5242 illud
2512 5198 2691 5245 autem
2721 5193 2942 5247 omnino
2969 5195 3307 5249 manifestum
3339 5205 3441 5261 est,
3476 5198 3623 5264 quod

2036 5277 2080 5331 si
2110 5278 2228 5347 quis
2272 5286 2466 5346 prmter
2520 5282 2847 5336 sententiam
2894 5285 3295 5354 metropolitani
3334 5285 3504 5342 factus
3555 5290 3628 5344 sit

2037 5366 2341 5439 episcopus,
2376 5369 2516 5426 hunc
2540 5388 2731 5441 magna
2761 5376 2996 5445 synodus
3025 5377 3213 5430 statuit
3237 5393 3340 5433 non
3366 5389 3620 5449 oportere

2016 5476 2154 5517 'esse
2182 5463 2516 5533 episcopum.
2548 5465 2603 5519 Si
2634 5482 2761 5520 vero
2792 5470 3064 5522 communi
3096 5471 3335 5525 omnium
3365 5474 3621 5542 sull‘rngio

2034 5552 2227 5606 rationi
2249 5563 2636 5624 consentaneo,
2660 5565 2713 5611 et
2742 5557 3031 5612 secundum
3062 5561 3485 5619 ecclesiasticum
3530 5582 3622 5619 ca-

2035 5658 2253 5711 nonem,
2280 5644 2387 5699 duo
2411 5654 2503 5701 aut
2545 5655 2654 5701 tres
2692 5650 3052 5718 contentiose,
3083 5668 3178 5707 seu
3208 5654 3425 5724 propria
3455 5657 3620 5724 perti-

2035 5734 2187 5787 nacia
2227 5735 2428 5791 inducti
2473 5738 2918 5808 contradixerint,
2964 5744 3207 5799 obtineat
3262 5744 3617 5815 plurimorum

2035 5826 2321 5882 sententia.

3142 5928 3182 5987 2
