4128 6348
486 297 556 354 ιε
1447 307 1455 317 -
1769 285 2123 344 momstus
2161 283 2477 343 manus.
3702 298 3772 350 ι,

553 412 616 478 τ.
646 408 850 472 Ἐπειδὴ
872 413 1104 470 συνήθεια
1128 409 1402 483 κεκράτηκε
1426 410 1512 461 καί
1533 404 1821 481 παράδοσις
1841 406 2063 480 ἀρχαῖα,

2249 399 2362 455 VII.
2402 399 2667 467 Quoniam
2717 401 3052 458 consuetudo
3110 399 3386 474 obtinuit,
3435 411 3492 461 et
3545 409 3788 478 antiqua

484 507 618 560 ὥστε
660 506 748 560 τόν
777 505 827 558 έν
854 503 994 578 Δίλία
1024 503 1296 557 ἐπίσκοπον
1334 501 1604 571 τιμᾶσθαι,
1636 499 1807 570 ἐχέτω
1835 501 1924 556 τὴν
1952 497 2070 550 ἀκο-

483 597 684 651 λουθίαν
730 603 822 656 τῆς
862 603 1030 666 τιμῆς,
1063 602 1124 670 τῇ
1165 592 1475 664 μητροπόλει
1516 590 1636 664 [τῆς
1682 586 2071 661 μητροπόλεως]

485 691 780 762 σωζομένου
803 694 892 743 rei)
924 691 1105 742 οἰκείου
1131 688 1436 758 ἀξιώματος.

555 805 619 861 η’.
647 805 766 877 Περί
788 809 888 858 τῶν
915 801 1270 871 ὀνομαζόντων
1298 803 1388 871 μὲν
1421 799 1630 862 ίαυτοὺς
1653 800 1897 874 καθαρούς
1926 820 2070 867 ποτε,

485 895 924 969 προσερχομένων
953 891 1006 948 δέ
1035 894 1058 922 '
1080 901 1143 966 τῇ
1172 893 1400 966 καθολικῇ
1427 897 1509 946 καί
1554 893 1860 967 ἁποστολικῇ
1901 894 2075 952 ἔκκλη-

488 985 601 1058 σίᾳ,
620 981 761 1046 ἔδοξε
790 991 853 1058 τῇ
877 982 998 1056 ἀνίᾳ
1024 985 1110 1036 καὶ
1127 982 1316 1054 μεγάλῃ
1339 979 1559 1054 συνόδῳ,
1585 983 1720 1037 ὥστε
1756 988 2076 1054 χειροθετου·

485 1077 664 1146 μένους
699 1077 913 1140 αὐτοὺς,
941 1077 1102 1147 μένειν
1142 1075 1305 1136 οὕτως
1339 1078 1389 1130 έν
1418 1082 1490 1147 τῷ
1521 1076 1704 1150 κλήρῳ.
1737 1077 1836 1146 Πρὸ
1873 1075 2077 1129 πάντων

486 1165 541 1222 δέ
586 1173 742 1224 τοῦτο
787 1168 1091 1239 ὁμολογῆσαι
1137 1168 1326 1227 αὑτοὺς
1379 1168 1638 1241 ἐγγράφως
1687 1170 1965 1241 προσήκει,
1999 1165 2076 1221 ὅτι

488 1264 827 1320 συνθήσονται
869 1265 953 1316 καί
986 1255 1384 1318 ἀκολουθήσουσι
1426 1268 1530 1320 τοῖς
1574 1267 1666 1320 τῆς
1704 1261 1960 1319 καθολικῆς
1991 1264 2078 1313 καί

489 1352 830 1412 ἆποστολικῆς
857 1353 1118 1412 ἐκκλησίας
1148 1349 1390 1424 δόγμασι,
1412 1352 1701 1414 τοῦτ’ἐστί,
1733 1353 1816 1405 καὶ
1846 1349 2078 1424 διγοὶμοις

489 1451 756 1508 κοινωνεῖν,
789 1445 875 1497 καί
913 1450 1020 1502 τοῖς
1046 1444 1093 1496 ἐν
1119 1451 1193 1516 τῷ
1237 1441 1443 1517 διωγμῷ
1488 1443 1977 1516 παραπεπτωκόσιν,
2003 1441 2077 1513 ἐφ’

489 1530 560 1589 ὗν
585 1537 672 1588 καί
691 1534 878 1610 χρόνος
900 1535 1160 1599 τέτακται,
1185 1539 1267 1588 καί
1289 1535 1457 1606 καιρός
1484 1536 1718 1609 ὥρισται,
1735 1535 1866 1587 ὥστε
1890 1535 2075 1592 αύτούς

487 1626 770 1680 ἀκολουθεῖν
799 1626 850 1678 ἐν
874 1631 1006 1682 πᾶσι
1031 1633 1137 1684 τοῖς
1166 1622 1384 1695 δόγμασι
1403 1623 1773 1682 τῆσκαθολικῆς
1794 1623 2068 1682 ἐκκλησίας.

486 1713 636 1772 Ἐνθα
665 1719 754 1788 μέν
775 1712 861 1770 οὖν
881 1719 1065 1776 πάντες
1087 1713 1183 1770 εἴτε
1207 1716 1253 1768 έν
1277 1718 1492 1784 κώμαις,
1511 1712 1610 1769 εἴτε
1636 1715 1684 1768 ἐν
1703 1715 1912 1769 πόλεσιν
1933 1715 2076 1770 αὐτοὶ

2177 493 2417 558 traditio,
2449 501 2508 548 ut
2538 490 2697 548 Elite
2723 494 3016 567 episcopus
3038 495 3354 563 honoretur.
3386 498 3584 555 habeat
3611 492 3766 558 ordi4

2172 600 2298 640 nem
2355 585 2617 653 honoris,
2684 587 2972 658 metropoli
3038 589 3258 662 propria
3324 589 3590 662 dignitate
3653 609 3770 650 ser.

2173 683 2318 731 vata.

2246 783 2381 841 Vill.
2415 785 2490 841 De
2515 786 2599 842 his
2638 788 2730 857 qui
2759 802 2819 845 se
2850 788 3127 859 calharos,
3169 789 3224 846 id
3268 799 3351 847 est
3376 808 3559 863 puros,
3593 799 3770 852 nomi-

2176 888 2326 943 nant,
2356 880 2400 935 si
2425 879 2715 949 aliquando
2743 881 2811 936 ad
2836 882 3162 938 catholicam
3192 892 3247 939 et
3275 887 3629 955 apostolicam
3666 888 3770 947 Ec-

2175 970 2392 1026 clesiam
2420 972 2699 1038 redierint,
2718 972 2888 1027 visum
2914 985 2996 1027 est
3012 984 3211 1029 sancta:
3231 985 3286 1030 et
3311 973 3767 1050 ntagnaa'synodo,

2177 1074 2236 1120 ut
2281 1073 2503 1135 accepta
2550 1079 2808 1119 manuum
2863 1065 3231 1135 impositione,
3261 1067 3339 1122 sic
3381 1069 3434 1123 in
3464 1070 3613 1124 clero
3659 1086 3770 1126 ma-

2178 1165 2358 1212 neant.
2386 1155 2502 1212 Prae
2524 1157 2775 1212 omnibus
2802 1165 2983 1212 autem
3003 1174 3098 1214 eos
3118 1161 3322 1230 scripto
3350 1161 3592 1230 profiteri
3615 1178 3772 1234 opor-

2176 1257 2275 1314 tet,
2291 1249 2436 1318 quod
2459 1251 2818 1316 consentient,
2844 1260 2899 1306 et
2922 1262 3220 1322 sequentur
3239 1255 3491 1322 dogmata
3513 1254 3771 1312 Ecclesia:

2177 1342 2460 1398 catholica:
2488 1352 2545 1398 et
2573 1344 2908 1414 apostolica),
2933 1343 2988 1398 id
3009 1353 3112 1409 est,
3136 1354 3192 1400 et
3216 1361 3338 1401 cum
3363 1347 3591 1416 digamis
3617 1363 3776 1405 como

2177 1433 2471 1500 municare,
2511 1447 2567 1489 et
2595 1435 2677 1489 bis
2702 1435 2794 1506 qui
2822 1436 2873 1490 in
2905 1438 3281 1506 persecutione
3322 1439 3456 1509 lapsi
3479 1449 3625 1506 sunt,
3646 1442 3770 1510 quia

2178 1525 2277 1580 bus
2323 1526 2485 1580 etiam
2514 1536 2726 1596 tempus
2774 1529 3129 1584 constitutum
3174 1536 3277 1591 est,
3306 1539 3362 1584 et
3392 1533 3773 1600 opportunitas

2177 1613 2416 1683 definita,
2448 1623 2507 1670 ut
2528 1618 2581 1670 in
2613 1617 2863 1674 munibus
2887 1628 3182 1688 sequantur
3210 1619 3461 1688 dogmata
3489 1621 3772 1677 catholica!

2180 1708 2451 1765 Ecclesiae.
2485 1707 2804 1779 Ubicunque
2831 1719 3032 1774 autem,
3063 1712 3178 1766 sive
3209 1711 3259 1765 in
3290 1711 3441 1775 vicis,
3466 1712 3584 1767 sive
3613 1713 3665 1767 in
3694 1710 3768 1770 ci-

487 1808 628 1882 μόνοι
654 1811 969 1885 εὑρίσκοιντο
1000 1809 1455 1882 χειροτονηθέντες,
1489 1809 1532 1860 oi
1565 1808 1905 1878 εὑρισκόμενοι
1932 1810 1982 1862 ἐν
2002 1815 2075 1878 τῷ

2181 1800 2436 1855 vitalibus
2465 1800 2564 1870 ipsi
2605 1772 2728 1854 Soli'
2753 1800 2957 1855 inventi
2984 1772 3187 1856 fuerint
3212 1772 3465 1868 ordinati,
3497 1803 3586 1873 qui
3615 1804 3768 1858 inve-
3855 1846 3860 1854 .

488 1901 650 1972 κλήρῳ
675 1899 878 1956 ἔσονται
908 1902 958 1954 έν
985 1907 1060 1972 τῷ
1091 1901 1232 1970 αὑτῷ
1259 1904 1498 1971 σχήματι
1528 1898 1815 1972 [siquam].
1836 1905 1888 1954 Εἰ
1914 1899 1968 1955 δέ
1989 1907 2076 1955 τοῦ

488 2000 578 2051 τῆς
602 1990 873 2050 καθολικῆς
905 1990 1170 2049 ἐκκλησίας
1193 1989 1472 2044 ὶπισκόπου
1508 1988 1539 2048 ἦ
1569 1988 1916 2065 πρεσϐυτέρου
1939 1985 2078 2050 ὄντος

489 2085 880 2158 προσέρχονταί
913 2103 1062 2142 τινες.
1099 2080 1374 2156 πρόδηλον,
1408 2084 1476 2142 ὡς
1502 2079 1528 2136 ό
1556 2085 1646 2154 μὲν
1679 2081 1962 2143 ἐπίσκοπος
1989 2091 2080 2143 τῆς

493 2179 757 2238 ἐκκλησίας
795 2179 896 2242 ἔξει
930 2180 987 2232 τό
1017 2178 1216 2246 ἀξίωμα
1243 2182 1330 2231 τοῦ
1361 2175 1656 2240 ἐπισκόπου,
1688 2175 1713 2230 ό
1757 2175 1811 2231 δέ
1841 2177 2080 2247 ὀνομαζό-

491 2290 638 2339 μενος
665 2271 810 2344 παρά
837 2276 948 2328 τοῖς
982 2269 1259 2341 λεγομένοις
1282 2271 1520 2342 καθαροῖς
1545 2268 1845 2333 ἐπίσκοπος,
1875 2274 1965 2328 τήν
1986 2276 2077 2325 τοῦ

490 2360 847 2436 πρεσϐυτέρου
878 2368 1025 2432 τιμήν
1047 2362 1171 2425 ἔξει,
1202 2360 1329 2419 πλήν
1362 2362 1405 2414 εί
1433 2365 1501 2419 μὴ
1529 2357 1633 2434 ἄρα
1661 2359 1827 2419 δοκοίη
1864 2368 1935 2430 τῷ
1964 2361 2079 2416 im-

493 2453 671 2526 σκόπῳ
711 2463 802 2514 τῆς
847 2463 998 2525 τιμῆς
1035 2462 1125 2508 τοῦ
1170 2456 1405 2525 ίνόματος
1447 2457 1597 2510 αὐτόν
1639 2459 1899 2528 μετέχειν.
1936 2459 1992 2511 Ei
2024 2455 2077 2511 δὲ

492 2553 644 2601 τοῦτο
665 2548 801 2619 αύτῷ
822 2553 893 2617 μὴ
913 2547 1139 2619 ἀρέσκει,
1164 2551 1417 2606 ἐπινοήσει
1445 2548 1601 2602 τόπον
1621 2546 1651 2606 ἦ
1673 2548 2076 2623 χωριπισκόπου

491 2636 525 2694 ἦ
552 2637 936 2710 πρεσϐυτέρου,
954 2638 1087 2713 ὑπὲρ
1115 2643 1205 2693 τοῦ
1228 2640 1278 2692 έν
1299 2645 1372 2707 τῷ
1397 2638 1560 2711 κλήρῳ
1589 2635 1715 2694 ὅλως
1744 2636 1902 2693 δοκεῖν
1929 2633 2076 2706 εἶναι,

489 2726 574 2780 ἳνα
595 2731 664 2795 μὴ
691 2729 741 2783 έν
766 2735 829 2801 τῇ
849 2728 993 2782 πόλει
1022 2726 1114 2782 δύο
1134 2729 1399 2782 ἐπίσκοποι
1429 2723 1569 2781 ὦσιν.

562 2817 622 2870 θ’.
654 2817 722 2872 Εἴ
751 2839 882 2879 τινες
909 2819 1253 2884 ἀνεξετάστως
1295 2821 1677 2894 προσήχθησαν
1710 2820 2072 2898 πρεσϐύτεροι,

492 2911 522 2970 ἦ
537 2911 910 2984 ἀνακρινόμενοι
922 2911 1249 2983 ὡμολόγησαν
1266 2913 1332 2966 τὰ
1346 2913 1688 2985 ἁμαρτήματα
1701 2909 2075 2987 Ῐὴμαρτημένα]

491 3003 684 3067 αὐτοῖς,
714 3005 801 3056 καί
842 3001 1256 3075 ὁμολογησάντων
1283 3004 1470 3066 αὑτών,
1499 3005 1643 3076 παρά
1683 3003 1859 3058 κανόνα
1904 3006 2074 3060 κινού-

489 3115 624 3164 μενοι
643 3095 689 3149 οί
711 3091 964 3171 ἄνθρωποι
987 3103 1098 3155 τοῖς
1117 3096 1366 3154 τοιούτοις
1393 3102 1548 3166 χεῖρα
1573 3095 1938 3160 ἐπιτεθήκασιν,
1957 3093 2072 3149 roti-

491 3207 611 3245 τους
642 3186 666 3240 ό
691 3191 850 3241 κανών
885 3189 942 3241 ού
980 3191 1268 3258 προσίεται.
1305 3189 1372 3242 Τό
1397 3189 1492 3264 γὰρ
1519 3189 1857 3246 ἀνεπίληπτον
1885 3187 2070 3244 ἕκδικεῖ

492 3280 522 3335 ἡ
542 3279 769 3336 καθολικὴ
799 3279 1058 3337 ἐκκλησία.

562 3371 612 3427 ε’.
643 3370 794 3428 Ὀσοι
815 3375 1288 3448 προεχειρίσθησαν
1315 3381 1415 3428 τῶν
1438 3376 1927 3450 παραπεπτωκότων
1946 3377 2077 3431 κατὰ

492 3464 715 3537 ἄγνοιαν,
743 3467 773 3526 ἧ
802 3471 885 3521 καί
915 3466 1223 3542 προειδότων
1260 3475 1359 3522 τῶν
1395 3470 1894 3542 προχειρισαμένων,
1923 3476 2075 3524 τοῦτο

494 3560 552 3612 οὑ
579 3563 830 3636 προκρίνει
855 3556 1018 3630 [οὗτοι
1044 3562 1102 3613 ού
1131 3557 1485 3634 προκρίνουσι]
1515 3561 1674 3614 κανόνι
1699 3568 1770 3631 τῷ
1809 3560 2078 3619 ἐκκλησιατ

494 3655 673 3721 στενῷ·
701 3651 1008 3722 γνωσθέντες
1033 3653 1134 3725 γὰρ
1159 3653 1541 3726 καθαιροῦνται.

564 3743 650 3795 ια’.
695 3745 812 3814 Περί
848 3749 948 3797 τῶν
971 3741 1340 3817 ξπαραϐἀντων
1382 3745 1548 3818 χωρίς
1575 3744 1814 3814 ἀνάγκης,
1847 3743 1878 3802 ἦ
1911 3746 2076 3818 χωρίς

495 3833 808 3907 ἀφαιρέσεως
851 3834 1224 3908 ύπερχόντων,
1273 3833 1302 3892 ἦ
1353 3837 1520 3907 χωρίς
1569 3832 1824 3899 κινδύνου,
1876 3835 1907 3894 ἧ
1947 3857 2076 3896 τινος

495 3926 759 3988 τοιούτου,
791 3921 816 3978 ὃ
842 3925 1040 3997 γέγονεν
1072 3926 1154 3979 ἐπί
1189 3935 1281 3985 τῆς
1312 3923 1607 4001 τυραννίδος
1647 3929 1891 3980 Λικινίου·
1936 3924 2076 3990 ἔδοξε

495 4023 557 4090 τῇ
605 4014 836 4087 συνόδῳ,
868 4018 911 4070 εί
958 4019 1043 4071 καί
1093 4019 1214 4081 ἀνάξ
1237 4038 1284 4070 οι
1335 4015 1464 4074 ἦσαν
1506 4019 1898 4092 φιλανθρωπίας,
1944 4015 2078 4087 ὅμως

497 4110 934 4183 χρηστεύσασθαι
959 4113 1029 4172 είς
1053 4113 1260 4173 αὐτούς.
1291 4109 1438 4166 Ὀσοι
1483 4107 1570 4164 οὖν
1597 4114 1817 4183 γνησίως
1854 4131 2078 4182 μεταμε-

495 4198 698 4263 λῶνται,
727 4202 846 4275 τρία
875 4201 960 4261 ἔτη
1006 4204 1056 4256 ἐν
1098 4205 1431 4276 ἀκροωμένοις
1466 4207 1769 4261 ποιήσουσιν
1798 4204 1843 4256 oi
1881 4207 2077 4268 πιστοὶ,

495 4291 573 4343 καί
611 4291 742 4346 ἔπτὰ
773 4291 862 4352 ἔτη
888 4295 1290 4349 ὑποπεσοῦνται·
1327 4292 1418 4348 δύο
1445 4292 1498 4348 δέ
1539 4291 1627 4351 ἔτη
1661 4297 1826 4368 χωρίς
1855 4313 2081 4367 προσίξο-

494 4388 612 4453 ρᾶς,
641 4390 1001 4444 κοινωνήσουσι
1029 4395 1100 4455 τῷ
1127 4388 1233 4458 λαῷ
1259 4394 1356 4440 τῶν
1385 4393 1717 4460 προσευχῶν.

2100 3141 2149 3205 C

2180 1891 2402 1945 niuntur
2443 1891 2497 1944 in
2544 1892 2692 1946 clero
2723 1892 2774 1945 in
2824 1892 3015 1946 eodem
3066 1891 3261 1947 ordine
3291 1901 3664 1963 permaneant.
3711 1893 3769 1952 Si

2184 1994 2366 2040 autem
2413 1983 2694 2040 catholica:
2740 1983 2993 2040 Ecclesia:
3035 1985 3292 2055 episc0po
3333 1994 3426 2040 aut
3454 1987 3770 2057 presbytero

2181 2080 2448 2135 existente
2491 2078 2706 2146 quidam
2748 2079 3046 2147 accedunt,
3095 2077 3436 2133 manifestum
3489 2087 3593 2146 est,
3624 2077 3771 2148 quod

2181 2173 2468 2243 episcopus
2499 2169 2755 2226 Ecclesia:
2795 2170 3112 2240 dignitatem
3154 2172 3392 2242 episcopi
3418 2171 3631 2224 habeat.
3665 2169 3769 2236 Qui

2181 2275 2361 2321 autem
2391 2264 2530 2336 apud
2579 2280 2696 2331 eos,
2740 2265 2832 2336 qui
2881 2264 3135 2321 dicuntur
3181 2266 3412 2334 cathari,
3458 2265 3770 2320 nominatur

2181 2357 2500 2427 episcopus,
2534 2355 2733 2410 habeat
2783 2355 3045 2411 honorem
3090 2355 3422 2426 presbyteri,
3476 2355 3578 2410 nisi
3629 2353 3770 2411 forte

2181 2447 2448 2516 placuerit
2491 2447 2748 2517 episcopo
2775 2447 3009 2501 nominis
3051 2447 3312 2502 honorem
3341 2447 3416 2501 illi
3445 2447 3766 2502 concedere.

2180 2538 2238 2594 Si
2261 2539 2363 2594 hoc
2389 2546 2569 2593 autem
2600 2539 2649 2594 ei
2681 2539 2902 2614 minime
2932 2540 3214 2609 placuerit,
3249 2540 3489 2595 inveniat
3513 2540 3562 2596 ei
3593 2541 3767 2596 locum

2178 2631 2575 2700 chorepiscOpi,
2603 2640 2696 2685 aut
2717 2630 3036 2700 presbyteri,
3063 2638 3121 2684 ut
3149 2632 3200 2684 in
3230 2631 3375 2686 clero
3401 2633 3622 2688 omnino
3651 2645 3769 2687 esse

2186 2722 2446 2787 videatur,
2470 2737 2538 2776 ne
2562 2723 2612 2776 in
2636 2723 2857 2777 civitate
2877 2721 2985 2776 duo
3015 2722 3122 2777 sint
3151 2723 3412 2794 episcopi.

2252 2815 2342 2870 IX.
2384 2816 2562 2887 Siqui
2587 2817 2704 2873 sine
2754 2817 3157 2874 examinatione
3200 2820 3496 2892 presbyteri
3536 2821 3766 2891 promoti

2180 2909 2308 2977 sint,
2339 2911 2424 2965 vel
2471 2925 2592 2964 cum
2633 2910 3057 2974 discuterentur,
3108 2921 3330 2981 peccata
3383 2928 3478 2967 sua
3535 2912 3764 2970 confessi

2181 3001 2306 3067 sint,
2331 3001 2516 3070 eisque
2538 3000 2821 3068 confessis,
2846 3001 3091 3056 homines
3115 3009 3302 3056 contra
3329 3016 3590 3057 canouem
3612 3003 3765 3071 moti,

2181 3107 2372 3147 manus
2397 3093 2770 3162 imposuerint,
2803 3093 2936 3147 tales
2963 3107 3137 3148 canon
3172 3108 3277 3146 non
3308 3093 3544 3148 admittit
3577 3091 3767 3163 :quod

2187 3185 2332 3239 enim
2361 3184 2780 3254 reprehensibile
2809 3195 2923 3247 est,
2969 3185 3237 3240 catholica
3276 3183 3516 3241 Ecclesia
3544 3201 3651 3242 non
3674 3186 3767 3242 de-

2183 3274 2370 3330 fendit.

2256 3366 2324 3421 Χ.
2367 3365 2682 3436 Quicunque
2710 3384 2774 3423 ex
2799 3369 2960 3439 lapsis
2981 3369 3210 3424 ordinati
3236 3379 3362 3425 sunt
3390 3384 3488 3441 per
3514 3369 3765 3438 ignoran-

2180 3462 2332 3526 tiam,
2362 3461 2945 3517 autdissimulationem
2973 3479 3162 3518 eorum
3188 3464 3278 3532 qui
3306 3478 3402 3519 eos
3426 3461 3765 3531 ordinarunt,

2180 3554 2285 3609 hoc
2299 3569 2404 3607 non
2419 3552 2937 3623 praajudicatcanoni
2963 3553 3372 3622 Ecclesiastico;
3400 3554 3601 3624 cogniti
3622 3555 3762 3609 enim

2178 3646 2540 3716 deponuntur.

2253 3737 2340 3792 Xi.
2389 3738 2462 3792 De
2492 3739 2574 3793 bis
2601 3739 2693 3808 qui
2741 3739 3074 3810 pragvaricati
3116 3747 3242 3794 sunt
3278 3740 3395 3795 sine
3425 3740 3767 3806 necessitate,

2181 3837 2274 3883 aut
2298 3827 2608 3883 facultatum
2638 3830 2930 3897 ablatione,
2959 3837 3052 3884 aut
3080 3831 3197 3886 sine
3229 3831 3494 3902 periculo,
3544 3838 3636 3885 aut
3665 3829 3767 3883 ali-

2181 3938 2288 3992 quo
2318 3923 2603 3992 ejusmodi,
2629 3924 2772 3995 quod
2797 3924 2992 3980 factum
3020 3934 3101 3981 est
3123 3927 3222 3981 sub
3250 3926 3530 3998 tyrannide
3554 3923 3766 3989 Licinii,

2181 4015 2350 4070 visum
2379 4024 2462 4070 est
2489 4015 2717 4087 synodo,
2749 4015 2877 4070 licet
2907 4016 3273 4071 misericordia
3301 4016 3498 4082 indigni
3519 4016 3650 4082 sint,
3681 4015 3771 4068 be-

2182 4107 2443 4175 nignitate
2473 4114 2655 4161 tamen
2687 4108 2738 4161 in
2769 4123 2863 4162 eos
2887 4108 2986 4162 uti.
3010 4108 3325 4178 Quicunque
3353 4123 3481 4177 ergo
3507 4123 3635 4163 vere
3663 4122 3772 4178 po:-

2183 4200 2374 4263 nitent,
2403 4200 2573 4254 tribus
2595 4200 2752 4254 annis
2779 4199 2961 4255 lideles
2985 4200 3123 4254 inter
3143 4201 3426 4254 audientes
3448 4199 3768 4262 habeantur,

2182 4297 2236 4345 et
2265 4299 2471 4361 septem
2504 4292 2659 4345 annis
2697 4292 2914 4359 jaceant
2947 4310 2958 4344 :
3005 4291 3212 4345 duobus
3243 4298 3422 4343 autem
3471 4289 3627 4343 annis
3655 4290 3772 4343 sine

2187 4382 2485 4447 oblatione,
2512 4382 2710 4450 populo
2737 4383 3136 4436 communicent
3169 4382 3218 4434 in
3250 4379 3601 4434 orationibus.

568 4494 652 4548 ιϐ’.
701 4499 762 4550 οἱ
800 4497 853 4552 δέ
901 4501 1292 4574 προσκληθέντες
1337 4505 1426 4571 μὲν
1463 4502 1563 4554 ἀπὸ
1608 4511 1699 4560 τῆς
1744 4501 1965 4576 χάριτος
1999 4506 2076 4556 καί

2260 4494 2372 4548 XII.
2412 4493 2728 4562 Quicunque
2760 4495 2934 4549 vocati
2981 4510 3079 4564 per
3106 4494 3360 4562 gratiam,
3391 4491 3622 4562 primum
3649 4491 3770 4560 qui-

495 4590 586 4644 τὴν
617 4590 821 4664 πρώτην
852 4587 1010 4664 όρμην
1053 4589 1401 4660 ένδειξάμενοι,
1432 4595 1515 4646 καί
1541 4593 1836 4664 ἀποθέμενοι
1863 4597 1957 4652 τὰς
1987 4596 2082 4657 ζὼ-

495 4702 615 4744 νας,
645 4684 774 4751 μετὰ
803 4681 856 4737 δέ
878 4685 1044 4738 ταῦτα
1073 4684 1156 4739 ἐπὶ
1185 4685 1267 4738 τόν
1303 4689 1485 4740 οἰκεῖον
1509 4685 1682 4756 ἐξαετον
1704 4685 2083 4760 ἀναδραμόντες

497 4775 566 4833 ὠς
591 4771 756 4837 κύνες,
787 4776 854 4833 ὥς
880 4795 1022 4835 τινας
1044 4777 1127 4829 καί
1151 4773 1369 4852 ἀργύρια
1389 4780 1654 4852 πρόεσθαι.
1680 4782 1762 4832 καί
1789 4778 2082 4850 βενεφικίοις

495 4866 808 4938 κατορθῶσαι
829 4862 1065 4941 [δωρεαῖς
1094 4871 1176 4921 καί
1207 4864 1560 4940 ὑποσχέσεσι]
1587 4870 1644 4924 τό
1667 4867 2081 4944 ἀναστρατεύσα-

495 4958 635 5022 σθαι,
687 4954 828 5014 οὗτοι
869 4958 988 5013 δέκα
1030 4958 1117 5018 ἔτη
1164 4962 1628 5026 ύποπιπτέτωσαν,
1677 4968 1808 5034 μετά
1856 4966 1942 5019 τόν
1989 4973 2081 5024 τῆς

495 5057 726 5122 τριετοῦς
756 5052 1046 5121 ἀκροάσεως
1077 5053 1282 5127 χρόνον·
1303 5054 1374 5124 ἐφ’
1391 5053 1556 5109 ἅπασι
1585 5053 1637 5108 δέ
1664 5056 1884 5116 τούτοις,
1914 5074 2080 5129 προσ-

496 5145 599 5197 ηκει
624 5139 867 5205 ἐξετάζειν
892 5148 980 5200 τήν
1008 5147 1298 5221 προαίρεσιν
1319 5148 1405 5199 καί
1430 5148 1486 5200 τό
1515 5142 1644 5206 εἶδος
1667 5154 1758 5207 τῆς
1789 5147 2077 5212 μετανοίας.

495 5227 644 5287 Ὀνοι
684 5236 772 5304 μὲν
817 5236 916 5310 ’γὰρ
957 5239 1042 5289 καί
1090 5236 1222 5309 φόϐῳ
1253 5243 1333 5292 καί
1363 5237 1581 5313 δάκρυσι
1609 5243 1692 5292 καὶ
1729 5239 1954 5313 ὑπομονῇ
1995 5242 2082 5293 καί

495 5324 862 5399 ἀπαθοεργίαις,
887 5332 976 5385 τήν
1005 5328 1306 5405 ἐπιστροφήν
1334 5327 1459 5403 ξογῳ
1503 5334 1586 5385 καί
1611 5333 1668 5383 οὑ
1696 5335 1936 5401 σχήματι
1965 5332 2077 5384 ἔπιέ

497 5413 795 5480 δείκνυνται,
825 5413 963 5472 οὗτοι
989 5420 1348 5494 πληρώσαντες
1377 5424 1462 5475 τόν
1488 5422 1674 5494 χρόνον
1698 5423 1782 5475 τὸν
1809 5424 2078 5496 ὡρισμένον

497 5514 588 5565 τῆς
627 5508 946 5581 ἀκροάσεως,
974 5515 1177 5573 εἰκότως
1203 5521 1302 5568 τῶν
1331 5517 1502 5583 εὐχῶν
1527 5519 1916 5573 κοινωνήσουσι,
1948 5519 2076 5586 μετὰ

495 5607 583 5655 τοῦ
627 5598 800 5665 ἐξεῖναι
840 5611 911 5670 τῷ
961 5605 1222 5674 ὲπισκόπῳ
1270 5609 1353 5659 καὶ
1392 5606 1849 5680 φιλινθρωπότερόν
1880 5627 1930 5662 τι
1959 5611 2079 5684 περὶ

495 5696 658 5748 αὐτῶν
710 5696 1114 5752 ϐουλεύσασθαι·
1147 5695 1257 5751 ὅσοι
1301 5695 1352 5751 δέ
1395 5695 1678 5767 ἀδιαιξόοως
1717 5697 1965 5768 ἤνεγκαν,
1997 5704 2076 5754 καί

2187 4586 2307 4641 dem
2336 4586 2584 4640 ardorem
2611 4585 2835 4639 lidemve
2858 4601 3007 4639 suam
3037 4587 3478 4652 ostnnderunt,et
3499 4583 3769 4651 cingulum

2185 4677 2388 4732 militia:
2416 4677 2802 4747 deposuerunt,
2836 4685 3024 4746 postea
3057 4692 3184 4730 vero
3232 4684 3288 4728 ut
3332 4689 3498 4728 canes
3529 4673 3594 4727 ad
3618 4687 3770 4727 suum

2185 4773 2448 4827 vomitum
2490 4770 2689 4824 reversi
2720 4775 2866 4830 sunt,
2901 4766 3056 4822 itaut
3084 4767 3247 4837 aliqui
3278 4773 3331 4819 ct
3360 4765 3646 4834 pecuniam
3672 4763 3770 4816 da-

2185 4876 2332 4933 rent,
2357 4873 2409 4919 et
2438 4862 2714 4918 beneficiis
2744 4863 2989 4916 militiam
3020 4868 3348 4929 repeterent,
3382 4859 3433 4912 hi
3464 4859 3648 4912 decem
3672 4871 3770 4908 an—

2188 4959 2270 5012 nis
2308 4958 2547 5026 jaceant,
2592 4963 2712 5025 post
2740 4953 2956 5008 trietmii
2995 4951 3285 5006 auditionis
3336 4956 3565 5018 tempus.
3595 4947 3651 5000 in
3693 4946 3774 5000 his

2186 5060 2366 5105 autem
2389 5049 2637 5104 omnibus
2658 5048 2950 5102 observare
2979 5051 3193 5114 oportet
3223 5042 3560 5114 propositum
3583 5049 3637 5094 et
3665 5054 3774 5093 mo-

2184 5141 2310 5195 dum
2341 5138 2687 5210 pmnitentiac.
2735 5136 3050 5203 Quicunque
3082 5134 3222 5188 enim
3269 5141 3325 5188 et
3355 5133 3566 5195 timore,
3608 5138 3666 5184 et
3695 5128 3774 5182 la-

2184 5234 2403 5304 crymis,
2429 5242 2482 5285 et
2505 5229 2784 5300 patientia,
2815 5237 2870 5280 et
2899 5226 3055 5280 bonis
3083 5225 3335 5295 operibus
3361 5221 3772 5278 conversionem

2184 5328 2386 5394 absque
2407 5323 2749 5379 simulatione
2771 5322 3165 5384 demonstrant,
3186 5319 3237 5372 bi
3261 5315 3538 5372 definitum
3563 5322 3775 5382 tempus

2186 5417 2476 5472 auditionis
2509 5414 2821 5484 implentes,
2853 5423 2961 5465 tmn
2993 5412 3207 5465 demum
3255 5407 3590 5464 orationibus
3617 5418 3771 5458 com-

2186 5509 2553 5570 mnnicabunt,
2586 5515 2641 5562 ct
2684 5514 2870 5576 postea
2901 5504 3085 5558 licebit
3113 5503 3394 5573 episcopo,
3445 5499 3514 5553 de
3542 5496 3627 5551 his
3673 5493 3773 5548 ali-

2182 5603 2310 5672 quid
2340 5600 2623 5656 humanins
2645 5598 2906 5666 cogitare.
2936 5595 3255 5663 Quicunque
3282 5608 3414 5647 vero
3458 5588 3769 5646 indiii'eren-

2183 5709 2264 5752 ter
2294 5696 2557 5758 tulerunt,
2606 5700 2661 5745 et
2710 5691 2948 5744 habitum
2991 5686 3285 5742 Ecclesiam
3324 5682 3630 5740 introeundi
3669 5679 3769 5735 sibi

561 5836 590 5871 ⁸
634 5849 923 5904 μθεοτειυτ
953 5835 1145 5888 melius
1168 5859 1178 5889 :
1200 5837 1317 5906 Περί
1348 5841 1510 5888 τῶν...
1542 5836 1811 5912 καθαρούς,
1845 5827 1965 5890 ποτὶ
2000 5834 2075 5905 δέ,

2184 5871 2223 5898 .,
2253 5840 2310 5884 ιιι
2339 5829 2607 5899 postulare
2639 5824 2847 5879 videtur
2883 5821 3042 5879 lectio
3073 5820 3279 5876 Latina.
3313 5833 3443 5874 non
