4128 6348
376 333 448 388 15
953 331 962 336 ’
1303 324 1528 381 CODEX
1568 319 1892 380 CANONUM
1934 318 1976 380 U

2083 320 2299 378 'ERS.£
2341 317 2690 377 ECCLESII.
2704 360 2720 378 .-
2955 347 2958 350 ι
3584 312 3651 367 16

353 454 436 507 ςτό
466 457 653 522 οχῆμα
679 455 768 503 τοῦ
799 448 1006 502 είόιέναι
1050 447 1118 505 είς
1161 449 1250 503 τήν
1289 445 1554 501 ἐκκλησίαν
1582 446 1752 519 άρκεῖν
1789 444 1959 502 αὐτοῖς

2083 441 2305 496 urbi-trati
2335 449 2458 495 sunt
2487 441 2551 495 ad
2574 441 2981 496 conversionem
3006 439 3270 506 sufficere,
3297 438 3350 493 hi
3371 435 3653 494 deﬁnitum

377 550 636 617 ύγήσαντο
662 543 789 617 πρὸς
817 547 907 600 την
942 542 1288 616 ἐπιστρέφειαν
1319 534 1689 612 [ἐπιστροφήν],
1715 538 1766 600 ἐξ
1796 535 1958 592 ἅπαν-

377 658 463 697 τος
493 637 864 710 πληρούτωσαν
893 635 975 686 τόν
1003 634 1209 708 χρόνον,

456 724 538 800 ιγ’.
571 728 688 800 Περὶ
713 723 765 780 δέ
791 731 889 780 τῶν
920 722 1244 788 ἐξοδευόντων
1264 762 1278 785 ,
1309 719 1334 775 ό
1359 721 1570 780 παλαιὸς
1601 725 1684 775 καί
1711 741 1960 780 κανονικος

377 819 530 890 νόμος
558 817 943 888 φυλαχθὴσεται
970 818 1053 869 καὶ
1077 820 1188 877 νῦν,
1216 815 1368 878 ὥστε,
1400 811 1451 866 εἴ
1484 834 1562 873 τις
1601 811 1838 878 ἐξοδεύοι,
1870 818 1960 867 τοῦ

382 913 676 967 τελευταίου
701 913 784 963 καί
806 910 1202 981 ἀναγκαιοτάτου
1231 905 1426 978 ἑφόδιον
1455 912 1522 976 μὴ
1549 908 1962 980 ἀποστερεῖσθαι.

382 1006 441 1057 εί
468 1001 520 1057 δέ
560 1003 898 1072 ἁπογνωσθεὶς
925 1003 1004 1053 καί
1042 1001 1293 1057 κοινωνίας
1330 998 1478 1052 πάλιν
1517 1001 1716 1068 τυχὼν,
1745 997 1891 1063 πάλιν
1916 999 1966 1049 ἐν

385 1101 492 1152 τοῖς
538 1096 692 1156 ζῶσιν
717 1094 974 1164 ἐξετασθῇ,
996 1092 1127 1160 μετά
1152 1098 1253 1143 τῶν
1281 1089 1642 1142 κοινωνούντων
1681 1094 1772 1147 τῆς
1805 1088 1966 1156 εὐχῆς

385 1186 535 1256 μόνης
565 1183 721 1239 ἴστω.
769 1184 980 1237 Καθόλου
1009 1181 1059 1236 δέ
1084 1185 1166 1236 καί
1199 1185 1317 1256 περὶ
1346 1181 1536 1239 πάντος
1562 1181 1862 1234 οὑτινοσοῦν
1889 1181 1965 1243 ἐξ·

382 1276 643 1338 οδ-ύοντος
660 1279 920 1335 αἰτοῦντος
937 1282 1024 1330 τοῦ
1046 1282 1332 1346 μετασχεῖν
1353 1274 1715 1348 εὐχαριστίας,
1731 1271 1754 1326 ό
1770 1272 1968 1325 ἐπίσκο-

382 1390 482 1429 πος
496 1371 627 1440 μετὰ
641 1366 940 1438 δοκιμασίας
954 1363 1265 1440 μεταδιδότω
1280 1362 1536 1434 [ἐπιδότω]
1549 1370 1638 1424 τῆς
1651 1382 1845 1437 προσφο
1849 1367 1967 1438 ρᾶς.

456 1457 505 1514 ιδ
522 1497 536 1511 .
553 1461 668 1535 Περὶ
689 1466 786 1513 τῶν
809 1459 1206 1528 κατηχουμένων
1229 1459 1316 1509 καί
1336 1455 1733 1529 παραπεσόντων
1754 1452 1889 1518 ἔδοξε
1907 1461 1969 1530 τῇ

385 1551 510 1623 ἁγίᾳ
524 1551 606 1602 καί
621 1547 812 1621 μεγάλη
825 1545 1045 1618 συνόδῳ,
1059 1547 1189 1600 ὥστε
1211 1551 1362 1618 τριῶν
1380 1545 1500 1597 ἐτῶν
1517 1546 1697 1604 αὐτούς
1711 1545 1972 1615 άκροωμέ-

383 1638 506 1696 νονς
517 1635 683 1706 μόνον,
698 1636 827 1705 μετά
845 1645 1009 1689 ταῦτα
1025 1631 1274 1704 εὔχεσθαι
1288 1635 1419 1703 μετά
1442 1640 1540 1686 τῶν
1552 1636 1967 1704 κατηχουμὲνων.
1986 1679 1998 1685 -

456 1728 531 1782 ιε’.
559 1730 650 1782 Διά
675 1727 759 1781 τὸν
794 1726 948 1780 πολύν
971 1723 1211 1799 τάραχον
1241 1727 1320 1777 καὶ
1349 1725 1440 1784 τάς
1486 1724 1696 1782 στάσεις
1723 1726 1816 1784 τάς
1838 1743 1972 1794 γινο-

2065 542 2273 603 tempus
2304 533 2526 588 omnino
2557 533 2829 602 impleant.

2135 733 2270 788 XIII.
2313 733 2387 788 De
2416 734 2498 789 his
2525 733 2614 804 qui
2664 733 2770 787 vita
2800 733 3086 801 excedunt,
3114 725 3274 787 vetus
3303 743 3360 788 et
3387 733 3648 788 canonica

2065 826 2150 880 lex
2181 841 2321 880 nunc
2349 840 2563 894 quoque
2592 824 2910 887 servabitur,
2945 832 3005 878 ut
3032 825 3078 878 si
3107 824 3229 894 quis
3258 823 3367 888 vita
3399 821 3648 882 excedat.

2067 919 2255 973 ultimo
2285 928 2339 973 et
2369 918 2672 974 necessario
2693 918 2890 972 viatico
2914 916 3130 970 minime
3151 916 3410 988 privetur.
3436 913 3492 968 Si
3522 927 3652 967 vero

2068 1010 2402 1079 desperatus,
2434 1017 2489 1064 et
2510 1010 2943 1064 communionem
2976 1016 3252 1061 assecutus
3275 1005 3652 1075 supervixerit,

2069 1103 2137 1157 sit
2189 1102 2328 1156 inter
2372 1117 2466 1157 eos
2515 1101 2606 1171 qui
2637 1101 3074 1156 communionem
3116 1099 3379 1153 orationis
3421 1106 3648 1151 tantum-

2047 1192 2232 1266 modo
2254 1188 3032 1260 consequuntur.Generaliter
3061 1197 3239 1244 autent
3262 1189 3407 1242 omni
3436 1187 3658 1242 cuilibet.

2070 1281 2122 1336 in
2146 1283 2290 1336 exitu
2312 1283 2511 1352 posito,
2526 1292 2582 1337 et
2597 1282 2930 1337 eucharistia:
2955 1281 3415 1350 participationem
3431 1279 3654 1348 petenti,

2071 1379 2356 1446 episcopus
2385 1391 2508 1430 cum
2535 1373 2933 1428 examinatione
2961 1372 3288 1428 oblationem
3315 1369 3607 1440 impertiat.

2146 1469 2282 1523 XIV.
2327 1469 2402 1524 De
2450 1467 2869 1536 catechumenis.
2904 1465 3068 1537 lapsis
3112 1465 3315 1535 placuit
3361 1471 3556 1517 saneta:
3603 1467 3660 1516 et

2073 1573 2279 1628 magnae
2307 1558 2536 1629 synodo,
2569 1567 2626 1613 ut
2664 1558 2700 1612 ii
2738 1558 2909 1611 tribus
2939 1557 3093 1610 annis
3131 1555 3411 1609 audientes
3449 1562 3657 1608 tantum

2072 1650 2198 1715 sint,
2233 1657 2422 1720 postea
2453 1656 2611 1704 orent
2629 1663 2756 1703 cum
2773 1648 3190 1704 catechumenis.

2148 1738 2260 1793 ΧΨ.
2304 1738 2532 1810 Propter
2555 1731 2810 1796 tumultus
2830 1746 2886 1793 et
2908 1739 3199 1794 seditiones
3218 1753 3337 1808 quae
3359 1737 3510 1802 ﬁunt,
3536 1737 3660 1807 pla-

382 1819 552 1890 μὶνας,
585 1816 722 1882 ἔδοξε
747 1814 1051 1872 παντάπασι
1073 1817 1450 1890 περιαιρεθῆναι
1479 1820 1566 1873 τήν
1588 1817 1852 1873 συνήθειαν
1882 1819 1970 1872 τήν

2083 1832 2184 1884 cuit
2212 1833 2434 1886 omnino
2463 1832 2909 1886 consuetudinem
2953 1831 3088 1897 tolli,
3118 1847 3238 1901 quae
3269 1839 3464 1901 prmter
3489 1845 3659 1886 cano-

384 1915 531 1988 παρά
554 1913 638 1968 τὸν
666 1912 846 1966 κανόνα
886 1911 1180 1986 εὑρεθεῖσαν
1220 1908 1270 1963 ἴν
1309 1931 1413 1965 τισι
1450 1912 1673 1983 μέρεσιν,
1708 1911 1840 1965 ὥστε
1870 1912 1970 1964 άπὸ

385 2005 584 2066 πόλεως
608 2007 676 2065 είς
703 2005 843 2059 πόλιν
882 2009 950 2073 μή
979 2002 1301 2073 μεταϐαίνειν
1319 2041 1333 2064 ,
1362 2006 1486 2072 μήτε
1519 2002 1817 2062 ἐπίσκοπον,
1843 2004 1968 2069 μήτε

386 2096 754 2170 πρεσϐύτερον,
783 2097 905 2166 μήτε
927 2092 1178 2148 διάκονον.
1199 2095 1257 2143 Εἰ
1279 2091 1329 2144 δέ
1354 2112 1430 2151 τις
1453 2093 1586 2161 μετά
1608 2091 1691 2146 τόν
1711 2098 1800 2149 τῆς
1822 2089 1971 2162 άγίας

383 2191 468 2241 καί
488 2186 702 2259 μεγάλης
735 2183 944 2240 συνόδου
983 2181 1116 2258 ὅρον,
1144 2184 1354 2252 τοιούτῳ
1386 2184 1482 2237 τινί
1513 2183 1914 2254 ἐπιχειρήσειεν,
1941 2179 1971 2238 ἦ

384 2276 578 2334 ἐπιδοίη
601 2277 775 2331 ἑαυτὸν
795 2277 1060 2348 πράγματι
1083 2276 1319 2344 τοιούτῳ,
1347 2273 1731 2349 άκυρωθήσεται
1753 2271 1973 2336 ὲξάπαν-

382 2388 471 2428 τος
497 2367 915 2432 κατασκεύασμα.
940 2368 1024 2420 καί
1049 2365 1587 2422 άποκατασταθήσεται
1735 2365 1972 2438 ἐκκλησίᾳ

390 2525 407 2538 ⁸
441 2460 468 2514 ό
495 2463 772 2519 ἐπίσκοπος
796 2459 826 2518 ἧ
857 2459 882 2512 ὁ
906 2459 1255 2531 πρεσϐύτερος
1284 2458 1660 2530 ἐχειροτονήθη.

457 2550 546 2612 ις’.
572 2548 722 2605 Ὀσοι
764 2547 1128 2622 ῥιψοκινδύνως
1157 2553 1282 2618 μήτε
1311 2549 1394 2604 τὸν
1428 2548 1576 2621 φόϐον
1601 2555 1687 2604 τοῦ
1730 2552 1842 2602 θεοῦ
1872 2550 1974 2622 πρὸ

385 2641 641 2712 ὀφθαλμῶν
671 2639 905 2710 ἔχοντες,
933 2643 1062 2710 μήτε
1089 2639 1171 2693 τόν
1199 2639 1609 2696 ἐκκλησιαστικὸν
1633 2639 1814 2692 κανόνα
1842 2637 1972 2693 εἱὸό·

382 2751 469 2790 τες
508 2733 918 2805 ἀναχωρήσουσι
961 2739 1056 2790 τῆς
1096 2730 1385 2796 ἐκκλησίας,
1419 2731 1781 2806 πρεσϐύτεροι,
1809 2731 1839 2790 ἦ
1869 2730 1976 2785 διά-

385 2843 542 2882 κονοι.
571 2822 600 2882 ἧ
626 2824 749 2883 ιλως
773 2825 823 2878 ἐν
849 2832 920 2894 τῷ
949 2822 1106 2877 κανόνι
1145 2825 1489 2894 ἐξεταζόμενοι
1507 2864 1520 2886 ,
1555 2821 1701 2879 οὗτοι
1743 2823 1978 2896 οἱδαμῶς

385 2915 548 2972 δεκτοί
592 2919 864 2990 ὀφείλουσιν
909 2914 1036 2972 εἶναι
1079 2921 1128 2971 ἐν
1174 2918 1322 2993 ἑτέρᾳ
1366 2918 1626 2992 ἐκκλησίᾳ,
1649 2919 1770 2973 άλλά
1803 2925 1977 2974 πᾶσαν

387 3011 535 3070 τοῖς⁷⁸ι
555 3013 770 3084 άνάγκην
792 3013 1070 3083 ἐπάγεσθαι
1092 3017 1221 3085 χρὴ,
1239 3013 1568 3083 ἀναστρέφειν
1592 3014 1661 3071 εές
1680 3013 1769 3070 τάς
1789 3012 1977 3064 αὐτῶν

388 3105 672 3175 παροικίας
703 3102 732 3161 ἦ
763 3104 1111 3174 ἐπιμένοντας.
1142 3104 1506 3162 άκοινωνήτους
1537 3098 1660 3156 εἶναι
1699 3109 1972 3177 προσήκει.

2076 1938 2198 1976 nem
2224 1922 2278 1976 in
2305 1921 2627 1991 quibusdam
2650 1922 2890 1992 partibus
2918 1922 3205 1984 invenitur,
3231 1930 3290 1976 ut
3313 1938 3342 1975 a
3364 1921 3582 1976 civitate
3605 1923 3660 1974 in

2073 2013 2345 2067 civitatem
2377 2027 2478 2067 nec
2505 2013 2810 2082 episcopus,
2854 2027 2956 2067 nec
2999 2013 3300 2084 presbyter,
3332 2027 3432 2066 nec
3476 2010 3662 2066 diaco-

2074 2120 2174 2158 nus
2204 2103 2574 2158 transferatur.
2627 2104 2682 2158 Si
2727 2103 2850 2171 quis
2897 2113 3076 2158 autem
3124 2113 3246 2174 post
3292 2103 3662 2158 definitionem

2075 2204 2275 2250 sanctae
2303 2203 2359 2248 et
2387 2210 2597 2263 magnae
2625 2195 2836 2266 synodi,
2870 2195 2975 2250 tale
3005 2194 3135 2265 quid
3166 2194 3660 2264 aggressus'fuerit,

2074 2285 2159 2340 vel
2185 2301 2245 2340 se
2267 2284 2345 2339 rei
2377 2284 2647 2353 ejusmodi
2673 2285 2902 2352 dederit,
2927 2285 3070 2354 quod
3095 2284 3291 2339 factum
3314 2285 3418 2340 erit
3441 2285 3662 2340 omnino

2077 2378 2455 2441 inlirmabitur,
2489 2387 2544 2432 et
2574 2376 2828 2432 Ecclesiae
2875 2379 3189 2432 restituetur
3215 2378 3300 2432 cui
3331 2375 3506 2431 fuerat
3545 2377 3663 2446 epi-

2075 2481 2295 2537 scopus,
2328 2476 2421 2521 aut
2448 2467 2753 2538 presbyter,
2784 2468 2871 2522 vel
2899 2467 3158 2522 diaconus
3185 2467 3481 2522 ordinatus.

2155 2556 2295 2612 XVI.
2339 2557 2656 2627 Quicunque
2689 2566 2895 2612 temere
2927 2567 2982 2613 et
3010 2557 3404 2614 inconsiderate
3433 2571 3534 2613 nec
3570 2557 3666 2612 Dei

2078 2648 2328 2704 timorem
2359 2664 2469 2718 prae
2500 2649 2670 2704 oculis
2698 2650 2980 2718 habentes,
3012 2665 3111 2705 nec
3131 2649 3553 2705 ecclesiasticqu
3575 2665 3668 2704 ca-

2080 2754 2276 2794 nonem
2307 2747 2687 2807 agnoscentes,
2715 2740 2782 2794 ab
2812 2737 3049 2794 Ecclesia
3075 2740 3419 2794 discesserint
3439 2739 3668 2811 presby~

2080 2829 2183 2884 teri
2222 2828 2308 2884 vel
2350 2828 2587 2893 diaconi,
2623 2829 2708 2885 vel
2753 2830 3060 2898 quicunque
3105 2829 3326 2884 omnino
3367 2830 3420 2883 in
3461 2844 3670 2885 canone

2081 2928 2448 2982 recensentur,
2473 2919 2527 2973 hi
2550 2934 2886 2988 nequaquam
2909 2919 3105 2974 debent
3128 2921 3180 2972 in
3203 2919 3359 2973 aliam
3384 2919 3669 2974 ecclesiam

2082 3013 2270 3081 recipi,
2303 3012 2400 3067 sed
2427 3012 2650 3067 omnino
2678 3011 2905 3079 cogendi
2935 3020 3059 3066 sunt
3079 3012 3130 3065 in
3155 3028 3280 3066 suas
3308 3012 3544 3080 ipsorum
3575 3024 3670 3079 pa-

2083 3104 2276 3158 rtecias
2298 3102 2478 3156 redire
2503 3119 2515 3154 :
2544 3102 2627 3156 vel
2651 3102 2694 3158 si
2726 3110 3094 3171 perseverent,
3119 3117 3214 3157 eos
3239 3117 3268 3155 a
3291 3103 3672 3158 communione

392 3193 445 3242 εί
467 3195 550 3244 καί
568 3193 856 3256 τολμήσειέν
873 3215 948 3253 τις
965 3196 1271 3267 ἑφαρπάσαι
1290 3195 1375 3246 τόν
1392 3201 1462 3260 τῷ
1482 3193 1636 3266 ἑτέρῳ
1658 3191 1975 3266 διαφέροντα,

2083 3194 2282 3265 privari
2326 3201 2564 3263 oportet.
2597 3193 2655 3247 Si
2683 3195 2804 3264 quis
2843 3193 3006 3247 etiam
3037 3209 3200 3248 ausus
3238 3192 3399 3247 fuerit
3427 3208 3548 3246 eum
3577 3193 3673 3262 qui

393 3285 479 3334 καί
505 3291 863 3356 χειροτονῆσαι
888 3285 938 3336 ἐν
959 3292 1021 3356 τῇ
1053 3279 1504 3357 αὐτοῦ’ἒικλησίᾳ,
1531 3289 1601 3354 μή
1629 3289 1982 3355 συγκατατιθε-

390 3377 545 3441 μένου
566 3381 658 3429 τοῦ
679 3373 805 3429 ἰδίου
829 3375 1131 3441 ἐπισκόπου,
1155 3373 1214 3429 οὐ
1237 3379 1571 3451 ἀνεχώρησεν
1595 3376 1619 3430 ό
1646 3377 1694 3429 ἐν
1720 3386 1791 3442 τῷ
1819 3377 1982 3431 κανόνι

394 3466 760 3537 ἐξεταζόμενος,
793 3464 976 3542 ἄκυρος
1008 3466 1144 3522 ἔστω
1170 3469 1201 3525 ἦ
1237 3470 1549 3542 χειροτονία.

469 3623 544 3688 ιζ’.
575 3623 773 3684 Ἐπειδή
800 3626 973 3680 πολλοὶ
993 3626 1040 3678 ἐν
1062 3633 1135 3696 τῷ
1159 3627 1324 3681 κανόνι
1351 3625 1696 3698 ἐξεταζόμενοι
1723 3631 1810 3682 την
1832 3625 1982 3678 πλεοσο

394 3719 556 3780 νεξίαν
596 3720 680 3770 καί
722 3724 810 3777 τήν
853 3717 1284 3793 αἰσχροκερδείαν
1310 3717 1398 3789 [τό
1425 3716 1842 3793 αἰσχροκερδές]
1873 3717 1985 3772 διώ-
2031 3733 2042 3744 '

395 3809 912 3871 κοντες,ἐπελάθοντο’
935 3816 1026 3864 τοῦ
1070 3811 1201 3863 θείου
1243 3810 1545 3884 γράμματος
1585 3810 1837 3879 λέγοντος,
1871 3827 1889 3859 ε
1919 3811 1985 3864 Τό

395 3901 636 3976 ἀργύριον
671 3902 830 3956 αὐτοῦ
876 3903 966 3954 οὐκ
1001 3899 1186 3955 ἔδωκεν
1215 3903 1300 3955 ἐπί
1340 3901 1491 3970 τόκῳ,
1528 3919 1546 3950 ι
1569 3902 1651 3954 καί
1679 3897 1994 3963 δανείζοντες

398 3991 671 4052 ἐκατςστάς
717 3995 1047 4048 άπαιτοὶσιν·
1102 3991 1394 4046 ἐδικαίωσεν
1428 3993 1458 4048 ἡ
1498 3990 1619 4062 άγία
1667 3994 1753 4044 καί
1797 3992 1985 4063 μεγάλη

399 4084 624 4147 σύνοδος,
667 4089 733 4146 ὡς
757 4083 898 4145 εἴτις
927 4087 1149 4160 εύρεθείη
1189 4086 1318 4150 μετά
1347 4085 1432 4138 τὸν
1460 4080 1576 4156 ὅρον
1599 4090 1781 4137 τοῦτον
1806 4086 1986 4143 τόκους

399 4175 666 4246 λαμϐάνειν
693 4180 745 4230 ἐκ
777 4180 1225 4246 μεταχειρήσεως.
1261 4174 1292 4234 ἦ
1318 4173 1477 4234 ἄλλως
1522 4174 1902 4246 μετερχόμενος
1931 4178 1988 4229 τό

400 4276 635 4344 πρᾶγμα,
663 4268 691 4327 ἧ
721 4269 946 4338 ἡμιολίας
974 4269 1201 4320 ἁπαιτῶν
1221 4306 1236 4330 ,
1263 4265 1294 4324 ἣ
1335 4264 1459 4324 όλως
1489 4265 1661 4339 ἕτερόν
1689 4286 1738 4318 τι
1777 4267 1987 4320 ἐπινοῶν

402 4361 629 4433 αἰσχροῦ
659 4356 864 4435 κέρδους
903 4357 1081 4424 ἕνεκα,
1110 4357 1524 4430 καθαιρεθήσεται
1553 4361 1641 4408 τοῦ
1668 4354 1876 4428 κλήρου,
1905 4358 1988 4408 καί

404 4451 661 4524 ἀλλότριος
684 4455 777 4504 τοῦ
807 4449 1008 4508 κανόνος
1033 4445 1189 4501 ἔσται

477 4543 555 4601 ιη’.
601 4540 774 4596 Ἦλθεν
805 4546 875 4600 εἷς
903 4545 992 4598 τὴν
1021 4539 1167 4610 ἁγίαν
1209 4560 1294 4592 και
1323 4537 1540 4610 μεγάλην
1572 4534 1799 4602 σύνοδον,
1833 4534 1910 4590 ὅτι
1936 4534 1990 4591 ἕν

403 4658 514 4692 τισι
557 4638 732 4696 τόποις
777 4638 865 4688 καί
901 4634 1125 4690 πόλεσιν.
1157 4640 1263 4691 τοῖς
1312 4630 1682 4704 πρεσϐυτέροις
1711 4631 1992 4699 την-εὐχα-

403 4733 604 4803 ριστίαν
652 4731 697 4783 οἰ
745 4727 966 4783 διάκονοι
1005 4723 1260 4788 διδόασιν,
1288 4721 1412 4800 ὅπερ
1460 4720 1629 4776 οὐτεό
1664 4725 1842 4785 κανὼν,
1869 4719 1989 4775 οὔτε

406 4825 438 4879 ἡ
466 4825 701 4880 συνήθεια
730 4818 1040 4894 παρέδωκεν,
1071 4819 1192 4876 τούς
1221 4817 1452 4880 ἐξουσίαν
1477 4821 1544 4884 μη
1566 4812 1789 4884 ἔχοντας
1820 4833 1989 4888 προσ-

407 4915 588 4989 φέρειν,
611 4923 718 4974 ὀἷς
748 4914 1099 4989 προσφέρουσι
1147 4907 1339 4964 διδόναι
1364 4908 1422 4962 τὸ
1451 4913 1601 4975 σῶμα
1629 4911 1721 4959 τοῦ
1746 4910 1989 4975 Χριστοῦ.

411 5007 610 5078 Ιίᾀκείνο
654 5003 705 5058 δέ
753 5003 1053 5078 ἐγνωρίσθη,
1085 4998 1163 5056 ὅτι
1191 4998 1286 5058 ἤδη
1333 4999 1466 5056 τινὲς
1503 5005 1603 5049 τῶν
1641 4993 1881 5049 διακόνων
1911 4996 1993 5046 καί

405 5095 512 5169 πρό
534 5101 634 5150 τῶν
664 5093 950 5148 ἐπισκόπων
985 5100 1076 5151 τῆς
1121 5089 1459 5163 εὐχαριστίας
1503 5084 1771 5139 ἅπτονται.
1816 5089 1992 5136 Ταῦτα

405 5184 495 5241 οὖν
543 5188 708 5241 πάντα
755 5187 1093 5260 περιῃρήσθω,
1140 5186 1224 5235 καί
1281 5178 1638 5250 ἐμμενέτωσαν
1683 5178 1727 5230 οἱ
1779 5174 1992 5230 διάκονοι

405 5286 514 5338 τοῖς
567 5275 712 5335 ἰδίοις
764 5277 998 5350 μέτροις,
1047 5270 1234 5331 εἰδότες
1283 5267 1360 5324 ὅτι
1409 5275 1495 5325 τοῦ
1551 5269 1641 5336 μὲν
1708 5266 1990 5318 ἐπισκόπου

406 5369 659 5443 ὑπηρέται
702 5368 848 5430 εἰσίν,
880 5372 978 5419 τῶν
1026 5361 1078 5417 δὲ
1110 5360 1472 5435 πρεσϐυτέρων
1500 5358 1737 5414 ἐλάττους
1782 5355 1990 5426 τυγχά,

406 5479 565 5520 νουσι¹
589 5462 984 5537 λαμϐανέτωσαν
1010 5456 1062 5512 δέ
1092 5457 1222 5510 κατά
1250 5459 1338 5510 τήν
1368 5453 1507 5515 τάξιν
1537 5455 1625 5508 τὴν
1653 5450 1992 5521 εὐχαριστίαν

406 5558 538 5628 μετά
583 5537 705 5614 τοὺς
751 5551 1168 5628 πρεσϐυτέρους,
1214 5545 1245 5605 ἢ
1293 5550 1382 5598 τοῦ
1441 5541 1713 5597 ἐπισκόπου
1767 5538 1993 5599 διδόντος

411 5642 832 5724 ἶμεταδιδόντος]
881 5647 1056 5702 αὐτοῖς
1099 5641 1129 5700 ἦ
1177 5647 1270 5696 τοῦ
1315 5637 1701 5713 πρεσϐυτέροψ
1754 5633 1877 5690 άλλά

410 5741 654 5796 καθῆσθαι
683 5745 729 5791 ἐν
763 5739 904 5793 uiam
932 5741 1032 5789 τῶν
1060 5731 1422 5806 πρεσϐυτέρων
1447 5729 1633 5791 ἐξέστω
1675 5733 1786 5786 τοῖς
1817 5725 1991 5782 διακό-

477 5855 511 5892 ⁴
541 5852 846 5924 Legenduiu
887 5850 1094 5904 videtur
1122 5849 1316 5906 αὐτοῖς.
1352 5841 1500 5898 Eutr.

2083 3287 2153 3340 ad
2182 3286 2344 3339 alium
2376 3286 2631 3354 pertinet,
2663 3285 2954 3354 surripere,
2979 3293 3036 3339 et
3064 3285 3116 3338 in
3148 3300 3243 3339 sua
3272 3285 3498 3340 ecclesia
3525 3284 3674 3338 ordi-

2083 3393 2233 3442 nare,
2266 3393 2374 3432 non
2412 3377 2786 3431 consentiente
2825 3376 3046 3451 proprio
3075 3376 3352 3445 episcopo,
3384 3390 3413 3428 a
3442 3391 3549 3444 quo
3586 3390 3676 3430 re-
3720 3423 3729 3428 ,,

2084 3472 2246 3526 cessit
2273 3471 2364 3540 qui
2404 3470 2454 3524 in
2493 3483 2703 3525 canone
2741 3476 3012 3534 censetur,
3051 3466 3323 3529 ordinatio
3363 3465 3674 3536 bujusmodi

2087 3561 2238 3615 irrita
2269 3560 2393 3614 erit.

2159 3647 2320 3704 XVII.
2361 3649 2628 3716 Quoniam
2656 3648 2902 3718 plerique
2929 3647 3021 3715 qui
3052 3647 3104 3701 in
3134 3660 3344 3702 canone
3385 3661 3673 3702 recensen-

2085 3751 2174 3796 tur
2199 3741 2478 3796 avaritiam
2508 3749 2564 3795 et
2594 3747 2802 3809 turpem
2843 3745 3109 3806 quaestum
3151 3746 3444 3804 sectantes,
3483 3737 3677 3792 oblivi-

2083 3842 2305 3891 scuntur
2347 3833 2539 3887 divinae
2579 3831 2872 3901 Scriptum
2901 3830 3128 3886 dicentis
3161 3849 3172 3883 :
3201 3828 3492 3885 Pecuniam
3515 3845 3672 3885 suam

2088 3943 2196 3982 non
2225 3926 2376 3982 dedit
2407 3925 2476 3980 ad
2502 3939 2717 3980 usuram
2762 3924 2935 3995 (Paul.
2977 3940 3088 3987 xtv,
3120 3923 3174 3993 5)
3214 3940 3226 3975 :
3261 3931 3317 3977 et
3351 3923 3679 3979 fmnerantes

2087 4017 2411 4072 centesimas
2434 4016 2678 4082 exigunt,
2708 4029 2918 4083 mquum
2946 4013 3159 4070 censuit
3187 4019 3372 4068 sancta
3402 4020 3458 4067 et
3483 4024 3679 4078 magna

2091 4109 2352 4180 synodus,
2384 4117 2443 4161 ut
2471 4107 2516 4162 si
2547 4107 2667 4176 quis
2697 4107 2945 4162 inventus
2975 4105 3136 4161 fuerit
3165 4113 3288 4174 post
3315 4105 3456 4159 hanc
3481 4104 3677 4160 deﬁni-

2091 4200 2294 4258 tionem
2325 4215 2518 4253 usuras
2544 4212 2756 4253 sumere
2783 4212 2848 4252 ex
2879 4205 3088 4260 mutuo,
3119 4197 3206 4252 vel
3234 4195 3392 4250 aliter
3411 4210 3532 4250 eam
3562 4209 3678 4248 rem

2090 4288 2390 4344 consectari
2419 4296 2513 4341 aut
2539 4287 2789 4356 sescupla
2828 4287 3067 4355 exigere,
3100 4288 3185 4340 vel
3221 4286 3442 4341 omnino
3479 4284 3680 4355 aliquid

2091 4378 2240 4433 aliud
2271 4379 2582 4447 excogitare
2610 4378 2783 4448 turpis
2812 4377 2946 4432 lucri
2972 4378 3163 4445 gratia,
3196 4393 3228 4432 e
3263 4377 3410 4432 clero
3440 4375 3679 4446 depona-

2093 4479 2198 4535 tur,
2230 4479 2286 4524 et
2314 4471 2520 4524 alienus
2549 4485 2577 4524 a
2610 4485 2821 4525 canone
2851 4470 3066 4524 existat.

2020 4567 2070 4626 D
2167 4561 2350 4616 XVIII.
2393 4561 2645 4616 Pervenit
2691 4561 2760 4616 ad
2805 4569 3050 4616 sanctum
3094 4540 3453 4631 magnumque
3496 4562 3682 4617 conci-

2097 4655 2250 4714 lium.
2274 4653 2418 4722 quod
2450 4655 2501 4708 in
2531 4654 2853 4722 quibusdam
2881 4654 3013 4708 locis
3035 4662 3090 4707 et
3116 4653 3444 4721 civitatibus,
3468 4653 3682 4708 diaconi

2097 4744 2426 4815 presbyteris
2455 4744 2833 4799 eucharistiam
2871 4745 3174 4814 praebeant;
3204 4743 3350 4812 quod
3380 4759 3554 4812 neque
3589 4759 3684 4799 ea-

2100 4855 2228 4905 non,
2266 4853 2442 4907 neque
2482 4837 2819 4893 consuetudo
2863 4837 3098 4900 tradidit,
3131 4845 3190 4890 ut
3228 4837 3318 4906 qui
3359 4844 3684 4907 potestatem

2100 4931 2360 4988 efferendi
2388 4945 2497 4985 non
2526 4930 2747 4998 habent,
2772 4930 2859 4985 his
2885 4931 2976 4998 qui
3003 4928 3236 4984 offerunt
3259 4944 3456 4998 corpus
3484 4928 3685 4983 Christi

2100 5024 2396 5094 porrigant.
2429 5021 2563 5076 Illud
2587 5022 2750 5076 etiam
2787 5021 3020 5076 innotuit
3047 5020 3192 5090 quod
3221 5020 3333 5088 jam
3374 5019 3588 5088 quidatn
3615 5033 3686 5072 ex

2100 5115 2342 5170 diaconis
2359 5115 2522 5169 etiam
2544 5122 2671 5168 ante
2693 5113 2975 5188 episcOpos
2997 5110 3374 5166 eucharistiam
3397 5109 3680 5176 attingant.

2099 5205 2290 5262 Omnia
2321 5207 2482 5275 igitur
2529 5207 2630 5260 ista
2675 5203 3007 5271 auferantur,
3045 5211 3099 5258 et
3136 5200 3348 5266 diaconi
3381 5199 3520 5253 intra
3551 5213 3686 5270 pro-
3751 5199 3775 5275 ς

2101 5301 2273 5371 priam
2319 5315 2627 5355 mensuram
2669 5307 2950 5365 maneant,
2989 5297 3222 5351 scientes
3263 5293 3407 5362 quod
3450 5294 3688 5351 ministri

3751 5251 3764 5298 ἰ

2101 5402 2225 5449 sunt
2242 5394 2638 5462 episcoporum,
2664 5399 2720 5446 et
2745 5389 3076 5462 presbyteris
3104 5386 3386 5442 inferiores
3412 5387 3681 5443 existant:

2101 5484 2366 5553 accipiant
2386 5492 2563 5537 autem
2585 5496 2684 5537 suo
2713 5481 2900 5536 ordine
2921 5478 3297 5534 eucharistiam
3320 5488 3443 5550 post
3464 5481 3688 5550 presby-

2103 5583 2265 5638 teros,
2298 5573 2385 5628 vel
2422 5575 2679 5644 episcopo
2726 5572 2889 5626 dante
2935 5569 3021 5624 vel
3067 5570 3410 5642 presbytero;
3442 5571 3538 5626 sed
3585 5585 3692 5625 nec

2101 5668 2288 5722 sedere
2332 5666 2386 5720 in
2423 5665 2604 5721 medio
2652 5663 3086 5733 presbyterorum
3130 5663 3370 5718 diaconis
3416 5662 3595 5725 liceat.
3627 5659 3686 5714 id

2102 5762 2242 5816 enim
2275 5759 2331 5812 lit
2368 5766 2562 5829 praeter
2589 5768 2853 5810 canouem
2888 5761 2943 5810 et
2975 5753 3238 5811 ordinem.
3271 5752 3326 5808 Si
3355 5753 3475 5822 quis
3501 5757 3682 5808 autem
