4128 6348
412 280 471 335 ιτ
1216 338 1217 341 η
1698 284 1991 341 DIONYSH

2097 284 2420 341 EXIGUUS.
3620 289 3696 347 ‘8

412 415 535 461 νοις,
566 419 707 473 παρα
734 399 912 453 κανόνα
939 400 1037 473 ’γάρ
1068 402 1147 453 καί
1178 400 1318 469 παρά
1342 400 1476 463 τάξιν
1502 400 1610 453 ἐστὶ
1634 400 1690 451 τὸ
1716 400 1990 471 γινόμενον.

2100 398 2318 451 obedire
2368 395 2599 451 noluerit
2640 405 2762 466 post
2800 398 2898 453 has
2936 397 3294 468 deﬁnitiones,
3326 399 3544 457 desinat
3570 416 3699 459 csso

412 488 472 537 Εἰ
508 484 561 541 δέ
600 510 676 547 τις
719 494 787 558 μή
827 489 953 542 θέλοι
993 490 1293 560 πειθαρχεῖν
1325 489 1407 540 καί
1444 489 1576 556 μετά
1618 488 1833 547 τούτους
1876 490 1995 547 τοὺς

411 576 583 652 ὅρους,
614 581 899 633 πεπαύσθω
930 586 1018 636 τῆς
1050 576 1317 635 διακονίας.

482 666 559 721 ιθ’.
608 671 721 741 Περὶ
760 675 856 721 τῶν
904 667 1341 721 Παυλιανισάντων
1387 663 1858 737 [παυλιανιστῶν],
1892 661 1998 719 εἶτα

409 759 806 834 προσφυγόντων
853 766 913 830 τῇ
963 756 1195 831 καθολικῇ
1245 758 1519 831 ἐκκλησίᾳ,
1567 755 1683 830 ὄρος
1726 757 1998 811 ἐκτέθειται

408 850 841 912 ἀναϐαπτίζεσθαι
877 850 1060 907 αὐτοὺς
1091 850 1390 912 ἑξάπαντος.
1434 852 1491 901 Εἰ
1518 846 1568 901 δέ
1598 869 1729 907 τινες
1758 855 1828 917 τῷ
1858 868 1998 918 παρ·

409 943 663 1000 εληλυθότι
698 941 868 1015 χρόνῳ
904 942 952 995 ἐν
988 949 1059 1010 τῷ
1095 941 1255 1013 κλήρῳ
1292 942 1669 1005 ἐξηπατήθησαν
1704 940 1997 1011 [ἐξητάσθη-

407 1031 545 1101 σανΙ,
563 1037 607 1084 εἰ
628 1034 715 1101 μέν
736 1028 996 1101 ἄμεμπτοι
1020 1034 1104 1084 καί
1129 1032 1457 1088 ἀνεπίληπτοι
1482 1039 1700 1101 φανεῖεν,
1722 1031 2001 1085 ἀναϐαπτι-

405 1126 606 1184 σθέντες
623 1125 1111 1196 χειροτονείσθωσαν
1129 1122 1229 1178 ὑπὸ
1245 1129 1331 1177 τοῦ
1351 1132 1443 1182 τῆς
1463 1123 1718 1183 καθολικῆς
1734 1122 1998 1181 ὶκκλησίας

404 1217 711 1271 ἐπισκόπου.
742 1218 795 1269 Εἰ
823 1214 875 1269 δὲ
914 1217 943 1273 ἡ
980 1217 1245 1288 ἀνάκρισις
1290 1212 1671 1272 ἀνεπιτηδείους
1702 1215 1883 1273 αὐτοὺς
1914 1212 1999 1265 εὐ-

406 1314 598 1375 ρίσκοι,
629 1309 966 1383 καθαιρεῖσθαι
1016 1310 1198 1367 αὐτοὺς
1243 1310 1491 1384 προσήκει
1514 1321 1525 1337 '
1562 1307 1811 1364 ὡσαύτως
1834 1302 1887 1357 δὲ
1916 1306 1999 1356 καί

406 1402 528 1473 περὶ
572 1406 670 1452 τῶν
706 1397 1050 1460 διακονισσῶν,
1080 1401 1165 1453 καί
1197 1397 1322 1459 ὅλως
1369 1401 1489 1472 περὶ
1526 1404 1624 1452 τῶν
1656 1399 1701 1449 ἐν
1730 1403 1803 1467 τῷ
1833 1394 2000 1449 κανόνι

406 1488 611 1564 ζαλήρῳ]
638 1491 989 1562 ἐξεταζομένων
1014 1488 1037 1543 ό
1066 1490 1218 1548 αὐτὸς
1246 1493 1411 1549 τύπος
1436 1487 1996 1563 παραφυλαχθήσεται.

415 1582 645 1651 Εμνησθη
661 1581 750 1649 μέν
763 1577 814 1632 δέ
830 1576 920 1648 [1⁷.
940 1574 1024 1645 δή]
1038 1586 1136 1631 τῶν
1157 1576 1485 1631 διακονισσῶν
1497 1583 1596 1631 τῶν
1612 1578 1659 1628 ἐν
1674 1583 1745 1646 τῷ
1760 1579 1999 1645 σχήματι

409 1671 790 1734 ἐξετασθεισῶν,
821 1670 929 1722 ἐπεὶ
956 1667 1081 1739 μηδέ
1109 1670 1429 1741 χειροθεσίαν
1461 1669 1574 1722 τινά
1604 1665 1995 1761 ἔχουσιν,.ὥστε

408 1763 681 1827 ίξάπαντος
711 1764 759 1815 ἐν
788 1769 895 1819 τοῖς
920 1762 1103 1819 λαίκοῖς
1136 1763 1297 1819 αὐτάς
1327 1760 1671 1823 ἐξετάζεσθαι.

477 1853 533 1906 κ’.
578 1851 777 1910 Ἐπειδή
824 1853 951 1912 τινές
990 1856 1120 1906 εἰσιν
1149 1852 1196 1903 ἐν
1225 1859 1285 1925 τῇ
1316 1859 1531 1924 κυριακῇ
1569 1850 1687 1921 γόνυ
1728 1848 1995 1910 κλίνοντες,

410 1946 488 1997 καί
514 1943 562 1994 ἐν
590 1949 703 2002 ταῖς
747 1950 839 2001 τῆς
863 1950 1212 2003 πεντηκοστῆς
1238 1942 1489 2014 [ἡμέραις,
1521 1942 1653 2014 ὑπὲρ
1700 1944 1793 1993 τοῦ
1830 1939 1997 1993 πάντα

411 2037 455 2087 ἐν
496 2035 636 2109 πάσῃ
676 2037 915 2108 παροικίᾳ
944 2033 1148 2104 ζόμοίως
1197 2033 1556 2105 φυλάττεσθαι,
1589 2032 1822 2088 ἑστῶτας
1854 2027 1995 2093 ἔδοξε

411 2133 469 2199 τῇ
500 2124 619 2199 ἁγία
649 2123 845 2193 συνόδῳ
884 2128 972 2186 τὰς
1001 2128 1163 2196 εὐχὰς
1193 2122 1486 2179 ἀποδιδόναι
1512 2131 1583 2195 τῷ
1614 2131 1741 2191 Θεῷ.

2027 1787 2075 1847 Β

2101 489 2379 545 diaconus.

2171 663 2304 717 XIX.
2347 663 2422 718 De
2462 663 2820 729 Paulianistis,
2854 666 2899 720 si
2931 666 2999 721 ad
3029 666 3323 723 Ecclesiam
3364 671 3691 730 catholicam

2099 756 2457 825 confugerint,
2506 748 2783 812 definitum
2827 767 2910 811 est
2952 774 3046 814 eos
3078 762 3299 816 omnino
3343 764 3690 833 rebaptizari.

2100 848 2155 903 Si
2188 850 2277 919 qui
2323 865 2452 903 vero
2496 850 2769 920 praeterito
2818 859 3061 921 tempore
3104 854 3157 907 in
3207 854 3353 909 clero
3395 854 3613 923 fuerint,
3647 860 3693 914 si

2100 942 2317 1011 quidem
2348 942 2608 1011 inculpati
2640 951 2695 996 et
2717 943 3235 1013 irreprehensibiles,
3262 947 3577 1018 rebaptizati
3605 968 3695 1005 or-

2101 1032 2355 1086 dinentur
2396 1032 2463 1085 ab
2518 1032 2775 1101 episcopo
2825 1034 3103 1089 catholicm
3145 1034 3419 1091 Εςριοδίω.
3464 1040 3518 1093 Si
3562 1056 3695 1097 vero

2102 1121 2415 1187 examinati,
2440 1121 2616 1174 minus
2648 1122 2757 1191 apti
2784 1121 3105 1190 deprehensi
3135 1125 3351 1191 fuerint,
3378 1128 3576 1196 deponi
3599 1146 3695 1185 eos

2102 1214 2353 1266 convenit
2381 1231 2391 1265 :
2423 1214 2672 1267 similiter
2716 1223 2893 1268 autem
2923 1222 2977 1269 et
3005 1214 3073 1269 de
3121 1216 3457 1283 diaconissis,
3491 1230 3546 1274 et
3577 1238 3697 1274 om-

2102 1302 2230 1355 nino
2260 1302 2325 1357 de
2353 1303 2436 1357 his
2464 1304 2555 1371 qni
2587 1305 2687 1357 sub
2727 1319 2936 1358 canone
2968 1315 3275 1371 versantur,
3301 1309 3488 1363 eadem
3521 1310 3691 1365 forma

2103 1392 2423 1447 servabitur.
2474 1393 2901 1448 Diaconissarum
2942 1405 3119 1449 autem
3166 1398 3530 1467 meminimus,
3577 1415 3695 1470 qua:

2105 1481 2158 1535 in
2192 1481 2375 1535 habitu
2406 1483 2624 1551 quidem
2665 1499 2784 1538 esse
2818 1494 3124 1549 censentur,
3161 1487 3286 1555 quia
3323 1505 3452 1543 vero
3493 1491 3694 1546 nullam

2105 1590 2295 1631 manus
2326 1576 2725 1645 impositionem
2756 1578 2975 1644 habent,
3009 1588 3067 1633 ut
3095 1582 3317 1635 omnino
3349 1583 3488 1637 inter
3522 1584 3694 1639 laicos

2106 1667 2233 1737 ipsa:
2263 1666 2608 1737 deputentur.

2174 1846 2289 1900 XX.
2334 1846 2598 1913 Quoniam
2636 1857 2759 1902 sunt
2791 1849 3028 1918 quidam,
3059 1851 3150 1922 qui
3180 1852 3267 1907 die
3296 1853 3567 1909 dominico
3596 1870 3689 1926 ge-

2107 1951 2211 1988 nua
2242 1935 2484 2000 ﬂectunt,
2516 1943 2570 1989 et
2602 1936 2656 1989 in
2696 1936 2886 1993 diebus
2916 1936 3281 2003 Pentecostes,
3318 1951 3374 1996 ut
3406 1945 3585 1998 omnia
3619 1946 3692 1999 si-

2104 2028 2305 2081 militer
2334 2027 2387 2080 in
2419 2028 2563 2081 omni
2596 2030 2829 2097 parmcia
2860 2040 3163 2098 serventur,
3186 2035 3358 2089 visum
3387 2046 3469 2090 est
3494 2046 3692 2092 sancte

2106 2119 2339 2191 synodo,
2369 2129 2575 2175 stantes
2600 2121 2710 2177 Deo
2739 2124 3013 2179 orationes
3043 2128 3368 2195 persolvere.

416 2218 3671 2249 .__________.______________________________

1381 2301 1934 2408 CONCILII
2011 2299 2644 2407 ANCYBAN
2652 2306 2691 2405 Ι

1461 2468 1823 2531 CANONES
1871 2466 2049 2528 XXV
2107 2464 2238 2544 (an.
2274 2468 2425 2530 Chr.
2465 2469 2635 2549 31h).

523 2575 655 2652 Qui
685 2572 926 2655 quidem
954 2577 1198 2652 priores
1229 2582 1373 2633 sunt
1402 2570 1701 2641 Nicwnis,
1732 2568 1836 2629 sed
1869 2567 2006 2627 ideo
2035 2570 2381 2655 postpositi
2416 2580 2563 2629 sunt
2606 2580 2870 2651 propter
2904 2581 3337 2640 auctoritatem
3368 2583 3591 2660 synodi

1838 2664 2239 2709 mcumemcw.

473 2856 570 2888 κα.
602 2835 990 2911 Πρεσϐυτὲρους
1017 2835 1135 2891 τοὺς
1168 2831 1528 2894 ἐπιθύσαντας,
1562 2824 1671 2881 εἶτα
1716 2828 1979 2880 ἐπαναπαο

402 2923 707 2992 λαίσαντας,
730 2932 855 2998 μήτε
887 2928 939 2979 ἐκ
964 2923 1177 2995 μεθόδου
1209 2924 1337 2981 τινός
1365 2923 1467 2974 ἀλλ’
1490 2922 1540 2985 ἐξ
1564 2921 1819 2981 ἀληθείας,
1854 2924 1980 2990 μήτε

2010 2758 2084 2772 α..

2164 2822 2301 2877 XXI.
2326 2858 2359 2868 -
2422 2826 2473 2879 1.
2516 2826 2868 2900 Presbyter-Os
2896 2832 2987 2902 qui
3024 2833 3455 2904 immolaverunt,
3486 2837 3683 2894 deinde

2092 2925 2282 2971 contra
2312 2917 2559 2973 reluctati
2596 2930 2737 2987 sunt,
2783 2938 2889 2977 non
2930 2925 3270 2980 simulatione
3299 2928 3549 2995 quadam,
3579 2932 3673 2984 sed

404 3026 989 3096 προκατασκευάσαντας
1010 3024 1093 3073 καὶ
1114 3018 1549 3077 ἑπιτηδεύσαντας
1567 3019 1650 3069 καί
1673 3018 1980 3077 πείσαντας,

2097 3023 2160 3061 ex
2196 3008 2446 3075 veritate,
2482 3025 2582 3065 nec
2608 3012 2714 3067 hoc
2746 3014 2893 3083 prius
2926 3016 3214 3070 machinati
3244 3027 3390 3086 sunt,
3422 3036 3523 3075 nec
3552 3037 3682 3076 con-

402 3116 478 3170 ἵνα
525 3115 707 3179 δόξωσι
751 3117 839 3186 μὲν
885 3113 1128 3182 βασάνοις
1172 3109 1563 3163 όποϐάλλεσθαι.
1592 3104 1783 3164 ταύτας
1822 3102 1875 3158 δέ
1916 3111 1989 3175 τῷ

402 3206 565 3260 δοκεῖν
590 3209 671 3257 καὶ
691 3214 763 3276 τῷ
785 3210 1023 3273 σχήματι
1050 3203 1417 3275 προσαχθῆναι
1440 3194 1853 3274 Ιπροσαχθὼσψ
1876 3198 1989 3249 τού·

403 3317 522 3355 ¹τους
554 3294 686 3358 ἔδοξε
717 3303 806 3354 τῆς
838 3297 927 3364 μέν
957 3302 1107 3363 τιμῆς
1147 3300 1237 3351 τῆς
1277 3293 1409 3345 κατά
1455 3295 1544 3347 τὴν
1576 3287 1815 3362 καθέδραν
1846 3290 1987 3356 μετέ-

401 3408 534 3458 χειν,
564 3390 868 3461 προσφέρειν
902 3386 952 3441 δέ
985 3389 1190 3450 αὐτοὺς,
1222 3385 1251 3443 ἦ
1282 3384 1488 3454 ὁμιλεῖν,
1519 3388 1547 3441 ἡ
1579 3381 1704 3441 όλως
1747 3384 1985 3457 λειτουρ-

402 3487 502 3550 γεῖν
523 3502 574 3534 τι
608 3487 707 3533 τῶν
737 3481 996 3553 ἱερατικῶν
1041 3480 1361 3552 λειτουργιῶν
1390 3480 1460 3547 μή
1496 3477 1694 3539 ἐξεῖναι.

382 3676 387 3681 '
469 3654 560 3709 κϐ’.
595 3656 856 3723 Διακόνους
887 3654 1067 3719 ὁμοίως
1104 3654 1391 3716 θύσαντας,
1422 3654 1550 3721 μετά
1580 3650 1633 3706 δέ
1669 3658 1835 3707 ταῦτα
1874 3653 1990 3706 ἀναν

400 3747 764 3806 παλαίσαντας,
784 3751 872 3803 τήν
889 3746 974 3813 μέν
995 3745 1150 3801 αὐτὴν
1173 3741 1204 3796 ἕ
1208 3766 1248 3813 χ
1254 3764 1324 3798 ειν
1356 3743 1708 3810 ’,πεπαῦσθαι
1731 3740 1783 3795 δέ
1806 3743 1992 3800 αὐτοὺς

398 3840 569 3897 πάσης
598 3844 685 3896 τῆς
710 3838 851 3910 ἱερᾶς
879 3832 1175 3909 [ἱερατικῆς]
1202 3835 1521 3906 λειτουργίας
1539 3873 1552 3896 ,
1577 3840 1667 3892 τῆς
1689 3852 1744 3887 τε
1776 3840 1866 3887 τοῦ
1899 3832 1991 3906 ἆρ-

399 3950 483 3982 τον
506 3929 534 3987 ἦ
571 3934 808 3999 ποτήριον
838 3928 1125 4000 ἀναφέρειν,
1164 3926 1192 3984 ἦ
1224 3927 1517 3998 κηρύσσειν.
1558 3927 1613 3977 Εἰ
1640 3927 1730 3995 μέν
1760 3926 1835 3978 τοί
1863 3944 1992 3984 τινες

400 4030 497 4076 τῶν
520 4020 803 4076 ἐπισκόπων
827 4024 1040 4077 τούτους
1065 4016 1310 4072 συνίδοιεν
1338 4016 1559 4087 [τούτοις
1585 4013 1873 4084 συνειδεῖεν]
1898 4023 1990 4068 κά-

399 4112 556 4181 ματόν
578 4133 689 4165 τινα
707 4109 737 4168 ἢ
766 4112 1073 4164 ταπείνωσιν
1093 4108 1404 4181 πρᾳότητος,
1427 4110 1508 4160 καί
1528 4107 1731 4160 ἐθέλοιεν
1746 4104 1919 4159 πλεῖόν
1944 4128 1991 4161 τι

398 4204 630 4263 διδόναιῆ
660 4206 905 4278 ἀφαιρεῖν,
932 4201 1009 4255 ἐπ’
1029 4202 1201 4262 αὐτοῖς
1227 4196 1351 4253 εἶναι
1378 4204 1467 4259 τὴν
1492 4199 1742 4263 ἐξουσίαν.

2097 3100 2240 3154 sulto
2264 3115 2327 3155 ac
2352 3100 2418 3155 de
2448 3101 2709 3158 industria
2740 3106 2791 3159 id
2822 3107 3082 3171 fecerunt,
3107 3118 3163 3163 et
3194 3123 3591 3179 persuaserunt,
3628 3123 3683 3169 ut

2092 3192 2377 3246 tormentis
2420 3193 2607 3261 subjici
2642 3196 2971 3264 viderentur,
3005 3215 3127 3253 cum
3158 3216 3220 3254 ea
3253 3204 3433 3271 specie
3470 3214 3524 3258 et
3567 3208 3683 3275 opi-

2096 3299 2256 3337 mone
2300 3293 2507 3338 tantum
2551 3286 2916 3343 inferrentur:
2952 3292 3124 3346 visum
3168 3302 3251 3347 BSt
3291 3310 3383 3351 COS
3426 3284 3682 3350 honorem

2093 3376 2309 3444 quidem
2349 3378 2491 3432 sedis
2532 3379 2768 3435 retinere
2797 3399 2808 3433 :
2843 3381 3042 3438 offerre
3082 3394 3261 3439 autem
3293 3386 3421 3454 illis,
3451 3396 3543 3442 aut
3571 3405 3681 3442 ser-

2094 3479 2309 3518 monem
2341 3468 2610 3534 conferre,
2639 3471 2722 3524 vel
2746 3475 2969 3528 omnino
2994 3490 3150 3530 sacro
3175 3476 3356 3547 aliquo
3386 3480 3682 3537 miniSterio

2094 3553 2239 3620 fungi
2271 3570 2378 3609 non
2406 3556 2589 3611 licere.

2164 3642 2324 3696 XXII.
2366 3678 2384 3687 -
2457 3646 2511 3700 ‘2.
2540 3646 2803 3705 Diaconos
2832 3652 3077 3708 similiter
3105 3657 3195 3724 qui
3242 3657 3680 3723 immolavermt,

2094 3743 2283 3805 postea
2323 3746 2499 3791 autem
2532 3740 2781 3797 reluctati
2822 3754 2965 3809 snnt,
2999 3747 3146 3800 illum
3176 3751 3390 3819 quidem
3423 3753 3682 3807 honorem

2096 3829 2297 3883 habere
2327 3830 2532 3899 placuit
2583 3834 2792 3902 :ripsos
2823 3852 2950 3891 vero
2993 3855 3206 3896 cessare
3250 3842 3317 3897 ab
3348 3846 3492 3897 omni
3530 3860 3683 3900 sacro

2096 3919 2399 3973 ministerio
2429 3921 2542 3975 sive
2571 3938 2763 3991 panem
2786 3927 3107 3984 velcalicem
3138 3932 3415 3998 oil'erendi,
3442 3936 3526 3989 vel
3548 3952 3683 4004 prm—

2097 4009 2332 4064 dicandi.
2365 4009 2469 4065 Sed
2506 4013 2549 4065 si
2594 4015 2809 4082 quidam
2840 4018 3080 4088 episcopi
3102 4022 3301 4076 conscii
3331 4024 3437 4076 sint
3482 4023 3683 4078 laboris

2096 4117 2302 4167 eorum,
2340 4110 2393 4157 et
2422 4104 2735 4161 humilitatis
2771 4116 2823 4161 et
2855 4114 3300 4177 mansuetudinis,
3334 4123 3387 4168 et
3416 4116 3682 4168 voluerint

2094 4194 2174 4249 eis
2200 4195 2397 4265 aliquid
2439 4198 2666 4268 amplius
2716 4200 2975 4269 tribuere,
3007 4205 3091 4259 vel
3139 4208 3373 4273 auferre,
3408 4208 3461 4261 in
3491 4223 3679 4261 eorum

2098 4294 2365 4355 potestate
2394 4287 2444 4341 id
2479 4303 2618 4344 esse.

468 4380 557 4449 κγ’.
585 4382 713 4437 Τοὺς
760 4378 1036 4449 φεύγοντας
1072 4376 1155 4427 καί
1185 4372 1577 4444 συλληφθέντας,
1608 4371 1637 4429 ἦ
1673 4373 1772 4425 ὑπὸ
1803 4372 1991 4425 οἰκείων

2168 4376 2349 4445 XXlll.
2374 4408 2430 4417 —
2469 4377 2522 4431 5.
2568 4378 2672 4434 Eos
2701 4380 2790 4447 qui
2834 4380 3099 4449 fugientes
3127 4384 3505 4451 comprehensi
3532 4392 3677 4449 sunt,

397 4468 769 4545 παραδοθέντας
790 4511 803 4531 ,
834 4466 863 4524 ἧ
896 4464 1054 4524 ἄλλως
1097 4468 1162 4517 τά
1191 4464 1503 4539 ὑπάρχοντα
1540 4462 1928 4533 ἀφαιρεθέντας,
1960 4462 1989 4518 ἡ

397 4562 763 4632 ὑπομείναντας
789 4560 1067 4630 βασάνους,
1092 4555 1122 4614 ἦ
1146 4559 1225 4625 ,είς
1257 4555 1599 4629 δεσμωτήριον
1628 4554 1955 4624 ἐμέληθέντας
1974 4593 1989 4620 ,

397 4655 619 4723 βοῶντάς
633 4673 707 4715 τε,
726 4650 915 4706 ὄτιείσί
938 4653 1213 4725 χριστανοί
1236 4653 1314 4703 καί
1340 4649 1762 4722 περισχισθέντες
1778 4647 1989 4721 [περισ-

400 4743 687 4817 χεθέντας],
702 4745 812 4802 ἤτοι
835 4745 904 4803 είς
926 4750 1019 4801 τὰς
1044 4750 1228 4816 χεῖρας
1250 4743 1379 4815 πρός
1404 4742 1519 4808 βίαν
1540 4739 1871 4809 ἐμϐαινόντων
1891 4744 1989 4791 τῶν

400 4837 723 4909 βιαζομένων,
747 4834 775 4893 ἦ
798 4835 980 4910 βρῶμά
1000 4855 1049 4887 τι
1075 4835 1204 4907 πρὸς
1226 4834 1442 4902 ἀνάγκην
1464 4830 1785 4903 δεξαμένους,
1810 4828 1989 4900 όμολο-

399 4931 609 5003 γοῦντάς
634 4950 688 4983 τε
715 4927 899 4991 διόλου,
933 4925 1010 4982 ότι
1035 4930 1135 4980 εἰσὶ
1159 4928 1477 5001 χριστιανοί,
1504 4928 1591 4977 καί
1613 4924 1668 4977 τὸ
1690 4924 1863 4981 πένθος
1900 4929 1992 4976 τοῦ

398 5021 686 5090 συμϐάντος
708 5022 786 5072 ἀεὶ
806 5016 1236 5087 ἐπιδεικνυμένους
1258 5025 1318 5089 τῇ
1340 5018 1481 5088 πάσῃ
1503 5013 1789 5087 καταστολῇ
1814 5016 1895 5065 καί
1920 5022 1992 5087 τῷ

398 5118 670 5185 σχήματι,
697 5115 779 5165 καί
807 5119 868 5184 τῇ
906 5116 993 5165 τοῦ
1026 5110 1139 5183 βίου
1172 5108 1520 5170 ταπεινότητι,
1552 5107 1764 5165 τούτους
1796 5107 1862 5164 ὡς
1891 5103 1991 5168 ἔξω

399 5205 765 5279 ἁμαρτήματος
795 5198 944 5265 ὄντας
964 5240 981 5267 ,
1010 5210 1101 5261 τῆς
1142 5201 1402 5258 κοινωνίας
1435 5203 1503 5264 μὴ
1535 5196 1829 5250 κωλύεσθαι.
1864 5198 1916 5248 [ί
1938 5194 1991 5249 δὲ

400 5302 481 5353 καί
500 5299 813 5354 ἐκωλύθησαν
838 5292 940 5351 ὑπό
955 5317 1098 5350 τινων
1119 5293 1496 5367 περισσοτέρας
1518 5289 1781 5361 ἀκριϐείας
1803 5289 1982 5351 ἕνεκεν,

398 5390 427 5447 ἡ
448 5391 530 5442 καί
550 5410 697 5443 τινων
726 5390 924 5462 ἀγνοίᾳ,
954 5388 1095 5445 εὐθὺς
1114 5382 1517 5458 προσδεχθῆναι.
1547 5386 1707 5435 Τοῦτο
1729 5378 1782 5433 δέ
1804 5379 1985 5450 ὁμοίως

398 5479 483 5533 ἐπί
502 5501 555 5534 τε
576 5488 674 5534 τῶν
703 5481 755 5533 ἐκ
781 5486 873 5533 τοῦ
895 5478 1079 5549 κλήρου
1103 5477 1186 5528 καί
1214 5480 1312 5525 τῶν
1343 5467 1500 5525 ἄλλων
1523 5470 1730 5527 λαϊκῶν.
1765 5472 1984 5546 ῐιροσεξ-

400 5572 589 5627 ητάσθη
607 5568 659 5624 δέ
684 5573 904 5643 κάκεῖνο,
928 5571 969 5621 εἰ
996 5566 1244 5621 δύνανται
1272 5564 1351 5615 καί
1371 5560 1532 5614 λαϊκοί
1552 5571 1612 5633 τῇ
1648 5563 1772 5635 αὐτῇ
1795 5564 1985 5635 ἀνάγκη

400 5659 746 5721 ὑποπεσόντες
762 5659 1111 5735 προσάγεσθαι
1138 5659 1209 5715 εἰς
1234 5657 1389 5718 τάξιν.
1416 5652 1613 5718 ’Ἑδοξεν
1646 5650 1735 5707 οὖν
1765 5659 1846 5708 καὶ
1870 5659 1985 5709 τιυ-

474 5776 490 5795 ’
529 5772 880 5841 Subintellige
906 5773 1072 5842 τιμήν.
1108 5769 1260 5823 Ευιτ.

2097 4465 2183 4518 vel
2223 4480 2253 4518 a
2293 4466 2604 4522 domesticis
2634 4469 2836 4535 traditi,
2864 4473 2949 4527 vel
2977 4473 3086 4527 suis
3115 4474 3314 4543 alioqui
3342 4473 3684 4530 facultatibus

2097 4556 2313 4624 privati,
2342 4559 2423 4612 vel
2455 4568 2723 4614 tormenta
2765 4566 3023 4632 perpessi,
3058 4566 3144 4619 vel
3174 4566 3226 4619 in
3256 4581 3527 4622 carcerem
3557 4582 3684 4622 con—

2093 4646 2226 4714 jecti
2251 4655 2394 4711 sunt,
2426 4649 2722 4705 clamantes
2747 4668 2805 4707 se
2827 4668 2945 4708 esse
2961 4652 3317 4723 Christianos,
3346 4664 3401 4710 et
3429 4672 3495 4711 eo
3517 4672 3684 4725 usque

2101 4738 2310 4792 astricti
2357 4748 2502 4804 sunt,
2537 4750 2594 4795 ut
2628 4742 2661 4795 ii
2692 4744 2781 4810 qui
2811 4744 2915 4797 vim
2945 4744 3275 4814 afferebanu
3303 4746 3464 4817 thus)
3492 4749 3544 4801 in
3570 4761 3684 4799 ma-

2099 4845 2198 4884 nus
2227 4831 2491 4887 violenter
2516 4834 2995 4905 immitterent,aut
3019 4838 3217 4909 aliquid
3248 4840 3433 4908 polluti
3465 4840 3566 4893 cibi
3588 4853 3684 4907 per

2094 4926 2470 4978 necessitatem
2505 4943 2716 4982 sumere
2759 4940 3103 4998 cogerentur,
3142 4930 3462 4986 conﬁtentes
3492 4946 3685 5000 perpe-

2095 5021 2190 5068 tuo
2213 5023 2270 5069 Se
2299 5031 2418 5070 esse
2445 5017 2799 5087 Christianos,
2818 5030 2870 5073 et
2889 5020 3005 5088 ejus
3022 5021 3165 5091 quod
3191 5020 3386 5075 accidit
3415 5021 3679 5085 dolorem,

2094 5112 2150 5158 et
2178 5107 2375 5161 amictu
2406 5118 2459 5162 et
2487 5109 2691 5175 habitu,
2720 5118 2774 5163 et
2819 5112 2940 5165 vitae
2979 5113 3280 5168 humilitate
3335 5111 3683 5182 przeseferen-

2098 5207 2195 5260 tes,
2224 5199 2322 5253 hos
2352 5201 2499 5254 velut
2522 5202 2844 5271 incnlpatos,
2878 5218 2906 5256 a
2940 5207 3320 5259 communione
3349 5221 3458 5259 non
3488 5204 3677 5260 arceri.

2094 5290 2151 5345 Si
2172 5308 2303 5345 vero
2335 5293 2401 5345 ab
2432 5295 2611 5362 aliquo
2643 5295 2805 5347 etiam
2836 5304 2959 5349 sunt
2988 5297 3279 5366 prohibiti,
3308 5295 3527 5364 majoris
3556 5310 3683 5350 cau-

2097 5386 2258 5438 tionis
2307 5387 2494 5452 gratia,
2528 5387 2611 5439 vel
2642 5387 2802 5440 etiam
2844 5396 3069 5457 propter
3106 5387 3391 5456 quamdam
3433 5388 3683 5455 ignoran-

2098 5474 2242 5539 tiam,
2288 5476 2468 5530 statim
2493 5476 2859 5531 admittantur.
2894 5476 3008 5532 Hoc
3052 5486 3233 5532 autem
3263 5478 3511 5533 similiter
3534 5485 3587 5531 et
3614 5475 3682 5529 de

2095 5565 2303 5621 clericis
2328 5576 2382 5620 et
2409 5568 2526 5622 aliis
2556 5568 2725 5623 laicis.
2756 5568 2889 5623 Illud
2912 5569 3072 5622 etiam
3097 5568 3448 5637 perquisitum
3480 5574 3581 5631 est,
3613 5581 3682 5619 an

2094 5666 2314 5725 possent
2341 5658 2503 5714 etiam
2534 5660 2672 5726 laioi,
2703 5661 2793 5729 qui
2843 5661 2895 5714 in
2920 5660 3165 5715 eamdem
3188 5658 3570 5715 necessitatem
3600 5658 3684 5712 in-
