4128 6348
369 355 439 410 49
1295 343 1520 402 CODEX
1556 341 1881 398 CANONUM
1924 341 2288 397 UNIVEBSJE
2331 342 2682 397 ECCLESIAS
3556 343 3627 397 50

369 489 520 535 τους,
554 469 622 527 ὡς
652 462 809 536 μηδὲν
845 463 1196 539 ἡμαρτηκότας
1235 457 1704 535 [ἁμαρτήσαντας],
1735 461 1777 513 εὶ
1815 460 1898 511 καί
1919 460 1948 515 ἦ

2076 456 2316 524 :iderunt,
2347 458 2414 512 ad
2437 457 2676 512 ordinem
2707 460 3032 528 promoveri.
3065 460 3249 515 Visum
3281 469 3363 516 est
3391 477 3538 531 ergo,
3573 472 3630 518 et

371 559 702 640 προλαϐοῦσα
731 558 1013 632 εὑρίσκοιτο
1043 555 1158 632 ἑρθὴ
1185 558 1276 607 τοῦ
1299 552 1410 622 βίου
1449 552 1705 616 πολιτεία,
1736 569 1952 626 προχει-

369 651 624 726 ρίζεσθαι.
1085 656 1097 666 ”

441 739 534 795 κδ’.
569 741 686 813 Περί
705 742 804 792 τῶν
829 737 957 809 πρός
986 735 1101 806 βίαν
1130 734 1416 796 θυσάντων,
1448 733 1533 787 ἐπί
1559 730 1612 786 δὲ
1641 731 1839 789 τούτοις
1870 731 1953 782 καί

370 839 472 888 τῶν
500 830 872 889 δειπνησάντων
902 832 973 888 εἰς
1011 830 1074 882 τὰ
1103 825 1280 880 εἴδωλα
1305 841 1318 855 ⁸
1350 824 1461 880 ὅσοι
1488 829 1576 895 μὲν
1617 823 1920 895 ἀπαγόμενοι
1938 866 1953 889 ,

374 924 468 976 καί
490 925 731 991 σχήματι
757 916 1075 991 σφοδροτέρῳ
1112 912 1468 990 [φαιδροτέρῳ]
1493 914 1693 973 ἀνῆλθον
1715 953 1729 977 ,
1761 916 1842 966 καὶ
1874 913 1957 966 ἐσ-

373 1017 484 1072 θῆτι
512 1011 806 1082 ἔχρησαντο
825 1007 1258 1081 πολυτελεστέρᾳι,
1286 1009 1364 1059 καί
1387 1007 1647 1075 μετέσχον
1671 1010 1760 1059 τοῦ
1789 1023 1960 1078 παρα-

374 1104 739 1163 σκευασθέντος
756 1099 957 1156 δείπνου
981 1097 1280 1174 ἀδιαφόρως,
1304 1095 1466 1160 ἔδοξεν
1489 1095 1709 1150 ἐνιαυτὸν
1731 1097 1959 1166 ἀκροᾶσ-

374 1200 476 1262 θαι,
506 1199 784 1252 ὑποπεσεῖν
808 1190 860 1246 δέ
892 1193 1012 1267 τρία
1039 1188 1124 1248 ἔτη
1146 1230 1160 1253 ,
1187 1191 1350 1259 εὐχῆς
1375 1186 1446 1254 5e
1477 1187 1627 1258 μόνης
1665 1194 1960 1243 κοινωνῆσαι

375 1285 463 1345 ἔτη
493 1285 608 1350 δύο,
629 1287 713 1339 κάί
737 1287 851 1338 τότε
880 1281 1036 1334 ἐλθεῖν
1076 1280 1158 1334 ἐπί
1181 1280 1238 1333 τό
1261 1279 1461 1333 τέλειον.

448 1453 534 1507 κε’.
563 1450 711 1507 Ὀσοι
736 1450 789 1506 δὲ
813 1451 1014 1509 ἀνῆλθον
1041 1451 1171 1519 μετά
1195 1450 1401 1507 ἐσθῆτος
1430 1447 1659 1504 πενθικῆς
1679 1485 1692 1508 ν
1727 1448 1814 1498 καί
1840 1446 1955 1498 ἀνω

379 1543 621 1603 πεσόντες
659 1542 838 1616 ἔφαγον
876 1543 1062 1611 μεταξὺ
1103 1539 1167 1595 δι’
1201 1539 1318 1600 ὅλης
1359 1554 1452 1598 τῆς
1513 1538 1820 1596 άνακλίσεως
1874 1535 1963 1591 δα·

379 1633 637 1711 κρύοντες.
661 1637 704 1686 εἰ
720 1634 1022 1704 ἐπλήρωσαν
1038 1633 1120 1686 τὸν
1141 1641 1232 1693 τῆς
1260 1633 1614 1690 ὑποπτὼσεως
1639 1631 1810 1704 τριέτη
1834 1629 1964 1702 χρό-

376 1748 483 1791 νον,
505 1729 671 1803 χωρίς
691 1729 984 1800 προσφορᾶς
1011 1723 1372 1794 δεχθὴτωσονν.
1401 1725 1455 1776 Ei
1483 1721 1536 1776 δὲ
1560 1728 1628 1793 μὴ
1649 1721 1850 1794 ἔφαγον,
1874 1719 1963 1774 δύο

2054 562 2172 613 eos,
2189 555 2248 601 ιιι
2261 547 2350 616 qui
2368 548 2498 602 nihil
2520 557 2849 616 peccassent,
2864 550 2908 604 si
2930 551 3090 604 etiam
3113 551 3420 620 praecedens
3439 569 3630 609 eorum

2054 637 2177 691 vita:
2203 638 2540 693 instituenda:
2561 639 2700 694 ratio
2731 649 2875 694 recta
2901 641 3218 708 inveniatur,
3244 646 3568 713 promoveri.

2129 727 2313 784 XXIV.
2347 763 2418 772 -
2443 729 2494 782 4.
2540 731 2613 785 De
2638 730 2722 784 his
2751 733 2841 801 qui
2871 747 2968 801 per
2997 733 3101 786 vim
3133 734 3640 800 immolaverunt,et'

2056 828 2315 889 praeterea
2358 821 2425 874 ad
2464 820 2604 875 idola
2643 831 2989 877 coenaverunt
3020 841 3032 875 :
3066 825 3368 895 quicunque
3415 827 3632 883 abducti

2057 910 2270 979 quidem
2300 921 2354 965 et
2395 911 2598 966 lzntiore
2627 912 2812 966 habitu
2847 924 3216 982 accesserunt,
3241 925 3296 971 et
3322 927 3473 972 veste
3501 935 3630 988 pre-

2061 1000 2266 1054 tiosiori
2306 1001 2386 1054 usi
2416 1010 2560 1066 sunt,
2607 1010 2662 1056 et
2706 1011 3017 1072 praeparata:
3062 1020 3227 1060 cmnze
3269 1007 3634 1065 indifferenter

2057 1089 2346 1159 participes
2381 1089 2615 1159 fuerunt,
2647 1092 2980 1161 placuit'eos
3028 1096 3169 1150 inter
3209 1099 3489 1154 audientes
3525 1116 3632 1154 uno

2060 1195 2202 1234 anno
2231 1181 2501 1246 constitui,
2533 1183 2703 1237 tribus
2732 1193 2909 1238 autem
2940 1187 3095 1240 annis
3119 1188 3386 1243 substerni
3417 1205 3480 1245 ac
3502 1207 3636 1261 sup-

2061 1271 2228 1340 plices
2249 1287 2385 1335 esse,
2401 1273 2500 1328 soli
2530 1283 2708 1329 autem
2739 1277 2969 1330 orationi
2990 1277 3197 1334 duobus
3223 1282 3375 1336 annis
3397 1298 3641 1338 commu«

2063 1363 2262 1427 nicare,
2293 1373 2348 1418 et
2378 1373 2503 1419 tunc
2537 1365 2602 1419 ad
2633 1368 3019 1435 perfectionem
3042 1371 3320 1428 accedere.

2136 1453 2294 1508 XXV.
2326 1483 2396 1493 —
2422 1454 2472 1510 5.
2514 1457 2827 1528 Quicunque
2865 1468 3044 1515 autem
3087 1478 3206 1517 cum
3235 1474 3383 1520 veste
3429 1465 3643 1535 lugubri

2065 1554 2446 1613 accesserunt,
2497 1557 2552 1601 et
2590 1551 2965 1606 accumbentes
3015 1555 3385 1622 comederunt,
3433 1558 3642 1614 interea

2067 1642 2181 1688 toto
2213 1643 2452 1705 tempore
2497 1640 2772 1694 accubitus
2801 1640 3064 1711 lacrymas
3093 1644 3393 1712 fundentes,
3425 1650 3469 1702 si
3499 1665 3644 1704 com-

2066 1723 2348 1792 pleverunt
2371 1725 2746 1782 substrationis
2773 1730 3035 1786 triennale
3075 1741 3302 1816 tempus,
3337 1738 3452 1792 sine
3491 1739 3644 1794 obla-

379 1817 722 1878 ὑποπεσόντες
738 1813 770 1870 ἕ
771 1838 854 1878 τη,
871 1824 943 1886 τῷ
963 1819 1119 1890 τρίτῳ
1137 1817 1584 1873 κοινωνησάτωσαν
1609 1817 1777 1888 χωρίς
1801 1832 1963 1885 προσ-

2076 1815 2212 1869 tione
2243 1817 2587 1886 recipiantur.
2612 1817 2668 1873 Si
2690 1829 2867 1874 autem
2898 1837 3004 1876 non
3025 1813 3395 1895 comederunt,
3425 1828 3642 1885 biennio

380 1913 562 1984 φορᾶς,
585 1909 670 1962 ἵνα
692 1908 749 1962 τό
770 1907 949 1962 τέλειεν
962 1915 1023 1978 τῇ
1047 1910 1318 1979 τετραετίᾳ
1351 1906 1594 1960 λάϐωσιν.
1618 1908 1745 1964 Τοὺς
1775 1902 1828 1959 δὲ
1858 1905 1966 1957 ἐπι-

381 2000 607 2060 σκόπους
636 2001 866 2063 ἐξουσίαν
896 1999 1038 2070 ἔχειν
1074 1998 1353 2068 (Subintel.
1379 1997 1538 2068 ἔδοξε)
1564 2000 1646 2052 τὸν
1670 1997 1966 2073 τρόπονιτῆς

383 2091 686 2167 ἐπιστροφῆς
714 2092 1091 2162 δοκιμάσαντας
1129 2093 1641 2170 ςιιλανθρωπευεσθαι,
1681 2091 1711 2149 ἢ
1763 2092 1969 2146 πλείονα

380 2185 698 2255 προστιθέναι
723 2186 934 2259 χρόνον.
967 2186 1063 2260 Πρό
1104 2186 1305 2240 πάντων
1334 2183 1385 2239 δὲ
1410 2188 1491 2239 καί
1514 2184 1540 2238 ό
1569 2185 1810 2258 προάγων
1832 2185 1966 2255 βίος,

381 2277 464 2328 καί
492 2274 516 2328 ό
545 2277 674 2346 μετά
702 2283 887 2340 ταῦτα,
923 2278 1226 2340 ἐξεταζέσθω
1253 2291 1266 2305 ⁸
1309 2280 1393 2330 καὶ
1419 2276 1578 2335 οέτως
1621 2277 1651 2332 η
1699 2276 1967 2351 φιλανθρωο

383 2366 476 2420 πία
503 2367 887 2440 ἐπιμετρείσθω.
1087 2367 1102 2379 ⁵

455 2544 550 2605 ις’.
590 2545 709 2618 Περὶ
739 2549 838 2598 τῶν
877 2543 1057 2618 ἀπειλῇ
1095 2543 1241 2614 μόνον
1290 2547 1523 2607 εἰξάντων
1566 2545 1848 2610 κολάσεως,
1888 2550 1972 2600 καί

383 2633 688 2707 ἆξαιρέσεως
719 2635 1078 2709 ὑπαρχόντων,
1105 2633 1133 2692 ἢ
1163 2635 1417 2704 μετοικίας
1435 2675 1449 2696 ,
1471 2638 1552 2688 καί
1577 2636 1862 2698 θυσάντων,
1887 2636 1972 2688 καί

382 2724 546 2797 με’χρι
566 2731 662 2781 τοῦ
683 2725 932 2802 παρόντος
956 2733 1131 2800 καιροῦ
1153 2731 1222 2797 μή
1248 2727 1686 2797 μετανοησάντων,
1712 2725 1838 2798 μηδέ
1861 2728 1972 2781 ἐπι-

385 2816 734 2889 στρεψάντων,
757 2824 843 2871 νῦν
871 2815 922 2871 δὲ
946 2814 1090 2891 παρὰ
1115 2819 1198 2871 τόν
1224 2820 1395 2890 καιρόν
1409 2827 1500 2878 τῇς
1520 2815 1733 2873 συνόδου
1758 2817 1972 2891 προσελ-

383 2908 587 2976 θόντων,
617 2913 704 2964 καί
727 2913 797 2970 είς
824 2909 1044 2964 διάνοιαν
1063 2918 1155 2971 τῆς
1177 2911 1482 2983 ἐπιστροφῆς
1509 2913 1800 2983 ’γενομένων
1826 2909 1971 2974 ἔδοξε

385 3003 548 3075 μέχρι
598 3012 688 3063 τῆς
727 3005 945 3076 μεγάλης
984 3006 1176 3079 ἡμέρας
1207 3008 1277 3065 εἷς
1305 3006 1547 3080 ἀκρόασιν
1580 3005 1825 3074 δεχθῆναι
1846 3045 1857 3067 ,
1890 3009 1974 3058 καί

385 3098 518 3163 μετά
553 3099 642 3153 την
678 3095 890 3165 μεγάλην
921 3097 1107 3170 ἡμέραν
1129 3097 1408 3151 ὑποπεσεῖν
1434 3100 1553 3169 τρία
1585 3096 1700 3162 ἔτη,
1729 3101 1813 3151 καί
1841 3100 1971 3168 μετὰ

2069 1905 2341 1970 substrati,
2374 1907 2532 1961 tertio
2573 1923 2714 1963 anno
2762 1913 3159 1967 communicent
3202 1915 3317 1970 sine
3346 1919 3638 1983 oblatione,

2070 2000 2130 2047 ut
2151 1994 2534 2062 perfectionem
2562 1997 2915 2066 quadriennio
2945 2014 3363 2073 consequantur.
3393 2007 3646 2080 Episcopi

2069 2094 2250 2141 autem
2278 2095 2603 2156 potestatem
2619 2090 2876 2161 habeant,
2907 2094 3124 2149 modum
3153 2100 3520 2156 conversionis
3549 2119 3646 2157 eo-

2070 2190 2187 2229 rum
2215 2181 2709 2246 examinantes,aut
2735 2183 3018 2239 humanius
3045 2188 3235 2254 agendi
3263 2189 3342 2242 vel
3371 2191 3489 2259 plus
3511 2201 3650 2246 tem-

2070 2264 2218 2332 poris
2259 2266 2560 2335 adjiciendi.
2615 2269 2755 2326 Ante
2803 2272 2985 2326 omnia
3032 2282 3210 2329 autem
3243 2286 3297 2331 et
3341 2282 3649 2348 pnecedens

2070 2354 2199 2419 vita,
2245 2363 2300 2410 et
2341 2372 2462 2426 qua:
2489 2371 2776 2416 consecuta
2806 2370 2908 2430 est,
2957 2367 3312 2434 examinetur,
3354 2379 3408 2424 et
3444 2372 3519 2426 sic
3571 2368 3650 2426 eis

2073 2443 2353 2500 clementia
2385 2448 2741 2518 impertiatur.

2144 2533 2332 2590 XXVI.
2359 2569 2432 2579 —
2457 2540 2507 2593 6.
2551 2541 2628 2596 De
2658 2542 2868 2613 his-qui
2909 2548 3065 2602 minis
3107 2556 3312 2605 tantum
3349 2569 3662 2623 poenarum,

2073 2634 2165 2680 aut
2192 2629 2506 2697 privationis
2542 2631 2874 2703 facultatum,
2908 2649 2999 2692 aut
3045 2640 3433 2710 deportationis
3470 2662 3651 2702 cesse—

2073 2727 2216 2784 runt,
2248 2730 2303 2775 et
2340 2722 2770 2791 immolaverunt,
2804 2738 2858 2783 et
2883 2730 2948 2784 ad
2974 2747 3206 2801 praisens
3242 2751 3409 2807 usque
3441 2746 3651 2808 tempus

2069 2809 2443 2877 penitentiam
2481 2829 2589 2868 non
2619 2806 2872 2885 egerunt,
2905 2835 3009 2874 nec-
3043 2825 3289 2878 conversi
3319 2806 3477 2892 sunt;
3511 2806 3653 2882 nunc

2073 2907 2252 2955 autem
2282 2903 2422 2958 circa
2455 2914 2664 2975 tempus
2692 2909 2877 2978 synodi
2900 2927 2960 2966 se
2989 2914 3315 2981 obtulerunt,
3349 2926 3404 2971 et
3430 2934 3653 2974 conver-

2073 2993 2240 3047 sionis
2269 2995 2648 3063 cogitationem
2693 2999 2978 3055 induerunt
3012 3020 3024 3054 :
3057 3005 3258 3072 placuit
3287 3007 3353 3060 ad
3401 3024 3652 3076 magnum

2074 3097 2243 3152 usque
2267 3083 2410 3139 diem
2437 3101 2530 3141 eos
2557 3087 2697 3143 inter
2727 3091 3004 3148 audientes
3043 3094 3270 3161 admitti,
3314 3106 3368 3152 et
3398 3108 3518 3166 post
3541 3115 3675 3152 ma-.

387 3182 513 3238 ἄλλα
545 3182 636 3238 δύο
660 3183 818 3259 [τρία]
847 3185 937 3244 ἔτη
956 3227 971 3250 ,
1004 3196 1304 3246 κοινωνῆσαι
1340 3192 1508 3263 χωρὶς
1536 3195 1860 3263 προσφορᾶς,
1890 3192 1972 3242 καί

2076 3188 2236 3241 gnum
2260 3175 2402 3230 diem
2440 3177 2672 3234 triennio
2703 3183 2970 3237 substerni
3005 3203 3017 3237 :
3049 3195 3105 3240 et
3134 3189 3475 3256 postmodum
3522 3190 3656 3249 duo.-

393 3276 557 3337 οὗτως
591 3277 739 3329 ἐλθεῖν
768 3279 852 3331 ἐπὶ
888 3280 944 3333 τό
972 3280 1188 3344 τέλειον,
1233 3281 1367 3335 ὥστε
1398 3286 1487 3339 τήν
1528 3286 1704 3335 πᾶσαν
1749 3282 1972 3344 ἑξαετίαν

388 3371 678 3441 πληρῶσαι.
707 3375 766 3422 Εἰ
787 3365 839 3424 δέ
867 3392 992 3431 τινες
1023 3373 1122 3448 πρὸ
1151 3380 1242 3432 τῆς
1264 3371 1478 3426 συνόδου
1509 3375 1664 3434 αὐτῆς
1688 3372 1975 3445 ἐδέχθησαν

390 3463 461 3520 εἰς
486 3462 770 3528 μετάνοιαν,
799 3462 887 3516 ἀπ’
917 3465 1100 3516 ἐκείνου
1128 3471 1218 3518 τοῦ
1249 3465 1438 3540 χρόνου
1477 3465 1758 3537 λελιγίσθαι
1797 3469 1974 3527 αὐτοῖς

391 3555 478 3607 την
505 3552 674 3626 ἀρχὴν
710 3559 800 3610 τῆς
829 3553 1073 3615 έξαετίας.
1101 3557 1163 3606 Εἰ
1184 3556 1273 3624 μέν
1309 3576 1388 3609 τοι
1408 3553 1625 3614 κίνδυνος
1652 3558 1733 3609 καί
1756 3557 1971 3611 θανάτου

392 3638 671 3714 προσδοκία
709 3643 764 3694 ὶκ
803 3643 952 3696 νόσου
976 3642 1006 3701 ἦ
1035 3641 1183 3704 ἄλλης
1224 3647 1355 3706 τινός
1384 3649 1679 3719 προφάσεως
1713 3649 1972 3718 συμϐαίη,

394 3729 609 3789 τούτους
635 3730 718 3783 ἐπί
748 3727 849 3806 ὅρῳ
879 3729 1144 3803 δεχθῆναι,

469 3899 559 3962 κζ’.
587 3903 705 3975 Περί
731 3909 829 3956 τῶν
858 3905 1285 3958 συνεστιαθέντων
1315 3906 1364 3960 ἐν
1391 3905 1538 3981 ἑορτῇ
1562 3908 1720 3981 ἐθνικῇ
1754 3910 1803 3962 ἐν
1840 3909 1978 3981 τόπῳ

396 3994 718 4068 ἀφωρισμένῳ
744 4002 850 4055 τοῖς
885 3996 1085 4056 ἐθνικοῑς
1104 4041 1116 4062 ,
1141 3995 1244 4050 ἴδια
1273 3999 1524 4069 βρώματα
1555 4002 1981 4071 ἐπικομισαμένων

398 4086 479 4136 καί
500 4084 752 4156 φαγόντων
767 4123 783 4149 ,
808 4082 948 4148 ἔδοξε
974 4083 1162 4140 διετίαν
1181 4088 1538 4149 ὑποπεσόντας
1560 4088 1815 4160 δεχθῆναι.
1841 4095 1905 4146 Τό
1927 4092 1980 4148 δέ

399 4176 442 4226 εί
479 4180 587 4247 χρή
630 4176 757 4245 μετά
792 4184 882 4235 τῆς
923 4182 1215 4252 προσφορᾶς
1239 4218 1252 4240 ,
1299 4178 1507 4232 ἕκαστον
1548 4187 1646 4233 τῶν
1692 4184 1980 4238 ἐπισκόπων

400 4265 668 4337 δοκιμάσαι
687 4311 698 4332 ,
729 4271 810 4322 καί
836 4271 920 4323 τόν
961 4267 1105 4323 ἄλλον
1135 4270 1242 4340 βέον
1274 4271 1343 4341 ἐφ’
1367 4270 1582 4326 ἑκάστου
1614 4275 1824 4336 ἀξιῶσαι
1851 4273 1979 4345 [ἔξεο

399 4357 597 4428 ratam].

477 4450 568 4508 κη’.
612 4451 671 4502 Oi
707 4449 760 4504 δὲ
790 4447 1021 4528 δεύτερον
1060 4454 1141 4503 καί
1182 4455 1348 4520 τρίτον
1371 4454 1630 4525 ,θύσαντες
1661 4458 1791 4526 μετά
1831 4457 1977 4526 βίας,

2075 3265 2174 3320 bus
2197 3267 2350 3321 annis
2371 3267 2487 3322 sine
2511 3270 2783 3326 oblatione
2803 3277 3196 3331 communicare
3221 3295 3232 3330 :
3259 3287 3312 3332 et
3335 3280 3410 3333 sic
3441 3280 3656 3336 demum

2071 3371 2170 3410 sex
2197 3358 2350 3412 annis
2378 3361 2627 3428 peractis,
2663 3363 2729 3416 ad
2769 3363 3154 3432 perfectionem
3185 3371 3385 3425 venire.
3440 3373 3497 3428 Si
3527 3390 3656 3428 vero

2076 3448 2289 3516 quidam
2320 3457 2444 3504 ante
2473 3451 2613 3506 hanc
2641 3453 2902 3524 synodum
2929 3456 2996 3510 ad
3038 3460 3406 3526 paenitentiam
3439 3465 3656 3520 admissi

2077 3548 2220 3602 sunt,
2247 3540 2314 3594 ab
2343 3541 2434 3596 illo
2481 3551 2722 3612 tempore
2753 3545 2829 3599 eis
2856 3548 3096 3602 sexennii
3137 3550 3348 3604 initium
3376 3563 3658 3623 compute-

2078 3637 2181 3682 tur.
2233 3629 2339 3685 Sed
2385 3633 2430 3686 si
2483 3635 2776 3702 periculum
2833 3639 3126 3708 mortisque
3175 3646 3527 3711 exspectatio,
3586 3663 3656 3701 ex

2078 3722 2268 3777 morbo
2311 3733 2406 3801 aut
2450 3725 2624 3796 aliqua
2670 3729 2972 3797 occasione,
3021 3733 3332 3802 contigerit,
3365 3739 3658 3802 secundum

2079 3831 2342 3871 canonem
2367 3820 2714 3888 recipiantur.
3261 3875 3265 3878 .

2151 3905 2491 3964 XXVII.—7.
2517 3910 2591 3964 De
2615 3913 2696 3965 his
2718 3913 2809 3980 qui
2834 3913 2886 3966 in
2918 3913 3056 3970 festo
3085 3929 3434 3988 paganorum,
3460 3921 3511 3975 in
3543 3923 3663 3978 loco

2081 3999 2366 4064 gentilibus
2389 4001 2666 4069 deputato,
2700 4005 2969 4057 convivali
3003 4015 3145 4072 sunt,
3172 4017 3226 4061 et
3249 4011 3494 4078 proprios
3515 4013 3665 4066 cibos

2081 4089 2377 4144 attulerunt
2411 4100 2466 4145 et
2497 4093 2864 4157 comederunt,
2899 4095 3114 4162 placuit,
3148 4112 3268 4150 cum
3300 4099 3514 4174 biennio
3541 4103 3666 4156 sub-

2085 4173 2238 4232 strati
2262 4178 2478 4243 fuerint,
2496 4196 2614 4236 esse
2635 4183 2988 4250 recipiendos.
3006 4183 3190 4238 Utrum
3219 4202 3346 4240 vero
3377 4205 3496 4242 cum
3517 4191 3640 4246 obla
3666 4224 3696 4252 ».

2085 4270 2230 4324 tione
2245 4286 2340 4325 eos
2359 4272 2605 4342 recipere
2633 4280 2902 4343 oporteat,
2937 4291 3364 4346 unumquemque
3387 4280 3674 4350 episcopo-

2085 4376 2201 4414 rum
2223 4362 2530 4416 examinare
2551 4363 2775 4417 etaliam
2797 4364 2956 4417 vitam
2974 4365 3025 4419 in
3041 4381 3360 4436 unoquoque
3379 4369 3670 4440 inquirere.

2157 4451 2388 4508 XXVIII.
2412 4487 2481 4496 —-
2510 4453 2564 4509 8.
2591 4453 2690 4521 Qui
2720 4464 2896 4510 autem
2927 4457 3007 4511 bis
3035 4457 3115 4512 vel
3149 4467 3229 4513 ter
3256 4461 3669 4518 innnolaverunt

401 4544 695 4613 τετραετίαν
719 4543 1141 4610 ὑποπεσὲτωσαν,
1169 4543 1258 4598 δύο
1295 4543 1347 4598 δέ
1371 4543 1400 4597 ἕ
1401 4567 1462 4602 τη
1501 4551 1666 4616 χωρίς
1694 4555 1973 4624 προσφορᾶς

2088 4544 2280 4607 coacti,
2313 4556 2544 4612 quatuor
2572 4546 2726 4599 annis
2755 4546 3164 4602 substernantur
3195 4567 3205 4601 :
3232 4543 3462 4606 duobus
3487 4565 3667 4608 autem

403 4634 862 4695 κοινωνησάτωσαν,
897 4637 982 4687 καί
1011 4642 1082 4706 τῷ
1106 4633 1303 4705 ἑϐδόμῳ
1329 4635 1527 4696 τελείως
1558 4634 1906 4707 δεχθήτωσαν.

477 4809 559 4861 κθ’.
583 4806 730 4862 Ὀσοι
751 4807 802 4862 δὲ
833 4815 903 4879 μή
925 4808 1067 4880 μόνον
1093 4812 1390 4867 ἀπέστησαν
1410 4851 1424 4874 ,
1453 4810 1574 4864 ἀλλὰ
1595 4814 1679 4864 καί
1710 4812 1977 4870 ἐπανέστη·

408 4920 504 4952 σαν
526 4901 607 4952 καί
625 4902 913 4973 ἠνάγκασαν
940 4898 1200 4973 ἀδελφοὺς,
1216 4905 1298 4955 καί
1317 4899 1464 4956 αἴτιοι
1485 4905 1706 4973 ἐγένοντο
1721 4910 1810 4958 τοῦ
1832 4906 1987 4974 ἀναγ-

408 4992 682 5053 κασθῆναι,
716 4989 856 5046 οὗτοι
883 4991 969 5052 ἔτη
992 4996 1080 5064 μέν
1113 4996 1228 5066 τρία
1257 4995 1338 5048 τίν
1364 5003 1454 5053 τῆς
1483 4995 1770 5070 ἀκροάσεως
1803 4993 1985 5058 δεξολσο

403 5083 574 5134 θωσαν
603 5081 754 5135 τόπον
773 5122 787 5145 ,
823 5085 874 5136 ὲν
895 5083 947 5138 δὲ
983 5083 1103 5158 ἄλλῃ
1132 5085 1334 5160 ἐξαετίᾳ
1368 5087 1454 5139 τόν
1483 5095 1572 5146 τῆς
1602 5087 1954 5145 όποπτὼσεως
1972 5126 1986 5146 ,

405 5173 548 5227 ἄλλον
578 5172 632 5229 δέ
656 5176 878 5230 ἐνιαυτόν
907 5179 1356 5234 κοινωνησάτωσαν
1379 5182 1544 5249 χωρὶς
1568 5183 1883 5250 πρισφοράς,
1907 5177 1990 5230 ἶνα

403 5271 492 5324 την
535 5265 798 5322 δεκαετίαν
829 5269 1223 5340 πληρώσαντες,
1264 5276 1355 5324 τοῦ
1397 5270 1584 5325 τελείου
1632 5269 1987 5338 μετάσχωσιν.

405 5355 478 5410 ἐν
499 5359 670 5427 μέντοι
691 5359 859 5428 τούτῳ
896 5367 969 5432 τῷ
1001 5359 1198 5432 χρόνῳ,
1233 5361 1418 5413 καὶτὸν
1449 5356 1593 5412 ἄλλον
1624 5360 1786 5411 αὐτῶν
1813 5364 1987 5414 ἐπιτη-

403 5450 598 5518 ρεῐσθαι
617 5448 750 5519 βίον.

475 5563 533 5614 λ’.
568 5561 920 5618 Διάκονοιὸσοι
958 5567 1312 5624 καθίστανται,
1346 5583 1450 5636 παρ
1495 5563 1652 5618 αὐτην
1715 5565 1803 5618 την
1841 5560 1995 5614 κατά-

405 5673 588 5706 στασιν
610 5653 1023 5725 είὶμαρτύραντο
1039 5648 1499 5729 [ἐμαρτυρήσαντο]
1528 5654 1609 5702 καὶ
1639 5648 1830 5720 ἔφασαν
1856 5657 1994 5719 χρῇ-

406 5766 488 5797 ναι
524 5752 759 5814 γαμῆσαι
805 5741 1052 5816 [gratuita],
1084 5751 1151 5815 μή
1182 5744 1441 5814 δυνάμενοι
1471 5743 1604 5826 οὕτω
1633 5744 1814 5814 μένειν,
1849 5739 1991 5796 οὗτοι

406 5838 538 5903 μιτά
578 5841 738 5891 ταῦτα
766 5840 1108 5907 γαμήσαντες,
1142 5835 1367 5892 ἴστωσαν
1400 5837 1446 5889 ἐν
1475 5843 1535 5906 τῇ
1582 5836 1835 5906 ὑπηρεσίᾳ
1863 5873 1874 5896 ,
1907 5830 1989 5887 διὰ

2093 4636 2243 4689 annis
2273 4637 2387 4689 sine
2411 4636 2684 4691 oblatione
2721 4639 3141 4703 communicent,
3177 4648 3229 4693 et
3258 4642 3488 4710 septimo
3528 4657 3670 4698 anno

2094 4729 2325 4796 perfecte
2351 4729 2694 4797 recipiantur.

2164 4816 2352 4870 XXIX.
2383 4846 2453 4855 —
2477 4818 2527 4871 9.
2570 4818 2883 4887 Quicunque
2913 4832 3090 4874 autem
3132 4835 3237 4874 non
3284 4821 3456 4874 solum
3495 4821 3671 4877 desci-

2092 4914 2303 4968 verunt,
2326 4906 2419 4959 sed
2442 4905 2602 4959 etiam
2635 4906 3057 4968 insurrexerunt,
3083 4916 3137 4961 ct
3159 4907 3352 4963 fratres
3381 4924 3508 4963 suos
3523 4925 3673 4963 com-

2093 4995 2367 5064 pulerunt,
2413 5003 2468 5047 et
2496 5010 2668 5048 causzc
2717 4994 2929 5048 fuerunt
2977 5005 3032 5049 ut
3080 5007 3420 5064 cogerentur,
3454 4997 3487 5049 ii
3517 4997 3676 5051 annis

2094 5083 2306 5152 quidem
2335 5083 2501 5136 tribus
2525 5084 2812 5137 auditionis
2846 5084 3019 5137 locum
3064 5085 3373 5152 suscipiant,
3408 5100 3504 5151 per
3528 5083 3672 5136 aliud

2094 5190 2224 5229 vero
2254 5176 2566 5229 sexennium
2596 5175 3024 5240 substernantnr,
3050 5177 3156 5228 alio
3185 5184 3361 5228 autem
3388 5188 3529 5228 anno
3559 5175 3676 5229 sine

2099 5265 2374 5319 oblatione
2405 5264 2802 5318 communicent
2840 5283 2851 5316 :
2889 5273 2944 5316 ut
2985 5264 3246 5316 decennio
3276 5272 3519 5331 peracto,
3553 5280 3676 5332 per-

2098 5353 2382 5408 fectionem
2413 5363 2830 5422 consequantur.
2862 5352 2917 5404 In
2946 5370 3011 5404 eo
3051 5359 3228 5404 autem
3275 5351 3390 5420 ipso
3431 5360 3676 5421 tempore

2103 5455 2156 5500 et
2179 5445 2280 5498 alia
2313 5461 2498 5499 eorum
2526 5445 2630 5499 vita
2662 5444 2991 5499 observanda
3015 5452 3114 5496 est.

2172 5553 2335 5607 XXX.
2366 5585 2433 5594 --
2466 5554 2548 5607 '10.
2581 5553 2796 5607 Diaconi
2827 5553 3134 5619 quicunque
3182 5552 3520 5618 ordinantur,
3545 5555 3587 5606 si
3618 5556 3671 5608 in

2101 5646 2212 5714 ipsa
2245 5645 2583 5699 ordinatione
2635 5643 2918 5712 protestati
2970 5651 3112 5704 sunt,
3143 5651 3197 5695 et
3225 5643 3476 5697 dixerunt
3507 5659 3672 5719 opor-

2102 5747 2215 5793 tere
2245 5753 2302 5792 se
2331 5752 2530 5792 uxores
2559 5736 2776 5802 ducere,
2806 5753 2926 5791 cum
2958 5752 3065 5790 non
3091 5736 3297 5806 possint
3324 5737 3400 5790 sie
3430 5751 3668 5802 manere,
3708 5739 3712 5748 ’

2099 5829 2152 5883 hi
2182 5830 2223 5885 si
2255 5827 2597 5900 postmodum
2624 5843 2814 5883 uxores
2836 5827 3103 5889 duxerint,
3124 5827 3231 5881 sint
3260 5827 3311 5879 in
3341 5826 3670 5890 ministerio;
