4128 6348
518 334 577 389 51
1787 334 2145 390 DIONYSIIJS
2175 334 2492 391 EXIGUUS.
3708 340 3776 394 ες

514 454 573 506 τὸ
601 454 932 525 ἐπιτραπῆναι
973 454 1157 511 αὐτούς
1194 454 1294 506 ύπό
1324 456 1411 505 τοῦ
1441 452 1720 507 ἐπισκόπου
1768 458 1930 506 (Τοῦτο
1959 448 2012 504 δέ
2052 448 2081 503 εἲ

2198 464 2263 503 eo
2291 450 2436 518 quod
2466 452 2544 505 eis
2567 451 2852 533 episcOpus
2875 451 2975 505 hoc
3004 452 3352 507 concesserit.
3378 452 3434 507 Si
3463 454 3555 522 qui
3590 464 3770 512 autem

513 562 645 602 τινες
668 546 1050 605 σιωπήσαντες,
1081 545 1165 595 καὶ
1196 544 1575 611 καταδεξάμενοι
1616 544 1665 595 ἐν
1702 550 1762 614 τῇ
1809 543 2093 613 χειροτονίᾳ

514 633 671 702 μένειν
700 632 862 697 οὕτω,
892 635 1021 702 μετὰ
1059 639 1222 687 ταῦτα
1262 630 1405 691 ἦλθον
1430 635 1511 687 ἐπὶ
1554 636 1711 704 ’γάμον
1735 673 1750 697 ,
1798 635 2093 693 πεπαῦσθαι

512 724 693 783 αὐτούς
716 733 806 785 τῆς
831 723 1102 783 διακονίας.

580 814 673 867 λα’.
703 816 805 874 Τάς
850 815 1248 884 μνηστευθείσας
1282 816 1455 888 κόρας,
1494 818 1578 869 καὶ
1617 816 1745 884 μετὰ
1783 820 1950 869 ταῦτα
1993 814 2093 869 ύπὸ

511 900 669 956 ἄλλων
697 904 1033 977 ἁρπαγείσας,
1067 904 1233 969 ἔδοξεν
1260 904 1590 960 ἀποδιδόσθαι
1618 914 1723 966 τοῖς
1752 926 2092 976 προμνηστευ·

510 996 765 1061 σαμένοις,
792 998 836 1047 εἰ
862 998 948 1047 καί
972 995 1089 1064 βίαν
1110 994 1200 1048 ὑπ’
1237 997 1396 1049 αὐτῶν
1424 996 1645 1049 πάθοιεν.

577 1083 677 1137 λϐ’.
713 1088 842 1144 Τούς
868 1086 969 1160 πρὸ
996 1092 1086 1139 τοῦ
1112 1085 1471 1155 βαπτίσματος
1505 1086 1776 1144 τεθυκότας
1795 1123 1809 1147 ,
1848 1089 1933 1141 καί
1960 1090 2090 1157 μετά

508 1181 674 1229 ταῦτα
700 1175 1093 1246 βαπτισθέντας,
1137 1174 1307 1239 ἔδοξεν
1350 1178 1419 1235 είς
1464 1178 1601 1241 τάξιν
1642 1178 1987 1249 προάγεσθαι,
2023 1180 2089 1236 ὡς

510 1268 982 1338 ἀπολουσαμένους.

576 1360 668 1430 λγ.
700 1361 1109 1434 Χωρεπισκόποις
1137 1368 1206 1433 μή
1238 1364 1431 1427 ἐξεῖναι,
1453 1363 1833 1443 πρεσϐυτέρους
1860 1362 1888 1419 ἦ
1919 1360 2088 1415 διακό-

508 1467 617 1509 νους
639 1458 969 1525 χειροτονεῖν,
994 1452 1115 1505 ἀλλά
1139 1450 1264 1521 μηδέ
1292 1453 1673 1528 πρεσϐυτέρους
1695 1452 1906 1517 πόλεως,
1931 1457 2091 1528 χωρίς

509 1544 600 1591 τοῦ
628 1541 959 1613 ἐπιτραπῆναι
999 1542 1098 1594 ύπὸ
1142 1548 1230 1595 τοῦ
1272 1543 1551 1597 ἐπισκόπου
1581 1543 1707 1611 μετὰ
1743 1545 2086 1615 γραμμάτων,

513 1636 562 1683 δν
589 1631 736 1704 ἑτέρᾳ
760 1629 993 1702 [ίκάστῃ]
1017 1637 1255 1706 παροικίᾳ
1292 1638 1326 1686 ⁸.

574 1721 663 1778 λό’.
692 1727 823 1784 Τοὺς
844 1726 892 1777 ἐν
915 1726 1075 1797 κλήρῳ
1095 1727 1472 1800 πρεσϐυτέρους
1491 1726 1520 1783 ἦ
1545 1724 1801 1785 διακόνους
1823 1722 1989 1789 ὄντας,
2004 1728 2087 1779 καί

2198 540 2482 603 tacuerint,
2511 548 2565 595 et
2614 540 2665 594 in
2695 540 3033 596 ordinatione
3053 582 3067 605 ,
3111 550 3169 595 ut
3218 542 3288 595 ita
3320 553 3617 609 manerent,
3650 562 3771 602 sus-

2196 634 2333 701 cepti
2358 642 2503 701 sunt,
2530 642 2716 693 postea
2746 634 2813 688 ad
2838 635 3049 704 nuptias
3072 635 3339 701 venerint,
3365 635 3399 689 ii
3429 651 3458 688 a
3486 636 3772 694 diaconatu

2196 733 2427 778 cessent.

2267 812 2453 868 XXXI.
2478 847 2547 858 -
2582 815 2667 869 11.
2702 815 3061 885 Desponsatas
3086 816 3308 886 puellas,
3329 824 3385 870 et
3414 817 3480 872 ab
3502 817 3620 871 aliis
3647 832 3775 888 pos-

2197 915 2281 959 tea
2310 916 2511 975 raptas,
2555 907 2755 976 placuit
2795 908 2858 962 iis
2884 908 3037 962 reddi
3077 908 3271 978 quibus
3294 908 3629 978 desponsata:
3657 910 3773 967 fne-

2194 1004 2333 1057 rant,
2365 997 2525 1051 etiam
2554 997 2599 1051 si
2624 998 2729 1052 vim
2760 1013 2929 1067 passa:
2959 1006 3104 1055 sunt.

2269 1085 2481 1141 XXXII.
2506 1117 2574 1127 —
2604 1087 2690 1143 12.
2716 1086 2824 1143 Eos
2844 1088 2936 1156 qui
2984 1096 3109 1142 ante
3136 1087 3404 1157 baptisma
3458 1089 3771 1146 lmmolave-

2194 1186 2337 1241 runt,
2379 1188 2434 1234 et
2480 1188 2667 1248 postea
2715 1178 2968 1248 baptizati
2999 1188 3141 1242 sunt,
3186 1180 3385 1249 placuit
3432 1178 3499 1232 ad
3528 1180 3773 1235 ordinem

2194 1269 2445 1337 provehi,
2478 1278 2535 1321 ut
2561 1269 2651 1336 qui
2682 1268 2849 1323 abluti
2878 1276 3003 1322 sunt

2196 1358 2203 1365 ’
2267 1358 2493 1412 XXXIII.
2518 1393 2584 1401 —
2609 1359 2694 1412 15.
2731 1359 3142 1428 ChorepiscOpis
3170 1373 3275 1412 non
3323 1358 3516 1419 licere,
3547 1358 3771 1428 presby-

2192 1458 2337 1504 teros
2365 1450 2445 1503 vel
2468 1448 2725 1504 diaconos
2756 1450 3025 1504 ordinare.
3058 1448 3165 1503 Sed
3195 1464 3295 1503 nec
3324 1448 3651 1520 presbyteris
3694 1450 3773 1504 ci-

2191 1540 2389 1603 vitatis,
2426 1541 2541 1593 sine
2571 1540 2764 1594 litteris
2793 1540 3052 1611 episcopi,
3084 1540 3139 1594 in
3185 1539 3359 1593 aliena
3389 1539 3626 1609 parmcia
3668 1539 3771 1595 ali-

2191 1630 2317 1701 quid
2353 1646 2532 1700 agere.

2261 1722 2493 1778 XXXIV.
2526 1756 2595 1766 σ-
2629 1722 2713 1777 14.
2746 1722 2809 1777 Hi
2837 1723 2928 1791 qui
2974 1723 3025 1776 in
3082 1722 3227 1777 clero
3273 1731 3416 1787 sunt,
3448 1722 3770 1792 presbyteri,

505 1816 858 1885 ἀπεχομένους
889 1823 1062 1884 κρεῶν,
1107 1813 1272 1879 ἔδοξεν
1318 1817 1652 1884 ἐφάπτεσθαι,
1692 1820 1774 1870 καί
1819 1815 2000 1882 οὕτως,
2046 1822 2081 1868 ει

2196 1815 2279 1868 vel
2326 1814 2567 1879 diaconi,
2599 1822 2653 1868 et
2701 1828 2731 1867 a
2780 1814 3029 1868 carnibus
3086 1814 3357 1867 abstinent
3390 1831 3401 1863 :
3434 1812 3634 1882 placuit
3677 1828 3771 1867 eas

508 1906 763 1975 βούλοιντο
782 1944 796 1967 ,
822 1912 1025 1974 κρατεῖν
1048 1905 1254 1959 ἑαυτῶν.
1282 1907 1337 1957 Εἰ
1376 1903 1427 1957 δὲ
1451 1904 1730 1976 βούλοιντο,
1757 1908 1825 1966 ὡς
1862 1904 1988 1975 μηδέ
2026 1906 2090 1959 τὰ

508 1996 637 2064 μετά
673 2000 827 2066 κρεῶν
869 1994 1146 2065 βαλλόμενα
1189 1995 1397 2064 λάχανα
1427 1996 1629 2057 ἐσθίειν,
1664 1998 1817 2049 καὶεί
1842 2000 1910 2065 μὴ
1944 1996 2089 2050 ύπεί·

508 2102 632 2137 κοιεν
659 2090 729 2152 τῷ
752 2083 933 2146 κανόνι,
959 2084 1251 2138 πεπαῦσθαι
1271 2086 1453 2144 αὐτοὺς
1478 2092 1568 2143 τῆς
1596 2086 1799 2147 τάξεως.

578 2257 661 2310 λε’.
689 2261 806 2329 Περὶ
829 2264 927 2311 τῶν
954 2256 1284 2332 διαφερόντων
1305 2268 1375 2327 τῷ
1408 2268 1651 2334 κυριακῷ,
1686 2260 1784 2314 ὅσα
1814 2263 2089 2316 ἐπισκόπου

509 2357 576 2418 μή
598 2346 739 2409 ὄντος
762 2352 1103 2426 πρεσϐύτεροι
1129 2352 1392 2409 ἔπὼλησαν
1409 2391 1424 2417 ,
1456 2353 1803 2406 ἀνακαλεῖσθαι
1831 2354 1890 2407 τό
1915 2374 2090 2427 κυρια-

507 2443 610 2496 κόν.
628 2441 702 2496 Ἐν
723 2441 775 2496 δὲ
809 2452 869 2516 τῇ
901 2446 1063 2518 κρίσει
1086 2451 1173 2497 τοῦ
1201 2446 1262 2497 ἐπ
1286 2445 1482 2498 σκόπου
1514 2440 1660 2510 εἶναι,
1680 2442 1823 2520 εἴπερ
1844 2450 2089 2519 προσήκει

506 2532 775 2587 ἀπολαϐεῖν
798 2539 886 2592 τήν
902 2539 1071 2603 τιμὴν.
1089 2532 1187 2589 εἴτε
1209 2538 1293 2588 καὶ
1318 2540 1409 2604 μή,
1434 2532 1514 2588 διὰ
1535 2536 1591 2589 τὸ
1607 2535 1844 2596 πολλάκις
1859 2541 1947 2594 τήν
1962 2534 2089 2590 εἴσοσ

507 2620 591 2675 δον
614 2620 900 2695 [πρόσοδον]
915 2631 1012 2676 τῶν
1034 2626 1401 2699 πεπραγμένων
1416 2620 1572 2692 (Lege
1590 2626 1940 2699 πεπραμένων,
1958 2640 1989 2677 a
2004 2647 2089 2678 m—

511 2714 780 2787 πρὰσκειν)
800 2713 1173 2769 ἀποδεδωκέναι
1196 2718 1374 2775 αὐτοῖς
1392 2720 1594 2776 τούτοις
1610 2719 1910 2778 πλείονστήν
1922 2724 2085 2789 τιμήν.

575 2802 671 2864 λς’.
714 2809 829 2877 Περὶ
877 2812 976 2858 τῶν
1038 2806 1532 2877 ἀλονευσαμένωνοῆ
1588 2810 1673 2861 καί
1726 2808 2089 2879 ἁλογευομένων

507 2893 646 2969 [Περὶ
671 2901 769 2947 τῶν
799 2896 986 2966 ἀλογῶς
1018 2894 1287 2968 διαγόντων
1316 2896 1344 2955 ἧ
1376 2896 1675 2969 διοίγονται]⁸
1720 2897 1831 2952 ὅσοι
1880 2902 1999 2976 πρὶν
2020 2904 2090 2953 εί-

506 2996 769 3048 κοσαετεῑς
797 2990 1051 3060 «γενέσθαι,
1077 2989 1319 3061 ἥμαρτον,
1343 2990 1486 3043 πέντε
1524 2993 1606 3042 καὶ
1629 2988 1745 3044 δέκα
1769 2988 1938 3044 ἔτεσιν
1961 2995 2089 3045 ὐπο-

504 3082 764 3147 πεσόντες,
790 3085 1042 3143 κοινωνίας
1073 3086 1479 3153 τυγχανέτωσαν
1516 3093 1605 3142 τῆς
1633 3088 1701 3144 εἰς
1734 3087 1826 3145 τὰς
1864 3106 2089 3159 προσευ-

2192 1903 2405 1972 quidem
2454 1904 2736 1970 attingere,
2761 1912 2815 1956 et
2864 1904 2961 1968 sic,
2994 1904 3039 1957 si
3079 1902 3365 1967 voluerint,
3392 1903 3458 1956 ab
3482 1902 3559 1956 eis
3606 1901 3768 1956 absti-

2193 2008 2319 2049 nere
2338 1992 2496 2065 (Sic).
2520 1992 2576 2048 Si
2596 2003 2773 2048 autem
2795 1994 3064 2047 noluerint
3079 1994 3226 2047 olera
3242 2009 3360 2063 quin
3377 2010 3498 2048 cum
3519 1994 3768 2049 carnibus

2191 2092 2515 2153 coquuntur,
2548 2082 2853 2147 comedere,
2886 2091 2939 2137 et
2967 2085 3163 2139 canoni
3205 2100 3312 2139 non
3339 2084 3549 2149 cedant,
3580 2084 3647 2139 ab
3676 2100 3767 2139 or-

2188 2179 2313 2232 dine
2340 2192 2570 2231 cessare.

2260 2266 2469 2322 XXXV.
2494 2299 2565 2309 --
2586 2266 2671 2321 15.
2692 2266 2767 2321 De
2787 2267 2870 2321 his
2889 2281 3008 2335 qute
3037 2266 3305 2336 pertinent
3333 2266 3399 2320 ad
3419 2265 3762 2324 dominicum.

2191 2374 2524 2427 quacunque
2554 2372 2674 2411 cum
2705 2358 2989 2427 episcopus
3010 2372 3117 2410 non
3139 2365 3299 2419 esset,
3325 2355 3619 2425 presbyteri
3644 2370 3764 2408 ven-

2190 2449 2459 2516 diderint,
2491 2448 2820 2503 dominicum
2874 2451 3130 2501 revocare
3176 2465 3188 2499 :
3235 2447 3288 2500 in
3332 2445 3537 2513 judicio
3584 2453 3764 2500 autem

2190 2540 2429 2610 episcopi
2458 2555 2594 2604 esse,
2632 2554 2700 2593 an
2748 2546 2996 2609 oporteat
3037 2538 3267 2607 pretium
3297 2535 3483 2603 recipi.
3516 2549 3582 2587 an
3633 2549 3760 2597 non,

2189 2640 2475 2699 propterea
2506 2627 2648 2698 quod
2677 2644 2820 2699 saepe
2841 2644 3018 2682 rerum
3047 2626 3377 2682 venditarum
3418 2626 3620 2680 reditus
3645 2641 3761 2679 rna-

2185 2722 2273 2791 jus
2303 2722 2529 2790 pretium
2561 2720 2643 2773 his
2672 2720 2797 2789 ipsis
2820 2719 3125 2773 reddiderit.

2263 2810 2498 2867 XXXVI.
2522 2842 2593 2851 -—
2614 2810 2698 2863 16.
2728 2810 2803 2865 De
2838 2810 2919 2864 his
2961 2810 3051 2878 qui
3095 2809 3539 2863 irrationabiliter
3564 2807 3761 2862 versati

2190 2912 2331 2967 sunt,
2364 2903 2449 2956 vel
2482 2909 2781 2966 versantur,
2829 2902 3135 2969 quicunque
3164 2908 3288 2954 ante
3321 2916 3389 2953 xx
3418 2915 3614 2952 annum
3643 2914 3777 2977 pec:

2189 3005 2396 3067 carunt,
2431 3002 2714 3061 postquam
2745 2991 2900 3045 annis
2926 2990 3229 3059 quindecim
3259 2990 3513 3043 substrati
3542 2988 3755 3051 fuerint,

2189 3084 2617 3139 communionem
2646 3082 2905 3137 orationis
2930 3090 3301 3149 assequantur.
3338 3080 3537 3134 Deinde
3561 3095 3679 3134 cum
3705 3080 3754 3131 in

506 3175 633 3242 χάς.
664 3169 783 3226 Εἶτα
824 3173 872 3224 ἐν
897 3182 958 3247 τῇ
994 3178 1219 3245 κοινωνίᾳ
1245 3172 1619 3233 ὃιατελέσαντες
1653 3174 1737 3231 ἔτη
1767 3177 1943 3240 πέντε,
1970 3178 2081 3232 τότε

2190 3175 2277 3229 illa
2300 3175 2677 3229 communione
2694 3175 2930 3243 quinque
2951 3173 3104 3225 annis
3134 3171 3613 3241 perseveraverint,
3636 3180 3758 3225 tunc

505 3268 699 3323 καὶτῆς
722 3271 1015 3340 προσφορᾶς
1046 3268 1450 3335 ἐφαπτέσθωσαν.
1482 3264 1814 3330 Ἐξεταζέσθω
1842 3266 1893 3321 δὲ
1927 3271 2088 3323 αὐτῶν

506 3359 589 3409 καί
610 3355 635 3409 ό
656 3358 704 3408 ἐν
815 3360 1111 3411 ύποπτώσει
1132 3358 1260 3428 βίος,
1290 3362 1371 3410 καί
1393 3359 1554 3419 οὕτως
1576 3363 1976 3429 τυγχανέτωσαν
1996 3370 2085 3422 τῆς

501 3446 889 3523 φιλανθρωπίας.
916 3452 970 3500 Εἰ
997 3446 1049 3500 δέ
1076 3468 1205 3508 τινες
1235 3449 1529 3523 κατακόρως
1550 3453 1599 3503 ἐν
1624 3458 1731 3510 τοῖς
1753 3452 2084 3525 ἁμαρτήμασι

501 3536 729 3609 ⁹ιε’γόνασι
754 3577 767 3598 .
807 3542 897 3595 τὴν
937 3540 1131 3613 μακρὰν
1170 3540 1433 3609 ἐχέτωσαν
1477 3542 1789 3597 ύπὸπτωσιν.
1838 3542 1983 3600 Ὀσοε
2030 3546 2083 3601 δέ

501 3625 810 3701 ύπερϐἀ·.τες
849 3632 939 3684 τήν
986 3628 1175 3684 ἠλικίαν
1210 3626 1432 3695 ταύτην,
1464 3634 1547 3684 καί
1590 3639 1831 3701 ’γυναῖκας
1872 3632 2083 3705 ἔχοντες

500 3720 895 3790 πριπεπτώκασι
942 3728 1015 3792 τῷ
1061 3722 1416 3797 ἁμαρτήματι,
1467 3726 1613 3778 πέντε
1663 3731 1743 3778 καὶ
1796 3725 1951 3781 ε’ῗκοσι
1995 3727 2082 3789 ἔτη

499 3809 895 3863 ὐποπεσέτωσαν
949 3809 1359 3882 [ὑποπεσόντες],
1404 3818 1487 3866 καὶ
1532 3820 1784 3875 κοινωνίας
1824 3821 2081 3888 τυγχανέ-

499 3921 665 3953 τωσαν
690 3910 780 3961 τῆς
811 3906 880 3962 ε’ς
904 3905 995 3963 τὰς
1034 3909 1335 3977 προσευχάς
1354 3945 1368 3969 ,
1409 3902 1520 3961 εἶτα
1565 3908 1907 3967 ἐκτελέσαντες
1934 3911 2078 3963 πέντε

499 3990 585 4049 ἔτη
616 3994 662 4044 ἐν
685 4000 746 4065 τῇ
773 3999 1000 4067 κοινωνίᾳ
1041 4004 1137 4050 τῶν
1159 3999 1345 4066 εὐχῶν,
1377 4000 1775 4067 τυγχανέτωσαν
1802 4009 1891 4057 τῆς
1916 4020 2081 4072 προσ-

497 4091 675 4158 φορᾶς.
700 4087 753 4137 Εἰ
784 4084 833 4139 δέ
856 4107 983 4147 τινες
1008 4092 1086 4141 καὶ
1119 4097 1355 4159 γυναῖκας
1381 4088 1589 4160 ἔχοντες
1612 4133 1625 4151 ,
1657 4095 1737 4143 καί
1767 4092 2078 4164 ὑπερϐάντες

495 4177 581 4229 τόν
618 4181 1010 4235 πεντηκονταέτη
1055 4180 1241 4250 χρόνον
1283 4181 1531 4254 ἥμαρτον.
1575 4184 1659 4234 ἐπὶ
1695 4190 1756 4254 τῇ
1793 4180 1945 4253 ἐξόδῳ
1988 4192 2075 4237 τοῦ

493 4269 608 4338 βίου
634 4272 1026 4339 τυγχανέτωσαν
1055 4280 1144 4329 τῆς
1168 4278 1439 4332 κἰνωνίας.

561 4358 649 4421 λζ’.
682 4364 809 4418 Τοὺς
839 4361 1264 4432 ἀλογευσαμένους
1296 4366 1378 4413 καί
1408 4363 1620 4435 λεπροὺς
1658 4385 1833 4427 natas,
1860 4366 1970 4421 ἦτοι
1994 4367 2075 4419 λε-

494 4451 805 4523 πρὼσαντας
834 4490 847 4511 ,
896 4453 1108 4509 τούτους
1157 4452 1465 4523 προσέταξεν
1504 4454 1531 4507 ἡ
1576 4452 1693 4523 ἁγία
1734 4454 1971 4519 σύνοδος,
2006 4460 2075 4515 εἰς

492 4543 609 4599 τοὺς
643 4544 1041 4610 χειμαζομένους
1065 4562 1084 4593 ε
1099 4540 1338 4610 ὗχεσθαι.

560 4630 651 4685 λη’.
679 4628 739 4681 Εἴ
760 4650 889 4689 τινες
915 4632 1186 4684 ἐπίσκοποι
1220 4632 1635 4695 κατασταθέντες,
1665 4637 1746 4685 καὶ
1768 4641 1836 4701 μή
1867 4634 2073 4705 ὃεχθέν-

489 4724 571 4778 τες
598 4720 699 4771 ύπὸ
732 4728 821 4778 τῆς
845 4725 1112 4791 παροικίας
1139 4722 1345 4781 ἐκείνης,
1374 4722 1443 4778 εἰς
1475 4722 1532 4777 ἦν
1557 4724 1937 4789 ὠνομάσθησαν,
1963 4727 2073 4780 ἑτέ.

487 4831 597 4883 ραις
628 4808 888 4883 βούλοιντο
916 4814 1205 4883 παροικίαες
1251 4812 1468 4874 ἐπιέναι,
1513 4814 1597 4863 καί
1646 4811 1913 4883 βιάζεσθαι
1952 4820 2074 4876 τούς

487 4906 829 4964 καθεστῶτας,
861 4907 942 4957 καί
963 4908 1167 4963 στάσεις
1192 4912 1335 4957 κινεῖν
1363 4904 1469 4959 κατ’
1492 4908 1651 4960 αὐτῶν
1669 4946 1683 4970 ,
1712 4909 1922 4968 τούτους
1948 4912 2070 4981 ἀφο-

484 4998 565 5067 ρίζ
569 4998 723 5048 εσθαι.
742 4994 850 5047 Ἐὰν
875 4997 961 5064 μέν
981 5015 1055 5049 τοι
1079 4995 1333 5063 βούλοιντο
1363 4998 1433 5055 εἰς
1462 4998 1517 5049 τὸ
1538 4998 1904 5072 πρεσϐυτέριον
1928 5004 2072 5055 καθέ-

483 5088 675 5148 ζεσθαι.
709 5083 820 5138 ἔνθα
846 5083 977 5142 ἦσαν
1004 5088 1248 5161 πρότερον
1272 5089 1630 5163 πρεσϐύτεροι,
1657 5097 1729 5160 μὴ
1751 5094 2067 5149 ἀποϐάλλεσ-

482 5180 561 5231 θαι
576 5181 759 5231 αυτοῦς
776 5187 863 5237 τῆς
885 5187 1051 5247 τιμῆς.
1073 5178 1178 5233 Ἐὰν
1201 5180 1251 5235 δὲ
1276 5180 1786 5259 διστασιάζωσιπρός
1802 5190 1920 5247 τούς
1945 5191 2063 5241 καθ-

483 5279 708 5332 εστῶτας
740 5275 845 5326 ἐκεῖ
867 5274 1171 5335 ἐπισκόπους
1192 5317 1205 5339 ,
1240 5279 1559 5351 ἀφαιρεῖσθαι
1580 5281 1760 5338 αὐτούς
1782 5284 1861 5333 καί
1878 5286 1968 5339 τήν
1987 5303 2060 5335 τι·

482 5370 577 5432 μὴν
604 5370 693 5418 τοῦ
712 5366 1103 5437 πρεσϐυτερίου,
1134 5373 1215 5422 καί
1245 5373 1469 5441 γίνεσθαι
1496 5374 1677 5432 αὐτο-ᾗς
1702 5374 2058 5445 ἐκκηρύκτους.

550 5537 788 5592 λ’)’.Ὂσοι
800 5543 1066 5615 παρθενίαν
1089 5545 1513 5616 ἐπαγγελλόμενοι,
1533 5550 1767 5603 ἁθετοῦσι
1792 5553 1879 5605 τήν
1899 5549 2058 5616 ἐπαγ·

550 5738 573 5752 "
616 5732 711 5789 um.
742 5750 911 5789 canon
936 5738 985 5789 iu
1016 5738 1164 5800 gravi
1202 5736 1393 5790 mendo
1438 5738 1632 5790 cubare
1660 5736 1884 5789 videtur.
1921 5736 2019 5799 Qui
2042 5776 2056 5796 ,

479 5806 524 5860 si
549 5806 725 5862 latina:
759 5809 982 5863 tersioni
1018 5806 1167 5868 ﬁdos,
1201 5808 1270 5859 ita
1303 5814 1389 5858 aut
1418 5807 1523 5858 alio
1546 5806 1701 5860 simili
1726 5804 1885 5858 modo
1916 5815 2058 5859 esset

2164 5731 2507 5798 corrigendtts

2164 5804 2234 5856 ίτ.
2267 5823 2389 5864 παρ.
2426 5799 2575 5854 Ευιτ.

2188 3266 2348 3319 etiam
2397 3264 2725 3318 oblationem
2775 3265 3055 3330 attingant.
3107 3263 3435 3317 Discutiatur
3479 3271 3657 3316 autem
3707 3273 3758 3315 et

2189 3359 2295 3411 vita
2325 3373 2531 3421 eorum,
2556 3357 2732 3425 qualis
2777 3358 2829 3410 in
2860 3356 3220 3410 substratione
3263 3354 3439 3417 fuerit,
3468 3364 3522 3408 et
3562 3356 3633 3408 ita
3664 3354 3758 3406 hu-

2188 3450 2497 3502 inanitatem
2521 3458 2938 3518 consequantur.
2962 3446 3114 3513 Quod
3144 3447 3187 3499 si
3217 3447 3307 3514 qui
3334 3447 3761 3516 perseverantius

2187 3538 2271 3593 liis
2299 3540 2535 3608 peccatis
2566 3537 2908 3601 adhzeserint,
2945 3539 2997 3591 hi
3029 3539 3320 3605 longiorem
3343 3538 3758 3593 substrationeni

2187 3628 2436 3683 habeant.
2470 3627 2783 3697 Quicunque
2813 3637 2992 3682 autem
3017 3630 3153 3682 hanc
3179 3637 3391 3683 aetatem
3422 3630 3756 3696 transgressi,

2186 3728 2240 3773 et
2262 3719 2520 3775 habentes
2550 3734 2745 3773 uxores
2776 3720 2827 3773 in
2860 3720 2965 3774 hoc
3006 3729 3284 3787 peccatum
3335 3720 3653 3783 inciderunt,
3677 3719 3761 3771 vi-

2184 3812 2316 3879 ginti
2338 3811 2574 3879 quinque
2596 3811 2749 3865 annis
2777 3811 3051 3873 substrati,
3078 3810 3511 3864 communionem
3556 3809 3759 3863 oratio-

2184 3901 2267 3953 nis
2315 3910 2688 3970 assequantur.
2721 3901 2923 3956 Deinde
2975 3916 3094 3956 cum
3132 3902 3184 3954 in
3213 3902 3472 3955 orationis
3518 3916 3759 3955 (ommu-

2184 3992 2344 4045 nione
2370 3992 2606 4060 quinque
2662 4007 2834 4045 annos
2864 3993 3187 4060 peregerint,
3230 3992 3554 4045 oblationem
3610 4004 3756 4043 asse-

2182 4092 2432 4153 quantur.
2458 4082 2513 4138 Si
2544 4086 2635 4154 qui
2665 4094 2843 4139 autem
2892 4094 2949 4138 et
2978 4102 3173 4139 uxores
3203 4086 3487 4149 habentes,
3518 4092 3573 4139 et
3598 4084 3759 4152 quin-

2182 4172 2554 4242 quagesimum
2583 4188 2779 4226 annum
2802 4174 3117 4240 transgressi
3148 4181 3525 4241 peccaverunt,
3555 4172 3607 4225 in
3637 4172 3756 4225 vita:

2182 4262 2327 4314 exitu
2358 4262 2787 4315 communionem
2811 4270 3182 4330 assequantur.

2252 4350 2675 4405 XXXVII.—17.
2695 4351 2801 4405 Eos
2821 4353 2911 4420 qui
2939 4352 3373 4406 irrationabiliter
3392 4353 3586 4405 versati
3608 4361 3753 4411 sunt,

2182 4451 2236 4495 et
2257 4444 2346 4510 qui
2368 4443 2566 4511 leprosi
2589 4450 2738 4507 sunt,
2762 4443 2844 4496 vel
2868 4442 3099 4505 fuerunt,
3121 4442 3370 4510 praecepit
3389 4450 3571 4495 sancta
3592 4458 3756 4512 syno-

2106 4563 2156 4621 ι)
2184 4536 2281 4591 dus
2300 4538 2439 4589 inter
2462 4552 2556 4590 eos
2578 4552 2734 4589 orare
2755 4538 2845 4605 qui
2861 4537 3049 4605 spiritu
3068 4535 3441 4605 periclitantur
3458 4534 3748 4589 immundo.

2248 4625 2627 4681 XXXV‘III.—
2678 4626 2762 4679 18.
2796 4627 2850 4680 Si
2893 4628 2985 4695 qui
3035 4628 3275 4696 episcopi
3324 4627 3621 4691 constituti,
3656 4642 3754 4683 nec

2176 4720 2407 4788 suscepti
2456 4719 2523 4773 ab
2576 4719 2662 4772 illa
2693 4720 2925 4787 paruacia
2983 4720 3033 4771 in
3074 4734 3181 4787 qua
3208 4719 3467 4772 nominati
3516 4719 3749 4781 luerunt,

2177 4812 2309 4866 alias
2340 4812 2606 4866 voluerint
2629 4812 2890 4880 parcecias
2919 4810 3200 4875 invadere,
3230 4818 3284 4864 et
3324 4810 3387 4864 iis
3413 4809 3505 4878 qui
3545 4809 3749 4864 consti-

2178 4902 2276 4955 tuti
2332 4909 2455 4955 sunt
2504 4901 2608 4954 vim
2655 4899 2867 4965 all‘erre,
2898 4908 2952 4955 et
3006 4900 3301 4955 seditiones
3331 4900 3585 4955 adversus
3631 4899 3751 4954 illos

2176 4993 2437 5055 excitare,
2480 4994 2581 5045 hos
2629 4991 2785 5060 abjici
2814 4991 3036 5059 placuit.
3071 4990 3125 5045 Si
3155 5000 3334 5045 autem
3380 4991 3651 5045 voluerint
3696 4991 3749 5044 in

2172 5083 2509 5152 presbyterio
2559 5082 2816 5145 residere,
2850 5082 2901 5135 in
2928 5098 3037 5150 quo
3066 5084 3214 5152 prius
3239 5091 3392 5138 erant
3429 5084 3746 5155 presbyteri,

2172 5173 2317 5241 ipsos
2347 5173 2550 5226 honore
2598 5188 2703 5225 non
2732 5173 2956 5227 moveri.
2996 5172 3150 5241 Quod
3190 5175 3234 5228 si
3264 5176 3426 5228 etiam
3456 5175 3748 5228 seditiones

2170 5262 2560 5316 concitaverint
2606 5261 2861 5315 adversus
2907 5278 3003 5317 eos
3030 5264 3119 5331 qui
3163 5263 3271 5317 illic
3297 5263 3573 5318 constituti
3601 5271 3746 5326 sunt,

2170 5353 2470 5421 episcopos,
2506 5353 2823 5422 presbyterii
2844 5368 3059 5423 quoque
3084 5351 3291 5409 honore
3323 5354 3444 5409 illos
3471 5354 3669 5424 privari
3690 5362 3744 5407 et

2167 5443 2439 5496 abdicatos
2474 5442 2630 5496 elllci.

2238 5530 2472 5584 XXXIX.
2500 5560 2571 5571 -ο
2594 5531 2675 5585 19.
2705 5532 3017 5602 Quicunque
3041 5532 3398 5600 virginitatem
3421 5533 3741 5603 promitten-

2658 5733 2775 5785 ἀλλα
2805 5730 2927 5799 μηδὲ
2968 5732 3357 5805 πρεσϐυτέροις.
3395 5770 3406 5783 .
3441 5727 3577 5799 ἄγειν
3614 5752 3661 5785 τε
3692 5733 3741 5789 ἐν
