4128 6348
2411 194 2435 216 Ι

408 314 476 369 εδ
693 329 703 337 δ
1335 312 1561 369 CODEX
1596 304 1921 367 CANONUM
1997 306 2361 364 UNIVERSE
2401 307 2747 363 ECCLESIE
3583 300 3649 355 εε

411 437 575 506 νελίαν
594 471 610 495 ,
632 430 721 485 τόν
764 438 858 485 τῶν
884 428 1104 502 διγὰμων
1135 425 1252 506 ὅρον
1282 427 1723 501 ἓκπληρούτωσαν.
1768 427 1871 484 Τὰς
1894 425 1981 497 μέν

2096 429 2189 484 tes,
2217 420 2416 473 irritam
2461 419 2659 473 faciunt
2705 432 3066 487 sponsnonem,
3102 416 3134 467 ii
3164 414 3497 482 digamorum
3524 408 3653 466 deii-

410 546 489 579 τοι
523 522 907 596 συνερχομένας
936 521 1213 596 παρθένους
1258 522 1415 582 τισίν,
1440 521 1507 577 ὡς
1536 515 1763 587 ἀδελφὰς,
1795 515 1978 569 ίκωλύ-

413 633 595 684 σαμεν.

481 702 553 774 μ’.
581 700 687 757 Ἐάν
708 723 841 761 τινος
859 705 980 773 γυνή
1009 699 1279 773 μοιχευθῇ,
1310 698 1339 757 ἦ
1362 699 1624 769 μοιχευσῃ
1650 717 1746 761 τις,
1779 695 1828 749 δν
1849 695 1980 748 ἔπτά

412 794 575 850 ἔτεσιν
605 791 742 849 δοκεῖ
767 792 930 847 ἀὐτὸν
958 796 1049 846 τοῦ
1080 791 1265 847 τέλείου
1295 796 1477 861 τυχεῖν
1496 828 1511 855 ,
1542 788 1671 842 κατὰ
1703 788 1822 846 τοὺς
1856 784 1980 856 βαθο

413 888 540 957 μοὺς
560 886 680 943 τοὺς
708 884 1040 958 προάγοντας.

482 1062 587 1135 μα’.
619 1064 734 1136 Περί
752 1066 850 1115 τῶν
871 1067 1113 1129 γυναικῶν
1141 1066 1241 1113 τῶν
1264 1058 1693 1132 ἐκπορνευουσῶν,
1738 1056 1820 1108 καί
1847 1052 1958 1109 ἆναι

416 1161 612 1229 ρουσῶν
641 1154 707 1206 τὰ
729 1149 983 1223 γενόμενα,
1010 1151 1093 1201 καί
1120 1145 1517 1210 σπουδαζουσῶν
1544 1145 1721 1219 φθόρια
1742 1149 1923 1198 ποιεῖν·
1959 1141 1984 1195 ό

416 1226 504 1315 μέν
532 1244 777 1319 πρότερος
805 1242 949 1319 ὅρτης,
979 1245 1167 1315 μέχρις
1195 1240 1364 1305 ἐξόδου
1398 1241 1638 1295 ἐκώλυσεν
1657 1281 1671 1304 ,
1713 1242 1792 1292 καί
1816 1226 1984 1307 τούτῳ

418 1339 732 1394 συντίθενται
758 1332 1015 1407 [Subaud.
1045 1330 1212 1404 avie].
1255 1330 1709 1406 Φιλανθρωπότερον
1735 1328 1788 1385 δέ
1825 1349 1875 1382 τι
1904 1328 1986 1381 εὐ·

416 1432 607 1506 ρόντες,
624 1432 879 1501 ὡρίσαμεν
895 1425 1099 1484 δεκαετῆ
1121 1426 1304 1502 χρόνον
1332 1425 1461 1480 κατὰ
1480 1426 1599 1486 τοὺς
1620 1424 1841 1495 βαθμοὺς
1867 1425 1985 1482 τοὺς

419 1524 748 1594 ὡρισμένους.

490 1612 596 1686 με’.
628 1616 744 1685 Περὶ
770 1612 1013 1665 ἑκουσίων
1040 1609 1194 1683 φόνων
1218 1609 1237 1677 (
1260 1606 1349 1662 Sic
1377 1622 1470 1677 pro
1513 1608 1696 1678 φονίων
1728 1607 1767 1671 ),
1793 1604 1984 1659 ὑποπι-

418 1706 680 1759 πτέτωσαν
708 1705 817 1773 μέν,
846 1707 933 1757 τοῦ
960 1701 1146 1757 τελείου
1171 1698 1223 1754 δέ
1252 1700 1301 1754 ίν
1323 1706 1395 1771 τῷ
1422 1698 1548 1754 τέλει
1581 1703 1672 1753 τοῦ
1702 1695 1815 1767 βίου
1862 1714 1982 1748 κατ⁸

420 1789 786 1852 αξιούσθωσαν.

490 1876 591 1951 μυί.
622 1879 738 1950 Περὶ
764 1878 1017 1930 ἀκουσίων
1052 1874 1219 1946 φόνων,
1251 1873 1276 1927 ὁ
1305 1875 1394 1944 μίν
1420 1878 1664 1947 πρότερος
1692 1869 1804 1947 ὄρος
1826 1873 1874 1924 ἓν
1897 1871 1989 1924 ἔπ-

421 1970 595 2041 ταετίᾳ
632 1968 819 2020 κελεύει
842 1972 933 2019 τοῦ
973 1965 1160 2020 τελείου
1200 1971 1511 2036 μετασχεῖν,
1537 1964 1666 2016 κατά
1692 1963 1811 2020 τοὺς
1842 1963 1990 2037 ὡρισ-

422 2058 600 2133 μένους
628 2056 869 2127 βαθμούς.
886 2054 943 2109 Ὀ
960 2053 1013 2109 δέ
1038 2052 1293 2129 δεύτερος.
1320 2054 1379 2113 τό
1406 2054 1645 2112 πενταίτη
1664 2051 1853 2123 χρόνον
1872 2051 1992 2107 πλη-

424 2154 600 2214 σῶσαι.

492 2312 589 2384 μδ.
651 2315 711 2368 Oi
755 2313 1233 2385 καταμαντευόμενοι
1278 2316 1363 2367 καί
1408 2321 1522 2374 ταῖς
1560 2316 1840 2373 συνηθείαις
1893 2320 1979 2367 τῶι

421 2406 565 2458 ἐθνῶν
600 2405 1079 2463 κατακολουθοῦντες
1109 2401 1618 2483 [ἐξακολουθοῦντες],
1649 2402 1679 2463 ἦ
1710 2406 1991 2475 είσὰγοντὲς

420 2515 554 2555 τινας
578 2497 648 2554 είς
684 2497 804 2554 τοὺς
839 2496 1031 2549 ἑαυτῶν
1062 2491 1228 2554 οἴκους
1257 2496 1337 2549 ἐπὶ
1366 2496 1627 2569 ἀνευρίσει
1654 2502 1987 2569 φαρμακειῶν,

420 2584 450 2644 ἣ
470 2589 550 2640 καί
575 2587 838 2661 καθάρσει,
864 2586 964 2638 ὑπὸ
991 2588 1074 2639 τείν
1101 2584 1276 2638 κανόνα
1317 2586 1646 2666 πιπτέτωσαν
1672 2594 1763 2645 τῆς
1788 2605 1993 2639 πενταε-

421 2679 531 2735 τίας
552 2677 676 2731 κατά
712 2678 832 2735 τοὺς
858 2676 1084 2746 βαθμοὺς
1117 2678 1444 2749 ὡρισμένους·
1478 2679 1597 2750 τρία
1628 2675 1715 2736 ἔτη
1750 2678 1989 2732 ὐποπτώ-

422 2786 571 2829 σεως,
598 2771 681 2821 καί
705 2766 796 2822 δύο
820 2766 904 2825 ἔτη
927 2770 1086 2837 εὐχῆς
1117 2772 1280 2839 χωρίς
1310 2775 1627 2844 προσφορᾶς.

490 2857 584 2929 με’.
616 2859 1064 2927 Μνηστευσάμενός
1087 2880 1164 2919 τις
1193 2860 1358 2933 κόρην,
1384 2861 1707 2933 προσεφθὰρη
1810 2858 1991 2935 ἀδελφῇ

423 2948 765 3025 [προσέφθειρε
797 2956 885 3007 τήν
908 2946 1139 3020 ἀδελφήν]
1167 2953 1341 3012 αὐτῆς.
1375 2955 1441 3011 ὡς
1470 2956 1552 3005 καὶ
1583 2954 1878 3027 ἐπιφορῆσαι
1897 2953 1989 3005 αὖ·

424 3042 527 3098 τήν,
555 3037 738 3111 ἔγημεν
779 3038 832 3095 δὲ
866 3047 953 3099 τήν
979 3047 1198 3112 μνηστὴν
1219 3045 1349 3112 μετά
1377 3045 1559 3107 ταῦτα,
1593 3047 1623 3102 ἠ
1664 3043 1717 3098 δὲ
1746 3044 1992 3117 φθαρεῖσα

2085 513 2343 567 nitionem
2389 511 2664 580 impleant.
2706 503 2946 575 Virgines
2992 514 3192 567 autem,
3236 518 3355 573 qua:
3400 511 3653 573 tanquam

2084 615 2297 657 sorores
2325 616 2444 656 cum
2475 599 2792 670 quibusdam
2822 596 3085 663 habitant,
3113 595 3472 665 prohibemus.

2152 689 2258 745 XL.
2284 723 2355 733 —
2389 689 2479 743 20.
2511 688 2567 743 Si
2614 687 2837 755 alicujus
2858 703 2993 742 uxor
3026 686 3343 740 adulterium
3372 684 3654 740 commise-

2083 782 2173 848 rit,
2194 782 2279 835 vel
2328 781 2441 849 ipse
2466 779 2781 833 adulterium
2806 776 3153 842 commiserit,
3180 776 3460 844 septennio
3489 789 3654 844 opor-

2086 882 2163 927 tet
2189 888 2307 927 eum
2331 854 2713 941 perfectionem
2744 868 2989 937 assequi,
3026 867 3316 923 secundum
3346 867 3539 935 gradus
3562 866 3656 935 qui

2086 980 2151 1018 eo
2179 964 2465 1017 deducunt.

2156 1053 2291 1109 XLI.
2308 1062 2384 1094 ι-
2413 1051 2471 1105 2|
2488 1092 2500 1104 .
2531 1052 2603 1105 De
2626 1050 2937 1104 mulieribus
2964 1063 3082 1116 qua:
3103 1047 3451 1113 fornicamur,
3467 1055 3523 1101 et
3541 1061 3661 1116 par-

2087 1152 2171 1197 tus
2218 1159 2341 1196 suos
2380 1142 2671 1212 perimunt,
2702 1150 2756 1194 et
2796 1139 3197 1194 medicamentis
3241 1137 3535 1192 abortionis
3572 1136 3656 1190 fa-

2086 1234 2289 1288 ciendis
2340 1232 2592 1286 student:
2624 1231 2771 1301 prior
2821 1229 3035 1299 quidem
3086 1228 3321 1282 deﬁnitio
3378 1241 3545 1297 usque
3591 1226 3674 1281 ad:

2090 1324 2211 1376 vita:
2240 1323 2440 1377 exitum
2472 1321 2812 1391 prohibebat,
2836 1326 2892 1374 et
2918 1320 2969 1373 ei
2997 1319 3210 1387 quidam
3253 1318 3614 1372 assentiuntur
3641 1334 3654 1367 :

2088 1414 2370 1467 humanius
2416 1419 2593 1465 autem
2641 1419 2884 1479 agentes,
2912 1408 3196 1464 definimus
3240 1417 3301 1462 ut
3345 1406 3677 1463 decennium

2089 1520 2187 1575 per
2210 1503 2405 1572 gradus
2434 1501 2721 1572 prmfiuitos
2750 1502 3024 1572 impleant.

2160 1593 2311 1649 XLII.
2334 1623 2403 1634 —
2425 1593 2513 1648 22.
2542 1591 2644 1659 Qui
2674 1592 2968 1647 voluntarie
2997 1589 3335 1644 homicidium
3379 1588 3662 1644 commise-

2091 1693 2232 1748 runt,
2260 1684 2527 1761 supplices
2556 1682 2767 1751 quidem
2819 1683 3263 1737 substernantur:
3296 1680 3349 1734 in
3391 1680 3537 1734 exitu
3552 1694 3663 1769 oau-

2020 1793 2064 1851 Β
2094 1784 2199 1829 tem
2230 1775 2352 1828 vitae
2376 1773 2708 1844 perfectione
2735 1772 2877 1840 digni
2902 1771 3216 1825 habeantur.

2165 1865 2342 1924 XLIII.
2367 1899 2436 1909 —
2465 1864 2557 1919 25.
2588 1863 2690 1931 Qui
2714 1880 2819 1918 non
2842 1871 3033 1933 sponte
3061 1877 3161 1916 nec
3182 1861 3461 1915 voluntate
3488 1860 3663 1914 homi-

2094 1958 2288 2014 cidium
2346 1958 2766 2023 commiserunt,
2808 1956 2957 2025 prior
2999 1953 3215 2022 quidem
3260 1952 3500 2008 definitio
3545 1961 3664 2022 post

2092 2049 2430 2117 septenninm
2460 2045 2843 2117 perfectionem
2897 2044 3154 2111 consequi
3185 2043 3443 2113 praecipit,
3475 2058 3665 2098 secun-

2094 2140 2217 2194 dum
2263 2137 2554 2208 prmiinitos
2598 2138 2793 2206 gradus
2824 2156 2837 2189 :
2869 2136 3101 2192 secunda
3131 2151 3283 2201 vero,
3317 2133 3667 2203 quinquennii

2096 2240 2304 2306 tempus
2330 2232 2571 2300 implere.

2166 2320 2517 2375 XLIV—24.
2537 2320 2636 2387 Qui
2652 2319 3005 2374 divinationes
3021 2324 3295 2387 expetunt,
3313 2325 3366 2371 et
3378 2326 3635 2371 consuetu
3647 2348 3665 2357 -

2093 2412 2244 2466 dines
2263 2412 2499 2480 gentium
2521 2411 2938 2478 subsequuntur,
2962 2409 3116 2462 autin
3131 2407 3320 2463 domos
3341 2422 3464 2461 suas
3478 2407 3665 2476 hujus-

2094 2502 2236 2555 modi
2272 2502 2517 2556 homines
2546 2501 2925 2566 introducunt,
2960 2498 3273 2568 exquirendi
3318 2497 3521 2567 aliquid
3550 2507 3667 2553 arto

2096 2594 2319 2662 magica,
2344 2602 2437 2648 aut
2466 2593 2714 2664 expiandi
2743 2607 2925 2656 causa,
2950 2594 3001 2646 in
3025 2578 3285 2647 canonem
3315 2592 3667 2663 quinquennii

2096 2683 2349 2747 incidant,
2373 2682 2667 2738 secundum
2698 2682 2893 2750 gradus
2918 2681 3165 2737 definitos
3194 2701 3216 2734 :
3247 2690 3357 2736 tres
3386 2696 3555 2736 annos
3576 2682 3666 2749 ja-

2095 2784 2268 2838 ceant,
2295 2775 2429 2829 duos
2450 2775 2847 2830 communicent
2876 2774 2926 2827 in
2955 2774 3199 2827 oratione
3226 2774 3341 2827 sine
3372 2771 3663 2828 oblatione.

2167 2866 2490 2922 XLV.—25.
2510 2862 2737 2933 Quidzﬁn
2767 2881 3018 2935 sponsam
3049 2866 3271 2929 habens,
3294 2880 3533 2920 sororem
3553 2866 3666 2933 ejus

2094 2957 2362 3026 corrupit,
2396 2957 2469 3010 ita
2512 2964 2569 3010 ut
2599 2964 2653 3010 et
2686 2957 2796 3025 ipsa
2825 2957 3167 3024 conciperet,
3196 2970 3446 3023 sponsam
3488 2963 3666 3009 autem

2094 3054 2280 3115 postea
2302 3047 2473 3108 (luxit,
2499 3047 2589 3099 illa
2619 3062 2749 3100 vero
2776 3061 2895 3114 qum
2923 3054 3176 3114 corrupta
3206 3052 3306 3106 est,
3355 3059 3538 3099 necem
3568 3044 3666 3099 sibi

426 3130 680 3201 ἀπήγξατο
698 3146 713 3162 ⁸
745 3133 789 3184 οἶ
821 3132 1096 3193 συνειδότες
1119 3133 1476 3192 ἐκελεύσθησαν
1503 3135 1550 3187 ἐν
1578 3132 1809 3209 δεκαετίᾳ
1849 3133 1990 3205 [δέκα

2097 3134 2291 3188 intulit.
2323 3134 2387 3187 Hi
2415 3135 2504 3202 qui
2534 3136 2736 3191 conscii
2766 3135 3003 3201 fuerunt,
3023 3134 3156 3201 jussi
3178 3142 3302 3188 sunt
3328 3133 3512 3190 decem
3563 3149 3664 3188 an-

430 3218 588 3291 ἴτεσι]
617 3219 857 3292 δεχθῆναι
898 3226 967 3286 είς
988 3226 1106 3284 τοὺς
1128 3233 1451 3287 συνεστῶτας
1472 3230 1596 3283 κατά
1625 3229 1742 3288 τοὺς
1766 3228 1987 3299 ὡρισμέ-

431 3329 543 3371 ιους
569 3311 811 3381 βαθμούς.
1252 3322 1257 3327 ⁷

429 3417 3408 3441 MM

2097 3229 2179 3283 nis
2199 3228 2339 3282 inter
2366 3243 2461 3284 eos
2489 3231 2578 3298 qui
2602 3229 2918 3292 consistunt,
2942 3227 3128 3296 recipi,
3158 3227 3451 3282 secundum
3473 3226 3691 3296 gradus.

2097 3316 2365 3373 definitos.

3428 3425 3670 3445 σ-ι--ι
3686 3438 3689 3439 ,

1160 3519 1705 3625 CONCILII
1780 3519 2915 3631 NEOCZESABIENSIS

1484 3684 1842 3755 CANONES
1885 3686 2033 3745 XIV
2067 3685 2215 3766 (An.
2243 3687 2387 3748 Chr.
2423 3686 2597 3751 3th).

900 3806 1024 3881 Qui
1049 3808 1289 3886 quidem
1317 3819 1465 3869 sunt
1496 3811 1843 3889 Ancyram’s
1868 3811 2269 3887 posteriores,
2303 3811 2575 3873 Νίεαιηίε
2611 3830 2752 3872 vero
2784 3814 3184 3892 antiquiores.

496 3992 602 4061 μέ.
644 3992 988 4069 Πρεσϐύτερος
1017 3995 1102 4047 ἐὰν
1127 3997 1283 4065 γήμῃ,
1318 4001 1408 4052 τῆς
1446 3996 1632 4057 τάξεως
1661 3996 1807 4049 αὐτὸν
1842 4016 1998 4066 μεταο

431 4086 666 4142 τίθεσθαι.
704 4087 810 4141 Ἐὰν
837 4084 891 4141 δέ
924 4092 1179 4161 πορνεῦσῃ
1205 4084 1235 4144 ἦ
1264 4088 1544 4157 μοιχεύσῃ,
1583 4088 1867 4150 ὶξωθεῖσθαι
1911 4089 1999 4140 ad.

429 4175 513 4231 τόν
538 4176 720 4239 τέλεον,
744 4179 831 4231 καί
853 4172 1066 4249 ἄγεσθαι
1087 4177 1239 4230 αὐτὸν
1266 4178 1335 4235 εἰς
1365 4179 1646 4245 μετάνοιαν.

500 4356 597 4428 μζ.
639 4362 764 4415 Γυνή
794 4358 877 4410 ἐὰν
902 4362 1123 4426 γήμηται
1158 4355 1249 4410 δύο
1273 4355 1519 4429 ἀδελφοῖς,
1544 4358 1812 4419 ἐξωθείσθω
1840 4359 2002 4430 μέχρι

428 4450 664 4513 θανάτου,
692 4448 820 4507 πλὴν
848 4449 894 4501 ἐν
921 4456 993 4520 τῷ
1016 4450 1213 4519 θανάτῳ
1242 4452 1482 4510 εἰποῦσα,
1522 4450 1590 4509 ὡς
1626 4449 1877 4520 ὑγιάνασα
1910 4448 1999 4501 λύ-

430 4557 509 4591 σει
533 4541 617 4593 τὶν
642 4541 822 4610 ⁶γάμον,
844 4537 926 4595 διὰ
954 4546 1042 4598 τήν
1069 4540 1435 4614 φιλανθρωπίαν
1463 4541 1559 4604 ἔξει
1587 4545 1678 4598 τήν
1710 4543 1992 4612 μετάνοιαν.

428 4626 539 4682 ἐὰν
575 4626 629 4683 δὲ
661 4630 1094 4703 τελευτήσῃγγυνὴ
1119 4632 1168 4684 ἐν
1197 4633 1410 4702 τοιούτῳ
1450 4632 1599 4702 γάμῳ
1631 4626 1783 4696 οὖσα,
1816 4632 1924 4690 ἦτοι
1972 4631 1998 4687 ὃ

429 4718 570 4797 ἀνὴρ,
597 4715 861 4793 δυσχερής
880 4727 952 4791 τῷ
975 4722 1200 4790 μείναντι
1218 4722 1248 4778 ἡ
1270 4722 1521 4791 μετάνοια.

504 4979 602 5045 μή.
644 4982 758 5051 Περί
790 4988 888 5034 τῶν
916 4981 1172 5042 πλείστοις
1201 4983 1380 5052 γάμοις
1405 4982 1830 5055 περιπιπτόντων,
1860 4982 1885 5038 ὃ
1910 4988 1999 5055 μὲν

429 5068 617 5140 χρόνος
648 5076 803 5141 σαφὴς
829 5076 853 5123 ὁ
887 5074 1183 5147 ὡρισμένος,
1207 5076 1237 5131 ἢ
1261 5071 1314 5129 δέ
1354 5077 1641 5149 ἀναστροφὴ
1663 5080 1745 5130 καί
1772 5078 1802 5134 ἠ
1825 5079 1999 5138 πίστις

427 5160 596 5214 αὐτῶν
620 5162 879 5233 συντέμνει
901 5164 986 5217 τὸν
1010 5164 1215 5236 χρόνον.

497 5252 599 5322 μθ’.
640 5252 755 5308 Ἐὰν
776 5256 1032 5331 πρόθηταί
1054 5278 1152 5318 τις,
1186 5259 1502 5326 ἐπιθυμήσας
1528 5282 1780 5331 γυναικος,
1812 5282 2001 5333 συγκα-

426 5342 666 5401 θευδῆσαι
686 5346 793 5414 μετ’
822 5349 981 5406 αὐτῆς
1009 5344 1203 5420 [atra],
1229 5354 1297 5415 μὴ
1329 5347 1447 5418 ἔλθῃ
1470 5348 1523 5404 δέ
1553 5353 1623 5411 εἰς
1659 5349 1814 5426 ἔργον
1842 5354 1997 5407 αὐτοῦ

426 5434 458 5490 ἠ
482 5434 767 5504 ἐνθύμησις,
798 5441 1023 5507 φαίνεται
1053 5436 1128 5492 ὅτι
1156 5439 1257 5493 ὑπὸ
1282 5449 1372 5500 τῆς
1401 5443 1617 5514 χάριτος
1637 5444 1878 5517 ὶρῤύσθη.

498 5525 557 5579 ν’.
598 5529 994 5599 Κατηχούμενος
1018 5531 1102 5583 ἐὰν
1124 5530 1484 5599 εἰσερχόμενος
1514 5535 1583 5592 εἰς
1610 5536 1666 5587 τό
1693 5536 1927 5610 κυριακὸν
1949 5524 1999 5590 ἕν

427 5626 490 5687 τῆ
516 5626 614 5672 τῶν
633 5622 1028 5689 κατηχουμὲνων
1050 5622 1187 5684 τάξει
1213 5626 1392 5691 στήκῃ,
1417 5618 1565 5683 οὗτος
1595 5622 1647 5679 δέ
1675 5626 1998 5701 ἁμαρτάνων,

428 5708 511 5759 ἰὰν
540 5710 628 5775 μὲν
666 5710 785 5779 ’γόνυ
815 5710 1009 5773 κλίνων,
1029 5713 1292 5785 ἀκροάσθω
1329 5714 1504 5782 μηκέτι
1547 5714 1863 5788 ἁμαρτάνων.
1898 5718 2003 5774 Ἐἀν

428 5792 481 5846 ὂί
513 5800 591 5849 καί
616 5799 928 5869 ἀκροώμενος
953 5800 1025 5856 ἴτε
1050 5802 1329 5878 ἁμαρτάνῃ,
1358 5805 1647 5869 ἔξωθείσθω.

2173 3992 2352 4047 XLVI.
2387 3992 2670 4065 Presbyter
2712 3996 2756 4050 si
2805 4011 3026 4049 uxorem
3068 3998 3299 4063 duxerit,
3334 4001 3522 4055 ordine
3570 4018 3681 4058 suo-

2105 4094 2411 4150 moveatur;
2442 4087 2486 4140 si
2515 4094 2691 4140 autem
2724 4085 3014 4142 fornicatus
3043 4087 3217 4155 fuerit,
3242 4090 3326 4144 vel
3349 4091 3668 4147 adulterium

2104 4176 2453 4242 commiserit,
2484 4176 2694 4246 penitus
2739 4177 3075 4241 extrudatur,
3125 4187 3178 4232 et
3207 4180 3271 4232 ad
3304 4182 3671 4247 paenitentiam

2106 4268 2391 4334 redigatur.

2184 4355 2384 4410 XLVII.
2416 4355 2666 4410 Muliersi
2686 4355 2892 4410 duobus
2918 4356 3174 4413 fratribus
3225 4362 3484 4428 nupserit,
3534 4362 3671 4430 abji-

2104 4449 2358 4504 ciaturus
2396 4463 2464 4502 ue
2489 4447 2558 4502 ad
2596 4455 2855 4513 mortem;
2886 4456 3255 4504 verumtamen
3303 4452 3355 4505 in
3404 4459 3599 4520 morte,
3626 4454 3671 4508 si

2104 4538 2408 4608 promiserit
2458 4537 2600 4606 quod
2650 4537 2739 4592 ubi
2789 4537 3143 4599 convaluerit,
3176 4540 3349 4595 solvet
3392 4543 3672 4598 matrimo-

2103 4631 2269 4693 nium,
2301 4637 2524 4699 propter
2568 4629 2974 4696 humanitatem,
3007 4632 3377 4700 poenitentiam
3433 4634 3667 4688 habebit.

2104 4718 2207 4774 Sed
2234 4720 2277 4772 si
2309 4727 2519 4773 mortua
2548 4717 2708 4773 fuerit
2730 4720 2941 4784 mulier,
2973 4721 3025 4774 in
3074 4721 3375 4788 hujusmodi
3421 4726 3673 4795 conjugio

2106 4810 2363 4875 existens,
2392 4811 2476 4864 vel
2498 4810 2613 4879 ejus
2657 4811 2902 4875 maritus,
2935 4810 3161 4867 difficilis
3206 4814 3309 4867 erit
3359 4814 3674 4884 paenitentia

2100 4898 2415 4953 remanenti.

2173 4987 2399 5042 XLVIII.
2432 4988 2506 5044 De
2535 4990 2600 5044 iis
2646 4991 2734 5058 qui
2767 4992 2817 5044 in
2850 4991 3106 5060 plurimas
3148 4993 3363 5062 nuptias
3412 4993 3681 5061 incidunt,

2103 5086 2314 5148 tempus
2339 5078 2553 5146 quidem
2571 5077 2850 5134 definitum
2878 5080 3217 5135 manifestum
3246 5090 3331 5136 est
3354 5100 3365 5134 :
3391 5082 3684 5137 conversio.

2102 5178 2279 5224 autem
2303 5184 2367 5224 ac
2395 5170 2525 5224 Iides
2545 5170 2780 5239 ipsorum
2803 5178 3011 5242 tempus
3030 5165 3315 5227 contrahit.

2180 5259 2361 5316 XLIX.
2385 5260 2442 5315 Si
2464 5262 2582 5332 quis
2599 5262 2877 5316 mulierem
2904 5264 3682 5332 concupiscens,iproposuerit-

2108 5368 2229 5408 cum
2258 5368 2320 5407 ea
2341 5352 2715 5419 concumbere,
2747 5353 2863 5421 ejus
2890 5363 3069 5408 autem
3098 5351 3419 5407 desiderium
3451 5355 3515 5410 ad
3538 5370 3674 5427 opus

2109 5460 2216 5499 non
2238 5446 2461 5508 venerit,
2485 5445 2695 5500 videtur
2712 5461 2830 5500 esse
2849 5445 3017 5513 gratia
3046 5442 3304 5501 servatus.

2174 5532 2236 5587 L.
2268 5533 2696 5590 Catechumenus
2724 5537 2769 5589 si
2816 5535 2869 5589 in
2899 5534 3224 5592 dominicum
3265 5538 3589 5606 ingrediens,
3619 5541 3674 5595 in

2104 5629 2290 5684 ordine
2332 5629 2834 5684 catechumenorum
2872 5629 3103 5696 steterit,
3133 5630 3178 5685 is
3206 5640 3384 5685 autem
3440 5641 3669 5702 peccat:

2102 5722 2145 5774 si
2176 5733 2314 5787 genu
2343 5719 2555 5789 quidem
2587 5718 2833 5784 flectens,
2866 5721 3044 5775 audiat
3102 5738 3209 5776 non
3259 5723 3491 5792 amplius
3540 5738 3671 5792 pec-

2106 5825 2233 5865 cans
2266 5828 2277 5862 :
2310 5810 2392 5865 sin
2415 5816 2589 5864 autem
2623 5810 2781 5864 etiam
2814 5810 3036 5865 audiens
3081 5821 3300 5877 peccet,
3349 5813 3666 5881 expellatur.
