4128 6348
525 275 597 329 1,5
1797 269 2149 326 DIONYSIES
2189 268 2505 324 EXIGUUS.
2806 312 2809 315 .
3705 266 3779 324 SC

597 390 688 446 να’.
731 394 847 464 Περὶ
874 391 1237 465 κυοφορούσης,
1266 387 1341 442 ὅτι
1369 386 1447 441 δεῖ
1471 385 1769 458 φωτίζεσθαι
1799 384 1945 438 ὁπ’ότε
1972 385 2075 453 βούι

2270 378 2353 431 L1.
2386 379 2460 432 De
2482 393 2544 432 ea
2573 392 2691 445 qua:
2720 386 2929 431 uterum
2980 376 3136 443 gerit,
3164 376 3307 445 quod
3358 385 3605 447 oporteat
3651 394 3774 434 eam

527 481 683 535 λεται.
718 481 868 536 Ούδέν
888 485 987 557 γάρ
1018 484 1064 533 ἐν
1085 483 1249 551 τούτῳ
1276 486 1498 533 κὀινωνεῖ
1519 481 1549 537 ἠ
1571 481 1818 532 τίκτουσα
1838 484 1909 545 τῷ
1928 497 2091 531 τικτο-

528 574 655 640 μένῳ
690 570 771 625 διά
813 573 889 635 τὸ,
920 572 1131 625 ἑκάστου
1157 569 1287 625 ἰδίαν
1315 575 1402 628 τὴν
1445 572 1743 642 προαίρεσιν
1785 574 1874 626 τήν
1911 569 1994 621 ἐπὶ
2030 576 2091 637 τῇ

527 661 762 735 ὁμολογίᾳ
790 662 1091 716 δείκνυσθαι.

593 754 686 806 νϐ.
730 754 1070 826 Πρεσϐύτερον
1100 754 1169 812 εἰς
1205 752 1401 823 γάμους
1436 750 1775 823 διγαμούντων
1804 756 1873 820 μὴ
1914 751 2088 804 ἑστιᾶ-

527 846 663 911 σθαι,
695 845 802 897 ἐπεί
823 845 1087 914 μετάνοιαν
1111 845 1371 902 αἰτοῦντος
1404 848 1492 896 τοῦ
1516 840 1749 913 ὃιγάμου,
1781 844 1856 899 τίς
1880 838 2029 895 ἔσται
2064 840 2089 893 ὁ

524 938 890 1010 πρεσϐύτερος,
917 936 941 990 ὁ
963 934 1045 989 διὰ
1069 944 1159 994 τῆς
1185 936 1459 993 ἑστιάσεως
1486 933 1961 1003 συγκατατιθέμενος
1986 940 2090 990 τοῖς

523 1043 722 1097 γαμοις;

589 1117 681 1190 vf.
719 1124 846 1178 Γυνή
867 1139 999 1178 τινος
1021 1123 1353 1189 μοιχευθεῖσα
1378 1118 1543 1169 λαῐκοῦ
1570 1116 1728 1180 ὄντος,
1754 1117 1835 1168 ἐάν
1874 1116 2089 1186 ἐλέγχθῃ

521 1217 760 1281 φανερῶς,
806 1209 831 1263 ὁ
869 1216 1096 1269 τοιοῦτος
1140 1212 1211 1269 εἰς
1255 1210 1531 1271 ύπηρεσίαν
1570 1209 1714 1261 ἐλθεῖν
1758 1209 1815 1261 ού
1860 1205 2084 1261 δύναται.

522 1296 632 1353 Ἐὰν
660 1297 713 1353 δὲ
743 1302 825 1353 καί
850 1301 977 1369 μετὰ
994 1300 1083 1357 τὴν
1115 1300 1429 1371 χειροτονίαν
1458 1299 1734 1369 μοιχευθῇ,
1765 1297 1940 1368 ὀφείλει
1963 1299 2091 1350 ἀπο·

520 1388 672 1443 λῦσαι
700 1391 877 1447 αὐτήν.
906 1390 1016 1444 Ἐάν
1041 1388 1093 1443 δὲ
1137 1394 1286 1462 συζῇ,
1318 1390 1372 1440 ού
1404 1386 1612 1441 δύναται
1651 1387 1860 1457 ἔχεσθαι
1888 1396 1977 1448 τῆς
2007 1390 2090 1457 ἑγ-

522 1498 640 1548 χειρ
662 1480 864 1538 σθείσης
890 1479 1023 1548 αύτῷ
1043 1480 1325 1551 ὑπηρεσίας
1350 1476 1664 1547 [διακονίας].

586 1649 674 1704 νδ.
714 1652 1082 1725 Πρεσϐύτερος,
1120 1653 1205 1705 εὰν
1244 1656 1651 1726 προημαρτηκὼς
1692 1656 1895 1723 σώματι
1924 1674 2086 1725 προακ

2197 470 2453 540 baptizari
2475 469 2689 537 quando
2720 468 2965 522 voluerit.
2994 466 3133 522 Nihil
3162 468 3301 521 enim
3327 468 3377 521 in
3402 470 3535 535 hoc,
3559 485 3621 525 ea
3652 488 3774 541 qua:

2197 563 2355 631 parit,
2383 563 2622 617 nascenti
2652 560 3047 625 communicat,
3086 561 3208 629 quia
3255 562 3531 630 proprium
3588 565 3772 619 unius-

2197 652 2449 720 cujusque
2473 653 2806 721 propositum
2838 651 2888 704 in
2911 649 3246 706 confessione
3267 652 3597 706 ostendatur.

2264 740 2371 794 LII.
2397 740 2685 812 Presbyter
2714 742 2766 794 in
2796 741 3127 809 digamorum
3154 740 3352 809 nuptiis
3403 757 3469 795 ne
3517 745 3766 799 convive-

2192 838 2297 884 tur.
2339 828 2472 883 Cum
2504 831 2643 884 enim
2670 830 3040 900 pmnitentiam
3071 830 3308 898 requirat
3335 832 3596 899 digamus,
3646 836 3766 905 quis

2192 921 2293 975 erit
2317 921 2597 992 presbyter
2643 922 2734 990 qui
2775 922 2892 976 illas
2947 922 3157 990 nuptias
3206 922 3309 977 isto
3335 924 3585 979 convivio
3615 941 3763 980 com-

2191 1011 2419 1080 probet?

2266 1102 2395 1156 LIII.
2426 1101 2481 1157 Si
2508 1103 2732 1172 alicujus
2762 1119 3004 1167 uxorem,
3038 1120 3156 1159 cum
3180 1115 3318 1160 esset
3349 1106 3534 1172 laicus,
3566 1108 3765 1164 adulte—

2190 1203 2361 1249 ratam
2390 1195 2551 1249 fuisse
2593 1195 2867 1249 evidenter
2908 1195 3068 1249 fuerit
3096 1198 3520 1266 comprobatum,
3556 1200 3672 1254 talis
3693 1200 3761 1254 ad

2192 1288 2546 1341 ministerium
2594 1289 2777 1341 venire
2827 1303 2931 1341 non
2990 1296 3187 1356 potest.
3219 1288 3312 1342 Sin
3368 1298 3546 1342 autem
3599 1293 3759 1347 etiam

2194 1386 2314 1446 post
2344 1377 2735 1431 ordinationem
2767 1376 3063 1431 adulterata
3094 1377 3275 1442 fuerit,
3321 1378 3589 1434 dimittere
3642 1397 3757 1435 eam

2192 1471 2459 1523 convenit.
2482 1469 2636 1535 Quod
2668 1471 2712 1523 si
2741 1486 2860 1523 cum
2892 1470 2979 1523 illa
3012 1469 3329 1535 convixerit,
3354 1486 3461 1525 non
3490 1480 3665 1539 potest
3686 1474 3757 1543 si—

2191 1561 2245 1614 bi
2272 1560 2614 1613 commissum
2641 1560 2994 1613 ministerium
3023 1559 3239 1613 habere.

2264 1649 2392 1703 LIV.
2418 1650 2473 1705 Si
2504 1650 2783 1726 presbyter
2812 1649 2904 1719 qui
2929 1650 3207 1718 corporale
3230 1658 3507 1720 peccatum
3538 1652 3760 1706 admise-

518 1735 645 1812 χθῇ,
676 1746 757 1795 καὶ
798 1740 1076 1815 ὁμολογήσῃ
1106 1741 1183 1797 ὅτι
1232 1736 1453 1815 ἥμαρτεν
1490 1747 1589 1818 πρὸ
1618 1752 1707 1804 τῆς
1739 1747 2075 1818 χειροτονίας⁴

2192 1740 2276 1801 rit,
2303 1746 2582 1807 promotus
2609 1737 2788 1801 fuerit,
2842 1746 2896 1791 et
2950 1737 3226 1793 confessus
3253 1738 3433 1805 fuerit,
3467 1741 3609 1808 quod
3639 1751 3760 1795 ante

515 1836 581 1902 μή
624 1834 971 1906 προσφερέτω,
1016 1836 1173 1903 μένων
1201 1835 1248 1885 ἐν
1278 1844 1385 1894 τοῖς
1423 1836 1639 1898 λοιποῖς,
1682 1834 1763 1889 διὰ
1805 1841 1893 1894 τήν
1939 1834 2085 1893 ἄλλην

514 1920 761 1980 σπουδήν.
788 1925 861 1976 Τὰ
886 1925 987 1997 γάρ
1015 1924 1166 1977 λοιπὰ
1206 1922 1405 1995 [πολλὰ]
1452 1925 1792 2001 ἁμαρτήματα
1819 1926 2007 1998 ἔφασαν
2041 1929 2085 1981 οἱ

514 2014 685 2068 πολλοὶ
725 2018 807 2069 καί
853 2022 943 2073 τήν
980 2017 1297 2089 χειροθεσίαν
1339 2018 1550 2087 ἀφιέναι.
1582 2020 1690 2070 Ἐάν
1730 2016 1783 2071 δὲ
1820 2020 1975 2079 αύτός
2016 2024 2085 2089 μή

513 2104 751 2177 ὁμολογῇ,
796 2106 1093 2177 ἐλεγχθῆναι
1135 2105 1188 2159 δὲ
1230 2114 1453 2179 φανερῶς
1479 2113 1547 2178 μὴ
1577 2106 1798 2180 δυνηθῇ,
1834 2108 1913 2162 ἐπ’
1951 2110 2083 2177 αὐτῷ

514 2198 679 2266 ἐκείνῳ
704 2199 960 2251 ποιεῖσθαι
983 2203 1070 2255 τήν
1095 2199 1339 2261 ἐξουσίαν.

581 2375 664 2427 νε”.
708 2375 917 2442 Ὁμοίως
948 2376 1033 2426 καὶ
1067 2370 1289 2433 διάκονος
1329 2378 1371 2426 εἰ
1403 2374 1451 2424 ἐν
1492 2380 1564 2441 τῷ
1595 2374 1730 2442 αύτῷ
1760 2374 2080 2447 ἁμαρτήματι

510 2464 780 2536 περιπέσῃ.
812 2470 899 2520 τήν
919 2470 1006 2516 τοῦ
1034 2467 1287 2536 ὑπηρέτου
1310 2464 1447 2525 τάξιν
1476 2463 1660 2531 ἐχέτω.

579 2552 673 2614 νς’.
713 2554 1059 2627 Πρεσϐύτερος
1085 2556 1184 2627 πρὸ
1213 2560 1314 2608 τῶν
1359 2555 1631 2626 τριάκοντα
1660 2555 1780 2609 ἐτῶν
1805 2560 1874 2624 μή
1907 2576 2080 2627 χειρο-

508 2646 765 2709 τονείσθω,
790 2646 870 2698 ἐὰν
898 2650 982 2699 καί
1004 2646 1133 2711 πάνυ
1221 2646 1244 2698 ὁ
1268 2642 1527 2719 ἅνθρωπος
1556 2644 1710 2712 ἄξιος,
1740 2647 1862 2700 ἀλλά
1886 2650 2078 2706 ἀποτη-

507 2740 712 2809 ρείσθω.
746 2747 800 2791 ⁸0
834 2740 930 2813 γὰρ
954 2740 1119 2812 κύριος
1140 2737 1331 2797 ἰησοῦς
1372 2739 1586 2807 Χριστὸς
1618 2739 1666 2789 ἐν
1694 2745 1766 2810 τῷ
1794 2746 2076 2812 τριακοστῷ

505 2832 607 2887 ἔτει
626 2832 871 2903 ἐφωτίσθη
899 2829 1241 2902 Ιτέϐαπτίσθηὶ,
1269 2834 1352 2883 καὶ
1378 2830 1561 2903 ἤρξατο
1588 2828 1837 2883 διδάσκειν

573 2921 659 2983 νζ.
690 2924 798 2977 Ἐὰν
824 2928 984 2974 νοσῶν
1008 2941 1083 2979 τις
1100 2924 1336 2992 φωτισίιῇ,
1363 2922 1429 2979 εἰς
1456 2920 1801 2995 πρεσϐύτερον
1828 2919 2079 2994 [πρεσϐυ-

502 3010 711 3085 τερεῐονὶ
733 3008 945 3085 ἄγεσθαι
973 3013 1031 3064 ού
1062 3010 1292 3076 δύναται,
1333 3014 1419 3065 οὐκ
1452 3013 1507 3064 ἐκ
1536 3013 1880 3087 προαιρέσεως
1921 3014 2014 3089 γάρ
2046 3014 2076 3070 ἡ

2190 1828 2579 1881 ordinationt-m
2627 1828 2932 1897 peccaverit
2965 1845 2976 1879 :
3008 1843 3113 1881 non
3162 1827 3386 1895 oﬁ‘erat,
3436 1845 3657 1884 manens
3707 1834 3759 1885 in

2190 1920 2329 1997 aliis,
2364 1927 2584 1988 propter
2610 1919 2753 1972 aliud
2782 1918 2897 1987 ejus
2927 1920 3049 1973 vitae
3075 1920 3336 1985 studium;
3369 1921 3570 1989 reliqua
3618 1927 3760 1977 en'm

2189 2018 2405 2077 peccata
2450 2010 2701 2062 dixerunt
2750 2010 2901 2063 multi
2957 2025 3055 2079 per
3110 2026 3299 2065 manus
3365 2012 3760 2082 impositionem

2188 2097 2321 2149 tolli.
2346 2096 2499 2163 Quod
2548 2098 2592 2151 si
2640 2100 2753 2168 ipse
2807 2116 2912 2153 non
2961 2098 3299 2167 conﬁteatur,
3346 2114 3529 2172 aperte
3579 2115 3759 2161 autem

2191 2188 2440 2242 convinci
2472 2204 2576 2243 non
2605 2190 2861 2259 potuerit,
2893 2191 3173 2259 potestatis
3200 2206 3309 2245 suae
3348 2191 3547 2260 judicio
3593 2196 3757 2249 relin-

2184 2288 2396 2348 quatur.
2594 2334 2599 2337 Α

2259 2371 2363 2427 LV’.
2416 2370 2673 2427 Similiter
2712 2382 2767 2428 et
2810 2374 3082 2439 diaconus,
3115 2374 3159 2429 si
3204 2376 3258 2429 in
3292 2375 3431 2431 idem
3478 2386 3755 2447 peccatum

2184 2461 2451 2531 inciderit,
2484 2464 2712 2519 ministri
2742 2464 2981 2519 ordinem
3014 2465 3225 2519 habeat.

2256 2552 2384 2607 LVI.
2411 2552 2695 2625 Presbyter
2722 2564 2847 2609 ante
2877 2556 3091 2623 triginta
3122 2572 3293 2611 annos
3320 2573 3427 2612 non
3455 2558 3750 2625 ordinetur,

2183 2646 2389 2699 etiamsi
2418 2643 2572 2700 valde
2618 2646 2808 2721 dignus
2837 2646 3014 2711 fuerit,
3044 2647 3138 2701 sed
3167 2647 3271 2702 hoc
3320 2657 3530 2718 tempus
3571 2652 3750 2705 obser-

2183 2746 2290 2790 vet.
2334 2738 2590 2792 Dominus
2634 2738 2775 2793 enim
2811 2736 2965 2792 Jesus
3011 2738 3251 2793 Christus
3295 2740 3567 2808 trigesimo
3612 2756 3753 2797 anno

2182 2828 2481 2897 baptizatus
2510 2836 2613 2893 est,
2642 2838 2696 2883 et
2725 2829 2885 2896 coepit
2911 2828 3107 2883 docere

2250 2918 2403 2972 LVII.
2426 2918 2482 2972 Si
2503 2920 2623 2987 quis
2646 2920 2697 2973 in
2722 2920 2909 2973 morbo
2939 2920 3261 2975 constitutus
3283 2921 3611 2977 illuminatus
3640 2922 3752 2977 tue-

2180 3011 2271 3073 rit,
2298 3011 2364 3065 ad
2396 3012 2656 3065 honorem
2698 3012 3013 3082 presbyterii
3045 3013 3349 3080 promoveri
3396 3029 3503 3067 non
3530 3023 3707 3083 potest
3733 3033 3747 3067 ι

500 3109 673 3164 πίστις
695 3104 875 3169 αὐτοῦ,
903 3102 1004 3156 ἀλλ’
1032 3104 1078 3166 ἐξ
1105 3104 1317 3175 ἀνάγκης
1339 3119 1352 3132 ⁸
1379 3104 1422 3155 εἰ
1449 3107 1517 3172 μὴ
1547 3105 1690 3172 τάχα
1719 3101 1801 3158 διὰ
1825 3108 1914 3161 τήν
1942 3107 2073 3174 μετά

2180 3099 2310 3155 ﬁdes
2332 3101 2473 3155 enim
2505 3099 2620 3169 ejus
2652 3118 2759 3155 non
2793 3110 2875 3155 est
2903 3118 2969 3156 ex
3000 3102 3298 3172 proposito,
3331 3103 3425 3157 sed
3447 3119 3513 3157 ex
3561 3119 3746 3158 neces-

499 3200 660 3246 1ταῦτα
704 3196 859 3247 αὐτοῦ
899 3191 1128 3251 σπουδήν
1160 3196 1249 3265 καί,
1288 3196 1478 3256 πίστιν,
1524 3196 1603 3245 καί
1636 3192 1717 3245 διὰ
1762 3196 1941 3247 σπάνιν
1988 3198 2073 3247 ἀν-

498 3285 516 3332 ί
526 3288 728 3358 ρώπων.
1046 3348 1061 3364 ⁴

566 3376 655 3436 vri.
697 3376 990 3449 Ἐτοιχὼριοι
1030 3376 1376 3451 πρεσϐύτεροι
1406 3378 1452 3428 ἐν
1497 3384 1569 3447 τῷ
1598 3384 1819 3451 κυριακῷ
1857 3384 1947 3435 τῆς
1978 3377 2072 3430 πό-

498 3466 620 3526 λεως
671 3467 970 3540 προσφέρειν
1013 3467 1068 3518 ού
1115 3464 1373 3529 δύνανται,
1424 3465 1670 3539 παρόντος
1721 3466 2000 3520 ἐπισκόπου
2040 3466 2071 3523 ἦ

496 3555 863 3627 πρεσϐυτέρων
887 3556 1100 3621 πόλεως,
1133 3552 1251 3607 οὔτε
1280 3559 1374 3624 μήν
1415 3551 1568 3628 ἄρτον
1608 3552 1797 3607 διδόναι
1827 3556 1877 3607 ἐν
1912 3556 2069 3624 εὐχῇ,

495 3644 602 3699 ούδέ
630 3650 892 3720 ποτηριονο
921 3646 1000 3697 ἐὰν
1026 3644 1077 3699 δέ
1111 3647 1306 3709 ὰπὼσι,
1334 3648 1417 3696 καί
1450 3645 1520 3703 εἰς
1543 3646 1699 3713 εὐχήν
1728 3644 1873 3713 κληθῇ
1902 3644 2067 3713 μένος,

493 3733 717 3789 δίδωσιν.
750 3735 807 3787 Οί
848 3733 900 3789 δέ
943 3736 1353 3807 χωρεπίσκοποι,
1392 3736 1492 3787 ε“σί
1536 3736 1625 3802 μὲν
1676 3736 1745 3792 εἰς
1786 3735 1943 3788 τύπον
1972 3739 2070 3787 τῶν

492 3822 857 3896 ἇϐδομήκοντα,
886 3828 953 3885 ὡς
992 3824 1046 3879 δὲ
1082 3825 1472 3899 σιλλειτουρίρί.
1505 3823 1586 3878 διά
1619 3844 1707 3881 την
1752 3822 1979 3881 σπουδήν
2000 3828 2069 3883 εἰς

493 3920 611 3976 τούς
630 3921 898 3987 πτωχούς,
927 3918 1272 3988 προσφέρουσι
1294 3920 1580 3985 τιμώμενοι.

562 4095 649 4150 νϐ’.
689 4099 908 4151 Διάκονοι
936 4100 1065 4153 ἑπτά
1099 4100 1373 4170 ὀφείλουσιν
1417 4096 1537 4151 ε’ῗναι
1576 4101 1703 4151 κατὰ
1748 4098 1833 4152 τὸν
1862 4099 2056 4162 κανόναι,

490 4183 576 4257 κᾷν
608 4188 742 4242 πάνυ
768 4191 956 4262 μεγάλη
988 4189 1061 4248 εἴη
1091 4194 1119 4248 ἡ
1151 4192 1287 4251 πόλις
1305 4208 1317 4220 ’
1347 4192 1609 4262 πεισθείσῃ
1632 4188 1683 4244 δὲ
1710 4194 1722 4210 ⁹
1752 4192 1851 4243 ἀπὸ
1879 4200 1967 4251 τῆς
1991 4191 2065 4260 βί-

491 4279 610 4332 ϐλου
639 4288 735 4335 τῶν
767 4284 1018 4355 πράξεων.

2176 3194 2331 3247 sitate
2362 3212 2373 3245 :
2402 3194 2500 3248 nisi
2525 3192 2662 3248 forte
2692 3182 2911 3264 propter
2938 3210 3167 3263 sequens
3190 3195 3304 3263 ejus
3324 3195 3553 3250 studium
3584 3205 3638 3252 et
3685 3197 3749 3247 ti.

2174 3284 2317 3346 dem,
2345 3294 2508 3352 atque
2530 3284 2804 3338 hominum
2834 3286 3132 3339 raritatem.

2246 3374 2419 3428 LVIII.
2457 3374 2763 3443 [legionarii
2793 3376 3111 3446 presbyteri,
3138 3378 3191 3431 in
3227 3377 3495 3434 dominico
3518 3378 3747 3435 civitati:

2176 3462 2371 3519 oﬁ‘crre
2400 3479 2506 3517 non
2531 3474 2773 3533 possunt,
2806 3475 3069 3535 prtesente
3091 3467 3376 3536 episcopo,
3408 3468 3493 3521 vel
3522 3468 3746 3539 presby-

2178 3555 2304 3608 teris
2334 3556 2500 3621 urbis,
2530 3569 2705 3622 ncque
2726 3569 2920 3623 panem
2942 3556 3070 3609 dare
3096 3557 3149 3610 in
3173 3558 3437 3621 oratione,
3472 3573 3645 3626 neque
3666 3574 3749 3612 ca-

2174 3646 2359 3711 licem;
2390 3647 2472 3701 sin
2495 3655 2674 3699 autem
2712 3646 2907 3707 absint,
2940 3655 2996 3701 et
3020 3648 3086 3701 ad
3136 3650 3434 3704 orationem
3477 3650 3622 3704 solus
3650 3664 3746 3703 vo-

2174 3744 2326 3789 catus
2352 3735 2532 3801 fuerit,
2555 3735 2683 3787 dare
2726 3736 2942 3803 poterit.
2969 3734 3352 3806 Chorepiscopi
3391 3731 3590 3803 autem,
3621 3745 3745 3791 sunt

2171 3825 2385 3893 quidem
2415 3822 2481 3876 ad
2506 3823 2807 3891 exemplum
2830 3825 3187 3891 septuaginta,
3213 3836 3270 3879 ut
3295 3834 3474 3879 autem
3516 3826 3741 3880 commi-

2174 3914 2348 3977 nistri,
2398 3922 2619 3982 propter
2664 3913 2896 3966 studiqu
2952 3914 3004 3967 in
3036 3929 3319 3984 pauperes,
3364 3916 3593 3970 oﬁerunt
3646 3916 3745 3970 ho-

2172 4007 2365 4060 norati.

2243 4096 2375 4150 LIX.
2404 4097 2621 4152 Diaconi
2643 4106 2847 4166 septem
2878 4113 2997 4153 esse
3023 4082 3221 4153 debent
3254 4098 3542 4154 secundum
3578 4110 3745 4151 cano-

2170 4204 2315 4256 nent,
2348 4188 2556 4243 etiamsi
2580 4189 2647 4243 sit
2675 4203 2864 4257 magna
2892 4190 3083 4245 civitas
3108 4210 3119 4243 :
3148 4191 3263 4260 ejus
3284 4199 3463 4245 autem
3484 4189 3563 4245 rei
3587 4188 3742 4244 ﬁdem

2172 4282 2331 4336 faciet
2360 4282 2492 4336 liber
2520 4282 2772 4335 Actorum
2807 4283 2944 4349 (Act.
2973 4284 3070 4352 Vt).

481 4452 485 4459 ’
555 4458 586 4527 _‘
607 4454 719 4508 Non
752 4456 909 4510 video
924 4458 1202 4527 quomodo
1225 4465 1471 4510 constare
1501 4456 1670 4525 possit
1709 4458 1915 4525 phrasis
1946 4473 2065 4510 cum
2096 4459 2198 4512 hoc
2244 4458 2523 4527 partietpio
2556 4458 2827 4513 feminino.
2860 4459 3018 4515 Forte
3062 4458 3340 4527 legendum
3391 4459 3740 4525 πεισθήσεται,

486 4524 588 4588 vel,
612 4528 884 4595 πεισθήσῃ.
921 4526 1071 4579 Ευιτ.

1395 4680 1944 4825 CONCILII
2025 4670 2840 4832 GANGRENSIS

1569 4883 1929 4943 CANONES
1961 4884 2081 4943 xx
2115 4882 2276 4963 (An.
2305 4886 2451 4947 Chr.
2489 4888 2654 4965 325).

546 5058 606 5139 E'.
656 5072 716 5126 Εἴ
747 5093 825 5133 τις
860 5072 944 5124 τὸν
982 5072 1138 5142 γάμον
1163 5071 1427 5139 μέμφοιτο,
1470 5072 1547 5121 καί
1577 5073 1666 5125 την
1701 5066 2049 5122 καθεύδουσαν

2214 5070 2337 5125 ‘LX.
2368 5105 2437 5113 -
2470 5072 2517 5125 1.
2548 5073 2603 5127 Si
2633 5072 2751 5140 quis
2780 5072 2993 5140 nuptias
3021 5078 3257 5133 accuset,
3290 5080 3344 5125 et
3370 5070 3725 5127 dormientem

477 5168 606 5237 μετά
646 5168 737 5218 τοῦ
783 5159 960 5235 ἀνδρὸς
1007 5163 1180 5224 αὐτῆς,
1214 5155 1372 5213 οὖσαν
1410 5166 1596 5219 πιστήν
1634 5165 1715 5213 καὶ
1757 5160 1943 5217 εὐσεϐῆ
1971 5164 2057 5213 καὶ

473 5259 687 5321 εὐλαϐῆ,
720 5255 1052 5329 βδελύσσοιτο
1089 5255 1118 5313 ἧ
1157 5257 1415 5327 μέμφοιτο,
1448 5259 1517 5316 ὡς
1558 5252 1617 5310 ἂν
1657 5261 1725 5325 μή
1775 5254 2053 5325 δυναμένην

472 5353 543 5411 εἰς
570 5348 830 5418 βασιλείαν
860 5348 1121 5412 εἰσελθεῖν,
1148 5348 1368 5416 ἀνάθεμα
1398 5347 1551 5401 ἔστω.

541 5438 631 5502 Ed.
664 5436 725 5490 Εἴ
742 5459 817 5497 τις
848 5438 1075 5493 ἐσθίοντα
1100 5438 1241 5512 κρέα,
1268 5440 1434 5510 χωρίς
1465 5439 1701 5508 αἵματος,
1736 5441 1816 5491 καί
1844 5436 2047 5491 εἰδωλο-

469 5533 621 5583 Θύτου
664 5532 747 5581 καί
794 5536 1019 5593 πνικτοῦ,
1048 5531 1153 5600 μετ’
1176 5529 1437 5589 εὐλαϐείας
1484 5533 1565 5582 καὶ
1610 5532 1866 5596 πίστεως,
1894 5550 2050 5583 κατα-

470 5626 639 5694 κρίνει,
669 5625 735 5680 ὡς
762 5617 820 5673 ἂν
849 5620 931 5676 διὰ
959 5624 1013 5677 τὸ
1052 5624 1472 5693 μεταλαμϐάνειν,
1508 5621 1680 5677 ἐλπίδα
1721 5629 1787 5694 μὴ
1826 5622 2039 5691 ἔχοντα,

471 5714 692 5781 ἀνάθεμα
726 5714 878 5767 ἔστω.

2161 5175 2281 5214 cum
2314 5162 2429 5216 viro
2455 5178 2583 5227 suo,
2616 5162 2824 5215 lidelem
2854 5161 3106 5228 piamque
3137 5176 3200 5214 ac
3227 5160 3549 5228 religiosam,
3582 5161 3733 5215 dete-

2159 5260 2331 5307 stetur
2359 5269 2422 5308 ac
2451 5254 2756 5322 vituperet,
2788 5252 2940 5321 quasi
2972 5268 3079 5307 non
3109 5254 3277 5321 possit
3307 5253 3357 5306 in
3388 5267 3608 5321 regnum
3640 5253 3733 5308 Dei

2155 5346 2397 5409 introire,
2423 5348 2704 5400 anathema
2735 5346 2823 5399 sit.

2226 5436 2355 5490 LXI.
2386 5468 2455 5479 —
2483 5437 2538 5490 2.
2570 5435 2624 5490 Si
2654 5436 2773 5504 quis
2813 5451 3029 5490 carnem
3070 5434 3346 5501 edentem,
3380 5436 3578 5503 absque
3606 5451 3732 5489 san-

2152 5527 2316 5595 guine
2340 5565 2353 5589 ,
2388 5534 2441 5580 et
2469 5526 2623 5581 idolis
2653 5526 2926 5580 immolato
2956 5533 3009 5577 et
3054 5524 3312 5577 sull'ocato
3337 5567 3350 5591 ,
3382 5542 3501 5579 cum
3532 5526 3734 5594 pietate

2154 5630 2209 5673 et
2235 5619 2356 5683 ﬁde,
2389 5620 2729 5685 condemnat,
2766 5618 2839 5673 uti
2869 5633 3019 5685 spem
3049 5634 3155 5671 non
3188 5619 3491 5680 habentem,
3517 5624 3733 5687 propter

2158 5711 2457 5779 hujusmodi
2491 5712 2910 5782 perceptionem,
2947 5710 3227 5765 anathema
3259 5711 3342 5764 sit.
