4128 6348
338 312 407 368 57
1254 294 1482 355 CODEX
1519 295 1847 353 CANONUM
1890 292 2258 350 UNIVERSIE
2301 288 2676 349 ECCLESIE.
2826 292 2831 295 ‘
3547 292 3617 354 ιε

411 422 506 494 ξδ’.
539 423 599 480 Εἴ
611 446 688 485 τις
719 420 895 478 δοῦλον
922 419 1173 495 προφάσει
1202 416 1490 474 θεοσεϐείας
1512 410 1742 467 διδάσκει
1766 433 1925 466 κατα·
1951 462 1955 472 ,

2099 405 2257 460 LXII.
2273 433 2342 444 -—
2365 408 2417 461 '5.
2449 405 2505 460 Si
2526 408 2646 475 quis
2670 421 2905 473 servum,
2934 406 3102 462 divini
3127 407 3302 463 cultus
3326 414 3613 479 przetoxtu,

342 526 532 597 φρονεῖν
560 512 830 572 δεσπότου,
855 513 938 567 καί
966 512 1260 580 ἀναχωρεῖν
1286 514 1378 565 τῆς
1415 507 1717 580 ὑπηρεσίας,
1748 506 1833 557 καί
1856 506 1927 572 μὴ

342 594 454 683 μετ’
474 610 668 666 εὐνοίας
696 608 779 658 καὶ
805 604 982 661 πάσης
1004 607 1152 671 τιμῆς
1177 606 1252 671 τῷ
1281 598 1468 653 ἑαυτοῦ
1494 594 1718 669 δεσπότῃ
1747 596 1931 659 ἐξυπη-

344 704 620 781 ρετεῖσθαι,
649 698 873 769 ἀνάθεμα
903 692 1058 749 ἔστω.

414 796 508 867 ξγ’.
538 792 603 847 Εἴ
614 812 695 851 τις
716 789 1008 860 διακρίνοιτο
1021 785 1164 856 παρὰ
1184 782 1540 858 πρεσϐυτέρου
1561 777 1927 854 γεγαμηκότος,

347 910 415 948 ως
446 892 516 958 μή
542 892 735 959 χρῆναι
762 883 1218 954 λειτουργήσαντος
1258 878 1411 931 αὐτοῦ
1450 877 1747 950 προσφοράς
1784 892 1936 942 μετα-

346 977 643 1048 λαμϐάνειν,
668 974 891 1042 ἀνάθεμα
919 970 949 1024 ἕ
952 991 1077 1025 στω.

421 1068 511 1134 ξδ’.
539 1066 602 1122 Εἴ
616 1086 694 1125 τις
714 1063 942 1119 διδάσκει
959 1064 1045 1117 τὸν
1068 1056 1202 1115 οἶκον
1227 1064 1321 1115 τοῦ
1348 1063 1476 1112 Θεοῦ
1506 1056 1935 1129 εὐκαταφρόνητον

351 1155 499 1225 εἶναι,
530 1161 614 1213 καί
640 1159 730 1217 τὰς
760 1157 808 1209 ἐν
840 1156 975 1225 αὐτῷ
1004 1152 1252 1217 συνάξεις,
1283 1149 1507 1219 ἀνάθεμα
1535 1145 1690 1201 ἴστω.

426 1340 509 1406 ξε’.
545 1338 606 1393 Εἴ
644 1359 722 1399 τις
764 1337 906 1413 παρά
933 1340 1022 1394 τήν
1052 1333 1314 1392 ἐκκλησίαν
1355 1331 1459 1407 ἰδίᾳ
1499 1330 1829 1392 ἐκκλησιάζει,
1858 1328 1940 1382 γαί

350 1437 668 1503 καταγρονῶν
696 1436 786 1489 τῆς
809 1428 1090 1491 ἐκκλησίας,
1114 1428 1181 1479 τά
1208 1434 1299 1484 τῆς
1322 1425 1579 1483 ἐκκλησίας
1606 1422 1756 1475 ἐθέλοι
1782 1421 1939 1495 πράτ-

352 1544 458 1577 τειν
495 1528 565 1594 μή
608 1522 841 1579 συνόντος
892 1526 982 1575 τοῦ
1035 1518 1395 1592 πρεσϐυτέρου
1441 1516 1569 1569 κατά
1608 1517 1809 1586 γνώμην
1849 1517 1939 1567 τοῦ

354 1612 660 1672 ἐπισκόπου.
689 1611 914 1679 ἀνάθεμα
940 1607 970 1662 ἕ
974 1630 1105 1663 στω.

425 1703 522 1767 ξς·’.
545 1701 605 1755 Εἴ
625 1723 705 1762 τις
733 1702 1081 1774 καρποφορίας
1112 1696 1522 1755 ἐκκλησιαστικάς
1551 1694 1700 1748 ἐθέλει
1740 1693 1941 1764 λαμϐάει
1980 1744 1992 1759 ,

2032 500 2309 555 dominum
2359 508 2709 554 contemnere
2749 500 2980 564 doceat,
3024 508 3080 554 et
3107 499 3173 554 ab
3203 500 3319 570 ejus
3347 501 3613 571 obsequio

2031 590 2311 646 discedere
2336 629 2350 654 ,
2384 606 2483 646 nec
2511 592 2560 645 ei
2587 592 2729 646 bona
2752 591 2862 646 'Iide
2903 601 2958 647 et
2985 593 3131 647 omni
3158 593 3367 649 honore
3392 595 3618 664 servire,

2027 677 2317 737 anathema
2348 684 2437 739 sit.

2104 775 2281 829 LXIII.
2310 804 2383 815 ——
2409 776 2459 831 4.
2493 776 2549 830 Si
2579 777 2697 845 quis
2736 778 2992 832 discernit
3021 779 3393 849 presbyterum
3422 780 3615 849 conju-

2035 876 2257 936 gatum,
2303 869 2456 936 quasi
2505 884 2611 923 non
2661 878 2945 938 oporteat,
2990 885 3056 924 eo
3099 870 3473 936 ministrante,
3505 871 3623 941 ejus

2037 957 2298 1012 oblationi
2327 959 2754 1021 communicare,
2783 958 3067 1012 anathema
3098 958 3185 1011 sit.

2109 1045 2291 1100 LXIV.
2317 1078 2383 1087 —-
2410 1046 2460 1100 5.
2489 1047 2545 1101 Si
2574 1049 2695 1116 quis
2723 1048 2881 1103 docet
2908 1048 3125 1103 domum
3149 1048 3243 1103 Dei
3268 1058 3623 1105 contemnen-

2037 1138 2160 1194 dam
2191 1154 2309 1194 esse
2328 1181 2342 1204 ,
2375 1149 2432 1194 et
2459 1149 2754 1196 conventus
2781 1141 2872 1209 qui
2901 1142 2955 1195 in
2995 1157 3059 1196 ea
3088 1140 3459 1208 celebrantur,
3495 1157 3625 1195 ana-

2038 1234 2218 1288 thema
2249 1235 2338 1288 sit.
3654 1279 3661 1295 ε

2112 1324 2270 1381 LXV.
2302 1359 2371 1369 -
2400 1325 2452 1379 6.
2492 1324 2549 1381 Si
2578 1327 2698 1395 quis
2727 1335 2878 1380 extra
2909 1326 3192 1381 ecclesiam
3222 1328 3467 1396 privatim
3497 1342 3627 1381 con-
3658 1311 3665 1340 ³

2041 1422 2227 1478 ciones
2274 1421 2438 1475 habet
2469 1438 2483 1474 :
2515 1430 2569 1475 et
2601 1419 2894 1475 Ecclesiam
2925 1429 3277 1474 contemnens
3302 1463 3317 1486 ,
3359 1436 3478 1489 qum
3507 1429 3631 1474 sunt

2041 1515 2296 1571 Ecclesia:
2326 1515 2441 1569 vult
2487 1529 2687 1583 agere,
2741 1529 2846 1567 non
2895 1521 3107 1567 astante
3144 1513 3459 1584 presbytero
3508 1528 3639 1567 cum»

2042 1609 2321 1663 voluntate
2350 1606 2612 1676 episcopi,
2642 1605 2927 1660 anathema
2953 1605 3040 1657 sit.

2114 1698 2295 1754 LXVI.
2327 1730 2399 1740 ——
2426 1698 2478 1751 7.
2522 1697 2579 1752 Si
2609 1697 2728 1765 quis
2757 1696 3150 1750 ecclesiasticas
3180 1696 3447 1750 fructuum
3477 1696 3631 1751 obla-

355 1816 476 1859 νειν,
505 1794 535 1853 ἣ
561 1792 747 1849 διδόναι
775 1792 875 1856 ἔξω
910 1800 1001 1852 τῆς
1031 1791 1289 1849 ἐκκλησίας
1321 1791 1463 1863 παρά
1494 1792 1692 1861 γνώμην
1720 1793 1807 1842 τοῦ
1838 1788 1941 1842 ἐπι-

2057 1791 2219 1847 ;iones
2265 1800 2418 1847 extra
2463 1790 2744 1845 ecclesiam
2792 1790 3041 1857 accipere
3090 1797 3182 1841 aut
3210 1789 3337 1842 dare
3374 1789 3629 1852 voluerit,

355 1889 555 1943 σκόπου
583 1887 613 1946 ἧ
641 1893 732 1942 τοῦ
760 1886 1211 1958 ἐγκεχειρισμένων
1235 1884 1299 1938 τά
1325 1890 1568 1945 τοιαῦτα,
1596 1886 1681 1936 καὶ
1708 1885 1778 1951 μή
1817 1881 1946 1952 μετά

357 1984 559 2053 γνώμης
585 1983 739 2033 αὐτοῦ
765 1979 916 2032 ἐθέλει
944 1979 1208 2053 πράττειν,
1238 1976 1462 2046 ἀνάθεμα
1492 1973 1523 2029 ἕ
1524 1996 1658 2029 στω.

431 2152 520 2221 ξζ.
552 2154 616 2209 Εἴ
630 2177 707 2216 τις
733 2153 865 2210 διδοῖ
887 2154 916 2213 ή
942 2154 1189 2225 λαμϐάνοι
1212 2153 1557 2227 καρποφορίαν
1585 2151 1831 2228 παρεκτὸς
1854 2154 1944 2204 τοῦ

359 2249 661 2313 ἐπισκόπου,
693 2247 722 2306 ἧ
750 2254 841 2302 τοῦ
874 2247 1261 2317 ἐπιτεταγμένον
1291 2245 1360 2303 εἰς
1394 2246 1675 2313 οἰκονομίαν
1699 2241 1945 2306 εὐποιίας,

360 2345 446 2396 καί
471 2340 496 2395 ό
525 2338 717 2404 διδοὺς,
744 2343 824 2392 καί
850 2338 1182 2408 όλαμϐάνων,
1213 2335 1436 2404 ἀνάθεμα
1460 2333 1616 2388 ἴστω.

433 2521 525 2586 ξη⁹.
556 2520 619 2575 Εἴ
639 2541 718 2580 τις
744 2520 1039 2597 παρθενεύοι
1071 2517 1101 2577 ἦ
1130 2518 1498 2591 ἐγκρατεύοιτο.
1530 2518 1608 2575 ὡς.
1646 2509 1704 2569 ἀν
1738 2512 1951 2585 βδελύτ-

361 2632 463 2667 των
489 2617 586 2665 τῶν
612 2613 785 2682 γάμων
809 2608 1221 2681 [βδελυττόμενος
1253 2608 1338 2661 τόν
1374 2604 1553 2678 γάμον]
1578 2608 1946 2682 ἀναχωρήσας,

364 2710 446 2758 καί
470 2710 539 2776 μή
569 2703 652 2759 διά
682 2710 773 2758 τοῦ
808 2702 902 2773 [δι’
922 2703 1043 2757 αὐτὸ
1072 2698 1161 2771 τό]
1192 2700 1337 2755 καλὸν
1365 2705 1451 2754 καί
1481 2700 1621 2772 ἅγιον
1642 2709 1733 2761 τῆς
1759 2702 1947 2775 παρθε-

363 2800 493 2859 νίας,
519 2798 736 2869 ἀνάθεμα
767 2795 797 2849 ἕ
799 2817 927 2850 στω.

435 2890 519 2954 ξθ⁹.
557 2890 618 2944 Εἴ
635 2911 713 2952 τις
750 2897 849 2945 τῶν
886 2887 1288 2963 παρθενευόντων
1314 2886 1399 2943 διά
1428 2887 1514 2942 τόν
1539 2888 1725 2965 κύριον,
1757 2907 1949 2941 κατεπ-

364 2983 557 3053 αίροιτο
585 2986 683 3033 τῶν
705 2978 1082 3051 γεγαμηκότων,
1113 2978 1335 3049 ἀνάθεμα
1363 2974 1520 3032 ἔστω.

437 3070 492 3127 ο’.
524 3070 587 3124 Εἴ
604 3091 681 3130 τις
708 3071 1039 3141 καταφρονοίη
1062 3076 1163 3124 τῶν
1192 3068 1243 3120 ἐκ
1264 3069 1491 3125 πίστεως
1518 3068 1720 3137 ἀγάπας
1746 3066 1945 3119 ποιούν·

2050 1892 2245 1955 ρηεῑει*
2273 1897 2595 1937 consensum
2627 1880 2895 1950 episcopi,
2930 1880 3013 1933 vel
3046 1879 3160 1948 ejus
3197 1881 3280 1934 cui
3331 1880 3634 1947 hujusmodi

2050 1974 2226 2029 oIIicia
2253 1974 2538 2029 commissa
2568 1982 2730 2039 sunt,
2763 1989 2863 2028 nec
2905 1989 3026 2027 cum
3057 1972 3171 2042 ejus
3214 1974 3449 2029 voluerit
3476 1989 3635 2044 agere

2049 2065 2274 2120 consilio
2295 2108 2309 2131 ,
2340 2066 2625 2119 anathema
2656 2065 2743 2120 sit.

2122 2149 2326 2208 LXVII.
2348 2184 2417 2194 —-
2439 2152 2490 2205 8.
2517 2152 2572 2207 Si
2594 2154 2713 2222 quis
2735 2152 2945 2208 dederit
2963 2154 3048 2209 vel
3074 2156 3341 2224 acceperit
3368 2139 3637 2211 fructuum

2050 2244 2372 2309 oblationes,
2402 2252 2597 2314 przeter
2626 2246 2959 2316 episc0pum,
2992 2248 3076 2301 vel
3103 2262 3223 2300 eum
3254 2248 3343 2316 qui
3372 2251 3637 2303 constitu-

2055 2345 2136 2391 tus
2165 2343 2247 2391 est
2275 2336 2341 2390 ad
2371 2335 2826 2406 dispensationem
2868 2339 3234 2394 beneﬁcentia:
3271 2358 3283 2391 :
3317 2349 3372 2394 et
3401 2342 3491 2409 qui
3521 2342 3634 2410 dat,

2051 2438 2105 2485 et
2133 2432 2224 2500 qui
2255 2432 2468 2501 accipit,
2500 2433 2784 2487 anathema
2815 2435 2901 2487 sit.

2124 2522 2354 2577 LXVIII.
2386 2554 2459 2563 —-
2486 2524 2537 2578 9.
2572 2525 2629 2579 Si
2658 2525 2777 2594 quis
2813 2527 3170 2593 virginitatem
3209 2528 3517 2583 custodiens
3546 2538 3638 2583 aut

2051 2617 2397 2671 continentia:
2422 2618 2671 2682 studens,
2703 2619 2852 2672 velut
2880 2620 3176 2675 abhorrens
3210 2624 3448 2692 nuptias,
3483 2638 3637 2679 sece-

2052 2705 2178 2775 dat,
2209 2723 2317 2761 non
2348 2708 2467 2763 ideo
2496 2709 2619 2778 quia
2650 2719 2834 2764 sancta
2864 2711 2933 2765 sit
2972 2712 3278 2779 virginitas,
3312 2729 3485 2782 neque
3512 2696 3640 2784 pro-
3706 2700 3707 2703 η

2053 2809 2173 2872 pter
2202 2803 2371 2871 ipsum
2401 2802 2721 2871 virginitatis
2750 2804 2968 2869 bonum,
3002 2808 3283 2862 anathema
3311 2809 3397 2863 sit.

2126 2890 2307 2945 LXIX.
2338 2922 2407 2932 —
2438 2892 2519 2945 I0.
2553 2892 2608 2947 Si
2638 2893 2757 2962 quis
2787 2895 3145 2962 virginitatem
3175 2912 3393 2951 servans
3420 2906 3640 2967 propter

2052 2983 2359 3051 Dominum,
2378 3000 2435 3039 se
2457 3000 2614 3054 supra
2640 2985 2956 3053 conjugatos
2977 2988 3219 3051 extollat,
3244 2990 3526 3041 anathema
3547 2989 3636 3042 sit.

2125 3072 2284 3127 LXX.
2316 3107 2385 3116 —
2418 3075 2505 3128 II.
2547 3074 2604 3129 Si
2634 3076 2755 3143 quis
2784 3076 2906 3130 illos
2936 3076 3190 3145 despicit.
3223 3078 3313 3146 qui
3347 3092 3542 3147 agapas
3572 3093 3639 3132 ex

365 3184 482 3226 των,
510 3164 598 3215 καί
626 3161 708 3216 διά
744 3166 892 3233 τιμήν
919 3166 1010 3216 τοῦ
1043 3161 1220 3233 κυρίου
1252 3159 1638 3230 συγκαλούντων
1667 3160 1787 3217 τοὺς
1813 3154 1952 3210 ἀδελ-

2057 3164 2159 3219 Iide
2198 3163 2438 3229 faciunt,
2472 3172 2527 3219 et
2558 3174 2782 3236 propter
2808 3167 3070 3221 honorem
3104 3167 3312 3222 Domini
3341 3178 3640 3223 convocant

367 3256 515 3325 φοὺς,
544 3256 629 3306 καί
650 3257 719 3322 μή
744 3253 893 3307 ἐθέλοι
920 3258 1163 3306 κοινωνεῖν
1193 3257 1303 3309 ταῖς
1324 3250 1557 3313 κλήσεσι,
1580 3246 1663 3303 διά
1686 3250 1741 3302 τό
1763 3249 1951 3312 ἐξευτε-

368 3339 519 3408 λίζειν
547 3344 603 3396 τό
630 3342 902 3415 γινόμενον,
926 3343 1150 3411 ἀνάθεμα
1180 3339 1337 3396 ἴστω.

439 3435 536 3491 οα’.
569 3434 632 3489 Εἴ
659 3456 739 3495 τις
775 3433 964 3508 ἀνδρῶν
1003 3430 1089 3489 διά
1133 3435 1457 3505 νομιζομένην
1490 3431 1706 3491 ἄσκησιν
1734 3431 1946 3509 περιϐο-

356 3526 488 3596 -λαίῳ
515 3534 710 3602 χρῆται
728 3521 1048 3601 [κέχρηται],
1073 3528 1155 3579 καί
1180 3527 1246 3585 ὡς
1269 3519 1326 3578 ἀν
1355 3526 1407 3577 ἐκ
1430 3526 1615 3578 τούτου
1643 3529 1733 3582 τήν
1762 3522 1952 3578 δικαιο-

561 3619 733 3690 ἔχων,
783 3619 1187 3691 καταψηφίσοιτο
1239 3625 1337 3673 τῶν
1391 3618 1782 3689 μετέὐλαϐείας
1831 3620 1952 3676 τοὺς

372 3714 563 3787 βήρους
607 3715 905 3790 φορούντων,
934 3716 1016 3766 καί
1064 3720 1125 3786 τῇ
1167 3709 1287 3781 ἄλλῃ
1327 3718 1462 3785 κοινῇ
1507 3712 1588 3764 καί
1628 3712 1676 3764 ἐν
1716 3710 1953 3782 συνηθείᾳ

373 3800 504 3877 οὔσῃ
527 3806 701 3863 ὶσθῆτι
729 3805 1070 3880 κεχρημένων,
1099 3804 1321 3873 ἀνάθεμα
1350 3800 1502 3856 ἔστω.

446 3893 538 3948 οϐ’.
570 3894 632 3949 Εἴ
648 3917 725 3955 τις
745 3902 870 3968 γυνή
899 3894 986 3950 διά
1012 3896 1331 3964 νομιζομένην
1353 3891 1571 3951 ἄσκησιν
1597 3893 1956 3957 μεταϐάλλοιτο

373 3989 663 4061 ἀμφίασμα,
691 3993 773 4043 καί
819 3992 931 4044 ἀντὶ
960 3995 1047 4043 τοῦ
1096 3989 1324 4047 εἰωθότος
1349 3990 1632 4059 γυναικείου
1664 3988 1958 4057 ἀμφιάσμα·

374 4100 484 4143 τος,
505 4079 728 4157 ἀνδρεῖον
751 4077 1017 4157 [ἀνδρῶον]
1040 4079 1277 4133 ἀναλάϐοι
1298 4068 1708 4149 [ἀναλαμϐάνοι],
1733 4079 1957 4148 ἀνάθεμα

376 4170 534 4227 ἴστω.

448 4264 540 4335 ογ’.
571 4262 634 4317 Εἴ
648 4285 727 4324 τις
750 4266 875 4336 γυνή
901 4264 1271 4333 καταλιμπάνοι
1299 4264 1383 4317 τόν
1415 4260 1575 4338 ἄνδρα
1594 4306 1609 4329 ,
1640 4265 1723 4315 καί
1746 4264 1961 4331 ἀναχω-

380 4361 490 4429 ρεῖν
508 4355 681 4415 ἐθέλοι.
710 4353 1085 4426 βδηλυττομένη
1118 4356 1205 4409 τὸν
1231 4357 1413 4423 γάμον,
1437 4355 1664 4424 ἀνάθεμα
1694 4352 1847 4408 ἔστω.

364 4474 371 4481 ~
450 4443 540 4499 οδ’.
584 4444 646 4498 Εἴ
682 4466 760 4504 τις
804 4446 1165 4512 καταλιμπάνει
1211 4446 1277 4498 τά
1326 4444 1513 4498 ἑαυτοῦ
1561 4445 1736 4509 τέκνα,
1768 4446 1855 4497 καὶ
1892 4448 1961 4512 μή

2050 3256 2262 3322 fratres,
2293 3265 2347 3311 et
2374 3257 2608 3312 noluerit
2646 3258 2947 3327 hujusmodi
2975 3261 3349 3315 vocationibus
3398 3276 3641 3316 commu-

2049 3346 2251 3408 nicare,
2284 3347 2677 3416 parvipendens
2704 3349 2847 3417 quod
2877 3351 3071 3418 agitur,
3096 3352 3379 3405 anathema
3410 3353 3495 3406 sit.

2125 3436 2307 3491 LXXI.
2336 3471 2407 3480 —
2435 3437 2522 3492 12.
2556 3438 2612 3493 Si
2643 3439 2761 3507 quis
2791 3441 2900 3505 vir,
2934 3441 3003 3495 oh
3031 3456 3150 3495 eam
3189 3456 3308 3509 qua:
3367 3443 3641 3497 existima-

2053 3538 2141 3585 tur
2187 3532 2405 3600 pietatis
2452 3533 2895 3587 exercitationem
2923 3573 2938 3597 ,
2970 3542 3152 3587 utatur
3181 3535 3468 3604 periboiaeo
3492 3578 3507 3603 ,
3541 3537 3642 3593 hoc

2054 3630 2138 3677 est
2183 3624 2382 3677 amictu
2432 3624 2579 3693 pallii
2615 3641 2627 3675 :
2661 3632 2715 3678 et
2750 3625 2898 3679 velut
2934 3626 2987 3679 in
3025 3626 3129 3679 hoc
3153 3625 3412 3695 justitiam
3440 3630 3642 3683 consti-

2056 3724 2247 3783 tuens,
2277 3716 2603 3770 condemnet
2639 3731 2734 3771 eos
2770 3718 2860 3785 qui
2904 3733 3024 3771 cum
3056 3719 3256 3788 pietate
3284 3719 3428 3773 beris
3456 3729 3511 3774 et
3539 3720 3643 3774 alia

2055 3806 2323 3861 communi
2355 3806 2620 3877 solitaque
2648 3815 2797 3862 veste
2828 3816 3066 3873 utuntur,
3099 3810 3385 3864 anathema
3412 3813 3500 3865 sit.

2131 3897 2336 3953 LXXII.
2363 3932 2435 3942 —-
2466 3899 2551 3952 I5.
2584 3899 2641 3953 Si
2670 3916 2776 3969 qua
2828 3901 3017 3954 mulier
3040 3942 3054 3965 ,
3098 3912 3318 3971 propter
3364 3917 3481 3957 eam
3528 3920 3646 3975 qua:

2060 3993 2400 4047 existimatur
2441 3992 2657 4062 pietatis
2697 3992 3166 4055 exercitationem,
3208 4002 3411 4049 vestem
3454 4005 3645 4061 mutet,

2061 4092 2117 4137 et
2142 4101 2241 4154 pro
2270 4084 2427 4140 solita
2457 4092 2608 4139 veste
2636 4084 2915 4150 muliebri,
2947 4085 3153 4140 virilem
3183 4094 3385 4151 sumat,
3420 4088 3648 4143 anathe-

2061 4189 2147 4226 ma
2178 4174 2267 4227 sit.

2137 4268 2364 4322 LXXIII.
2393 4298 2464 4307 —
2488 4269 2575 4322 14.
2598 4268 2654 4323 Si
2676 4284 2781 4337 qua
2803 4270 2994 4323 mulier
3015 4285 3044 4323 a
3070 4271 3262 4323 marito
3282 4286 3379 4324 suo
3399 4272 3647 4336 divertat,

2065 4370 2117 4415 et
2149 4360 2400 4415 secedere
2429 4361 2573 4421 velit,
2601 4360 2814 4426 nuptias
2842 4361 3156 4425 abhorrens,
3182 4362 3463 4416 anathema
3488 4364 3575 4416 sit.

2138 4448 2365 4505 LXXIV.
2399 4481 2470 4490 —
2500 4449 2586 4504 15.
2635 4450 2689 4505 Si
2721 4452 2840 4520 quis
2871 4452 3008 4505 lilios
3037 4466 3162 4506 suos
3190 4452 3442 4515 deserat,
3475 4463 3531 4508 ct
3557 4470 3654 4509 eos

381 4536 548 4607 ιμηδέ]
578 4545 916 4613 τεκνοτροφεῐ,
942 4541 1026 4591 καί
1055 4538 1113 4592 τὸ
1143 4535 1262 4591 ὅσον
1300 4538 1462 4605 ἑαυτῷ
1500 4535 1591 4608 [ἐφ’
1611 4532 1801 4607 ἑαυτῷ]
1832 4536 1955 4604 πρός

2068 4557 2175 4597 non
2209 4543 2355 4607 alat,
2386 4550 2441 4596 et
2469 4552 2727 4611 quantum
2757 4543 2809 4596 in
2840 4558 2898 4597 se
2928 4551 3008 4597 est
3034 4543 3101 4597 ad
3136 4543 3390 4612 pietatem
3422 4552 3476 4597 et
3504 4544 3654 4599 dehi-

380 4630 666 4705 θεοσέϐειαν
694 4635 784 4687 τήν
811 4634 1170 4701 προσήκουσαν
1216 4631 1394 4702 ἀνάγοι
1420 4627 1594 4700 [ἅγει],
1619 4629 1744 4683 ἀλλά
1772 4631 1967 4705 προφά-

382 4696 577 4778 σειθτῆς
602 4721 865 4779 ἀσκήσεως
885 4720 1109 4789 άμελοίη,
1138 4722 1357 4789 ἀνάθεμα
1383 4718 1515 4776 ἔστω

368 4854 372 4857 Α
453 4809 540 4863 οε’.
571 4809 638 4863 Εἴ
656 4833 768 4866 τινα
797 4813 943 4866 τέκνα
962 4811 1163 4884 γονέων,
1187 4812 1408 4881 μάλιστα
1431 4820 1643 4873 πιστῶν.
1669 4815 1966 4884 ἀναχωροίη

383 4896 633 4975 προφάσει
660 4905 961 4967 θεοσεϐείας,
988 4908 1072 4957 καί
1112 4910 1181 4975 μή
1208 4910 1297 4963 τήν
1340 4906 1658 4964 καθήκουσαν
1686 4910 1834 4974 τιμήν
1862 4912 1970 4964 τοῖς

386 4993 614 5055 γονεῦσιν
654 4996 907 5065 ἀπονέμοι,
957 5000 1345 5071 προτιμωμὲνης
1390 4997 1612 5056 δηλονότι
1657 4996 1778 5073 παρ’
1796 5000 1970 5059 αὐτοῖς

385 5092 479 5146 τῆς
504 5085 813 5150 θεοσεϐείας,
842 5090 1064 5159 ἀνάθεμα
1100 5087 1261 5145 ἔστω.

378 5206 379 5215 ι
455 5179 553 5241 ος-’.
586 5178 649 5233 Εἴ
674 5202 751 5241 τις
776 5192 1020 5254 γυναικῶν
1071 5182 1153 5238 διά
1180 5187 1499 5256 νομιζομένην
1530 5182 1746 5244 ἄσκησιν
1777 5184 1972 5257 [θεοσε-

388 5271 549 5343 ϐείαν]
578 5274 896 5350 ἀποκείροιτο
922 5277 1013 5335 τάς
1044 5276 1220 5345 κόμας,
1253 5278 1313 5335 ἃς
1341 5276 1524 5331 ἔδωκεν
1550 5277 1575 5332 ὁ
1600 5281 1719 5339 Θεὸς
1749 5282 1818 5337 ε“ς
1846 5276 1975 5332 ὑπό-

388 5389 566 5435 μνησιν
588 5376 676 5430 τῆς
699 5370 988 5442 ὑποταγῆς,
1015 5372 1083 5429 ὡς
1110 5370 1397 5424 ἀναλύουσα
1425 5370 1817 5447 [παραλύσασα]
1845 5370 1972 5445 πρό·

390 5480 601 5532 στάγμα
631 5471 719 5522 τῆς
749 5464 1029 5534 ὑποταγῆς.
1060 5464 1277 5532 ἀνάθεμα
1314 5464 1472 5517 ἴστω.

460 5552 547 5615 οξ.
574 5550 638 5606 Εἴ
656 5574 733 5612 τις
773 5550 856 5608 διὰ
880 5556 1202 5625 νομιζομένην
1229 5551 1447 5611 ἄσκησιν
1480 5556 1525 5607 ἐν
1554 5564 1614 5628 τῇ
1645 5565 1854 5631 κυριακῇ
1884 5579 1971 5614 νη-

389 5645 580 5710 στεύοι,
608 5646 831 5713 ἀνάθεμα
859 5643 1011 5700 ἴστω.

471 5840 530 5877 οη
551 5859 563 5873 .
591 5820 659 5875 Εἴ
681 5844 756 5884 τις
786 5830 883 5877 τῶν
928 5824 1247 5893 ἀσκουμένων
1265 5861 1279 5889 ,
1316 5824 1481 5897 χωρίς
1510 5830 1799 5883 σωματικῆς
1826 5823 1977 5895 ἀνάγ·

2068 4640 2181 4686 tum
2229 4632 2323 4686 Dei
2369 4633 2571 4687 cultum
2618 4649 2725 4688 non
2775 4633 3014 4688 instituat
3054 4651 3066 4686 :
3116 4632 3209 4687 sed
3257 4634 3656 4690 exercitationis

2070 4730 2354 4794 pnetextu,
2380 4723 2618 4790 negligit,
2652 4723 2935 4777 anathema
2965 4724 3053 4778 sit.

2144 4815 2351 4869 LXXV.
2389 4845 2459 4853 —
2488 4816 2573 4868 I6.
2626 4815 2683 4870 Si
2729 4817 2819 4885 qui
2863 4816 2952 4869 lilii
2984 4817 3237 4871 secedant
3266 4833 3294 4870 a
3326 4819 3654 4887 parentibus,

2073 4910 2305 4963 maxime
2331 4908 2590 4973 ﬁdelibus,
2615 4909 2779 4963 divini
2809 4908 2982 4965 cultus
3007 4919 3288 4981 praetextu,
3316 4910 3659 4980 debitumque

2072 4999 2389 5069 parentibus
2418 4999 2679 5053 honorem
2708 5014 2813 5075 non
2842 4999 3163 5063 exhibeant,
3195 5003 3482 5071 pncposito
3512 5002 3660 5055 vide-

2078 5090 2203 5145 licet
2229 5090 2365 5158 apud
2399 5090 2540 5159 ipsos
2564 5089 2743 5144 divino
2772 5089 2938 5151 cultu,
2968 5091 3255 5145 anathema
3284 5092 3371 5145 sit.

2152 5180 2376 5234 LXXVI.
2411 5213 2481 5222 —-
2512 5180 2598 5234 I7.
2647 5181 2703 5235 Si
2732 5197 2835 5250 qua
2876 5183 3067 5237 mulier
3090 5224 3104 5247 ,
3148 5192 3369 5252 propter
3393 5197 3513 5236 eam
3543 5198 3662 5251 qua:

2080 5271 2418 5326 existimatur
2449 5272 2661 5342 pietatis
2688 5274 3149 5337 exercitationem,
3183 5288 3389 5327 comam
3421 5274 3659 5337 tondeat,

2080 5378 2242 5432 quam
2290 5362 2429 5417 Deus
2467 5362 2515 5415 ei
2546 5362 2693 5417 dedit
2726 5363 2777 5416 in
2817 5364 3128 5417 memoriam
3175 5361 3522 5431 subjectionis
3548 5405 3563 5429 ,
3606 5376 3666 5420 ut

2079 5469 2197 5524 qua:
2227 5452 2576 5520 subjectionis
2607 5461 2930 5522 [incoeptum
2957 5452 3232 5519 dissolvat,
3255 5455 3541 5511 anathema
3570 5458 3659 5511 sit.

2154 5544 2399 5600 LXXVII.
2437 5577 2505 5588 --
2542 5544 2625 5599 I8.
2669 5545 2725 5599 Si
2751 5546 2870 5613 quis
2892 5584 2905 5607 ,
2939 5544 3008 5599 ob
3034 5561 3153 5599 eam
3182 5562 3301 5615 qua:
3330 5550 3667 5603 existimatur

2083 5637 2299 5706 pietatis
2334 5635 2776 5692 exercitationem
2799 5674 2812 5698 ,
2847 5635 3123 5691 Dominico
3155 5637 3241 5694 die
3266 5639 3499 5707 jejunat,
3534 5656 3665 5693 ana-

2084 5732 2261 5785 thema
2292 5731 2379 5785 sit.

2157 5822 2431 5879 LXXVIII.
2471 5854 2533 5862 ——
2568 5823 2648 5877 I9.
2681 5822 2734 5880 Si
2765 5824 2883 5895 quis
2913 5840 3119 5892 eorum,
3148 5825 3238 5894 qui
3269 5826 3481 5895 pietatis
3508 5839 3664 5880 eler-
