4128 6348
496 269 566 323 59
1245 278 1268 297 '

1761 254 2117 318 DIONYSIUS
2153 256 2473 315 EXIGUUS.

496 402 585 441 κης
628 383 1085 456 ύπερηφανεύοιτο,
1126 384 1208 433 καὶ
1252 381 1345 438 τὰς
1392 374 1805 451 παραδεδομένας
1843 376 2109 432 νηστείας,

2210 370 2425 424 ιὶιειιίοηί
2452 366 2698 432 student,
2729 369 2932 437 absque
2964 373 3285 428 necessitate
3312 379 3582 445 corporis,
3614 381 3797 437 inso—

494 476 568 533 εἰς
606 473 664 527 τὸ
711 473 903 533 κοινὸν,
952 476 1032 525 καί
1086 471 1473 540 φυλασσομένας
1528 467 1630 522 ύπὸ
1666 474 1775 527 ’τῆς-
1822 465 2080 524 ἐικλησίας

492 561 765 633 παραλύει,
795 565 1163 639 ἁποκυροῦντος
1187 559 1353 631 [Ζοη.
1386 554 1849 634 ύποικουροῦντος]
1877 556 1926 611 ἐν
1945 560 2081 628 αύτῷ

494 655 684 709 τελείου
712 656 976 726 λογισμοῦ,
1007 654 1228 723 ἀνάθεμα
1259 652 1412 708 ἴστω.

568 746 653 800 οϐ’.
684 744 745 798 Εἴ
769 766 847 801 τις
883 748 1086 812 αἰτιῷτο
1118 742 1386 815 [αἰτιᾶται]
1426 745 1726 820 ύπερηξάνῳ
1752 740 1974 796 διαθέσει
2000 760 2083 792 κε-

494 857 537 905 χ
542 834 771 910 ρημένος,
790 835 871 888 καὶ
888 832 1073 908 βόσλυσ
1086 854 1294 906 σομενος
1309 834 1401 892 τὰς
1418 833 1646 895 συνάξεις
1665 838 1761 884 τῶν
1780 832 2074 902 μαρτύρων,

494 925 524 984 ἢ
568 928 658 984 τὰς
686 928 736 978 ἓν
779 928 949 985 αὐτοῖς
974 927 1241 998 γινομένας
1276 924 1611 997 λειτουργίας.
1643 924 1727 974 καὶ
1762 923 1857 981 τὰς
1885 926 2082 993 μνήμας

492 1017 672 1078 αὐτῶν,
703 1018 930 1089 ἀνάθεμα
958 1016 989 1071 ἕ
993 1039 1121 1072 στω.

499 1148 2294 1176 W—

2185 460 2370 524 lescat,
2401 468 2458 515 et
2486 460 2679 515 tradita
2721 461 2775 515 in
2804 477 3087 518 commune
3109 463 3311 533 jejunio
3340 476 3397 523 et
3429 470 3497 525 ab
3526 470 3787 531 Ecclesia

2186 549 2468 604 observata
2488 549 2762 616 dissolvat,
2792 553 3041 607 nimirum
3066 555 3322 624 perfecta,
3348 575 3466 629 qua:
3495 562 3547 616 in
3574 578 3641 619 eo
3661 571 3785 633 est,

2186 645 2598 700 ratiocinatione
2628 646 2715 699 illa
2744 646 3107 715 improbante,
3139 651 3423 707 anathema
3456 655 3544 711 sit.

2259 734 2493 791 LXXIX.
2524 767 2593 778 —
2621 735 2708 790 20.
2750 736 2806 791 Si
2834 738 2953 807 quis
2978 741 3210 810 superbo
3248 741 3441 798 affectu
3472 754 3630 803 utens
3650 790 3669 815 ,
3711 760 3784 806 el

2142 894 2145 899 ξ
2186 826 2483 881 abhorrens
2514 835 2814 881 conventus
2842 836 3132 900 martyrum
3154 871 3168 894 ,
3200 841 3254 885 et
3283 849 3431 888 sacra
3460 851 3578 906 qua:
3607 839 3658 893 in
3686 840 3785 897 eis

2188 918 2549 983 Celebrantur,
2577 936 2631 974 et
2658 936 2845 974 eorum
2875 923 3193 988 memorias,
3221 928 3505 991 anathema
3533 934 3620 989 sit.

2305 1158 3769 1188 ———_‘——_——f————-———‘

1420 1248 1977 1359 CONCILII
2036 1243 2827 1361 ANTIOCHENI

1550 1415 1914 1480 CANONES
1959 1415 2140 1476 xxv
2178 1416 2337 1496 (An.
2371 1418 2517 1481 Chr.
2547 1417 2713 1497 εει).

1998 1536 2294 1554 ——-—-—

565 1635 637 1692 π’.
662 1636 857 1695 Πάντας
874 1635 995 1694 τοὺς
1007 1633 1295 1703 τολμῶντας
1317 1632 1593 1707 παραλύειν
1608 1628 1975 1705 [παραϐαίνειν]
1998 1627 2083 1683 τὸν

2260 1628 2465 1687 LXXX.
2496 1665 2566 1676 -—
2596 1632 2647 1689 ί.
2692 1635 2889 1690 Omnes
2917 1637 3007 1707 qui
3036 1638 3235 1694 audent
3263 1640 3561 1697 dissolvere
3586 1644 3783 1701 deﬁni-

497 1728 610 1807 ὅρον
640 1738 730 1790 τῆς
764 1729 909 1800 ἁγίας
940 1732 1021 1783 καί
1055 1728 1275 1799 μεγάλης
1307 1725 1522 1781 συνόδου
1553 1735 1646 1785 τῆς
1679 1726 1726 1777 ἐν
1753 1727 1931 1798 Νικαία
1956 1743 2087 1793 συγ-

2210 1728 2394 1776 ,ionem
2421 1732 2618 1778 sancta:
2646 1733 2700 1779 et
2727 1738 2930 1793 magna:
2959 1727 3169 1797 synodi,
3192 1744 3310 1797 qua)
3331 1730 3519 1787 Nictem
3546 1747 3773 1803 congre-

496 1826 818 1897 κροτηθείσης
846 1823 931 1875 ἐπὶ
954 1824 1217 1893 παρουσίᾳ
1245 1828 1335 1878 τῆς
1360 1818 1623 1875 εύσεεῗείας
1658 1822 1748 1870 τοῦ
1778 1816 2095 1886 θεοφιλεστά-

500 1932 595 1966 του
629 1911 878 1979 βασιλέως
915 1910 1320 1972 Κωνσταντίνου,
1359 1908 1591 1978 περὶτῆς
1624 1904 1775 1975 άγίας
1802 1904 1978 1979 ἑορτῆς
2006 1910 2117 1977 τοῦ

499 2000 859 2077 σωηριὼδους
886 2000 1104 2072 πάσχα,
1128 2000 1506 2057 άκοενωνήτους,
1522 2000 1607 2050 καί
1632 1998 1955 2058 ἀποϐλητους
1978 1993 2098 2052 εἶναι

500 2103 593 2155 τῆς
634 2095 938 2155 ἐκκλησίγς,
984 2097 1026 2147 εἰ
1058 2094 1336 2163 ἐπιμένοιεν
1365 2088 1748 2164 φιλονεικότερον
1786 2091 2100 2159 ἐνιστάμενοι

503 2188 636 2256 πρὸς
664 2188 728 2240 τά
758 2187 921 2246 καλῶς
949 2184 1242 2256 δεδογμένα.
1278 2186 1376 2235 Καί
1409 2189 1575 2236 ταῦτα
1606 2181 1823 2256 εἰρήσθω
1855 2186 2098 2255 περὶτῶν

501 2278 564 2334 λα
586 2286 706 2332 κῶν.
739 2279 791 2332 Εἰ
820 2276 872 2332 δέ
899 2299 975 2336 τις
997 2284 1098 2331 τῶν
1129 2276 1474 2350 προεστώτων
1497 2280 1588 2332 τῆς
1612 2273 1898 2337 ἐκκλησίας,
1932 2273 2025 2327 ἐπί
2031 2296 2097 2329 σ-

502 2388 657 2429 κοπος
684 2369 714 2427 ἦ
743 2367 1098 2441 πρεσϐύτερος
1128 2367 1157 2426 ἧ
1198 2364 1451 2423 διάκονος.
1483 2365 1613 2434 μετά
1639 2364 1725 2418 τόν
1766 2360 1875 2441 ὅρον
1920 2372 2098 2421 τοῦτον

503 2461 798 2529 τολμήσειν
827 2462 911 2512 ἐπὶ
940 2458 1219 2534 διαστροφῇ
1252 2466 1351 2511 τῶν
1379 2458 1511 2511 λαῶν
1538 2462 1619 2510 καί
1643 2466 1853 2533 ταραχῇ
1883 2466 1982 2512 τῶν
2015 2460 2097 2512 ἐκ·

504 2551 719 2609 κλησιῶν
745 2592 758 2615 ,
798 2548 1006 2613 ἰδιάζειν
1035 2553 1117 2602 καί
1155 2553 1285 2620 μετὰ
1328 2556 1427 2602 τῶν
1458 2545 1707 2602 Ἰουδαίων
1750 2548 1994 2602 ἐπιτελεῖν
2039 2550 2097 2603 τὸ

507 2645 733 2713 πάσχα,
764 2649 939 2698 τοῦτον
976 2645 1006 2701 η
1040 2642 1102 2713 ὰγ
1126 2663 1158 2695 α
1195 2638 1408 2699 σύνοδος
1450 2642 1669 2694 ἐντεῦεεν
1717 2637 1812 2697 ἤδη
1842 2639 2096 2714 ἀλλότριον

507 2735 671 2809 ἔκρινε
692 2742 781 2793 τῆς
803 2735 1095 2793 ἐκκλησίας.
1119 2736 1187 2792 ὡς
1208 2733 1264 2785 ού
1292 2729 1441 2802 μόνον
1472 2731 1640 2800 ἐαυτῷ
1668 2730 1949 2803 ἁμαρτίας,
1972 2732 2098 2785 άλλά

509 2827 707 2886 πολλοῖς
748 2824 1023 2900 διαφθορᾶς
1051 2829 1134 2880 καί
1163 2823 1473 2896 διαστροφῆς
1513 2827 1770 2893 γινόμενον
1801 2820 1979 2876 αἴτιον’
2017 2825 2101 2877 καί

509 2924 567 2976 ού
593 2922 741 2991 μόνον
767 2923 884 2980 τούς
908 2922 1169 2979 τοιούτους
1197 2920 1425 2994 κνθαίρει
1454 2926 1546 2976 τῆς
1581 2916 1933 2990 λειτουργίας,
1976 2916 2100 2970 ἀλλά

509 3018 593 3069 καί
621 3016 740 3073 τοὺς
764 3013 1052 3069 τολαῶντας
1075 3013 1273 3069 τούτοις
1299 3016 1546 3063 κοινωνεῖν
1576 3009 1707 3078 μετά
1744 3028 1833 3064 την
1870 3008 2101 3083 καθαίρε-

2195 1823 2317 1881 gata
2340 1822 2439 1879 est,
2471 1814 2521 1868 in
2553 1817 2836 1884 prtesentia
2866 1814 3249 1886 religiosissimi
3273 1822 3613 1892 imperatoris
3635 1825 3778 1881 Con-

2196 1907 2437 1971 stantini,
2462 1906 2529 1962 de
2559 1919 2744 1963 sancto
2777 1909 2914 1964 festo
2943 1912 3202 1967 salutiferi
3233 1912 3532 1983 Paschalis,
3557 1932 3777 1973 excom-

2196 1998 2499 2053 municatos
2551 2007 2606 2052 et
2654 1996 2886 2054 Ecclesia
2938 2002 3141 2071 cjectos
3188 2020 3307 2060 esse
3354 2008 3635 2063 statuimus
3667 2050 3684 2077 ,
3731 2010 3781 2064 si

2198 2088 2565 2143 contentiosus
2609 2090 2865 2146 adversus
2890 2108 2986 2161 ea,
3023 2110 3141 2165 quae
3176 2106 3327 2152 recte
3371 2098 3583 2154 decreta
3629 2109 3781 2164 sunt,

2198 2181 2551 2249 perstiterint.
2609 2178 2675 2235 Et
2704 2182 2816 2238 lucc
2843 2184 3058 2251 quidem
3088 2188 3154 2241 de
3184 2187 3332 2244 laicis
3360 2188 3496 2243 dicta
3541 2191 3670 2245 sint.
3719 2189 3783 2246 Si

2198 2273 2319 2342 quis
2345 2281 2522 2325 autem
2553 2288 2738 2328 eorum
2769 2275 2859 2343 qui
2890 2286 3121 2345 praesunt
3161 2278 3441 2348 Ecclesia),
3475 2283 3781 2352 episcopus,

2198 2365 2282 2418 vel
2313 2365 2611 2434 presbyter,
2648 2368 2733 2421 vel
2761 2366 3018 2423 diaconus
3061 2380 3181 2439 post
3227 2372 3368 2429 hanc
3414 2372 3783 2431 definitionem

2202 2470 2361 2511 ausus
2388 2456 2585 2524 fuerit,
2617 2459 2681 2512 ad
2712 2459 3035 2528 populorum
3079 2463 3483 2518 subversionem
3512 2474 3567 2519 et
3593 2464 3783 2533 Eccle-

2198 2548 2397 2602 siarum
2420 2550 2873 2618 perturbationem
2895 2567 3137 2607 seorsum
3162 2567 3339 2622 agere,
3358 2564 3413 2610 et
3437 2554 3636 2612 Pascha
3661 2574 3784 2614 cum

2200 2636 2394 2693 Judmis
2422 2638 2699 2695 celebrare
2723 2683 2737 2705 ,
2771 2642 2914 2698 bunc
2959 2654 3139 2699 sancta
3168 2648 3402 2716 synodus
3426 2647 3625 2704 abhinc
3653 2649 3785 2705 alie-

2202 2744 2327 2782 num
2356 2744 2475 2783 esse
2496 2731 2561 2783 ab
2584 2728 2818 2785 Ecclesia
2841 2732 3114 2799 judicavit.
3147 2746 3201 2788 ut
3229 2738 3317 2805 qui
3347 2752 3453 2792 non
3482 2738 3581 2792 sibi
3609 2738 3781 2793 solum

2204 2821 2454 2891 peccati,
2495 2821 2587 2875 sed
2628 2830 2682 2876 et
2724 2823 2905 2878 multis
2943 2826 3090 2879 exitii
3142 2836 3197 2881 ct
3228 2829 3594 2884 subversionis
3622 2845 3783 2885 causa

2204 2912 2366 2968 fuerit
2393 2932 2404 2967 :
2431 2922 2486 2967 et
2516 2930 2620 2968 non
2647 2913 2819 2969 solum
2847 2930 2941 2971 eos
2966 2931 2996 2970 a
3028 2918 3323 2973 ministerio
3347 2920 3587 2990 deponit,
3614 2922 3706 2976 sed
3732 2927 3787 2976 et

2206 3020 2320 3070 eos,
2350 3006 2441 3076 qui
2470 3006 2667 3060 audent
2695 3006 2760 3061 iis
2791 3010 3192 3065 communicare
3226 3020 3347 3081 post
3372 3011 3782 3082 depositionem.

512 3107 757 3164 σιν.Ἰ“ούς
783 3103 836 3157 δέ
863 3104 1243 3177 καθαιρεθέντας
1273 3100 1676 3175 άποστερεῖσθιι
1703 3101 1785 3152 καὶ
1812 3105 1902 3159 τῆς
1926 3097 2104 3161 ἔξωθεν

2210 3097 2494 3168 Depositos
2532 3110 2711 3155 autem
2755 3102 2908 3155 omni
2949 3117 3163 3172 quoque
3207 3105 3537 3160 extrinsecus
3587 3105 3789 3160 honore

513 3201 684 3263 τιμῆς.
717 3190 821 3252 ἧςό
854 3192 918 3267 ἆγ
942 3213 992 3254 ος
1022 3197 1176 3246 κανὼν
1212 3194 1376 3246 καὶτὸ
1412 3196 1500 3244 τοῦ
1525 3190 1640 3242 θεοῦ
1671 3189 1913 3265 ίερατεῖον
1938 3192 2106 3260 μετεί-

515 3282 681 3357 ληφεν.

584 3371 695 3428 πα’.
722 3375 915 3433 Πάντας
941 3375 1061 3432 τούς
1092 3372 1338 3427 εἰσιόντατ
1362 3372 1433 3433 εἰς
1454 3376 1543 3430 τήν
1573 3371 1834 3429 ἐκκλησίαν
1854 3378 1944 3426 τοῦ
1974 3371 2108 3434 θεοῦ,

518 3467 728 3519 καὶτῶν
772 3465 915 3533 ἱερῶν
954 3470 1155 3535 γραφῶν
1193 3463 1495 3520 ἀκούοντας,
1545 3468 1614 3531 μή
1652 3467 2008 3522 κοινωνοῦντας
2057 3460 2108 3516 δέ

519 3558 679 3625 εὐχῆς
704 3554 810 3623 ἄμα
837 3561 909 3626 τῷ
933 3554 1053 3622 λαῷ.
1070 3552 1099 3612 ἦ
1126 3555 1308 3623 ἀποστ,
1334 3554 1493 3622 εεομέ.
1510 3573 1597 3611 ους
1615 3557 1701 3610 τὴν
1720 3552 1998 3623 μετάληψιν
2023 3561 2114 3613 τῆς

521 3648 860 3720 εὐχαριστίας
892 3652 1022 3700 κκτά
1050 3666 1161 3699 τινα
1190 3646 1419 3708 ἀταξίαν,
1451 3646 1666 3703 τούτους
1695 3644 2014 3704 ἀποϐλήτους
2038 3646 2118 3716 γί-

522 3741 697 3793 νεσθαι
724 3746 814 3798 τῆς
839 3739 1132 3799 ἐκκλησίας,
1164 3738 1259 3797 ἕως
1296 3732 1354 3789 ἂν
1385 3737 1860 3808 ἐξομολογησάμενοι
1892 3740 1982 3790 καὶ
2014 3734 2117 3791 δεί-

524 3833 700 3895 ξαντες
726 3832 955 3905 καρπούς
985 3832 1271 3901 μετανοίας.
1304 3831 1389 3883 καί
1429 3850 1572 3903 παρα
1603 3831 1903 3896 αλέσαντες,
1939 3839 2121 3901 τυχεῖν

525 3922 781 3983 δυνηθῶσι
817 3927 1143 3996 συγγνώμης.
1178 3929 1251 3982 Μή
1286 3926 1463 3989 ἐξεῖναι
1496 3923 1549 3980 δέ
1579 3934 1817 3981 κοινωνεῖν
1846 3934 1953 3985 τοῖς
1982 3926 2121 3980 ἀκοι-

528 4017 768 4074 νωτήτοις
802 4012 925 4085 μηδέ
957 4013 1065 4067 κατ’
1086 4012 1255 4072 οἴκους
1284 4016 1608 4078 συνελθόντας
1637 4016 1991 4084 συνεύχεσθαι
2011 4023 2122 4076 τοῖς

531 4109 602 4175 μὴ
718 4104 956 4178 ἐκκλησίᾳ
985 4107 1419 4176 συνευχομένοις,
1451 4106 1577 4176 μηδέ
1616 4109 1665 4162 ἐν
1705 4108 1855 4183 ἑτέρᾳ
1892 4108 2125 4184 ἐκκλησία

531 4194 883 4267 ὑποδέχεσθαι
908 4199 1025 4256 τούς
1055 4198 1102 4249 ἐν
1126 4198 1271 4271 ἐτέρα
1296 4198 1529 4271 ἐκκλησίᾳ
1555 4204 1623 4269 μὴ
1648 4200 2039 4273 συναγομένους.
2071 4203 2125 4254 Ei

532 4287 585 4343 δέ
617 4293 784 4360 φανείη
805 4309 883 4348 τις
905 4296 1003 4342 τῶν
1036 4290 1325 4343 ἐπισκόπων
1352 4288 1381 4348 ἢ
1416 4291 1783 4363 πρεσξυτὲροεν
1811 4290 1841 4349 ἦ
1871 4289 2124 4357 διακόνων,

531 4380 565 4437 ἧ
591 4400 665 4437 τις
694 4386 784 4433 τοῦ
813 4378 1016 4439 κανόνος
1044 4388 1148 4439 τοῖς
1182 4383 1527 4440 άκοινωνήτοις
1556 4389 1804 4435 κοινωνῶν
1826 4422 1841 4444 ,
1876 4384 1959 4434 καί
2006 4388 2129 4437 τοῦ·

2211 3190 2434 3259 privari,
2457 3206 2617 3262 quem
2643 3202 2858 3248 sanctus
2888 3208 3059 3249 canon
3088 3204 3143 3250 et
3165 3194 3259 3250 Dei
3287 3196 3645 3251 sacerdotium
3668 3210 3793 3266 pro-

2213 3282 2428 3336 meruit.

2285 3373 2517 3430 LXXXI.
2549 3407 2620 3419 —
2645 3373 2699 3430 2.
2749 3375 2947 3433 Omnes
2986 3380 3076 3448 qui
3120 3380 3491 3449 ingrediuntur
3522 3382 3572 3436 in
3613 3381 3789 3437 ecclo-

2214 3464 2349 3520 siam
2383 3465 2498 3529 Dei,
2528 3474 2583 3519 et
2610 3480 2790 3520 sacras
2819 3465 3124 3537 Scripturas
3152 3470 3399 3537 audiunt,
3430 3486 3529 3525 nec
3556 3486 3796 3525 commu-

2218 3556 2401 3611 nicant
2428 3558 2478 3611 in
2511 3557 2757 3613 oratione
2793 3574 2912 3613 cum
2942 3560 3142 3630 populo
3162 3604 3177 3628 ,
3217 3571 3309 3616 aut
3335 3571 3651 3619 aversantur
3678 3578 3797 3634 par-

2218 3645 2586 3715 ticipationem
2653 3658 2851 3703 sancta:
2914 3648 3262 3706 Eucharistize
3295 3695 3312 3720 ,
3366 3669 3461 3725 per
3513 3654 3801 3723 quamdam

2220 3740 2627 3808 perversitatem
2648 3781 2663 3804 ,
2697 3741 2795 3795 bos
2821 3743 2887 3796 ab
2912 3744 3303 3814 ecclesiaejici
3332 3756 3575 3816 oportet,
3604 3748 3805 3809 donec.

2222 3838 2504 3899 postquam
2557 3829 2787 3892 confessi
2836 3833 3071 3899 fuerint,
3120 3834 3427 3908 fructusque
3474 3838 3802 3905 ptenitentizn

2221 3922 2572 3984 ostenderint.
2591 3932 2645 3978 et
2664 3925 3087 3994 imploraverint,
3112 3927 3319 3982 veniam
3338 3930 3549 3996 assequi
3574 3931 3801 3998 possint.

2223 4011 2340 4067 Non
2363 4014 2525 4069 licere
2546 4024 2724 4069 autem
2747 4018 3144 4073 communicare
3165 4035 3283 4073 cum
3306 4020 3807 4086 exconninunicatis,

2224 4121 2399 4175 neque
2428 4123 2548 4162 cum
2596 4108 2679 4162 his
2723 4123 2881 4163 orare
2910 4110 2999 4177 qui
3031 4110 3083 4163 in
3130 4110 3374 4165 domibus
3399 4111 3805 4175 convenientes,

2178 4184 2203 4207 ⁸
2225 4201 2475 4270 precibus
2503 4200 2753 4256 Ecclesiae
2800 4218 2908 4257 non
2958 4205 3389 4270 communicant,
3418 4219 3592 4274 neque
3622 4205 3673 4259 in
3702 4204 3805 4259 alia

2227 4291 2455 4345 ecclesia
2493 4291 2657 4360 recipi
2681 4330 2695 4354 ,
2728 4294 2817 4362 qui
2849 4293 2901 4347 in
2930 4293 3034 4347 alia
3064 4294 3287 4348 ecclesia
3322 4310 3429 4349 non
3459 4296 3805 4350 conveniunt.

2229 4380 2285 4435 Si
2313 4382 2431 4452 quis
2460 4391 2640 4437 autem
2668 4398 2735 4438 ex
2770 4384 3068 4453 episcopis,
3100 4392 3194 4437 aut
3229 4384 3555 4455 presbyteris
3583 4384 3668 4440 vel
3694 4384 3808 4438 dia-

534 4490 621 4524 τον
653 4472 974 4528 ἀκοινώνητον
1004 4467 1147 4537 εἶναι,
1184 4475 1250 4529 ὡς
1279 4467 1339 4526 ἂν
1366 4473 1661 4543 συγχέοντα
1688 4475 1772 4528 τὸν
1806 4474 1986 4527 κανόνα
2024 4481 2109 4534 τῆς

2225 4474 2400 4538 conis,
2429 4474 2512 4527 vel
2544 4474 2773 4543 quilibet
2799 4490 2865 4529 ex
2894 4490 3119 4537 canone,
3154 4476 3631 4532 excommunicatis
3657 4490 3808 4531 com-

535 4560 823 4621 ἇκκλησίας.

606 4738 712 4793 π6’.
742 4737 802 4792 Εἴ
819 4760 896 4797 τις
932 4739 1315 4811 πρεσϐύτερος,
1347 4738 1377 4797 ἢ
1406 4735 1632 4799 διάκονος
1654 4783 1667 4806 ,
1699 4738 1729 4798 ἧ
1761 4737 1884 4800 ὅλως
1913 4749 2009 4795 τῶν
2035 4750 2121 4796 τοῦ

536 4834 788 4907 ίερατείου
810 4852 887 4890 τις
911 4831 1197 4884 καταλιπὼν
1228 4835 1314 4888 τήν
1337 4831 1515 4884 ἑαυτοῦ
1541 4832 1823 4907 παροικίαν.
1853 4836 1922 4892 είς
1951 4833 2123 4907 ἑτέραν

536 4926 759 4986 ἁπέλθοι,
793 4921 976 4978 ἔπειτα
998 4923 1257 4984 παντελῶς
1280 4926 1543 4993 μεταστάς
1564 4964 1578 4986 ,
1611 4923 1888 5000 διατρίϐειν
1924 4927 1971 4979 ἐν
2000 4924 2121 4997 ἄλλῃ

535 5021 778 5090 παροικίᾳ
802 5020 1042 5090 πειρᾶται
1080 5016 1162 5069 ἐπὶ
1186 5015 1352 5089 πολλῷ
1374 5016 1568 5091 χρόνῳ,
1602 5018 1773 5086 μηκέτι
1798 5016 2121 5090 λειτουργεῖν,

534 5113 578 5166 εἰ
603 5110 822 5180 μάλιστα
846 5105 1077 5162 καλοῦντι
1106 5115 1177 5177 τῷ
1208 5108 1470 5178 ἐπισκόπῳ
1500 5116 1571 5179 τῷ
1594 5106 1704 5177 ἰδίῳ
1732 5112 1814 5163 καὶ
1851 5110 2129 5165 ἐπανελθεῖν

536 5206 606 5261 εἰς
628 5208 719 5261 τήν
748 5205 1020 5275 παροικίαν
1046 5204 1135 5258 την
1165 5200 1347 5254 ἐαυτοῦ
1386 5208 1713 5275 παραινοῦντι
1743 5206 1811 5272 μή
1851 5204 2123 5257 ὑπακούοι.

536 5299 595 5347 Εἰ
623 5294 675 5349 δέ
701 5299 786 5349 καί
823 5295 1042 5364 ἐπιμένοι
1068 5302 1129 5368 τῇ
1151 5295 1349 5367 ἀταξίᾳ,
1379 5294 1637 5353 παντελῶς
1664 5294 1814 5347 αὐτόν
1846 5296 2129 5368 καθαιρεῖσ-

535 5390 618 5441 θαι
639 5395 728 5447 τῆς
754 5388 1093 5460 λειτουργίας,
1113 5388 1178 5444 ὡς
1194 5389 1368 5457 μηκέτι
1387 5390 1567 5461 χώραν
1582 5385 1612 5440 ἕ
1616 5409 1731 5457 χειν
1757 5388 2120 5442 άποκαταστὰο

535 5499 687 5539 σεως.
723 5483 779 5532 Εἰ
808 5476 862 5532 δέ
889 5480 1241 5551 ωταιρεθέντα
1277 5477 1357 5532 διά
1382 5480 1570 5535 ταύτην
1597 5484 1687 5537 τὴν
1716 5480 1879 5532 αἰτίαν
1912 5477 2122 5547 δέχοιτο

536 5574 704 5651 ἕτερος
735 5576 1032 5641 ἐπίσκοπος,
1067 5579 1283 5651 κᾴκεῖνον
1306 5578 1565 5649 ἐπιτιμίας
1590 5576 1872 5647 τυγχάνειν
1899 5574 2001 5628 ύπό
2027 5595 2125 5627 κοιο

536 5676 622 5727 νῆς
646 5666 880 5731 συνόδου,
894 5673 959 5731 ὡς
982 5670 1305 5745 παραλύοντα
1317 5671 1435 5730 τοὺς
1455 5670 1673 5743 θεσμοὺς
1690 5669 1806 5728 τούς
1825 5666 2122 5723 ἆκκλησιασ-

539 5762 706 5821 nam):
736 5759 839 5831 [τὸν
868 5764 1044 5831 θεσμὸν
1069 5772 1157 5824 τῆς
1180 5759 1491 5830 ἐκκλησίας]-

2227 4566 2501 4621 municare
2530 4567 2858 4636 apparuerit,
2891 4582 3014 4621 eum
3052 4582 3269 4636 quoque
3295 4582 3415 4622 esse
3443 4568 3813 4624 excommuni-

2225 4666 2422 4721 catum,
2450 4666 2507 4712 ut
2536 4659 2626 4727 qui
2654 4675 2917 4714 canonem
2945 4658 3194 4714 Ecclesia:
3220 4658 3533 4714 confundat.

2297 4748 2554 4804 LXXXII.
2584 4782 2656 4792 —
2686 4748 2737 4803 5.
2767 4750 2822 4805 Si
2853 4752 2973 4819 quis
3001 4751 3280 4820 presbyter
3306 4750 3391 4802 vel
3420 4749 3695 4812 diaconus,
3727 4748 3810 4803 vel

2225 4844 2346 4909 quis
2372 4842 2590 4896 omnino
2625 4856 2693 4896 ex
2731 4841 3053 4896 sacerdotali
3081 4841 3296 4904 ordine,
3329 4854 3478 4895 suam
3522 4840 3810 4906 parteciant

2226 4929 2482 4986 deserens
2507 4971 2520 4993 ,
2572 4930 2623 4983 in
2654 4930 2813 4983 aliam
2845 4930 3073 4991 abierit,
3105 4928 3299 4983 deinde
3337 4929 3555 4984 omnino
3584 4928 3808 4984 commi-

2227 5037 2418 5092 grans,
2448 5023 2498 5076 in
2529 5022 2630 5075 alia
2662 5022 2893 5091 parcncia
2935 5021 3103 5074 multo
3147 5030 3388 5089 tempore
3419 5021 3687 5074 immorari
3717 5034 3815 5075 co-

2229 5124 2388 5168 natur
2420 5132 2431 5166 :
2466 5128 2535 5167 ne
2564 5113 2791 5182 amplius
2820 5112 3107 5179 ministret,
3138 5113 3369 5167 maxime
3395 5113 3440 5169 si
3473 5112 3682 5185 vocanti
3710 5127 3817 5166 suo

2230 5206 2482 5274 episcopo
2513 5212 2568 5258 et
2594 5204 2659 5257 ad
2688 5219 2842 5257 suam
2891 5204 3179 5273 parmciam
3208 5203 3417 5272 regredi
3448 5202 3815 5259 comrnnnenti

2231 5296 2675 5365 exhortantique,
2706 5312 2813 5350 non
2840 5306 3046 5366 pareat.
3086 5295 3144 5350 Si
3170 5306 3346 5350 autem
3378 5296 3432 5350 in
3461 5296 3815 5366 perversitate

2228 5387 2506 5457 perdurat,
2535 5387 2756 5440 omnino
2784 5402 2813 5439 a
2843 5386 3141 5440 ministerio
3172 5384 3492 5454 deponatur,
3525 5385 3596 5439 ita
3628 5392 3687 5439 ut
3716 5398 3812 5438 ne-

2228 5492 2494 5547 quaquam
2521 5477 2697 5531 locum
2719 5477 3071 5531 restitutionis
3102 5475 3355 5530 inveniat.
3379 5475 3435 5530 Si
3461 5484 3638 5530 autem
3663 5488 3813 5537 eum,

2229 5569 2319 5637 qui
2350 5576 2569 5637 propter
2598 5568 2739 5624 hanc
2761 5584 2976 5625 causam
3004 5567 3278 5637 depositus
3304 5577 3407 5631 est,
3440 5567 3574 5622 alius
3600 5566 3810 5641 episco-

2230 5676 2330 5730 pus
2358 5661 2671 5731 susceperit,
2698 5661 2786 5715 iile
2817 5674 3029 5730 quoque
3059 5674 3088 5714 a
3118 5660 3388 5714 communi
3418 5658 3625 5730 synodo
3649 5671 3808 5714 coer-

2231 5758 2449 5819 ceatur;
2495 5758 2552 5807 ut
2581 5752 2671 5821 qui
2702 5751 3062 5808 ecclesiastica
3092 5758 3289 5807 statuta
3320 5749 3593 5807 dissolvat.
