4128 6348
342 294 402 347 6|
1282 287 1506 343 CODEX
1544 285 1873 342 CANONUM
1921 285 2285 342 UNIVERSAE
2322 286 2690 342 ECCLESIE.
3560 287 3629 348 ω

414 428 523 478 πγ.
562 403 624 458 Et
659 425 737 464 τις
776 406 1051 462 ἐπίσκοπος
1089 402 1192 457 ὑπὸ
1233 400 1449 456 συνόδου
1506 405 1810 474 καθαιρεθείς
1833 442 1847 465 ,
1894 403 1923 461 ἦ

2103 402 2386 456 LXXXIII.
2417 435 2488 445 -
2514 403 2566 457 4.
2617 404 2675 458 Si
2703 405 2828 475 quis
2856 406 3139 476 episcopus
3161 421 3193 462 ι
3220 406 3428 477 synodo
3453 407 3629 478 depog

342 497 696 573 πρεσϐύτερος
724 494 753 553 ἦ
783 494 1012 553 διάκονος
1049 494 1151 546 ὑπὸ
1192 499 1285 546 τοῦ
1319 491 1444 547 ἰδίου
1471 494 1751 548 ἐπισκόπου
1773 540 1789 562 ,
1822 494 1937 549 τολ-

344 590 550 661 unicus»
578 610 628 643 τι
648 589 841 662 πρᾶξαι
866 596 957 647 τῆς
980 586 1311 658 λειτουργίας,
1331 585 1426 642 εἴτε
1456 586 1480 640 ὁ
1503 589 1777 648 ἐπίσκοπος
1806 590 1941 644 κατὰ

341 686 435 738 τὴν
467 680 801 754 προάγουσαν
839 678 1131 739 συνήθειαν,
1165 676 1261 731 ε”τε
1299 677 1323 731 ὁ
1368 678 1717 754 πρεσϐύτερος
1740 717 1756 744 ,
1788 677 1885 734 εἶ’τε
1913 679 1939 734 ό

344 769 566 830 διάκονος
588 809 602 833 ,
626 770 803 840 μηκέτι
840 770 947 832 ἐξὸν
987 764 1112 821 εἶναι
1148 770 1285 841 αὑτῷ
1309 808 1322 830 ,
1352 762 1540 839 μηδ”ἐν
1568 770 1715 844 ἑτέρᾳ
1745 768 1940 839 συνόδῳ

346 861 529 918 ἑλπίδα
560 861 1027 918 ἀποκαταστάσεως
1047 899 1063 925 ,
1103 862 1239 929 μήτε
1252 861 1526 933 ἀπολογίας
1558 863 1743 935 χώραν
1771 860 1937 932 ἔχειν’

344 955 471 1010 ἀλλά
501 958 586 1008 καί
614 956 734 1013 τοὺς
766 958 1121 1012 κοινωνοῦντας
1148 955 1286 1023 αὑτῷ
1335 956 1529 1015 πάντας
1562 956 1941 1011 ἀποϐάλλεσθαι

345 1054 439 1106 τῆς
477 1046 770 1109 ἐκκλησίας,
807 1048 888 1098 καὶ
911 1046 1166 1115 μάλιστα,
1206 1047 1249 1097 εἰ
1276 1046 1521 1115 μαθόντες
1555 1051 1644 1105 τήν
1685 1043 1942 1118 ἀπόφασιν

346 1144 437 1193 τήν
461 1139 590 1191 κατά
622 1143 724 1190 τῶν
746 1140 1121 1211 προειρημένων
1143 1137 1523 1207 ἐξενεχθεῖσαν,
1541 1138 1831 1209 τολμήσειεν
1848 1139 1941 1193 αὖ·

344 1235 451 1288 τοῖς
480 1235 751 1283 κοινωνεῖν.

424 1341 496 1397 πδ
513 1380 528 1394 .
557 1340 715 1402 Εἵτις
737 1341 1092 1416 πρεσϐύτερος
1114 1340 1143 1399 ἦ
1167 1339 1411 1404 διάκονος,
1443 1342 1827 1419 καταφρονήσας
1847 1348 1940 1397 τοῦ

344 1433 628 1487 ἐπισκόπου
678 1440 765 1487 τοῦ
808 1431 939 1487 ἰδίου
961 1476 977 1499 ,
1019 1435 1272 1505 ἀφώρισεν
1304 1433 1482 1488 ἐαυτὸν
1514 1442 1605 1493 τῆς
1643 1434 1939 1501 ἐκκλησίας,

344 1531 429 1582 καί
455 1527 555 1601 ἰδίᾳ
577 1532 878 1600 συνήγαγεν,
902 1531 1361 1602 καὶθυσιαστήριον
1385 1525 1601 1584 ἔστησεν
1616 1524 1832 1598 [ἴπν.ξε],
1858 1531 1943 1581 καί

344 1625 433 1672 τοῦ
466 1618 741 1679 ἐπισκόπου
780 1617 1258 1690 προσκαλεσαμένου
1298 1617 1552 1679 ἀπειθοίη,
1593 1620 1676 1669 καὶ
1712 1622 1780 1685 μὴ
1818 1616 1943 1686 βού-

344 1709 484 1762 λοιτο
522 1710 660 1780 αὐτῷ
698 1708 987 1770 πείθεσθαι,
1028 1706 1155 1777 μηδέ
1192 1705 1462 1761 ὑπακούειν
1508 1710 1589 1759 καὶ
1622 1714 1821 1780 πρῶτον
1858 1709 1942 1760 καί

2041 494 2195 559 situs,
2222 494 2307 547 vel
2337 496 2618 565 presbyter
2646 504 2739 549 aut
2762 495 3021 552 diaconus
3045 513 3075 551 a
3103 499 3322 568 proprio
3349 498 3627 570 episcopo,

2042 606 2203 644 ausus
2232 589 2391 643 fuerit
2420 589 2615 657 aliquid
2646 589 2714 644 de
2742 590 3040 644 ministerio
3072 605 3251 659 agere,
3281 592 3393 646 sive
3421 593 3632 663 episco-

2041 699 2141 753 pus
2167 721 2182 745 ,
2214 680 2509 736 secundum
2550 682 2943 751 praecedentem
2989 685 3428 740 consuetudinem
3454 727 3468 751 ,
3516 686 3634 741 sive

2042 773 2342 845 presbyter,
2374 772 2486 827 sive
2514 771 2772 827 diaconus
2791 815 2806 840 ,
2839 773 3038 827 nullam
3068 776 3296 845 amplius
3324 757 3383 830 in.
3406 777 3509 831 alia
3538 792 3629 848 sy-

2041 864 2187 921 nodo
2215 879 2367 933 spem
2396 864 2785 928 restitutionis,
2820 880 2995 934 neque
3024 865 3348 921 defensionis
3377 869 3551 923 locum
3580 869 3633 923 ei

2041 958 2241 1013 habere
2270 958 2447 1012 liceat.
2501 956 2607 1012 Sed
2637 966 2691 1011 et
2714 972 2902 1011 omnes
2944 958 2993 1012 ei
3032 961 3492 1015 communicantes
3516 999 3532 1023 ,
3564 961 3633 1015 ab

2041 1047 2276 1103 Ecclesia
2305 1048 2655 1117 abjiciantur,
2699 1055 2753 1102 et
2794 1050 3025 1103 maxime
3052 1052 3097 1105 si
3125 1062 3406 1121 postquam
3433 1067 3635 1121 cogno-

2041 1139 2219 1193 verint
2238 1139 2559 1193 sententiam
2582 1138 2837 1196 adversus
2859 1140 3140 1209 pnedictos
3159 1140 3324 1197 fuisse
3346 1142 3630 1212 prolatam,

2046 1229 2128 1285 eis
2154 1230 2557 1283 communicare
2585 1231 2701 1284 ausi
2728 1228 2945 1285 fuerint.

2116 1317 2395 1371 LXXXIV.
2422 1348 2494 1356 —
2523 1317 2573 1373 5.
2623 1317 2679 1373 Si
2718 1321 2838 1389 quis
2884 1321 3169 1392 presbyter
3213 1331 3304 1377 aut
3352 1323 3635 1388 diaconus,

2044 1416 2355 1478 contempto
2385 1426 2483 1464 suo
2514 1411 2786 1480 episcopo,
2820 1413 2886 1466 ab
2918 1412 3157 1469 Ecclesia
3188 1416 3424 1483 seipsum
3455 1430 3636 1484 segre-

2045 1502 2284 1569 gaverit;
2313 1512 2368 1557 et
2392 1518 2634 1557 seorsum
2659 1505 3130 1575 congregationem
3156 1506 3361 1574 fecerit,
3391 1516 3444 1562 et
3466 1508 3638 1563 altare

2046 1592 2426 1658 constituerit,
2466 1603 2520 1648 et
2549 1595 2805 1664 episcopo
2834 1598 3081 1650 evocanti
3131 1613 3237 1653 non
3281 1599 3633 1667 acquieverit,

2047 1698 2148 1737 nec
2175 1684 2224 1737 ei
2255 1685 2505 1751 obedire,
2536 1702 2637 1745 nec
2659 1704 2863 1743 rnorem
2893 1682 3085 1758 gerere
3121 1689 3352 1743 voluerit
3381 1690 3552 1759 primo
3581 1700 3637 1747 et

350 1799 587 1870 δεύτερον
632 1800 893 1863 καλοῦντι,
938 1806 1117 1853 τοῦτον
1152 1800 1499 1873 καθαιρεῖσθαι
1529 1799 1785 1859 παντελῶς
1810 1840 1823 1863 ,
1858 1803 1940 1851 καί

2047 1776 2284 1830 secundo
2314 1779 2550 1843 vocanti,
2595 1780 2639 1833 is
2669 1780 2890 1833 omnino
2920 1779 3240 1848 deponatur,
3284 1795 3382 1834 nec
3409 1780 3637 1849 amplius

346 1893 525 1960 μηκέτι
559 1891 829 1965 θεραπείας
874 1892 1155 1960 τυγχάνειν
1210 1888 1469 1960 [τυχεὶν],
1513 1888 1639 1960 μηδέ
1688 1888 1940 1945 δύνασθαι

345 1982 618 2051 λαμϐάνειν
655 1989 743 2041 τήν
787 1984 972 2037 ἑαυτοῦ
1016 1988 1182 2051 τιμήν
1215 1985 1258 2035 εἰ
1294 1982 1346 2036 δέ
1378 1983 1664 2052 παραμένοι
1704 1982 1939 2051 θορυϐῶν

349 2078 438 2128 καὶ
465 2078 525 2129 ἀν
540 2083 752 2130 η’στατῶν
772 2098 860 2134 την
881 2077 1164 2135 ἐκκλησίαν.
1190 2074 1272 2130 διὰ
1294 2085 1385 2136 τῆς
1408 2074 1587 2138 ἔξωθεν
1616 2075 1845 2138 ἐξουσίας
1873 2078 1941 2136 ὡς

348 2167 612 2226 στασιώδη
640 2171 789 2224 αὑτὸν
816 2170 1230 2243 ἐπιστρέφεσθαι.

415 2258 514 2316 m'.
548 2261 611 2312 ΕΤ
632 2282 710 2321 τις
735 2264 836 2315 ὑπό
865 2270 951 2317 τοῦ
989 2261 1115 2315 ἰδίου
1155 2262 1435 2316 ἐπισκόπου
1479 2263 1811 2325 ἀκοινώνητος
1857 2267 1942 2335 γέ·

345 2372 504 2424 γονεν,
535 2358 606 2423 μή
634 2353 881 2425 πρότερον
904 2354 1051 2406 αὐτὸν
1076 2354 1201 2428 παρ’
1229 2353 1411 2425 ἐτέρων
1436 2352 1653 2428 [ἐτέρου]
1679 2354 1935 2427 δεχθῆναι,

346 2448 393 2499 εἰ
413 2449 481 2515 μὴ
505 2443 596 2497 ὑπ’
620 2446 772 2499 αὑτοῦ
797 2444 1147 2517 παραδεχθείη
1172 2453 1263 2498 τοῦ
1290 2444 1414 2500 ἰδίου
1441 2445 1744 2505 ἐπισκόπου.
1776 2448 1805 2507 ἡ
1828 2470 1944 2502 συν-

346 2534 465 2589 όδου
487 2538 773 2607 γενομένης,
823 2538 1117 2595 ἀπαντήσας
1152 2537 1539 2607 ἀπολογήσεται,
1570 2540 1752 2598 πείσας
1775 2559 1828 2593 τε
1854 2545 1943 2597 την

346 2626 555 2681 σύνοδον
575 2668 589 2689 ,
622 2628 943 2691 καταδέξοιτο
976 2628 1149 2703 ἑτέραν
1181 2628 1451 2699 ἀπόφασιν.
1485 2641 1540 2683 '0
1564 2632 1715 2690 αὑτός
1749 2630 1801 2684 δὲ
1825 2630 1942 2706 ὄρος

346 2723 431 2773 ἐπὶ
449 2721 631 2775 λαίκῶν
652 2724 736 2775 καί
760 2722 1121 2796 πρεσϐυτέρων
1142 2723 1227 2772 καί
1249 2719 1491 2775 διακόνων
1511 2726 1592 2776 καί
1614 2736 1817 2779 παντων
1841 2732 1941 2778 τῶν

346 2813 401 2865 ἐν
427 2820 499 2882 τῷ
526 2814 712 2866 κανόνι.

419 2906 528 2966 πςό
560 2902 755 2962 Μηδένα
783 2926 903 2958 ανευ
941 2907 1193 2979 εἰρηνικῶν
1225 2903 1473 2977 δέχεσθαι
1499 2913 1597 2961 τῶν
1629 2907 1797 2970 ξένων.

416 3089 518 3148 πζ.
552 3083 684 3141 Μηδέ
720 3085 1101 3161 πρεσϐυτέρως
1130 3090 1251 3146 τοὺς
1281 3087 1329 3140 ἐν
1366 3097 1483 3148 ταῖς
1515 3092 1712 3164 χώραις
1740 3111 1938 3143 κανονι-

2044 1866 2337 1919 remedium
2370 1869 2601 1937 assequi,
2636 1886 2735 1925 nec
2765 1871 3023 1924 honorem
3053 1886 3207 1925 suum
3238 1871 3483 1939 accipere
3515 1885 3638 1940 pus-

2043 1955 2131 2008 sit.
2167 1955 2324 2022 Quod
2355 1958 2397 2011 si
2428 1961 2785 2027 permanserit
2813 1962 2997 2013 turbas
3040 1960 3238 2015 faciens
3264 1972 3314 2016 et
3345 1962 3637 2017 seditiones

2044 2045 2332 2116 Ecclesiae,
2365 2050 2409 2104 is
2442 2066 2537 2119 per
2566 2061 2845 2106 externam
2889 2054 3003 2107 sive
3041 2054 3352 2108 satcularem
3385 2062 3630 2124 potesta-

2048 2148 2155 2192 tem
2188 2148 2244 2193 ut
2272 2140 2559 2196 scditiosu~
2591 2154 2910 2199 coerceatur

2118 2230 2385 2288 LXXXV.
2410 2264 2482 2273 —
2509 2234 2560 2288 6.
2595 2235 2651 2290 Si
2681 2237 2801 2305 quis
2825 2253 2853 2291 a
2882 2240 3099 2308 proprio
3130 2239 3384 2310 episcopo
3411 2239 3510 2294 luit
3538 2255 3635 2296 ex-

2046 2326 2510 2390 communicatus,
2553 2343 2621 2382 ne
2662 2329 2809 2397 prius
2850 2330 2918 2383 ab
2956 2331 3073 2385 aliis
3099 2332 3443 2400 suscipiatur,
3473 2348 3635 2401 quam

2045 2429 2144 2468 suo
2170 2418 2552 2473 reconcilietur
2579 2420 2834 2492 episc0po
2873 2423 2958 2477 vel
2998 2424 3228 2494 synodo,
3260 2440 3378 2494 qua:
3403 2440 3634 2493 congre-

2045 2514 2219 2572 gatur,
2250 2509 2512 2564 accedens
2560 2527 2617 2565 se
2665 2512 2953 2568 defenserit
2979 2554 2993 2578 ,
3040 2524 3096 2569 et
3137 2532 3388 2586 persuasa
3426 2515 3634 2589 synodo

2046 2599 2205 2653 aliam
2234 2604 2554 2657 sententiam
2597 2607 2861 2660 retulerit.
2910 2608 3032 2663 Ilaec
3062 2618 3238 2663 autem
3269 2608 3508 2667 deﬁnitio
3536 2611 3633 2665 ad-

2044 2704 2232 2746 versus
2264 2693 2447 2760 laicos,
2479 2705 2535 2750 et
2559 2698 2921 2768 presbyteros,
2952 2708 3007 2753 et
3034 2701 3311 2767 diaconos,
3340 2717 3635 2772 omnesque

2046 2785 2138 2853 qui
2167 2797 2289 2840 sunt
2320 2788 2371 2841 in
2401 2804 2608 2843 canone
2639 2792 2974 2846 observetur.
3204 2800 3211 2805 '

2117 2875 2400 2933 LXXXVI.
2432 2913 2503 2922 —
2532 2882 2586 2935 7.
2623 2882 2808 2937 Nullus
2831 2886 3234 2954 peregrinorum
3262 2888 3380 2944 sine
3399 2887 3635 2959 paciﬁcis

2045 2970 2386 3036 suscipiatur.

2116 3062 2418 3118 LXXXVII.
2455 3098 2524 3107 —
2553 3067 2606 3119 8.
2641 3066 2750 3122 Nec
2773 3069 3072 3149 presbyteri
3101 3071 3191 3137 qui
3223 3079 3348 3123 sunt
3376 3070 3427 3123 in
3459 3071 3635 3141 regio-

347 3177 438 3235 κάς
486 3177 755 3235 ἐπιστολάς
804 3176 1015 3243 διδόναι,
1064 3178 1094 3237 ἣ
1141 3182 1271 3253 πρός
1322 3181 1505 3252 μόνους
1546 3185 1668 3242 τοὺς
1714 3187 1940 3253 γείτονας

2046 3156 2221 3217 nibus,
2251 3156 2381 3211 dent
2407 3158 2698 3212 eanonicas
2734 3160 3013 3227 epistulas,
3047 3160 3129 3214 vel
3160 3159 3225 3214 ad
3256 3160 3402 3215 solos
3434 3161 3635 3215 vicinos

351 3270 663 3326 ὶπισκίπους
700 3271 968 3329 ἐπιστολὰς
1010 3273 1304 3342 ἐκπέμπειν·
1336 3276 1456 3332 τοὺς
1486 3271 1539 3327 δὲ
1569 3273 1939 3334 ἀνεπιλήπτους

351 3361 809 3435 χωρεπισκόπους,
841 3360 1032 3416 διδόναι
1063 3364 1336 3438 εἰρηνικάς.

421 3452 525 3510 σπη’.
558 3458 689 3514 Τοὺς
729 3455 830 3509 καθ’
855 3456 1067 3513 ἑκάστην
1114 3459 1376 3533 ἐπαρχίαν
1413 3456 1725 3517 ἐπισκόπους
1765 3457 1942 3514 εἰδέναι

353 3548 461 3616 χρὴ
482 3544 565 3597 τόν
596 3545 642 3595 ἐν
674 3552 735 3618 τῇ
765 3547 1063 3619 μητροπόλει
1092 3556 1399 3623 προεστῶτα
1425 3550 1725 3609 ἐπίσκοπον,
1748 3554 1833 3603 καί
1853 3554 1942 3608 τήν

353 3632 586 3709 ςροιτίδα
621 3633 967 3704 ἀναδέχεσθαι
1009 3638 1181 3696 πάσης
1222 3645 1311 3697 τῆς
1354 3639 1633 3713 ἐπαρχίας,
1664 3635 1747 3691 διά
1787 3640 1846 3691 τό
1890 3640 1941 3692 ἰν

353 3737 414 3804 τῇ
454 3731 759 3803 μητροπόλει
798 3732 1123 3801 πανταχόθεν
1166 3733 1471 3803 συντρέχειν
1504 3732 1700 3791 πάντας
1727 3734 1848 3791 τοὺς
1877 3736 1942 3786 τά

353 3819 635 3893 πράγματα
666 3819 905 3890 ἕλονταςο
930 3818 1076 3878 ὀθεν
1099 3820 1240 3885 ἔδοξε
1262 3826 1345 3876 καὶ
1372 3831 1433 3895 τῇ
1464 3831 1584 3893 "uti
1611 3824 1943 3897 προηγεῖσθαι

355 3917 525 3976 αὐτόν,
539 3912 690 3986 μηδέν
702 3935 759 3969 τε
773 3918 1013 3989 πράττειν
1026 3916 1260 3988 πέριττον
1274 3918 1393 3973 τοὺς
1405 3914 1613 3974 λοιποὺς
1636 3916 1945 3975 ἐπισκόπους

356 4007 473 4063 ἄνευ
502 4010 679 4073 αὑτοῦ,
712 4012 841 4063 κατά
866 4011 951 4063 τόν
976 4010 1202 4081 ἀρχαῖον
1230 4013 1558 4083 κρατήσαντα
1584 4014 1682 4061 τῶν
1711 4010 1944 4080 πατέρων

357 4101 494 4169 ἡμῶν
519 4101 717 4163 κανόνα,
744 4100 774 4157 ἦ
815 4106 984 4155 ταῦτα
1026 4101 1154 4169 μόνα
1192 4097 1291 4153 ὅσα
1328 4107 1390 4172 τῇ
1431 4099 1648 4153 ἑκάστου
1692 4100 1946 4153 ἐπιϐάλλει

354 4195 625 4265 παροικίᾳ,
668 4195 751 4245 καί
796 4198 914 4251 ταῖς
960 4193 1050 4245 ὑπ’
1081 4193 1239 4249 αὑτήν
1286 4193 1511 4264 χώραις.
1557 4188 1798 4243 Ἐκαστον
1844 4193 1944 4265 γὰρ

357 4283 628 4336 ἐπίσκοπον
654 4283 882 4346 ἐξουσίαν
910 4281 1057 4353 ἔχειν
1083 4291 1169 4343 τῆς
1200 4283 1383 4336 ἑαυτοῦ
1411 4285 1701 4354 παροικίας,
1743 4281 1944 4337 διοικεῖν

355 4395 409 4429 τε
440 4377 568 4431 κατὰ
611 4381 698 4434 τήν
744 4374 946 4444 ἑκάστῳ
974 4375 1344 4428 ἐπιϐάλλουσαν
1387 4374 1672 4436 εὐλάϐειαν,
1704 4376 1789 4427 καὶ
1815 4374 1945 4446 πρό-

355 4485 489 4518 νοιαν
536 4468 785 4519 ποιεῖσθαι
825 4468 995 4524 πάσης
1040 4474 1130 4523 τῆς
1163 4467 1343 4539 χώρας
1380 4472 1475 4522 τῆς·
1505 4465 1606 4517 ὑπὸ
1638 4469 1727 4521 τήν
1758 4464 1942 4518 ἑαυτοῦ

357 4561 516 4616 πόλιν
551 4564 619 4620 ώς
647 4564 731 4614 καὶ
774 4568 1089 4637 χειροτονεῖν
1132 4560 1517 4633 πρεσϐυτέρους
1547 4561 1629 4612 καί
1655 4555 1939 4620 διακόνους,

358 4657 442 4706 καὶ
483 4656 611 4722 μετά
658 4655 873 4727 κρίσεως
920 4655 1114 4706 ἕκαστα
1159 4650 1531 4720 διαλαμϐάνειν,
1579 4652 1862 4725 περαιτέρω
1890 4648 1942 4703 δέ

358 4744 513 4817 μηδὲν
553 4748 792 4819 πράττειν
839 4748 1139 4819 ἐπιχειρεῖν,
1165 4743 1295 4814 δίχα
1333 4752 1419 4798 τοῦ
1452 4752 1542 4803 τῆς
1583 4743 1943 4817 μητροπόλεως

364 4837 663 4900 ἐπισκόπου,
697 4835 821 4907 μηδὲ
850 4838 996 4890 αὑτὸν
1021 4832 1141 4889 ἄνευ
1170 4843 1260 4893 τῆς
1286 4841 1382 4888 τῶν
1408 4835 1595 4888 λοιπῶν
1622 4836 1840 4904 γνώμης.

438 5003 534 5057 πθ.
563 5008 688 5063 Τοὺς
716 5007 762 5056 ἐν
782 5011 895 5064 ταῖς
925 5007 1113 5073 κώμαις
1139 5002 1169 5061 ἦ
1190 5010 1301 5062 ταῖς
1326 5006 1547 5075 χώραις.
1575 5001 1603 5059 ἦ
1629 5004 1749 5060 τοὺς
1775 5002 1947 5053 καλου-

365 5099 541 5169 μένους
574 5098 1022 5166 χωρεπισκόπους,
1056 5098 1098 5148 εἰ
1129 5099 1215 5148 καὶ
1246 5096 1568 5169 χειροθεσίαν
1615 5090 1709 5146 εἷεν
1744 5093 1949 5146 ἐπισκό-

363 5210 473 5243 πων
505 5186 771 5257 εἰληφότες,
806 5185 945 5250 ἔδοξε
972 5193 1035 5260 τῇ
1065 5187 1184 5259 ἁγίᾳ
1230 5184 1424 5256 συνόδῳ
1454 5183 1635 5238 εἰδέναι
1663 5186 1727 5237 τά
1759 5184 1951 5237 ἑαυτῶν

364 5280 555 5353 μίτρα,
588 5282 671 5331 καί
700 5277 900 5332 διοικεῖν
942 5281 1034 5337 τάς
1084 5278 1414 5347 ὑποκειμένας
1454 5279 1622 5335 αὐτοῖς
1666 5276 1946 5334 ἐκκλεσίας.

362 5378 448 5426 καί
483 5382 545 5443 τῇ
584 5374 777 5427 τούτων
825 5373 1093 5446 ἀρκεῖσθαι
1120 5370 1341 5445 φροντίδι
1378 5372 1460 5423 καί
1490 5368 1776 5441 κηδεμονίᾳ·
1810 5369 1949 5421 καθι-

365 5475 491 5537 στᾷν
542 5468 593 5522 δὲ
644 5470 967 5536 ἀναγνώστας
1014 5468 1096 5517 καί
1125 5461 1483 5521 ὑποδιακόνους
1512 5465 1597 5515 καί
1641 5462 1949 5533 ἐπορκιστάς

368 5559 731 5633 [ἐφορκιστάςμ
760 5560 845 5612 καὶ
969 5554 1164 5611 τούτων
1194 5554 1455 5629 ἀρκεῖσθαι
1501 5559 1796 5627 προαγωγῇ,
1826 5556 1947 5613 μήτε

362 5649 417 5705 δέ
459 5652 793 5726 ’.οεσϐὑτερον
830 5655 953 5718 μήτε
986 5647 1208 5702 διάκονον
1240 5652 1543 5718 χειροτονεῖν
1571 5645 1790 5714 τολμᾷν,
1818 5641 1951 5712 δίχα

363 5750 459 5798 τοῦ
489 5746 537 5795 ἰν
566 5750 627 5816 τῇ
658 5742 798 5796 πόλει
832 5738 1136 5797 ἐπισκόπου,
1228 5737 1521 5791 ὑπόκεινται
1548 5735 1697 5794 αὐτός
1728 5755 1779 5788 τε
1813 5737 1890 5789 καὶ
1922 5736 1949 5790 ἡ

366 5838 541 5905 χώρα’
576 5837 617 5887 εἰ
643 5832 694 5888 δί
724 5835 984 5900 τολμήσειέ
1018 5853 1086 5890 τις
1117 5830 1409 5887 παραϐῆναι
1438 5829 1502 5881 τά
1534 5828 1809 5898 ὁρισθέντα,
1836 5838 1951 5889 γαθέ

2046 3248 2328 3317 episcopos
2358 3248 2616 3317 epistolas
2647 3250 2882 3304 mittant.
2913 3249 3300 3321 Chorepisc0pi
3329 3260 3510 3306 autem
3543 3253 3635 3321 qui

2046 3348 2174 3395 sunt
2204 3341 2723 3409 irreprehensibiles,
2759 3341 2891 3395 dent
2918 3342 3188 3411 pacificus.

2121 3428 2440 3486 LXXXVIII.
2467 3466 2539 3474 —-
2566 3431 2621 3488 9.
2655 3433 2973 3504 Episcopus,
3017 3435 3107 3502 qui
3138 3443 3262 3489 sunt
3303 3434 3355 3487 in
3387 3449 3634 3502 unaqua—

2047 3540 2153 3593 que
2182 3526 2482 3594 provincia,
2536 3526 2675 3597 scire
2718 3535 2932 3595 oportet
2972 3527 3284 3596 episc0pum
3315 3526 3404 3596 qui
3436 3542 3635 3581 metro-

2047 3614 2155 3683 poli
2179 3623 2389 3684 praeest,
2420 3631 2602 3670 curam
2631 3625 2685 3670 et
2713 3616 3132 3671 sollicitudinem
3159 3618 3322 3672 totius
3345 3617 3635 3687 provincia:

2047 3706 2320 3775 suscipere
2350 3724 2361 3757 :
2395 3721 2462 3760 eo
2483 3707 2626 3775 quod
2656 3706 2709 3760 in
2742 3709 3085 3777 metropolim
3118 3708 3475 3777 undequaque
3505 3723 3636 3762 con-

2046 3805 2269 3850 currunt
2290 3812 2479 3851 omnes
2496 3798 2587 3866 qui
2613 3798 2814 3853 habent
2838 3800 3071 3867 negotia.
3100 3798 3250 3853 Unde
3271 3798 3494 3868 placuit,
3512 3814 3635 3851 eum

2012 3925 2019 3929 .
2048 3901 2263 3955 quoque
2288 3888 2497 3942 honore
2518 3889 2825 3957 praecedere
2854 3907 2866 3941 :
2890 3891 3130 3958 reliquos
3151 3897 3331 3943 autem
3352 3888 3637 3957 episcopos

2049 3978 2179 4032 nihil
2209 3986 2361 4033 extra
2410 3980 2653 4035 ordinem
2683 3981 2768 4035 vel
2812 3981 2952 4034 ultra
3001 3981 3257 4035 terminos
3303 3996 3430 4036 suos
3476 3994 3638 4048 agere

2047 4069 2343 4124 secundum
2393 4071 2670 4138 antiquum
2722 4070 2942 4125 Patrum
2992 4081 3301 4126 nostrorum
3347 4085 3636 4138 canonem,

2046 4163 2137 4230 qui
2168 4163 2427 4217 hactenus
2455 4164 2685 4217 obtinuit
2713 4182 2725 4215 :
2751 4173 2844 4217 aut
2868 4180 2931 4217 ea
2961 4173 3185 4227 tantum,
3210 4180 3328 4232 qua:
3353 4162 3421 4216 ad
3452 4162 3637 4218 unius-

2048 4254 2309 4322 cujusque
2359 4250 2648 4322 parmciam
2699 4255 2987 4323 pertinent,
3044 4263 3100 4307 et
3139 4254 3389 4320 regiones
3427 4267 3545 4321 qum
3584 4254 3635 4306 ei

2048 4348 2296 4400 subsunt.
2328 4345 2776 4415 Unumquemque
2805 4346 2947 4399 enim
2971 4345 3281 4414 episcopum
3312 4352 3634 4412 potestatem

2050 4437 2251 4515 habere
2280 4453 2389 4492 sua:
2419 4438 2685 4507 parmene,
2720 4450 2948 4505 eamque
2972 4435 3366 4498 administrare,
3398 4449 3497 4503 pro
3537 4449 3637 4489 suo

1974 4561 2020 4621 υ
2048 4531 2275 4598 quisque
2305 4530 2480 4585 studio
2511 4545 2575 4584 ac
2617 4529 2894 4597 religione,
2949 4536 3003 4582 et
3032 4542 3217 4581 curam
3255 4540 3443 4594 gerere
3470 4526 3639 4581 totius

2050 4624 2284 4691 regionis
2310 4639 2429 4692 quae
2458 4638 2568 4676 sua:
2595 4624 2710 4676 urbi
2741 4622 2943 4676 subest.
2964 4618 3033 4673 Ut
3054 4619 3268 4674 ordinet
3296 4619 3638 4689 presbyteros

2050 4728 2105 4771 et
2136 4717 2414 4780 diaconos,
2442 4724 2636 4770 etcum
2662 4714 2862 4782 judicio
2882 4714 3086 4781 singula
3117 4712 3365 4781 disponat
3394 4730 3406 4763 :
3431 4719 3486 4765 et
3506 4711 3636 4765 nihil

2052 4811 2189 4864 ultra
2220 4808 2395 4864 facere
2425 4808 2782 4876 aggrediatur,
2829 4808 2945 4861 sine
2975 4805 3391 4874 metropolitano
3423 4804 3634 4874 episco-

2052 4916 2140 4969 po,
2174 4915 2351 4966 neque
2383 4900 2497 4968 ipse
2526 4899 2641 4951 sine
2671 4897 2999 4966 reliquorum
3022 4895 3311 4949 sententia.

2124 4989 2400 5043 LXXXIX.
2435 5022 2507 5031 —
2536 4987 2621 5042 I0.
2655 4989 2692 5041 li
2721 4988 2812 5056 qui
2834 4995 2960 5042 sunt
2982 4987 3032 5040 in
3061 4987 3194 5040 vicis
3221 4994 3276 5041 et
3304 4984 3634 5052 regionibus,

2051 5082 2134 5135 vel
2163 5082 2255 5151 qui
2287 5079 2662 5149 chorepiscopi
2697 5079 3061 5140 nominantur,
3092 5076 3301 5131 etiamsi
3333 5073 3633 5143 impositio-

2053 5190 2173 5228 nem
2206 5188 2461 5227 manuum
2492 5172 2869 5240 episcoporum
2898 5170 3225 5239 acceperint,
3277 5165 3480 5236 placuit
3506 5177 3634 5219 san-

2052 5274 2153 5321 ctze
2182 5264 2391 5335 synodo
2418 5273 2477 5317 ut
2500 5279 2653 5317 suum
2687 5261 2904 5315 modum
2933 5268 3126 5325 sciant,
3161 5266 3215 5310 et
3238 5256 3336 5310 sibi
3366 5253 3638 5323 subiectas

2052 5357 2309 5412 ecclesias
2351 5354 2749 5416 administrent,
2792 5365 3085 5418 earumque
3130 5362 3257 5402 cura
3306 5354 3362 5400 et
3385 5345 3635 5399 modera-

2053 5450 2199 5503 mine
2243 5446 2482 5501 contenti
2531 5446 2677 5513 sint:
2710 5445 3041 5498 constituant
3092 5434 3272 5492 autem
3313 5438 3547 5492 lectores
3580 5443 3638 5489 et

2054 5541 2434 5602 subdiacouos,
2457 5545 2512 5590 et
2537 5537 2853 5597 exorcistas,
2886 5541 2941 5585 et
2959 5545 3147 5585 eorum
3177 5528 3504 5599 promotioni
3526 5523 3637 5581 suf-

2056 5632 2218 5687 ﬁcere
2247 5631 2583 5691 existiment;
2614 5628 2984 5696 presbyterum
3024 5631 3203 5677 autem
3234 5629 3325 5674 aut
3353 5620 3637 5674 diaconum

2057 5726 2307 5780 ordinare
2337 5741 2441 5779 non
2465 5722 2698 5777 audeant
2716 5719 2832 5773 sine
2858 5717 3113 5787 episcopo
3136 5712 3385 5773 civitatis,
3411 5708 3497 5763 cui
3522 5707 3641 5775 ipso

2056 5841 2109 5883 ct
2126 5826 2271 5895 regio
2294 5814 2592 5884 subjicitur.
2610 5811 2664 5865 Si
2688 5809 2808 5879 quis
2831 5817 3009 5863 autem
3032 5822 3093 5861 ea
3116 5820 3235 5873 qum
3252 5800 3467 5856 definita
3490 5802 3634 5861 sunt,
