4128 6348
540 314 618 373 οι
1803 310 2156 368 DIONYSIUS
2198 312 2520 370 EXIGUUS.
3756 307 3825 382 ει

537 442 797 513 αιρείσθαι
842 437 990 493 αύτόν
1033 440 1115 491 καί
1148 434 1204 495 ἧς
1250 434 1460 502 μετέχει
1513 438 1699 502 τιμῆς·
1734 433 2105 505 χωρεπίσκοποι

2234 430 2532 497 transgredi
2562 432 2773 495 audeat,
2808 432 2919 502 ipse
2949 448 3164 504 quoque
3190 435 3397 491 honore
3437 452 3601 507 quem
3632 441 3826 507 habet,

536 528 591 584 δέ
616 531 840 603 γίνεσθαι
867 531 966 585 ύπό
990 514 1083 582 τοῦ
1104 533 1192 584 τῆς
1218 524 1431 586 πόλεως,
1512 523 1797 588 ὑπόκειται,
1817 523 2120 575 ἐπισκόπου.

612 687 668 757 ζ’.
699 684 763 741 Εἴ
778 707 856 746 τις
898 684 1176 741 ἐπίσκοπος
1204 678 1235 737 ἦ
1260 678 1613 751 πρεσϐύτερος
1637 676 1665 735 ἦ
1700 676 1827 736 ὅλως
1857 684 1946 730 τοῦ
1973 678 2125 730 κανό-

535 799 641 842 νος,
674 775 789 831 ἄνευ
832 775 1033 846 γνώμης
1077 773 1161 823 καὶ
1201 770 1511 845 γραμμάτων
1548 775 1647 822 τῶν
1694 769 1745 820 ἐν
1897 767 2125 841 ἐπαρχίᾳ

537 871 843 933 ἐπισκόπων,
867 869 952 919 καί
980 864 1204 937 μάλιστα
1229 868 1315 917 τοῦ
1343 864 1472 915 κατὰ
1498 866 1588 918 τήν
1614 858 1942 933 μητρόπολιν,
1975 858 2124 932 ὁρμή⁹

533 984 638 1019 σειε
667 963 795 1035 πρὸς
839 957 1056 1031 βασιλέα
1086 955 1332 1015 ἀπελθεῖν,
1362 958 1536 1007 τοῦτον
1562 950 2012 1024 ἀποκηρύττεσθαι
2040 952 2124 1002 καί

531 1059 815 1116 ἀπόϐλητον
840 1057 1091 1128 γίνεσθαι,
1118 1056 1173 1107 ού
1194 1052 1337 1124 μόνον
1358 1058 1447 1109 τῆς
1469 1052 1742 1111 κοινωνίας,
1767 1049 1890 1101 ἀλλὰ
1921 1050 2002 1099 καί
2028 1055 2123 1105 τῆς

530 1151 696 1212 ἀξίας,
730 1146 785 1207 ἧς
817 1147 1052 1214 μετέχων
1078 1143 1351 1214 τυγχάνει,
1384 1143 1451 1199 ὡς
1478 1138 1818 1209 παρενοχλεῖν
1862 1138 2122 1206 τολμῶντα

528 1246 626 1302 τάς
670 1247 763 1295 τοῦ
810 1238 1191 1308 θεοφιλεστάτου
1240 1234 1488 1305 βασιλέως
1528 1234 1666 1301 ἡμῶν
1716 1231 1865 1290 ἀκοάς
1904 1227 2119 1300 [ἀκοαῖς]

530 1336 676 1409 παρά
700 1334 782 1387 τὸν
823 1332 1005 1402 θεσμόν
1042 1336 1131 1387 τῆς
1174 1328 1459 1385 ἐκκλησίας.
1489 1328 1547 1376 Εἰ
1576 1324 1627 1378 δέ
1659 1325 1905 1394 ἀναγκαία
1951 1324 2119 1381 καλοίη

532 1428 691 1499 χρεία
714 1427 841 1499 πρὸς
867 1422 1076 1493 βασιλέα
1102 1419 1279 1494 ὁρμᾷν,
1304 1426 1455 1473 τοῦτο
1478 1418 1717 1491 πράττειν
1736 1420 1865 1486 μετά
1892 1416 2120 1486 σκέψεως

530 1524 615 1575 καί
642 1521 840 1590 γνώμης
866 1522 952 1569 τοῦ
980 1516 1107 1569 κατά
1134 1518 1224 1571 τήν
1253 1510 1558 1584 μητρόπολιν
1588 1518 1678 1568 τῆς
1712 1510 1971 1581 ἐπαρχίας
2001 1511 2118 1561 ἐπι-

530 1610 745 1667 σκόπου,
773 1606 802 1665 ἢ
830 1612 929 1660 τῶν
957 1605 1004 1656 ἐν
1041 1604 1189 1676 αὐτῇ,
1219 1608 1326 1659 τοῖς
1358 1620 1413 1653 τε
1450 1600 1644 1653 τούτων
1670 1599 1967 1670 γράμμασιν
1992 1599 2117 1669 ἐφο-

528 1699 807 1762 διάζεσθαι.

2232 522 2489 590 privetur.
2523 520 2950 594 Chorepiscopus
2982 534 3162 581 autem
3192 526 3284 580 ﬁat
3305 529 3371 583 ab
3393 530 3654 602 episcopo
3684 534 3824 589 civi-

2233 614 2378 670 tatis.
2412 613 2499 667 cui
2531 614 2831 681 subjicitur.

2302 700 2411 755 XC.
2447 733 2514 742 —
2557 703 2639 756 II.
2676 703 2730 757 Si
2766 706 2884 772 quis
2912 706 3197 775 episcopus
3244 709 3329 761 vel
3381 711 3681 783 presbyter,
3735 718 3825 770 vel

2230 792 2447 846 omnino
2476 807 2542 845 ex
2574 808 2801 860 canone,
2852 796 2966 849 sine
2996 811 3262 852 consensu
3300 808 3353 852 et
3380 801 3573 856 litteris
3602 805 3822 873 episco-
3862 793 3869 853 Ῐ

2230 897 2421 951 porum
2452 885 2759 953 provinciae,
2810 896 2864 940 et
2894 888 3126 943 maxime
3166 892 3589 960 metropolitani,
3619 872 3687 949 ad
3718 898 3823 951 im-

2228 980 2533 1042 peratorem
2562 973 2825 1043 proﬁcisci
2858 989 3140 1043 aggressus
3169 977 3330 1032 fuerit
3354 999 3365 1031 :
3397 981 3439 1033 is
3461 982 3745 1039 abdicetur
3765 997 3822 1040 et

2226 1063 2470 1131 ejiciatur
2498 1079 2602 1117 non
2644 1066 2814 1119 solum
2846 1081 2875 1120 a
2904 1069 3309 1132 communione,
3354 1071 3449 1125 sed
3479 1074 3643 1127 etiam
3674 1090 3705 1128 a
3734 1076 3819 1129 di-

2224 1155 2446 1222 gnitate,
2479 1156 2630 1223 cujus
2657 1158 2925 1227 particeps
2952 1158 3161 1213 videtur
3189 1161 3422 1216 existere
3449 1182 3459 1215 :
3497 1173 3553 1217 ut
3575 1165 3668 1234 qui
3698 1167 3818 1221 reli-

2224 1247 2507 1313 giosissimi
2539 1247 2879 1316 imperatoris
2918 1250 3088 1303 nostri
3135 1251 3352 1306 auribus
3380 1254 3688 1310 molestiam
3737 1257 3818 1310 aI"-

2224 1336 2367 1392 I‘erre
2412 1338 2605 1392 audeat
2653 1348 2841 1393 contra
2889 1349 3147 1395 statutum
3187 1342 3460 1399 Ecclesite.
3521 1346 3576 1402 Si
3633 1358 3814 1404 autem

2224 1429 2371 1483 adire
2400 1429 2780 1498 imperatorem
2806 1434 3107 1486 necessaria
3135 1450 3297 1488 causa
3327 1437 3525 1504 exigat,
3559 1438 3665 1493 hoc
3682 1454 3816 1507 «aga-

2223 1526 2312 1573 tur
2340 1534 2459 1573 cum
2502 1520 2889 1577 deliberatione
2940 1532 2995 1578 et
3024 1527 3291 1580 sententia
3321 1529 3560 1599 episcopi
3603 1541 3811 1587 metro-

2221 1608 2444 1678 politani
2472 1610 2780 1678 provinciae,
2821 1612 2909 1665 vel
2939 1614 3317 1682 episcoporum
3352 1618 3441 1685 qui
3475 1628 3602 1672 sunt
3636 1620 3691 1673 in
3719 1636 3812 1675 ea-

2220 1700 2341 1754 dem
2375 1700 2671 1768 provincia,
2696 1710 2751 1754 et
2778 1717 2899 1756 cum
2930 1717 3115 1757 eorum
3144 1704 3337 1759 litteris
3359 1706 3756 1775 proﬁciscatur.

603 1789 693 1860 ζα’.
718 1787 779 1842 Εἴ
794 1809 871 1846 τις
891 1787 992 1840 ύπὸ
1013 1792 1105 1839 τοῦ
1128 1782 1252 1837 ἰδίου
1278 1780 1551 1836 ἐπισκόπου
1571 1781 1875 1853 καθαιρεθείς
1897 1781 2105 1855 πρεσϐύ·

2292 1788 2423 1845 XCI.
2453 1823 2523 1833 —
2553 1790 2638 1844 12.
2680 1791 2736 1845 Si
2764 1792 2885 1861 quis
2913 1807 2942 1845 a
2973 1794 3191 1862 proprio
3220 1796 3478 1865 episcopo
3508 1798 3805 1868 depositus,

528 1902 674 1954 τερος
701 1879 731 1938 ἦ
761 1877 1002 1940 διάκονος,
1026 1874 1055 1931 ἦ
1082 1876 1164 1925 καί
1194 1872 1473 1939 ἐπίσκοπος
1501 1872 1601 1923 ύπὸ
1632 1868 1869 1928 συνόδου.
1901 1870 2115 1939 ἐνοχλῆ-

528 1996 620 2030 σαι
662 1971 928 2043 τολμήσειε
972 1968 1064 2027 τάς
1112 1963 1357 2034 βασιλέως
1402 1962 1557 2021 ἀκοάς
1600 1957 1848 2031 [άκοαῖς].
1880 1958 1988 2014 δέον
2034 1961 2117 2013 ἐπὶ

528 2067 731 2135 μείζονα
770 2058 1060 2114 ἐπισκόπων
1104 2052 1313 2108 σύνοδον
1360 2052 1665 2125 τρέπεσθαι,
1722 2053 1801 2104 καί
1850 2049 1882 2103 ά
1926 2053 2115 2120 νομίζει

528 2155 701 2210 δίκαια
730 2151 894 2222 ἔχειν,
927 2146 1326 2221 προσαναφέρειν
1346 2144 1569 2197 πλείοσιν
1592 2143 1900 2209 ἐπισκόποις,
1925 2146 2006 2197 καὶ
2028 2150 2115 2203 τήν

529 2244 653 2320 παρ’
683 2245 851 2297 αὐτῶν
883 2240 1105 2302 ἐξέτασίν
1132 2256 1186 2289 τε
1217 2237 1297 2288 καί
1322 2236 1570 2310 ἐπίκρισιν
1610 2230 1931 2302 ἐκδέχεσθαι.
1974 2238 2033 2287 Εἰ
2060 2233 2113 2289 δέ

530 2339 723 2392 τούτων
749 2332 1084 2404 ὀλιγωρήσας,
1113 2325 1436 2394 ἐνοχλήσειεν
1463 2332 1534 2393 τῷ
1566 2323 1792 2391 βασιλεῖ,
1825 2327 1910 2377 καὶ
1938 2331 2112 2379 τοῦτον

528 2426 655 2499 μηδέ
684 2427 805 2496 μιᾶς
832 2421 1133 2489 συγγνώμης
1165 2416 1443 2478 ἀξιοῦσθαι,
1475 2412 1600 2483 μηδέ
1633 2417 1812 2486 χώραν
1840 2415 2113 2487 ἀπολογίας

500 2516 688 2587 .E'xara,
712 2511 835 2584 μηδὲ
872 2507 1048 2564 ἐλπίδα
1074 2506 1352 2577 μελλούσης
1381 2507 1843 2563 ἀποκαταστάσεως
1890 2504 2105 2577 προσδο-

529 2612 615 2659 κᾶν
624 2644 635 2656 .

568 2666 577 2676 ι
605 2685 693 2754 46.
720 2681 913 2741 Μηδένα
940 2680 1218 2734 ἐπίσκοπον
1234 2677 1416 2748 τολμᾷν
1446 2675 1525 2746 ἀφ’
1550 2676 1723 2746 ἐτέρας
1752 2678 2009 2748 ἐπαρχίας
2038 2681 2109 2737 εἰς

529 2779 700 2847 ἑτέραν
752 2773 1098 2846 μεταϐαίνειν,
1129 2773 1212 2822 καί
1256 2774 1569 2842 χειροτονεῖν
1608 2769 1657 2819 ἐν
1700 2767 1935 2840 ἐκκλησίᾳ
1968 2770 2109 2828 τινάς

526 2873 598 2929 εἰς
624 2872 925 2943 προαγωγὴν
961 2864 1298 2935 λειτουργίας,
1328 2858 1455 2932 μηδέ
1486 2862 1528 2912 εἰ
1569 2861 1903 2931 συνεπάγοιτο
1942 2861 2107 2931 ἐαυτῷ

525 2961 727 3034 ἑτέρους
756 3001 769 3023 ,
812 2959 855 3010 εἰ
894 2959 962 3026 μὴ
1002 2952 1333 3027 παρακληθεὶς
1382 2952 1619 3022 ἀφήκοιτο
1664 2949 1744 3004 διά
1791 2954 2106 3026 γραμμάτων

524 3058 613 3107 τοῦ
646 3070 699 3105 τε
730 3046 1099 3122 μητροπολίτου
1130 3046 1212 3097 καί
1248 3050 1346 3097 τῶν
1389 3045 1483 3096 σύν
1526 3043 1665 3113 αύτῷ
1698 3042 2011 3106 ἐπισκόπων,
2037 3040 2103 3097 ὧν

2219 1882 2499 1951 presbyter
2519 1882 2603 1936 vel
2625 1882 2903 1949 diaconus,
2924 1884 3007 1936 vel
3033 1885 3317 1954 episcopus
3339 1903 3368 1940 a
3391 1890 3619 1959 synodo,
3641 1907 3806 1947 ausus

2218 1969 2381 2025 fuerit
2428 1972 2769 2041 imperatoris
2815 1974 3035 2027 auribus
3064 1975 3367 2031 molestiam
3417 1978 3629 2045 aITcrre,
3681 1997 3806 2038 cum

2219 2069 2472 2130 oporteat
2500 2063 2565 2117 ad
2588 2063 2849 2132 majorem
2880 2066 3141 2134 synodum
3170 2069 3434 2134 converti,
3462 2078 3515 2123 et
3538 2070 3629 2137 jus
3657 2073 3807 2139 quod

2220 2169 2279 2208 se
2302 2154 2500 2208 habere
2526 2162 2699 2223 putat,
2732 2154 2799 2208 ad
2826 2154 3003 2224 plures
3031 2157 3313 2225 episcopos
3343 2157 3562 2223 referre,
3589 2174 3808 2214 eorum-

2216 2260 2322 2313 que
2352 2246 2805 2300 examinationem
2836 2254 2891 2300 et
2913 2245 3169 2314 judicium
3198 2248 3487 2317 suscipere.
3521 2248 3577 2302 Si
3614 2250 3806 2319 itaque

2217 2336 2298 2391 his
2327 2336 2673 2405 contemptis,
2719 2336 3028 2405 imperatori
3057 2338 3315 2393 molestus
3357 2340 3535 2401 fuerit,
3578 2340 3623 2395 is
3653 2342 3801 2396 nulla

2215 2426 2371 2480 venia
2400 2426 2611 2495 dignus,
2665 2441 2839 2495 neque
2884 2426 2965 2480 sui
2995 2426 3312 2483 defendendi
3360 2430 3535 2486 locum
3579 2433 3798 2502 habeat,

2214 2532 2314 2571 nec
2341 2532 2492 2585 spem
2522 2517 2879 2571 restitutionis
2905 2528 3195 2587 exspectet.

2283 2687 2435 2743 XCII.
2474 2690 2559 2745 15.
2591 2689 2775 2746 Nullus
2804 2692 3087 2761 cpiscopus
3115 2694 3309 2748 audeat
3337 2696 3403 2748 ab
3440 2712 3545 2750 una
3576 2703 3795 2767 provin-

2211 2781 2293 2836 cia
2323 2781 2376 2833 in
2406 2781 2563 2833 aliam
2593 2781 2837 2844 transire,
2889 2790 2943 2834 et
2984 2784 3050 2835 ad
3081 2784 3479 2851 promotionem
3507 2788 3792 2844 ministerii

2210 2873 2419 2943 aliquos
2447 2873 2499 2926 in
2531 2871 2766 2927 Ecclesia
2798 2873 3072 2941 ordinare,
3113 2890 3209 2930 nec
3240 2876 3283 2929 si
3314 2876 3448 2933 alios
3478 2894 3582 2932 una
3612 2896 3794 2937 secum

2210 2962 2445 3026 inducat,
2477 2962 2576 3015 nisi
2602 2962 2808 3015 veneiit
2828 2962 3020 3016 litteris
3051 2965 3342 3019 accersitus
3367 2970 3793 3038 metropolitani,

2208 3060 2262 3107 et
2291 3053 2665 3121 episc0porum
2692 3052 2782 3120 qui
2812 3061 2937 3105 sunt
2966 3067 3089 3106 cum
3121 3054 3258 3122 ipso,
3282 3056 3333 3108 in
3363 3070 3593 3124 quorum
3618 3060 3794 3127 regio-

523 3149 593 3203 εἰς
637 3149 724 3201 τὴν
768 3144 947 3215 χώραν
992 3139 1328 3213 παρέρχοιτο.
1376 3137 1435 3186 Εί
1479 3132 1532 3188 δέ
1582 3133 1794 3205 μηδενός
1832 3136 2104 3193 καλοῦντος

2213 3158 2333 3197 nem
2363 3141 2590 3197 accedit.
2623 3141 2679 3195 Si
2705 3149 2883 3195 autem
2908 3143 3056 3197 nullo
3084 3155 3335 3211 vocante,
3369 3147 3673 3204 inordinate
3700 3151 3793 3205 ad-

522 3235 721 3288 οὶπέλθοι
752 3234 985 3288 ἀτάκτως
1012 3230 1095 3280 ἐπί
1143 3228 1435 3302 χειροθεσίᾳ
1480 3232 1647 3288 τινῶν,
1681 3228 1765 3278 καί
1794 3227 2107 3279 καταστάσει

524 3334 623 3381 τῶν
652 3325 1069 3380 ἐκκλησιαστικῶν
1107 3319 1421 3390 πραγμάτων
1453 3320 1521 3386 μὴ
1564 3316 1919 3390 προσηκόντων
1950 3316 2106 3384 αύτῷ,

523 3415 695 3487 ἄκυρα
737 3409 824 3482 μὲν
865 3414 929 3466 τά
968 3409 1057 3464 ὑπ’
1087 3412 1246 3462 αὐτοῦ
1295 3408 1627 3480 πεπραγμένα
1678 3408 1979 3477 τυγχάνειν
2023 3411 2107 3461 καί

523 3509 678 3564 αὐτὸν
700 3505 751 3559 δὲ
777 3506 993 3573 ὑπέχειν
1021 3510 1110 3560 τῆς
1139 3501 1352 3562 ἀταξίας
1396 3500 1555 3552 αὐτοῦ
1586 3502 1670 3550 καί
1696 3507 1785 3557 τῆς
1811 3498 2104 3571 παραλόγου

523 3600 897 3669 ἐπιχειρήσεως
942 3599 1032 3652 τήν
1074 3596 1438 3667 προσήκουσαν
1476 3588 1634 3654 δίκην,
1663 3591 2002 3663 καθῃρημένον
2029 3591 2107 3643 ἐνο

522 3692 693 3747 τεῦθεν
718 3687 814 3747 ἤδη
843 3687 944 3741 ύπό
968 3693 1058 3744 τῆς
1085 3684 1232 3756 άγίας
1263 3681 1504 3737 συνόδου.

595 3780 682 3852 ζγ’.
730 3779 792 3833 Εἴ
813 3800 890 3838 τις
931 3779 1202 3834 ἐπίσκοπος
1247 3777 1329 3828 ἐπί
1369 3794 1501 3829 τισιν
1548 3774 1819 3844 ἐγκλήμασι
1864 3776 2100 3848 κρίνοιτο,

524 3873 709 3928 ἔπειτα.
750 3871 976 3941 συμϐαίη
1018 3872 1136 3941 περὶ
1173 3868 1330 3920 αύτοῦ
1378 3865 1639 3937 διαφωνεῖν
1665 3868 1781 3925 τοὺς
1810 3868 1859 3918 ἐν
1888 3863 2011 3936 [ἐπὶ]
2040 3874 2102 3938 τῇ

520 3966 755 4037 ἐπαρχίᾳ
779 3960 1108 4018 ἰπισκόπους,
1134 3964 1234 4010 τῶν
1263 3961 1351 4025 μέν
1380 3958 1537 4009 ἀθῶον
1559 3956 1640 4009 τόν
1667 3957 1940 4031 κρινόμενον
1969 3958 2098 4009 ἁποο

519 4054 809 4125 φαινόντων,
842 4059 938 4104 τῶν
976 4048 1029 4103 δέ
1061 4048 1261 4117 ἔνοχιν,
1304 4048 1433 4123 ύπέρ
1467 4048 1760 4118 ἀπαλλαγῆς
1802 4050 1971 4108 πάσης
2002 4050 2101 4117 άμο

519 4145 890 4215 φισϐητησεως,
910 4138 1051 4203 ἔδοξε
1078 4147 1137 4213 τῇ
1162 4138 1281 4212 ἁγίᾳ
1304 4136 1497 4208 συνόδῳ
1520 4140 1602 4192 τόν
1626 4147 1714 4198 τῆς
1743 4140 2100 4213 μητροπόλεως

515 4234 818 4295 ἐπίσκοπον,
850 4232 951 4287 άπό
974 4238 1064 4289 τῆς
1096 4229 1462 4304 πλησιοχώρου
1503 4230 1766 4301 ἐπαρχίας
1806 4232 2099 4300 μετακαλεῖ-

515 4329 636 4381 σθαι
666 4327 869 4399 ἐτέρους
895 4325 1033 4384 τινάς
1061 4326 1182 4382 τούς
1212 4325 1574 4397 ἐπικρίνοντας,
1606 4326 1686 4375 καί
1710 4327 1799 4379 τήν
1839 4325 2095 4395 ἀμφισϐή-

514 4439 661 4475 τησιν
685 4415 1003 4477 διαλύοντας,
1032 4421 1123 4468 τοῦ
1154 4414 1438 4484 βεϐαιῶσαι
1459 4417 1551 4466 σύν
1582 4423 1686 4474 τοῖς
1715 4423 1805 4473 τῆς
1836 4416 2094 4491 ἐπαρχίας

515 4508 571 4562 τὸ
600 4507 998 4581 παριστάμενον.

586 4597 668 4667 έδ’.
694 4595 757 4649 Εἴ
772 4617 848 4655 τις
870 4596 1142 4652 ἐπίσκοπος
1164 4594 1246 4647 ἐπί
1263 4614 1394 4647 τισιν
1413 4592 1693 4665 ἐγκλήμασι
1712 4596 2087 4667 κατηγορηθείς,

513 4693 696 4764 κριθείη
722 4690 824 4741 ὑπὸ
852 4689 1053 4741 πάντων
1078 4694 1177 4740 τῶν
1205 4687 1253 4738 ἐν
1273 4692 1334 4757 τῇ
1365 4687 1598 4760 ἐπαρχίᾳ
1623 4688 1938 4753 ἐπισκοπῶν,
1970 4690 2089 4741 πάν-

510 4802 596 4840 τες
639 4800 693 4835 τι
746 4781 1007 4850 σύμφωνοι
1052 4780 1171 4848 μίαν
1220 4779 1328 4831 κατ’
1350 4778 1509 4831 αὐτοῦ
1558 4778 1849 4848 ἐξενέγκοιεν
1892 4778 2084 4851 ψῆφονο

510 4878 684 4927 τοῦτον
722 4872 895 4942 μηκέτι
938 4871 1060 4944 παρ’
1077 4870 1263 4945 ἑτέροις
1307 4868 1618 4937 δικάζεσθαι,
1638 4872 1759 4927 άλλά
1799 4875 1959 4943 μένειν
2001 4875 2089 4945 βε-

512 4965 657 5017 εαίαν
695 4966 783 5020 τήν
819 4960 1085 5034 σύμφωνον
1114 4970 1212 5017 τῶι
1237 4965 1321 5016 ἐπὶ
1366 4970 1473 5041 τῆς,
1505 4964 1763 5039 ἐπαρχίας
1798 4967 2088 5022 ἐπισκόπων

506 5055 780 5127 ἀπόφασιν.

579 5148 657 5217 4ε’.
690 5145 753 5200 Εἴ
783 5167 859 5205 τις
895 5147 1171 5205 ἐπίσκοπος
1197 5145 1469 5217 σχολάζων
1510 5148 1591 5201 ἐπί
1623 5149 1981 5218 σχολάζουσαν
2014 5150 2084 5202 ἐκ·

503 5241 711 5297 κλησίαν
752 5238 928 5293 ἐαυτὸν
962 5238 1262 5313 ἐπιρρίψας,
1294 5241 1578 5312 ύᾳαρπάζοι
1617 5244 1702 5294 τόν
1740 5242 1909 5312 θρόνον
1951 5240 2081 5309 δίχα

500 5328 715 5384 συνόδου
728 5330 938 5389 τελείας,
952 5351 980 5383 τ
992 5335 1124 5383 ,ὖτον
1136 5330 1419 5387 ἀπόϐλητον
1436 5328 1578 5395 εἶναι,
1606 5336 1690 5387 καί
1707 5336 1748 5386 εἰ
1769 5339 1871 5392 πᾶς
1888 5331 1912 5385 ό
1938 5332 2078 5393 λαός,

497 5420 552 5475 ὃν
579 5422 872 5496 ὑφήρπασεν
889 5462 902 5483 ,
931 5414 1085 5476 ἕλοιτο
1121 5422 1285 5478 αὐτόν·
1316 5425 1500 5479 τελείαν
1526 5423 1579 5479 δέ
1605 5428 1788 5483 ἐκείνην
1816 5421 1940 5479 εἶναι
1961 5427 2083 5478 σύνο

496 5514 631 5579 οδον,
716 5512 806 5583 [εἰς
834 5512 911 5583 ἦν]
932 5518 1259 5593 συμπάρεστι
1291 5522 1377 5572 καί
1399 5518 1423 5572 ὁ
1444 5528 1535 5577 τῆς
1557 5517 1932 5590 μητροπόλεως.

570 5688 662 5757 ές·’.
696 5688 759 5741 Εἴ
782 5712 855 5751 τις
888 5693 1156 5756 ἐπίσκοπος
1190 5696 1512 5766 χειροθεσίαν
1545 5692 1666 5764 παρ’
1694 5689 1971 5743 ἐπισκόπου
1993 5688 2063 5741 λαε

496 5783 617 5849 ϐων,
646 5784 724 5836 καί
753 5781 967 5855 ὁρισθιὶς
998 5791 1302 5859 προιστάναι
1330 5789 1483 5853 λαοῦ,
1519 5791 1586 5855 μή
1622 5780 1941 5845 καταδέξοιτο
1981 5785 2066 5846 τήν

2118 4550 2168 4610 D

2211 3234 2408 3297 veniat,
2436 3233 2502 3285 ad
2533 3233 2833 3301 aliquorum
2864 3232 3277 3299 ordinationem,
3323 3244 3377 3290 et
3404 3238 3794 3295 ecclesiastica-

2212 3341 2329 3378 rum
2356 3340 2557 3387 rerum,
2590 3325 2656 3377 ad
2684 3340 2743 3379 se
2774 3340 2880 3379 non
2904 3327 3306 3395 pertinentium,
3325 3331 3790 3398 constitutionem,

2209 3419 2317 3473 sint
2357 3417 2573 3486 quidem
2607 3418 2755 3471 irrita
2787 3433 2905 3487 qua:
2936 3419 3002 3472 ab
3051 3419 3165 3488 ipso
3195 3430 3491 3487 geruntur:
3520 3426 3633 3492 ipse
3663 3440 3792 3480 vero

2209 3525 2316 3564 suae
2345 3510 2713 3579 perversitatis
2765 3517 2819 3562 et
2866 3518 3060 3579 praeter
3098 3511 3360 3565 rationem
3391 3512 3543 3567 facta:
3570 3527 3791 3582 aggres-

2207 3601 2374 3657 sionis
2402 3600 2609 3654 debitas
2641 3616 2828 3669 poenas
2856 3599 2967 3665 det,
3000 3601 3192 3654 exinde
3217 3602 3424 3658 scilicet
3444 3619 3473 3657 a
3504 3614 3687 3660 sancta
3709 3623 3791 3678 sy-

2205 3689 2347 3744 nodo
2373 3690 2668 3760 depositus.

2276 3780 2454 3836 XCIII.
2486 3780 2664 3834 -14.
2700 3780 2755 3835 Si
2785 3780 2902 3849 quis
2931 3780 3213 3849 episcopus
3240 3780 3307 3835 de
3334 3782 3653 3851 quibusdam
3683 3788 3790 3840 cri-

2204 3873 2436 3927 minibus
2460 3873 2748 3940 judicetur,
2800 3871 2993 3925 deinde
3023 3872 3296 3940 contingat
3335 3876 3620 3945 episcopos
3661 3894 3789 3948 pro-

2205 3964 2391 4019 vincia:
2420 3964 2491 4019 de
2520 3980 2586 4019 eo
2610 3964 2887 4027 dissidere,
2926 3956 3029 4017 illis
3057 3964 3270 4031 quidem
3300 3980 3421 4019 eum
3450 3968 3518 4022 de
3542 3984 3650 4037 quo
3679 3970 3789 4026 Ier-

2204 4063 2290 4109 tur
2315 4056 2602 4119 sententia,
2650 4056 2989 4109 innocentem
3018 4056 3504 4124 pronuntiantibus,
3536 4060 3617 4115 his
3652 4076 3787 4118 vero

2201 4162 2392 4201 reum:
2424 4162 2522 4216 pro
2574 4154 2683 4199 tota
2732 4146 3102 4214 componenda
3145 4150 3532 4215 controversia,
3582 4153 3785 4222 placuit

2199 4248 2397 4294 sancta:
2421 4238 2649 4310 synodo,
2682 4246 2739 4291 ut
2768 4238 3050 4308 episcopus
3078 4240 3523 4309 metropolitanus
3552 4259 3582 4298 e
3608 4245 3781 4300 vicina

2199 4331 2472 4399 provincia
2496 4331 2703 4399 judices
2740 4330 2873 4383 alios
2901 4340 3182 4397 convocet,
3233 4333 3323 4401 qui
3352 4338 3779 4393 controversiam

2200 4422 2411 4488 tollant,
2440 4431 2494 4476 et
2522 4422 2665 4490 quod
2712 4436 2831 4475 cum
2863 4423 3149 4490 provincia:
3179 4425 3447 4495 episcopis
3494 4429 3780 4497 probatum

2198 4509 2379 4575 fuerit,
2407 4511 2709 4566 conﬁrmet.

2266 4600 2443 4657 XCIV.
2474 4634 2547 4644 ——
2576 4600 2663 4653 15.
2696 4598 2750 4653 Si
2792 4600 2912 4667 quis
2940 4601 3224 4671 episcopus
3253 4604 3554 4674 aliquorum
3593 4609 3778 4664 crimi-

2193 4708 2318 4746 num
2342 4700 2639 4752 accusatus,
2673 4690 2739 4743 ab
2766 4691 3013 4746 omnibus
3036 4694 3327 4761 provinciae
3351 4698 3619 4768 episcopis
3646 4717 3777 4756 con-

2192 4781 2474 4835 dcmuatus
2529 4780 2724 4843 fuerit,
2794 4788 2848 4834 et
2896 4797 3085 4836 omnes
3135 4800 3294 4838 unam
3346 4792 3775 4848 consentientem

2194 4872 2449 4925 adversus
2477 4886 2598 4924 eum
2628 4870 2949 4923 sententiam
2993 4874 3212 4927 tulerint
3239 4894 3250 4928 :
3286 4878 3330 4931 is
3357 4894 3425 4933 ne
3454 4882 3681 4950 amplius
3706 4885 3774 4939 ab

2192 4963 2310 5015 aliis
2333 4962 2603 5031 judicetur
2628 4979 2639 5015 :
2665 4962 2757 5015 sed
2781 4964 3066 5031 provincia:
3089 4968 3464 5038 episcoporum
3494 4974 3646 5029 Iirma
3670 4992 3773 5029 ma~

2194 5062 2319 5107 neat
2342 5052 2629 5105 sententia.

2262 5141 2419 5196 XCV.
2451 5174 2521 5182 —
2551 5140 2633 5193 16.
2666 5140 2722 5194 Si
2751 5142 2870 5210 quis
2911 5144 3195 5215 cpiscopus
3223 5165 3441 5219 vacans,
3494 5154 3546 5207 in
3592 5158 3769 5211 eccle-

2191 5235 2324 5287 siam
2351 5240 2630 5286 vacantem
2670 5231 2902 5300 seipsum
2951 5234 3215 5303 injiciens,
3263 5242 3551 5309 arripuerit
3586 5246 3767 5302 sedem

2190 5325 2391 5390 absque
2437 5321 2673 5391 perfecta
2731 5323 2963 5392 synodo,
3012 5326 3152 5382 hunc
3201 5330 3574 5398 expellendum
3626 5349 3766 5399 esse,

2189 5412 2396 5467 etiamsi
2426 5412 2599 5466 omnis
2629 5413 2876 5482 populus,
2908 5432 3065 5486 quem
3097 5421 3342 5489 arripuit,
3374 5437 3494 5476 eum
3522 5425 3765 5494 elegerit.

2188 5503 2425 5558 Perfecta
2456 5518 2583 5558 vero
2612 5508 2846 5586 synodus
2873 5510 2962 5563 illa
2991 5518 3091 5575 est,
3126 5513 3210 5565 cui
3241 5514 3462 5570 interest
3483 5526 3539 5571 et
3559 5529 3765 5575 metro-

2182 5597 2449 5664 politauus
2476 5598 2775 5668 episcopus.

2250 5686 2425 5740 XCVI.
2462 5720 2526 5727 -—
2558 5687 2640 5741 I7.
2675 5690 2727 5742 Si
2772 5692 2888 5759 quis
2930 5693 3234 5762 episcopus,
3279 5707 3499 5767 accepta
3536 5701 3755 5769 imposi-

2178 5780 2322 5835 tioue
2353 5796 2602 5838 manuum
2636 5785 2701 5839 ab
2724 5786 2976 5858 episcopo
3003 5797 3055 5843 et
3081 5790 3279 5859 populo
3301 5808 3529 5862 praeesse
3548 5796 3751 5864 jussus.
