  <div class='ocr_page' id='page_1' title='image "/cluster/home/n/w/nwhite01/storage/ocr_20150623/67/hvd.32044015547185/038.png"; bbox 0 0 4128 6348; ppageno 0'>
   <div class='ocr_carea' id='block_1_1' title="bbox 306 313 3574 389">
    <p class='ocr_par' dir='ltr' id='par_1_1' title="bbox 306 313 3574 389">
     <span class='ocr_line' id='line_1_1' title="bbox 306 313 3574 389; baseline 0.008 -26"><span class='ocrx_word' id='word_1_1' title='bbox 306 318 378 373; x_wconf 76' lang='lat'><strong>65</strong></span> <span class='ocrx_word' id='word_1_2' title='bbox 1236 313 1463 370; x_wconf 83' lang='lat' dir='ltr'><strong>CODEX</strong></span> <span class='ocrx_word' id='word_1_3' title='bbox 1501 315 1826 372; x_wconf 76' lang='lat' dir='ltr'><strong>CANDNUM</strong></span> <span class='ocrx_word' id='word_1_4' title='bbox 1857 315 2221 375; x_wconf 63' lang='lat' dir='ltr'><strong>UNIVERSIE</strong></span> <span class='ocrx_word' id='word_1_5' title='bbox 2260 320 2633 381; x_wconf 74' lang='lat' dir='ltr'><strong>ECCLESUE.</strong></span> <span class='ocrx_word' id='word_1_6' title='bbox 3503 334 3574 389; x_wconf 76' lang='lat'><strong><em>66</em></strong></span> 
     </span>
    </p>
   </div>
   <div class='ocr_carea' id='block_1_2' title="bbox 306 420 1885 516">
    <p class='ocr_par' dir='ltr' id='par_1_2' title="bbox 306 424 1885 503">
     <span class='ocr_line' id='line_1_2' title="bbox 306 424 1885 503; baseline -0.001 -18"><span class='ocrx_word' id='word_1_7' title='bbox 306 427 650 501; x_wconf 70' lang='grc' dir='ltr'>λειτουργίαν,</span> <span class='ocrx_word' id='word_1_8' title='bbox 690 424 815 497; x_wconf 69' lang='grc' dir='ltr'>μηδὲ</span> <span class='ocrx_word' id='word_1_9' title='bbox 840 428 1058 481; x_wconf 79' lang='grc' dir='ltr'><strong>πείθοιτο</strong></span> <span class='ocrx_word' id='word_1_10' title='bbox 1093 428 1292 483; x_wconf 77' lang='grc' dir='ltr'><strong>ἀπιέναι</strong></span> <span class='ocrx_word' id='word_1_11' title='bbox 1328 432 1399 489; x_wconf 84' lang='grc' dir='ltr'>εἰς</span> <span class='ocrx_word' id='word_1_12' title='bbox 1442 434 1531 488; x_wconf 75' lang='grc' dir='ltr'><strong>τήν</strong></span> <span class='ocrx_word' id='word_1_13' title='bbox 1561 432 1885 503; x_wconf 80' lang='grc' dir='ltr'>ἐγχειρισθεῐ-</span> 
     </span>
    </p>
   </div>
   <div class='ocr_carea' id='block_1_3' title="bbox 1987 420 3571 516">
    <p class='ocr_par' dir='ltr' id='par_1_3' title="bbox 1998 420 3571 516">
     <span class='ocr_line' id='line_1_3' title="bbox 1998 420 3571 516; baseline 0.013 -34"><span class='ocrx_word' id='word_1_14' title='bbox 1998 431 2353 486; x_wconf 79' lang='lat' dir='ltr'><strong>ministerium</strong></span> <span class='ocrx_word' id='word_1_15' title='bbox 2386 448 2494 489; x_wconf 89' lang='lat' dir='ltr'><strong>non</strong></span> <span class='ocrx_word' id='word_1_16' title='bbox 2521 420 2837 505; x_wconf 85' lang='lat' dir='ltr'><strong>susceperit,</strong></span> <span class='ocrx_word' id='word_1_17' title='bbox 2886 451 3061 509; x_wconf 81' lang='lat' dir='ltr'><strong>neque</strong></span> <span class='ocrx_word' id='word_1_18' title='bbox 3089 443 3418 512; x_wconf 84' lang='lat' dir='ltr'><strong>acquieverit</strong></span> <span class='ocrx_word' id='word_1_19' title='bbox 3442 462 3571 516; x_wconf 87' lang='lat' dir='ltr'><strong>pro-</strong></span> 
     </span>
    </p>
   </div>
   <div class='ocr_carea' id='block_1_4' title="bbox 308 514 1891 591">
    <p class='ocr_par' dir='ltr' id='par_1_4' title="bbox 308 514 1891 591">
     <span class='ocr_line' id='line_1_4' title="bbox 308 514 1891 591; baseline -0.003 -15"><span class='ocrx_word' id='word_1_20' title='bbox 308 543 410 576; x_wconf 86' lang='grc' dir='ltr'><strong>σαν</strong></span> <span class='ocrx_word' id='word_1_21' title='bbox 436 520 576 590; x_wconf 75' lang='grc' dir='ltr'>αὐτῷ</span> <span class='ocrx_word' id='word_1_22' title='bbox 604 517 903 580; x_wconf 82' lang='grc' dir='ltr'>ἐκκλησίαν,</span> <span class='ocrx_word' id='word_1_23' title='bbox 929 525 1109 572; x_wconf 83' lang='grc' dir='ltr'>τοῦτον</span> <span class='ocrx_word' id='word_1_24' title='bbox 1143 515 1271 574; x_wconf 76' lang='grc' dir='ltr'>εἶναι</span> <span class='ocrx_word' id='word_1_25' title='bbox 1296 516 1663 591; x_wconf 19' lang='grc' dir='ltr'>δάκοινῶνητον,</span> <span class='ocrx_word' id='word_1_26' title='bbox 1702 518 1809 573; x_wconf 71' lang='grc' dir='ltr'>ἔστ’</span> <span class='ocrx_word' id='word_1_27' title='bbox 1834 514 1891 571; x_wconf 82' lang='grc' dir='ltr'><strong>ἂν</strong></span> 
     </span>
    </p>
   </div>
   <div class='ocr_carea' id='block_1_5' title="bbox 309 605 1895 683">
    <p class='ocr_par' dir='ltr' id='par_1_5' title="bbox 309 605 1895 683">
     <span class='ocr_line' id='line_1_5' title="bbox 309 605 1895 683; baseline 0 -20"><span class='ocrx_word' id='word_1_28' title='bbox 309 609 645 680; x_wconf 67' lang='grc' dir='ltr'>ἀναγκασθείς</span> <span class='ocrx_word' id='word_1_29' title='bbox 669 605 1015 670; x_wconf 78' lang='grc' dir='ltr'>καταδέξοιτο,</span> <span class='ocrx_word' id='word_1_30' title='bbox 1039 606 1428 678; x_wconf 65' lang='grc' dir='ltr'>[καταδέξηταιῇ</span> <span class='ocrx_word' id='word_1_31' title='bbox 1460 608 1489 667; x_wconf 79' lang='grc' dir='ltr'>ἦ</span> <span class='ocrx_word' id='word_1_32' title='bbox 1516 608 1680 683; x_wconf 86' lang='grc' dir='ltr'>όρίσοι</span> <span class='ocrx_word' id='word_1_33' title='bbox 1707 631 1758 664; x_wconf 91' lang='grc' dir='ltr'><strong>τι</strong></span> <span class='ocrx_word' id='word_1_34' title='bbox 1775 612 1895 683; x_wconf 83' lang='grc' dir='ltr'>περὶ</span> 
     </span>
    </p>
   </div>
   <div class='ocr_carea' id='block_1_6' title="bbox 308 682 1895 773">
    <p class='ocr_par' dir='ltr' id='par_1_6' title="bbox 308 696 1895 773">
     <span class='ocr_line' id='line_1_6' title="bbox 308 696 1895 773; baseline -0.003 -18"><span class='ocrx_word' id='word_1_35' title='bbox 308 704 463 757; x_wconf 67' lang='grc' dir='ltr'>αἰττοῦ</span> <span class='ocrx_word' id='word_1_36' title='bbox 491 702 521 757; x_wconf 78' lang='lat' dir='ltr'><strong>ri</strong></span> <span class='ocrx_word' id='word_1_37' title='bbox 543 699 707 752; x_wconf 82' lang='grc' dir='ltr'>τελεία</span> <span class='ocrx_word' id='word_1_38' title='bbox 736 696 943 758; x_wconf 80' lang='grc' dir='ltr'><strong>σύνοδος</strong></span> <span class='ocrx_word' id='word_1_39' title='bbox 969 706 1067 752; x_wconf 86' lang='grc' dir='ltr'>τῶν</span> <span class='ocrx_word' id='word_1_40' title='bbox 1097 701 1227 753; x_wconf 84' lang='grc' dir='ltr'>κατὰ</span> <span class='ocrx_word' id='word_1_41' title='bbox 1266 704 1355 757; x_wconf 77' lang='grc' dir='ltr'>τὴν</span> <span class='ocrx_word' id='word_1_42' title='bbox 1400 696 1659 773; x_wconf 73' lang='grc' dir='ltr'><strong>ἐπαρχίαν</strong></span> <span class='ocrx_word' id='word_1_43' title='bbox 1694 698 1895 753; x_wconf 90' lang='grc' dir='ltr'>ἐπισκό-</span> 
     </span>
    </p>
   </div>
   <div class='ocr_carea' id='block_1_7' title="bbox 310 816 439 847">
    <p class='ocr_par' dir='ltr' id='par_1_7' title="bbox 310 816 439 847">
     <span class='ocr_line' id='line_1_7' title="bbox 310 816 439 847; baseline -0.008 0"><span class='ocrx_word' id='word_1_44' title='bbox 310 816 439 847; x_wconf 88' lang='grc' dir='ltr'>πων.</span> 
     </span>
    </p>
   </div>
   <div class='ocr_carea' id='block_1_8' title="bbox 381 884 1893 958">
    <p class='ocr_par' dir='ltr' id='par_1_8' title="bbox 381 884 1893 958">
     <span class='ocr_line' id='line_1_8' title="bbox 381 884 1893 958; baseline -0.002 -19"><span class='ocrx_word' id='word_1_45' title='bbox 381 887 466 955; x_wconf 59' lang='grc' dir='ltr'><strong>ιζ’.</strong></span> <span class='ocrx_word' id='word_1_46' title='bbox 500 885 563 940; x_wconf 78' lang='grc' dir='ltr'><strong>Εἴ</strong></span> <span class='ocrx_word' id='word_1_47' title='bbox 583 908 662 947; x_wconf 87' lang='grc' dir='ltr'><strong>τις</strong></span> <span class='ocrx_word' id='word_1_48' title='bbox 700 887 983 944; x_wconf 74' lang='grc' dir='ltr'><strong>ἐπίσκοπος</strong></span> <span class='ocrx_word' id='word_1_49' title='bbox 1018 884 1389 957; x_wconf 85' lang='grc' dir='ltr'>χειροτονηθείς</span> <span class='ocrx_word' id='word_1_50' title='bbox 1430 887 1499 943; x_wconf 81' lang='grc' dir='ltr'>εἰς</span> <span class='ocrx_word' id='word_1_51' title='bbox 1527 887 1791 958; x_wconf 89' lang='grc' dir='ltr'>παροικίαν</span> <span class='ocrx_word' id='word_1_52' title='bbox 1825 889 1893 953; x_wconf 79' lang='grc' dir='ltr'><strong><em>μή</em></strong></span> 
     </span>
    </p>
   </div>
   <div class='ocr_carea' id='block_1_9' title="bbox 309 956 1894 1047">
    <p class='ocr_par' dir='ltr' id='par_1_9' title="bbox 309 963 1894 1047">
     <span class='ocr_line' id='line_1_9' title="bbox 309 963 1894 1047; baseline -0.001 -17"><span class='ocrx_word' id='word_1_53' title='bbox 309 978 513 1030; x_wconf 70' lang='grc' dir='ltr'>ἀπέλθοι</span> <span class='ocrx_word' id='word_1_54' title='bbox 538 979 609 1035; x_wconf 79' lang='grc' dir='ltr'>εἰς</span> <span class='ocrx_word' id='word_1_55' title='bbox 629 976 687 1033; x_wconf 81' lang='grc' dir='ltr'>ἧν</span> <span class='ocrx_word' id='word_1_56' title='bbox 714 963 1046 1045; x_wconf 69' lang='grc' dir='ltr'>χειροτονήθη</span> <span class='ocrx_word' id='word_1_57' title='bbox 1086 969 1509 1046; x_wconf 71' lang='grc' dir='ltr'>[ἐχειροτονήθη],</span> <span class='ocrx_word' id='word_1_58' title='bbox 1543 975 1598 1025; x_wconf 84' lang='grc' dir='ltr'>οὐ</span> <span class='ocrx_word' id='word_1_59' title='bbox 1632 975 1772 1047; x_wconf 85' lang='grc' dir='ltr'>παρὰ</span> <span class='ocrx_word' id='word_1_60' title='bbox 1804 980 1894 1031; x_wconf 77' lang='grc' dir='ltr'><strong>την</strong></span> 
     </span>
    </p>
   </div>
   <div class='ocr_carea' id='block_1_10' title="bbox 310 1063 1895 1135">
    <p class='ocr_par' dir='ltr' id='par_1_10' title="bbox 310 1063 1895 1135">
     <span class='ocr_line' id='line_1_10' title="bbox 310 1063 1895 1135; baseline -0.003 -14"><span class='ocrx_word' id='word_1_61' title='bbox 310 1068 497 1122; x_wconf 75' lang='grc' dir='ltr'>ἑαυτοῦ</span> <span class='ocrx_word' id='word_1_62' title='bbox 529 1069 720 1129; x_wconf 81' lang='grc' dir='ltr'><strong>αἰτίαν,</strong></span> <span class='ocrx_word' id='word_1_63' title='bbox 749 1064 852 1117; x_wconf 83' lang='grc' dir='ltr'>ἀλλ’</span> <span class='ocrx_word' id='word_1_64' title='bbox 879 1064 992 1122; x_wconf 72' lang='grc' dir='ltr'>ἦτοι</span> <span class='ocrx_word' id='word_1_65' title='bbox 1021 1063 1103 1118; x_wconf 86' lang='grc' dir='ltr'>διὰ</span> <span class='ocrx_word' id='word_1_66' title='bbox 1126 1070 1213 1121; x_wconf 69' lang='grc' dir='ltr'>τήν</span> <span class='ocrx_word' id='word_1_67' title='bbox 1246 1070 1335 1117; x_wconf 83' lang='grc' dir='ltr'>τοῦ</span> <span class='ocrx_word' id='word_1_68' title='bbox 1356 1064 1476 1117; x_wconf 79' lang='grc' dir='ltr'>λαοῦ</span> <span class='ocrx_word' id='word_1_69' title='bbox 1508 1069 1832 1135; x_wconf 88' lang='grc' dir='ltr'>παραίτησιν,</span> <span class='ocrx_word' id='word_1_70' title='bbox 1865 1065 1895 1123; x_wconf 73' lang='grc' dir='ltr'><strong>ἦ</strong></span> 
     </span>
    </p>
   </div>
   <div class='ocr_carea' id='block_1_11' title="bbox 310 1158 1896 1231">
    <p class='ocr_par' dir='ltr' id='par_1_11' title="bbox 310 1158 1896 1231">
     <span class='ocr_line' id='line_1_11' title="bbox 310 1158 1896 1231; baseline -0.008 -17"><span class='ocrx_word' id='word_1_71' title='bbox 310 1159 375 1214; x_wconf 82' lang='grc' dir='ltr'><strong>δι’</strong></span> <span class='ocrx_word' id='word_1_72' title='bbox 397 1161 570 1231; x_wconf 77' lang='grc' dir='ltr'>ἑτέραν</span> <span class='ocrx_word' id='word_1_73' title='bbox 596 1160 760 1212; x_wconf 59' lang='grc' dir='ltr'>αδτίαν</span> <span class='ocrx_word' id='word_1_74' title='bbox 786 1160 873 1210; x_wconf 82' lang='grc' dir='ltr'><strong>ούκ</strong></span> <span class='ocrx_word' id='word_1_75' title='bbox 898 1159 949 1219; x_wconf 74' lang='grc' dir='ltr'>ἐξ</span> <span class='ocrx_word' id='word_1_76' title='bbox 973 1158 1131 1210; x_wconf 80' lang='grc' dir='ltr'>αὐτοῦ</span> <span class='ocrx_word' id='word_1_77' title='bbox 1155 1158 1437 1228; x_wconf 70' lang='grc' dir='ltr'>γενομένην.</span> <span class='ocrx_word' id='word_1_78' title='bbox 1462 1162 1637 1209; x_wconf 75' lang='grc' dir='ltr'>τοῦτον</span> <span class='ocrx_word' id='word_1_79' title='bbox 1658 1158 1896 1226; x_wconf 80' lang='grc' dir='ltr'><strong>μετέχειν</strong></span> 
     </span>
    </p>
   </div>
   <div class='ocr_carea' id='block_1_12' title="bbox 309 1246 1897 1324">
    <p class='ocr_par' dir='ltr' id='par_1_12' title="bbox 309 1246 1897 1324">
     <span class='ocr_line' id='line_1_12' title="bbox 309 1246 1897 1324; baseline 0.001 -23"><span class='ocrx_word' id='word_1_80' title='bbox 309 1260 398 1311; x_wconf 78' lang='grc' dir='ltr'>τῆς</span> <span class='ocrx_word' id='word_1_81' title='bbox 415 1260 561 1319; x_wconf 79' lang='grc' dir='ltr'>τιμῆς</span> <span class='ocrx_word' id='word_1_82' title='bbox 584 1252 665 1303; x_wconf 87' lang='grc' dir='ltr'>καὶ</span> <span class='ocrx_word' id='word_1_83' title='bbox 687 1258 776 1308; x_wconf 73' lang='grc' dir='ltr'>τῆς</span> <span class='ocrx_word' id='word_1_84' title='bbox 800 1250 1132 1324; x_wconf 68' lang='grc' dir='ltr'>λειτουργίας,</span> <span class='ocrx_word' id='word_1_85' title='bbox 1148 1248 1291 1317; x_wconf 86' lang='grc' dir='ltr'>μόνον</span> <span class='ocrx_word' id='word_1_86' title='bbox 1311 1246 1461 1316; x_wconf 83' lang='grc' dir='ltr'>μηδὲν</span> <span class='ocrx_word' id='word_1_87' title='bbox 1481 1249 1897 1322; x_wconf 83' lang='grc' dir='ltr'>παρενοχλοῦντα</span> 
     </span>
    </p>
   </div>
   <div class='ocr_carea' id='block_1_13' title="bbox 307 1334 1898 1416">
    <p class='ocr_par' dir='ltr' id='par_1_13' title="bbox 307 1334 1898 1416">
     <span class='ocr_line' id='line_1_13' title="bbox 307 1334 1898 1416; baseline -0.002 -20"><span class='ocrx_word' id='word_1_88' title='bbox 307 1350 410 1401; x_wconf 87' lang='grc' dir='ltr'>τοῖς</span> <span class='ocrx_word' id='word_1_89' title='bbox 449 1344 720 1416; x_wconf 76' lang='grc' dir='ltr'>πράγμασι</span> <span class='ocrx_word' id='word_1_90' title='bbox 746 1350 835 1399; x_wconf 75' lang='grc' dir='ltr'>τῆς</span> <span class='ocrx_word' id='word_1_91' title='bbox 882 1341 1144 1399; x_wconf 82' lang='grc' dir='ltr'><strong>ἐκκλησίας</strong></span> <span class='ocrx_word' id='word_1_92' title='bbox 1165 1378 1179 1401; x_wconf 96' lang='grc'><strong>,</strong></span> <span class='ocrx_word' id='word_1_93' title='bbox 1207 1338 1320 1393; x_wconf 79' lang='grc' dir='ltr'>ἔνθα</span> <span class='ocrx_word' id='word_1_94' title='bbox 1359 1334 1416 1391; x_wconf 81' lang='grc' dir='ltr'><strong>ἂν</strong></span> <span class='ocrx_word' id='word_1_95' title='bbox 1446 1341 1729 1408; x_wconf 65' lang='grc' dir='ltr'>συνάγοιτσ</span> <span class='ocrx_word' id='word_1_96' title='bbox 1763 1338 1898 1393; x_wconf 80' lang='grc' dir='ltr'>ἐκδέ-</span> 
     </span>
    </p>
   </div>
   <div class='ocr_carea' id='block_1_14' title="bbox 307 1425 1896 1504">
    <p class='ocr_par' dir='ltr' id='par_1_14' title="bbox 307 1425 1896 1504">
     <span class='ocr_line' id='line_1_14' title="bbox 307 1425 1896 1504; baseline -0.003 -19"><span class='ocrx_word' id='word_1_97' title='bbox 307 1436 497 1504; x_wconf 80' lang='grc' dir='ltr'>χεσθαι</span> <span class='ocrx_word' id='word_1_98' title='bbox 528 1431 581 1486; x_wconf 80' lang='grc' dir='ltr'><strong>δέ</strong></span> <span class='ocrx_word' id='word_1_99' title='bbox 609 1438 814 1490; x_wconf 80' lang='grc' dir='ltr'>τοῦτον,</span> <span class='ocrx_word' id='word_1_100' title='bbox 848 1426 873 1481; x_wconf 83' lang='grc' dir='ltr'><strong>ό</strong></span> <span class='ocrx_word' id='word_1_101' title='bbox 914 1425 973 1481; x_wconf 72' lang='grc' dir='ltr'>ἂν</span> <span class='ocrx_word' id='word_1_102' title='bbox 1003 1431 1032 1485; x_wconf 77' lang='grc' dir='ltr'>ἡ</span> <span class='ocrx_word' id='word_1_103' title='bbox 1066 1437 1157 1487; x_wconf 77' lang='grc' dir='ltr'>τῆς</span> <span class='ocrx_word' id='word_1_104' title='bbox 1193 1430 1454 1502; x_wconf 77' lang='grc' dir='ltr'><strong>ἐπαρχίας</strong></span> <span class='ocrx_word' id='word_1_105' title='bbox 1490 1430 1651 1481; x_wconf 87' lang='grc' dir='ltr'>τελεία</span> <span class='ocrx_word' id='word_1_106' title='bbox 1683 1426 1896 1487; x_wconf 81' lang='grc' dir='ltr'>σύνοδος</span> 
     </span>
    </p>
   </div>
   <div class='ocr_carea' id='block_1_15' title="bbox 307 1520 1219 1599">
    <p class='ocr_par' dir='ltr' id='par_1_15' title="bbox 307 1520 1219 1599">
     <span class='ocr_line' id='line_1_15' title="bbox 307 1520 1219 1599; baseline -0.001 -24"><span class='ocrx_word' id='word_1_107' title='bbox 307 1528 520 1599; x_wconf 79' lang='grc' dir='ltr'>κρίνασα</span> <span class='ocrx_word' id='word_1_108' title='bbox 547 1525 604 1577; x_wconf 86' lang='grc' dir='ltr'><strong>τό</strong></span> <span class='ocrx_word' id='word_1_109' title='bbox 632 1524 1012 1596; x_wconf 75' lang='grc' dir='ltr'>παριστάμενον</span> <span class='ocrx_word' id='word_1_110' title='bbox 1044 1520 1219 1594; x_wconf 75' lang='grc' dir='ltr'>ὁρίσῃ.</span> 
     </span>
    </p>
   </div>
   <div class='ocr_carea' id='block_1_16' title="bbox 378 1611 1893 1685">
    <p class='ocr_par' dir='ltr' id='par_1_16' title="bbox 378 1611 1893 1685">
     <span class='ocr_line' id='line_1_16' title="bbox 378 1611 1893 1685; baseline 0.001 -18"><span class='ocrx_word' id='word_1_111' title='bbox 378 1614 467 1682; x_wconf 71' lang='grc' dir='ltr'>έη’.</span> <span class='ocrx_word' id='word_1_112' title='bbox 494 1613 797 1667; x_wconf 81' lang='grc' dir='ltr'>Ἐπίσκοπον</span> <span class='ocrx_word' id='word_1_113' title='bbox 841 1619 909 1684; x_wconf 80' lang='grc' dir='ltr'><strong>μη</strong></span> <span class='ocrx_word' id='word_1_114' title='bbox 955 1615 1354 1685; x_wconf 80' lang='grc' dir='ltr'>χειροτονεῖσθαι</span> <span class='ocrx_word' id='word_1_115' title='bbox 1398 1611 1528 1682; x_wconf 84' lang='grc' dir='ltr'>δίχα</span> <span class='ocrx_word' id='word_1_116' title='bbox 1562 1612 1773 1667; x_wconf 82' lang='grc' dir='ltr'>συνόδου</span> <span class='ocrx_word' id='word_1_117' title='bbox 1811 1618 1893 1669; x_wconf 87' lang='grc' dir='ltr'><strong>καί</strong></span> 
     </span>
    </p>
   </div>
   <div class='ocr_carea' id='block_1_17' title="bbox 306 1705 1892 1782">
    <p class='ocr_par' dir='ltr' id='par_1_17' title="bbox 306 1705 1892 1782">
     <span class='ocr_line' id='line_1_17' title="bbox 306 1705 1892 1782; baseline -0.001 -20"><span class='ocrx_word' id='word_1_118' title='bbox 306 1714 594 1782; x_wconf 88' lang='grc' dir='ltr'>παρουσίας</span> <span class='ocrx_word' id='word_1_119' title='bbox 606 1713 699 1760; x_wconf 83' lang='grc' dir='ltr'>τοῦ</span> <span class='ocrx_word' id='word_1_120' title='bbox 720 1708 770 1759; x_wconf 85' lang='grc' dir='ltr'><strong>ἐν</strong></span> <span class='ocrx_word' id='word_1_121' title='bbox 791 1714 852 1777; x_wconf 77' lang='grc' dir='ltr'>τῇ</span> <span class='ocrx_word' id='word_1_122' title='bbox 879 1707 1185 1778; x_wconf 76' lang='grc' dir='ltr'>μητροπόλει</span> <span class='ocrx_word' id='word_1_123' title='bbox 1206 1714 1296 1765; x_wconf 82' lang='grc' dir='ltr'>τῆς</span> <span class='ocrx_word' id='word_1_124' title='bbox 1322 1707 1602 1782; x_wconf 76' lang='grc' dir='ltr'>ἐπαρχίας,</span> <span class='ocrx_word' id='word_1_125' title='bbox 1632 1711 1813 1761; x_wconf 89' lang='grc' dir='ltr'>τούτου</span> <span class='ocrx_word' id='word_1_126' title='bbox 1838 1705 1892 1760; x_wconf 76' lang='grc' dir='ltr'>δὲ</span> 
     </span>
    </p>
   </div>
   <div class='ocr_carea' id='block_1_18' title="bbox 1997 518 3573 594">
    <p class='ocr_par' dir='ltr' id='par_1_18' title="bbox 1997 518 3573 594">
     <span class='ocr_line' id='line_1_18' title="bbox 1997 518 3573 594; baseline 0.012 -24"><span class='ocrx_word' id='word_1_127' title='bbox 1997 518 2161 575; x_wconf 83' lang='lat' dir='ltr'><strong>ﬁcisci</strong></span> <span class='ocrx_word' id='word_1_128' title='bbox 2187 519 2254 573; x_wconf 91' lang='lat' dir='ltr'><strong>ad</strong></span> <span class='ocrx_word' id='word_1_129' title='bbox 2282 522 2563 576; x_wconf 84' lang='lat' dir='ltr'><strong>ecclesiam</strong></span> <span class='ocrx_word' id='word_1_130' title='bbox 2593 525 2694 578; x_wconf 78' lang='lat' dir='ltr'><strong>sibi</strong></span> <span class='ocrx_word' id='word_1_131' title='bbox 2723 528 3082 594; x_wconf 82' lang='lat' dir='ltr'><strong>commissam,</strong></span> <span class='ocrx_word' id='word_1_132' title='bbox 3107 532 3248 587; x_wconf 90' lang='lat' dir='ltr'><strong>hunc</strong></span> <span class='ocrx_word' id='word_1_133' title='bbox 3267 549 3573 589; x_wconf 82' lang='lat' dir='ltr'><strong>excommu-</strong></span> 
     </span>
    </p>
   </div>
   <div class='ocr_carea' id='block_1_19' title="bbox 1997 608 3575 691">
    <p class='ocr_par' dir='ltr' id='par_1_19' title="bbox 1997 608 3575 691">
     <span class='ocr_line' id='line_1_19' title="bbox 1997 608 3575 691; baseline 0.01 -29"><span class='ocrx_word' id='word_1_134' title='bbox 1997 608 2233 663; x_wconf 86' lang='lat' dir='ltr'><strong>nicatnm</strong></span> <span class='ocrx_word' id='word_1_135' title='bbox 2264 625 2383 665; x_wconf 89' lang='lat' dir='ltr'><strong>esse</strong></span> <span class='ocrx_word' id='word_1_136' title='bbox 2411 611 2583 667; x_wconf 91' lang='lat' dir='ltr'><strong>donec</strong></span> <span class='ocrx_word' id='word_1_137' title='bbox 2624 623 2850 669; x_wconf 91' lang='lat' dir='ltr'><strong>coactus</strong></span> <span class='ocrx_word' id='word_1_138' title='bbox 2890 619 3166 687; x_wconf 85' lang='lat' dir='ltr'><strong>suscipiat,</strong></span> <span class='ocrx_word' id='word_1_139' title='bbox 3217 630 3308 675; x_wconf 87' lang='lat' dir='ltr'><strong>aut</strong></span> <span class='ocrx_word' id='word_1_140' title='bbox 3336 622 3575 691; x_wconf 82' lang='lat' dir='ltr'><strong>perfecta</strong></span> 
     </span>
    </p>
   </div>
   <div class='ocr_carea' id='block_1_20' title="bbox 1996 698 3573 780">
    <p class='ocr_par' dir='ltr' id='par_1_20' title="bbox 1996 698 3573 780">
     <span class='ocr_line' id='line_1_20' title="bbox 1996 698 3573 780; baseline 0.012 -31"><span class='ocrx_word' id='word_1_141' title='bbox 1996 698 2237 767; x_wconf 88' lang='lat' dir='ltr'><strong>synodus</strong></span> <span class='ocrx_word' id='word_1_142' title='bbox 2259 700 2633 769; x_wconf 87' lang='lat' dir='ltr'><strong>episcoporum</strong></span> <span class='ocrx_word' id='word_1_143' title='bbox 2663 703 2952 770; x_wconf 70' lang='lat' dir='ltr'><strong>provincia:</strong></span> <span class='ocrx_word' id='word_1_144' title='bbox 2981 707 3046 761; x_wconf 90' lang='lat' dir='ltr'><strong>de</strong></span> <span class='ocrx_word' id='word_1_145' title='bbox 3086 709 3202 778; x_wconf 90' lang='lat' dir='ltr'><strong>ipso</strong></span> <span class='ocrx_word' id='word_1_146' title='bbox 3251 711 3451 780; x_wconf 88' lang='lat' dir='ltr'><strong>aliquid</strong></span> <span class='ocrx_word' id='word_1_147' title='bbox 3478 711 3573 767; x_wconf 86' lang='lat' dir='ltr'><strong>de-</strong></span> 
     </span>
    </p>
   </div>
   <div class='ocr_carea' id='block_1_21' title="bbox 1999 787 2168 846">
    <p class='ocr_par' dir='ltr' id='par_1_21' title="bbox 1999 787 2168 846">
     <span class='ocr_line' id='line_1_21' title="bbox 1999 787 2168 846; baseline 0.03 -5"><span class='ocrx_word' id='word_1_148' title='bbox 1999 787 2168 846; x_wconf 79' lang='lat' dir='ltr'><strong>ﬁniat.</strong></span> 
     </span>
    </p>
   </div>
   <div class='ocr_carea' id='block_1_22' title="bbox 2070 877 3577 960">
    <p class='ocr_par' dir='ltr' id='par_1_22' title="bbox 2070 877 3577 960">
     <span class='ocr_line' id='line_1_22' title="bbox 2070 877 3577 960; baseline 0.011 -28"><span class='ocrx_word' id='word_1_149' title='bbox 2070 877 2272 934; x_wconf 86' lang='lat' dir='ltr'><strong>XCVII.</strong></span> <span class='ocrx_word' id='word_1_150' title='bbox 2302 915 2373 924; x_wconf 95' lang='lat'><strong>—</strong></span> <span class='ocrx_word' id='word_1_151' title='bbox 2403 882 2487 938; x_wconf 82' lang='lat' dir='ltr'><strong>I8.</strong></span> <span class='ocrx_word' id='word_1_152' title='bbox 2538 885 2594 939; x_wconf 91' lang='lat' dir='ltr'><strong>Si</strong></span> <span class='ocrx_word' id='word_1_153' title='bbox 2635 886 2754 957; x_wconf 90' lang='lat' dir='ltr'><strong>quis</strong></span> <span class='ocrx_word' id='word_1_154' title='bbox 2795 890 3080 958; x_wconf 90' lang='lat' dir='ltr'><strong>episcopus</strong></span> <span class='ocrx_word' id='word_1_155' title='bbox 3120 891 3417 960; x_wconf 87' lang='lat' dir='ltr'><strong>ordinatus,</strong></span> <span class='ocrx_word' id='word_1_156' title='bbox 3469 909 3577 950; x_wconf 91' lang='lat' dir='ltr'><strong>non</strong></span> 
     </span>
    </p>
   </div>
   <div class='ocr_carea' id='block_1_23' title="bbox 1998 973 3577 1046">
    <p class='ocr_par' dir='ltr' id='par_1_23' title="bbox 1998 973 3577 1046">
     <span class='ocr_line' id='line_1_23' title="bbox 1998 973 3577 1046; baseline 0.01 -23"><span class='ocrx_word' id='word_1_157' title='bbox 1998 973 2287 1026; x_wconf 89' lang='lat' dir='ltr'><strong>accesserit</strong></span> <span class='ocrx_word' id='word_1_158' title='bbox 2326 974 2391 1027; x_wconf 91' lang='lat' dir='ltr'><strong>ad</strong></span> <span class='ocrx_word' id='word_1_159' title='bbox 2423 977 2715 1043; x_wconf 66' lang='lat' dir='ltr'><strong>paruaciam</strong></span> <span class='ocrx_word' id='word_1_160' title='bbox 2760 979 2846 1033; x_wconf 91' lang='lat' dir='ltr'><strong>cui</strong></span> <span class='ocrx_word' id='word_1_161' title='bbox 2885 988 2970 1033; x_wconf 90' lang='lat' dir='ltr'><strong>est</strong></span> <span class='ocrx_word' id='word_1_162' title='bbox 3018 980 3311 1046; x_wconf 90' lang='lat' dir='ltr'><strong>ordinatus,</strong></span> <span class='ocrx_word' id='word_1_163' title='bbox 3343 1000 3449 1038; x_wconf 90' lang='lat' dir='ltr'><strong>non</strong></span> <span class='ocrx_word' id='word_1_164' title='bbox 3479 1000 3577 1039; x_wconf 86' lang='lat' dir='ltr'><strong>sua</strong></span> 
     </span>
    </p>
   </div>
   <div class='ocr_carea' id='block_1_24' title="bbox 1998 1058 3573 1139">
    <p class='ocr_par' dir='ltr' id='par_1_24' title="bbox 1998 1058 3573 1139">
     <span class='ocr_line' id='line_1_24' title="bbox 1998 1058 3573 1139; baseline 0.009 -25"><span class='ocrx_word' id='word_1_165' title='bbox 1998 1062 2214 1128; x_wconf 88' lang='lat' dir='ltr'><strong>quidem</strong></span> <span class='ocrx_word' id='word_1_166' title='bbox 2244 1064 2418 1133; x_wconf 89' lang='lat' dir='ltr'><strong>culpa,</strong></span> <span class='ocrx_word' id='word_1_167' title='bbox 2469 1067 2561 1119; x_wconf 90' lang='lat' dir='ltr'><strong>sed</strong></span> <span class='ocrx_word' id='word_1_168' title='bbox 2592 1076 2812 1136; x_wconf 79' lang='lat' dir='ltr'><strong>propter</strong></span> <span class='ocrx_word' id='word_1_169' title='bbox 2852 1070 3033 1139; x_wconf 87' lang='lat' dir='ltr'><strong>populi</strong></span> <span class='ocrx_word' id='word_1_170' title='bbox 3075 1058 3573 1137; x_wconf 82' lang='lat' dir='ltr'><strong>contradictionem,</strong></span> 
     </span>
    </p>
   </div>
   <div class='ocr_carea' id='block_1_25' title="bbox 1999 1153 3643 1227">
    <p class='ocr_par' dir='ltr' id='par_1_25' title="bbox 1999 1153 3643 1227">
     <span class='ocr_line' id='line_1_25' title="bbox 1999 1153 3643 1227; baseline 0.01 -21"><span class='ocrx_word' id='word_1_171' title='bbox 1999 1153 2084 1206; x_wconf 89' lang='lat' dir='ltr'><strong>vel</strong></span> <span class='ocrx_word' id='word_1_172' title='bbox 2110 1154 2269 1207; x_wconf 87' lang='lat' dir='ltr'><strong>aliam</strong></span> <span class='ocrx_word' id='word_1_173' title='bbox 2300 1172 2535 1221; x_wconf 85' lang='lat' dir='ltr'><strong>causam,</strong></span> <span class='ocrx_word' id='word_1_174' title='bbox 2566 1174 2683 1226; x_wconf 74' lang='lat' dir='ltr'><strong>quze</strong></span> <span class='ocrx_word' id='word_1_175' title='bbox 2713 1175 2742 1213; x_wconf 89' lang='lat' dir='ltr'><strong>a</strong></span> <span class='ocrx_word' id='word_1_176' title='bbox 2774 1175 2831 1213; x_wconf 90' lang='lat' dir='ltr'><strong>se</strong></span> <span class='ocrx_word' id='word_1_177' title='bbox 2862 1176 2967 1214; x_wconf 91' lang='lat' dir='ltr'><strong>non</strong></span> <span class='ocrx_word' id='word_1_178' title='bbox 3004 1164 3191 1227; x_wconf 88' lang='lat' dir='ltr'><strong>oritur,</strong></span> <span class='ocrx_word' id='word_1_179' title='bbox 3226 1165 3270 1218; x_wconf 89' lang='lat' dir='ltr'><strong>is</strong></span> <span class='ocrx_word' id='word_1_180' title='bbox 3295 1167 3363 1218; x_wconf 84' lang='lat' dir='ltr'><strong>sit</strong></span> <span class='ocrx_word' id='word_1_181' title='bbox 3392 1176 3444 1219; x_wconf 91' lang='lat' dir='ltr'><strong>et</strong></span> <span class='ocrx_word' id='word_1_182' title='bbox 3474 1167 3577 1221; x_wconf 65' lang='grc' dir='ltr'>ιιοα</span> <span class='ocrx_word' id='word_1_183' title='bbox 3640 1210 3643 1211; x_wconf 46' lang='grc' dir='ltr'><strong>ν</strong></span> 
     </span>
    </p>
   </div>
   <div class='ocr_carea' id='block_1_26' title="bbox 2001 1245 3578 1319">
    <p class='ocr_par' dir='ltr' id='par_1_26' title="bbox 2001 1245 3578 1319">
     <span class='ocr_line' id='line_1_26' title="bbox 2001 1245 3578 1319; baseline 0.009 -22"><span class='ocrx_word' id='word_1_184' title='bbox 2001 1245 2148 1297; x_wconf 85' lang='lat' dir='ltr'><strong>noris</strong></span> <span class='ocrx_word' id='word_1_185' title='bbox 2170 1252 2225 1299; x_wconf 89' lang='lat' dir='ltr'><strong>et</strong></span> <span class='ocrx_word' id='word_1_186' title='bbox 2254 1247 2534 1301; x_wconf 73' lang='lat' dir='ltr'><strong>ministerii</strong></span> <span class='ocrx_word' id='word_1_187' title='bbox 2558 1250 2825 1319; x_wconf 83' lang='lat' dir='ltr'><strong>particeps</strong></span> <span class='ocrx_word' id='word_1_188' title='bbox 2850 1251 3139 1305; x_wconf 87' lang='lat' dir='ltr'><strong>dummodo</strong></span> <span class='ocrx_word' id='word_1_189' title='bbox 3170 1255 3300 1307; x_wconf 87' lang='lat' dir='ltr'><strong>nihil</strong></span> <span class='ocrx_word' id='word_1_190' title='bbox 3320 1257 3578 1312; x_wconf 69' lang='lat' dir='ltr'><strong>molestias</strong></span> 
     </span>
    </p>
   </div>
   <div class='ocr_carea' id='block_1_27' title="bbox 2002 1336 3578 1412">
    <p class='ocr_par' dir='ltr' id='par_1_27' title="bbox 2002 1336 3578 1412">
     <span class='ocr_line' id='line_1_27' title="bbox 2002 1336 3578 1412; baseline 0.008 -23"><span class='ocrx_word' id='word_1_191' title='bbox 2002 1336 2190 1391; x_wconf 81' lang='lat' dir='ltr'><strong>alTerat</strong></span> <span class='ocrx_word' id='word_1_192' title='bbox 2215 1339 2373 1393; x_wconf 89' lang='lat' dir='ltr'><strong>rebus</strong></span> <span class='ocrx_word' id='word_1_193' title='bbox 2404 1340 2654 1394; x_wconf 63' lang='lat' dir='ltr'><strong>Ecclesiae</strong></span> <span class='ocrx_word' id='word_1_194' title='bbox 2695 1343 2746 1394; x_wconf 92' lang='lat' dir='ltr'><strong>in</strong></span> <span class='ocrx_word' id='word_1_195' title='bbox 2776 1359 2880 1412; x_wconf 86' lang='lat' dir='ltr'><strong>qua</strong></span> <span class='ocrx_word' id='word_1_196' title='bbox 2910 1346 3182 1398; x_wconf 87' lang='lat' dir='ltr'><strong>convenit.</strong></span> <span class='ocrx_word' id='word_1_197' title='bbox 3237 1345 3286 1400; x_wconf 88' lang='lat' dir='ltr'><strong>Is</strong></span> <span class='ocrx_word' id='word_1_198' title='bbox 3316 1356 3493 1401; x_wconf 89' lang='lat' dir='ltr'><strong>autem</strong></span> <span class='ocrx_word' id='word_1_199' title='bbox 3523 1348 3578 1401; x_wconf 89' lang='lat' dir='ltr'><strong>id</strong></span> 
     </span>
    </p>
   </div>
   <div class='ocr_carea' id='block_1_28' title="bbox 1999 1429 3578 1506">
    <p class='ocr_par' dir='ltr' id='par_1_28' title="bbox 1999 1429 3578 1506">
     <span class='ocr_line' id='line_1_28' title="bbox 1999 1429 3578 1506; baseline 0.008 -25"><span class='ocrx_word' id='word_1_200' title='bbox 1999 1429 2273 1497; x_wconf 79' lang='lat' dir='ltr'><strong>suscipiat,</strong></span> <span class='ocrx_word' id='word_1_201' title='bbox 2297 1431 2437 1498; x_wconf 90' lang='lat' dir='ltr'><strong>quod</strong></span> <span class='ocrx_word' id='word_1_202' title='bbox 2461 1429 2697 1501; x_wconf 81' lang='lat' dir='ltr'><strong>perfecta</strong></span> <span class='ocrx_word' id='word_1_203' title='bbox 2721 1434 3007 1502; x_wconf 74' lang='lat' dir='ltr'><strong>provinciae</strong></span> <span class='ocrx_word' id='word_1_204' title='bbox 3031 1436 3266 1506; x_wconf 82' lang='lat' dir='ltr'><strong>synodus</strong></span> <span class='ocrx_word' id='word_1_205' title='bbox 3284 1436 3578 1506; x_wconf 85' lang='lat' dir='ltr'><strong>judicando</strong></span> 
     </span>
    </p>
   </div>
   <div class='ocr_carea' id='block_1_29' title="bbox 1996 1520 3427 1573">
    <p class='ocr_par' dir='ltr' id='par_1_29' title="bbox 1996 1520 3427 1573">
     <span class='ocr_line' id='line_1_29' title="bbox 1996 1520 3427 1573; baseline -0.004 -1"><span class='ocrx_word' id='word_1_206' title='bbox 1996 1520 2261 1573; x_wconf 88' lang='lat' dir='ltr'><strong>statuerit.</strong></span> <span class='ocrx_word' id='word_1_207' title='bbox 3422 1526 3427 1531; x_wconf 90' lang='grc'><strong>·</strong></span> 
     </span>
    </p>
   </div>
   <div class='ocr_carea' id='block_1_30' title="bbox 2068 1608 3576 1692">
    <p class='ocr_par' dir='ltr' id='par_1_30' title="bbox 2068 1608 3576 1692">
     <span class='ocr_line' id='line_1_30' title="bbox 2068 1608 3576 1692; baseline 0.009 -30"><span class='ocrx_word' id='word_1_208' title='bbox 2068 1608 2289 1664; x_wconf 76' lang='lat' dir='ltr'><strong>XCVIII.</strong></span> <span class='ocrx_word' id='word_1_209' title='bbox 2320 1644 2393 1655; x_wconf 89' lang='lat'><strong>—</strong></span> <span class='ocrx_word' id='word_1_210' title='bbox 2422 1612 2508 1667; x_wconf 72' lang='grc'><strong>19.</strong></span> <span class='ocrx_word' id='word_1_211' title='bbox 2537 1612 2831 1685; x_wconf 86' lang='lat' dir='ltr'><strong>Episcopus</strong></span> <span class='ocrx_word' id='word_1_212' title='bbox 2854 1632 2922 1671; x_wconf 88' lang='lat' dir='ltr'><strong>ne</strong></span> <span class='ocrx_word' id='word_1_213' title='bbox 2944 1619 3224 1673; x_wconf 86' lang='lat' dir='ltr'><strong>ordinetur</strong></span> <span class='ocrx_word' id='word_1_214' title='bbox 3266 1620 3468 1690; x_wconf 83' lang='lat' dir='ltr'><strong>absque</strong></span> <span class='ocrx_word' id='word_1_215' title='bbox 3495 1638 3576 1692; x_wconf 86' lang='lat' dir='ltr'><strong>sy-</strong></span> 
     </span>
    </p>
   </div>
   <div class='ocr_carea' id='block_1_31' title="bbox 1997 1701 3576 1780">
    <p class='ocr_par' dir='ltr' id='par_1_31' title="bbox 1997 1701 3576 1780">
     <span class='ocr_line' id='line_1_31' title="bbox 1997 1701 3576 1780; baseline 0.009 -27"><span class='ocrx_word' id='word_1_216' title='bbox 1997 1701 2139 1755; x_wconf 89' lang='lat' dir='ltr'><strong>nodo</strong></span> <span class='ocrx_word' id='word_1_217' title='bbox 2165 1711 2218 1755; x_wconf 90' lang='lat' dir='ltr'><strong>et</strong></span> <span class='ocrx_word' id='word_1_218' title='bbox 2246 1707 2527 1771; x_wconf 70' lang='lat' dir='ltr'><strong>prmsentia</strong></span> <span class='ocrx_word' id='word_1_219' title='bbox 2570 1709 2969 1777; x_wconf 88' lang='lat' dir='ltr'><strong>metropolitani</strong></span> <span class='ocrx_word' id='word_1_220' title='bbox 3018 1712 3332 1780; x_wconf 71' lang='lat' dir='ltr'><strong>provincim,</strong></span> <span class='ocrx_word' id='word_1_221' title='bbox 3384 1729 3450 1767; x_wconf 91' lang='lat' dir='ltr'><strong>eo</strong></span> <span class='ocrx_word' id='word_1_222' title='bbox 3480 1730 3576 1768; x_wconf 80' lang='lat' dir='ltr'><strong>au-</strong></span> 
     </span>
    </p>
   </div>
   <div class='ocr_carea' id='block_1_32' title="bbox 306 1786 1885 1873">
    <p class='ocr_par' dir='ltr' id='par_1_32' title="bbox 306 1797 1885 1873">
     <span class='ocr_line' id='line_1_32' title="bbox 306 1797 1885 1873; baseline -0.001 -20"><span class='ocrx_word' id='word_1_223' title='bbox 306 1799 552 1873; x_wconf 83' lang='grc' dir='ltr'>παρόντος</span> <span class='ocrx_word' id='word_1_224' title='bbox 590 1800 893 1860; x_wconf 80' lang='grc' dir='ltr'>ἐξάπαντος,</span> <span class='ocrx_word' id='word_1_225' title='bbox 928 1797 1125 1863; x_wconf 66' lang='grc' dir='ltr'>βέλτιον</span> <span class='ocrx_word' id='word_1_226' title='bbox 1155 1799 1245 1867; x_wconf 85' lang='grc' dir='ltr'>μὲν</span> <span class='ocrx_word' id='word_1_227' title='bbox 1283 1804 1507 1850; x_wconf 86' lang='grc' dir='ltr'>συνεῖναι</span> <span class='ocrx_word' id='word_1_228' title='bbox 1540 1798 1678 1869; x_wconf 75' lang='grc' dir='ltr'>αὐτῷ</span> <span class='ocrx_word' id='word_1_229' title='bbox 1701 1800 1885 1857; x_wconf 81' lang='grc' dir='ltr'>πάντας</span> 
     </span>
    </p>
   </div>
   <div class='ocr_carea' id='block_1_33' title="bbox 1987 1786 3574 1873">
    <p class='ocr_par' dir='ltr' id='par_1_33' title="bbox 1996 1786 3574 1865">
     <span class='ocr_line' id='line_1_33' title="bbox 1996 1786 3574 1865; baseline 0.011 -22"><span class='ocrx_word' id='word_1_230' title='bbox 1996 1800 2103 1847; x_wconf 93' lang='lat' dir='ltr'><strong>tem</strong></span> <span class='ocrx_word' id='word_1_231' title='bbox 2158 1786 2461 1862; x_wconf 65' lang='lat' dir='ltr'><strong>prmsente;</strong></span> <span class='ocrx_word' id='word_1_232' title='bbox 2521 1799 2741 1853; x_wconf 90' lang='lat' dir='ltr'><strong>omnino</strong></span> <span class='ocrx_word' id='word_1_233' title='bbox 2803 1802 2994 1856; x_wconf 90' lang='lat' dir='ltr'><strong>melius</strong></span> <span class='ocrx_word' id='word_1_234' title='bbox 3049 1812 3168 1865; x_wconf 84' lang='lat' dir='ltr'><strong>est,</strong></span> <span class='ocrx_word' id='word_1_235' title='bbox 3228 1820 3414 1859; x_wconf 88' lang='lat' dir='ltr'><strong>omnes</strong></span> <span class='ocrx_word' id='word_1_236' title='bbox 3470 1822 3574 1860; x_wconf 91' lang='lat' dir='ltr'><strong>una</strong></span> 
     </span>
    </p>
   </div>
   <div class='ocr_carea' id='block_1_34' title="bbox 304 1887 1895 1964">
    <p class='ocr_par' dir='ltr' id='par_1_34' title="bbox 304 1887 1895 1964">
     <span class='ocr_line' id='line_1_34' title="bbox 304 1887 1895 1964; baseline -0.001 -20"><span class='ocrx_word' id='word_1_237' title='bbox 304 1894 425 1950; x_wconf 72' lang='grc' dir='ltr'>τοὺς</span> <span class='ocrx_word' id='word_1_238' title='bbox 475 1891 522 1942; x_wconf 84' lang='grc' dir='ltr'><strong>ἐν</strong></span> <span class='ocrx_word' id='word_1_239' title='bbox 562 1898 624 1963; x_wconf 79' lang='grc' dir='ltr'><strong>τῇ</strong></span> <span class='ocrx_word' id='word_1_240' title='bbox 662 1887 895 1964; x_wconf 77' lang='grc' dir='ltr'>ἐπαρχίᾳ</span> <span class='ocrx_word' id='word_1_241' title='bbox 938 1888 1393 1961; x_wconf 69' lang='grc' dir='ltr'>συλλειτουργούς,</span> <span class='ocrx_word' id='word_1_242' title='bbox 1426 1892 1511 1941; x_wconf 87' lang='grc' dir='ltr'>καὶ</span> <span class='ocrx_word' id='word_1_243' title='bbox 1549 1893 1794 1963; x_wconf 75' lang='grc' dir='ltr'>προσήκει</span> <span class='ocrx_word' id='word_1_244' title='bbox 1830 1888 1895 1942; x_wconf 83' lang='grc' dir='ltr'><strong>δι’</strong></span> 
     </span>
    </p>
   </div>
   <div class='ocr_carea' id='block_1_35' title="bbox 304 1978 1892 2053">
    <p class='ocr_par' dir='ltr' id='par_1_35' title="bbox 304 1978 1892 2053">
     <span class='ocr_line' id='line_1_35' title="bbox 304 1978 1892 2053; baseline -0.001 -21"><span class='ocrx_word' id='word_1_245' title='bbox 304 1982 573 2039; x_wconf 73' lang='grc' dir='ltr'>ἐπιστολῆς</span> <span class='ocrx_word' id='word_1_246' title='bbox 610 1982 694 2034; x_wconf 87' lang='grc' dir='ltr'>τὸν</span> <span class='ocrx_word' id='word_1_247' title='bbox 738 1980 786 2032; x_wconf 77' lang='grc' dir='ltr'><strong>ἐν</strong></span> <span class='ocrx_word' id='word_1_248' title='bbox 837 1987 899 2053; x_wconf 76' lang='grc' dir='ltr'>τῇ</span> <span class='ocrx_word' id='word_1_249' title='bbox 936 1978 1243 2050; x_wconf 79' lang='grc' dir='ltr'>μητροπόλει</span> <span class='ocrx_word' id='word_1_250' title='bbox 1279 1980 1567 2047; x_wconf 64' lang='grc' dir='ltr'>συγκαλεῖν·</span> <span class='ocrx_word' id='word_1_251' title='bbox 1606 1982 1684 2031; x_wconf 82' lang='grc' dir='ltr'>καὶ</span> <span class='ocrx_word' id='word_1_252' title='bbox 1726 1981 1768 2031; x_wconf 84' lang='grc' dir='ltr'>εἰ</span> <span class='ocrx_word' id='word_1_253' title='bbox 1806 1981 1892 2047; x_wconf 85' lang='grc' dir='ltr'>μέν</span> 
     </span>
    </p>
   </div>
   <div class='ocr_carea' id='block_1_36' title="bbox 301 2067 1891 2143">
    <p class='ocr_par' dir='ltr' id='par_1_36' title="bbox 301 2067 1891 2143">
     <span class='ocr_line' id='line_1_36' title="bbox 301 2067 1891 2143; baseline -0.003 -16"><span class='ocrx_word' id='word_1_254' title='bbox 301 2075 574 2127; x_wconf 72' lang='grc' dir='ltr'>ἆπαντοῑεν</span> <span class='ocrx_word' id='word_1_255' title='bbox 603 2071 648 2123; x_wconf 89' lang='grc' dir='ltr'><strong>οί</strong></span> <span class='ocrx_word' id='word_1_256' title='bbox 678 2070 863 2129; x_wconf 74' lang='grc' dir='ltr'>πάντες</span> <span class='ocrx_word' id='word_1_257' title='bbox 888 2110 902 2133; x_wconf 85' lang='grc'><strong>,</strong></span> <span class='ocrx_word' id='word_1_258' title='bbox 934 2070 1147 2142; x_wconf 62' lang='grc' dir='ltr'>βέλτιον</span> <span class='ocrx_word' id='word_1_259' title='bbox 1180 2073 1225 2122; x_wconf 84' lang='grc' dir='ltr'>εἰ</span> <span class='ocrx_word' id='word_1_260' title='bbox 1252 2067 1305 2122; x_wconf 83' lang='grc' dir='ltr'>δὲ</span> <span class='ocrx_word' id='word_1_261' title='bbox 1336 2068 1593 2143; x_wconf 80' lang='grc' dir='ltr'>δυσχερὲς</span> <span class='ocrx_word' id='word_1_262' title='bbox 1614 2069 1687 2127; x_wconf 64' lang='grc' dir='ltr'>ε’ῗη</span> <span class='ocrx_word' id='word_1_263' title='bbox 1711 2077 1891 2136; x_wconf 78' lang='grc' dir='ltr'>τοῦτο,</span> 
     </span>
    </p>
   </div>
   <div class='ocr_carea' id='block_1_37' title="bbox 302 2160 1892 2237">
    <p class='ocr_par' dir='ltr' id='par_1_37' title="bbox 302 2160 1892 2237">
     <span class='ocr_line' id='line_1_37' title="bbox 302 2160 1892 2237; baseline -0.003 -17"><span class='ocrx_word' id='word_1_264' title='bbox 302 2168 425 2223; x_wconf 79' lang='grc' dir='ltr'>τούς</span> <span class='ocrx_word' id='word_1_265' title='bbox 453 2184 508 2233; x_wconf 72' lang='grc' dir='ltr'><strong>’γε</strong></span> <span class='ocrx_word' id='word_1_266' title='bbox 533 2164 736 2221; x_wconf 84' lang='grc' dir='ltr'>πλείους</span> <span class='ocrx_word' id='word_1_267' title='bbox 757 2162 1030 2225; x_wconf 84' lang='grc' dir='ltr'>ἐξάπαντος</span> <span class='ocrx_word' id='word_1_268' title='bbox 1055 2169 1291 2237; x_wconf 84' lang='grc' dir='ltr'>παρεῖναι</span> <span class='ocrx_word' id='word_1_269' title='bbox 1316 2160 1413 2225; x_wconf 80' lang='grc' dir='ltr'>δεῖ,</span> <span class='ocrx_word' id='word_1_270' title='bbox 1431 2162 1459 2219; x_wconf 79' lang='grc' dir='ltr'>ἦ</span> <span class='ocrx_word' id='word_1_271' title='bbox 1478 2161 1561 2215; x_wconf 82' lang='grc' dir='ltr'>διὰ</span> <span class='ocrx_word' id='word_1_272' title='bbox 1580 2164 1892 2236; x_wconf 74' lang='grc' dir='ltr'>γραμμάτων</span> 
     </span>
    </p>
   </div>
   <div class='ocr_carea' id='block_1_38' title="bbox 302 2254 1891 2325">
    <p class='ocr_par' dir='ltr' id='par_1_38' title="bbox 302 2254 1891 2325">
     <span class='ocr_line' id='line_1_38' title="bbox 302 2254 1891 2325; baseline -0.003 -16"><span class='ocrx_word' id='word_1_273' title='bbox 302 2255 595 2325; x_wconf 59' lang='grc' dir='ltr'>ὁμοψήφους</span> <span class='ocrx_word' id='word_1_274' title='bbox 623 2255 852 2323; x_wconf 72' lang='grc' dir='ltr'>γενέσθαι</span> <span class='ocrx_word' id='word_1_275' title='bbox 872 2297 887 2318; x_wconf 90' lang='grc'><strong>,</strong></span> <span class='ocrx_word' id='word_1_276' title='bbox 920 2257 1001 2306; x_wconf 86' lang='grc' dir='ltr'><strong>καί</strong></span> <span class='ocrx_word' id='word_1_277' title='bbox 1032 2254 1193 2312; x_wconf 68' lang='grc' dir='ltr'>σ’ἷτως</span> <span class='ocrx_word' id='word_1_278' title='bbox 1229 2256 1356 2323; x_wconf 78' lang='grc' dir='ltr'>μετὰ</span> <span class='ocrx_word' id='word_1_279' title='bbox 1394 2262 1483 2311; x_wconf 76' lang='grc' dir='ltr'>τῆς</span> <span class='ocrx_word' id='word_1_280' title='bbox 1518 2262 1617 2307; x_wconf 85' lang='grc' dir='ltr'>τῶν</span> <span class='ocrx_word' id='word_1_281' title='bbox 1656 2254 1891 2307; x_wconf 88' lang='grc' dir='ltr'>πλειόνων</span> 
     </span>
    </p>
   </div>
   <div class='ocr_carea' id='block_1_39' title="bbox 303 2345 1891 2422">
    <p class='ocr_par' dir='ltr' id='par_1_39' title="bbox 303 2345 1891 2422">
     <span class='ocr_line' id='line_1_39' title="bbox 303 2345 1891 2422; baseline -0.001 -20"><span class='ocrx_word' id='word_1_282' title='bbox 303 2349 410 2406; x_wconf 69' lang='grc' dir='ltr'>ἤτοι</span> <span class='ocrx_word' id='word_1_283' title='bbox 440 2349 730 2422; x_wconf 74' lang='grc' dir='ltr'>παρουσίας</span> <span class='ocrx_word' id='word_1_284' title='bbox 757 2346 786 2403; x_wconf 77' lang='grc' dir='ltr'>ἦ</span> <span class='ocrx_word' id='word_1_285' title='bbox 810 2346 977 2417; x_wconf 54' lang='grc' dir='ltr'>ψήφου</span> <span class='ocrx_word' id='word_1_286' title='bbox 1013 2346 1241 2417; x_wconf 68' lang='grc' dir='ltr'>’γίνεσθαι</span> <span class='ocrx_word' id='word_1_287' title='bbox 1278 2350 1369 2403; x_wconf 76' lang='grc' dir='ltr'>τὴν</span> <span class='ocrx_word' id='word_1_288' title='bbox 1391 2352 1724 2400; x_wconf 63' lang='grc' dir='ltr'>κατάστασιν</span> <span class='ocrx_word' id='word_1_289' title='bbox 1759 2350 1799 2398; x_wconf 87' lang='grc' dir='ltr'>εἰ</span> <span class='ocrx_word' id='word_1_290' title='bbox 1838 2345 1891 2400; x_wconf 77' lang='grc' dir='ltr'>δέ</span> 
     </span>
    </p>
   </div>
   <div class='ocr_carea' id='block_1_40' title="bbox 300 2436 1890 2513">
    <p class='ocr_par' dir='ltr' id='par_1_40' title="bbox 300 2436 1890 2513">
     <span class='ocr_line' id='line_1_40' title="bbox 300 2436 1890 2513; baseline -0.003 -19"><span class='ocrx_word' id='word_1_291' title='bbox 300 2437 460 2499; x_wconf 74' lang='grc' dir='ltr'>ἄλλως</span> <span class='ocrx_word' id='word_1_292' title='bbox 498 2442 641 2509; x_wconf 84' lang='grc' dir='ltr'>παρὰ</span> <span class='ocrx_word' id='word_1_293' title='bbox 669 2440 729 2492; x_wconf 84' lang='grc' dir='ltr'><strong>τά</strong></span> <span class='ocrx_word' id='word_1_294' title='bbox 763 2442 1023 2513; x_wconf 74' lang='grc' dir='ltr'>ὡρισμένα</span> <span class='ocrx_word' id='word_1_295' title='bbox 1064 2442 1309 2510; x_wconf 61' lang='grc' dir='ltr'>γίγνοιτο,</span> <span class='ocrx_word' id='word_1_296' title='bbox 1355 2436 1512 2509; x_wconf 79' lang='grc' dir='ltr'>μηδὲν</span> <span class='ocrx_word' id='word_1_297' title='bbox 1549 2440 1758 2508; x_wconf 78' lang='grc' dir='ltr'>ἰσχύειν</span> <span class='ocrx_word' id='word_1_298' title='bbox 1801 2444 1890 2497; x_wconf 71' lang='grc' dir='ltr'>τὴν</span> 
     </span>
    </p>
   </div>
   <div class='ocr_carea' id='block_1_41' title="bbox 304 2527 1891 2607">
    <p class='ocr_par' dir='ltr' id='par_1_41' title="bbox 304 2527 1891 2607">
     <span class='ocr_line' id='line_1_41' title="bbox 304 2527 1891 2607; baseline -0.004 -20"><span class='ocrx_word' id='word_1_299' title='bbox 304 2535 636 2607; x_wconf 77' lang='grc' dir='ltr'>χειροτονίαν·</span> <span class='ocrx_word' id='word_1_300' title='bbox 674 2533 715 2584; x_wconf 79' lang='grc' dir='ltr'>εἰ</span> <span class='ocrx_word' id='word_1_301' title='bbox 742 2529 794 2584; x_wconf 82' lang='grc' dir='ltr'>δὲ</span> <span class='ocrx_word' id='word_1_302' title='bbox 833 2531 961 2584; x_wconf 84' lang='grc' dir='ltr'>κατὰ</span> <span class='ocrx_word' id='word_1_303' title='bbox 989 2531 1071 2583; x_wconf 86' lang='grc' dir='ltr'>τὸν</span> <span class='ocrx_word' id='word_1_304' title='bbox 1111 2530 1389 2604; x_wconf 83' lang='grc' dir='ltr'>ὡρισμένον</span> <span class='ocrx_word' id='word_1_305' title='bbox 1418 2527 1600 2582; x_wconf 80' lang='grc' dir='ltr'>κανόνα</span> <span class='ocrx_word' id='word_1_306' title='bbox 1621 2532 1834 2599; x_wconf 72' lang='grc' dir='ltr'>’γίγνοιτο</span> <span class='ocrx_word' id='word_1_307' title='bbox 1860 2530 1891 2586; x_wconf 76' lang='grc' dir='ltr'><strong><em>ἠ</em></strong></span> 
     </span>
    </p>
   </div>
   <div class='ocr_carea' id='block_1_42' title="bbox 302 2620 1889 2693">
    <p class='ocr_par' dir='ltr' id='par_1_42' title="bbox 302 2620 1889 2693">
     <span class='ocr_line' id='line_1_42' title="bbox 302 2620 1889 2693; baseline -0.002 -17"><span class='ocrx_word' id='word_1_308' title='bbox 302 2626 619 2682; x_wconf 86' lang='grc' dir='ltr'>κατάστασις</span> <span class='ocrx_word' id='word_1_309' title='bbox 637 2665 651 2687; x_wconf 89' lang='grc'><strong>,</strong></span> <span class='ocrx_word' id='word_1_310' title='bbox 684 2622 982 2693; x_wconf 68' lang='grc' dir='ltr'>ἀντιλέγοιεν</span> <span class='ocrx_word' id='word_1_311' title='bbox 1013 2620 1068 2675; x_wconf 77' lang='grc' dir='ltr'>δέ</span> <span class='ocrx_word' id='word_1_312' title='bbox 1110 2642 1241 2693; x_wconf 76' lang='grc' dir='ltr'>τινες</span> <span class='ocrx_word' id='word_1_313' title='bbox 1268 2620 1331 2676; x_wconf 78' lang='grc' dir='ltr'>δι’</span> <span class='ocrx_word' id='word_1_314' title='bbox 1352 2623 1533 2675; x_wconf 78' lang='grc' dir='ltr'>οἰκείαν</span> <span class='ocrx_word' id='word_1_315' title='bbox 1561 2620 1851 2690; x_wconf 80' lang='grc' dir='ltr'>φιλονεικίαν</span> <span class='ocrx_word' id='word_1_316' title='bbox 1873 2659 1889 2684; x_wconf 91' lang='grc'><strong>,</strong></span> 
     </span>
    </p>
   </div>
   <div class='ocr_carea' id='block_1_43' title="bbox 302 2713 1100 2787">
    <p class='ocr_par' dir='ltr' id='par_1_43' title="bbox 302 2713 1100 2787">
     <span class='ocr_line' id='line_1_43' title="bbox 302 2713 1100 2787; baseline -0.004 -19"><span class='ocrx_word' id='word_1_317' title='bbox 302 2723 508 2787; x_wconf 78' lang='grc' dir='ltr'>κρατεῖν</span> <span class='ocrx_word' id='word_1_318' title='bbox 533 2720 623 2772; x_wconf 76' lang='grc' dir='ltr'>τὴν</span> <span class='ocrx_word' id='word_1_319' title='bbox 647 2714 887 2767; x_wconf 87' lang='grc' dir='ltr'>πλειόνων</span> <span class='ocrx_word' id='word_1_320' title='bbox 917 2713 1100 2784; x_wconf 64' lang='grc' dir='ltr'>ψῆφον.</span> 
     </span>
    </p>
   </div>
   <div class='ocr_carea' id='block_1_44' title="bbox 373 2868 1889 2940">
    <p class='ocr_par' dir='ltr' id='par_1_44' title="bbox 373 2868 1889 2940">
     <span class='ocr_line' id='line_1_44' title="bbox 373 2868 1889 2940; baseline 0.001 -20"><span class='ocrx_word' id='word_1_321' title='bbox 373 2868 456 2936; x_wconf 70' lang='grc' dir='ltr'>έθ.</span> <span class='ocrx_word' id='word_1_322' title='bbox 489 2870 575 2922; x_wconf 88' lang='grc' dir='ltr'><strong>Διά</strong></span> <span class='ocrx_word' id='word_1_323' title='bbox 598 2869 688 2929; x_wconf 81' lang='grc' dir='ltr'><strong>τάς</strong></span> <span class='ocrx_word' id='word_1_324' title='bbox 717 2868 1132 2927; x_wconf 79' lang='grc' dir='ltr'>ἐκκλησιαστικας</span> <span class='ocrx_word' id='word_1_325' title='bbox 1179 2870 1365 2940; x_wconf 80' lang='grc' dir='ltr'>χρείας</span> <span class='ocrx_word' id='word_1_326' title='bbox 1386 2909 1401 2933; x_wconf 92' lang='grc'><strong>,</strong></span> <span class='ocrx_word' id='word_1_327' title='bbox 1431 2872 1516 2922; x_wconf 81' lang='grc' dir='ltr'><strong>καί</strong></span> <span class='ocrx_word' id='word_1_328' title='bbox 1542 2872 1633 2928; x_wconf 83' lang='grc' dir='ltr'>τὰς</span> <span class='ocrx_word' id='word_1_329' title='bbox 1660 2876 1759 2923; x_wconf 87' lang='grc' dir='ltr'>τῶν</span> <span class='ocrx_word' id='word_1_330' title='bbox 1791 2870 1889 2939; x_wconf 84' lang='grc' dir='ltr'>ἁμ-</span> 
     </span>
    </p>
   </div>
   <div class='ocr_carea' id='block_1_45' title="bbox 301 2957 1890 3030">
    <p class='ocr_par' dir='ltr' id='par_1_45' title="bbox 301 2957 1890 3030">
     <span class='ocr_line' id='line_1_45' title="bbox 301 2957 1890 3030; baseline 0 -18"><span class='ocrx_word' id='word_1_331' title='bbox 301 2959 710 3030; x_wconf 75' lang='grc' dir='ltr'>φισϐητουμὲνων</span> <span class='ocrx_word' id='word_1_332' title='bbox 740 2958 995 3018; x_wconf 81' lang='grc' dir='ltr'>διαλύσεις</span> <span class='ocrx_word' id='word_1_333' title='bbox 1020 3000 1035 3021; x_wconf 85' lang='grc'><strong>,</strong></span> <span class='ocrx_word' id='word_1_334' title='bbox 1078 2961 1239 3019; x_wconf 78' lang='grc' dir='ltr'>καλῶς</span> <span class='ocrx_word' id='word_1_335' title='bbox 1287 2957 1428 3029; x_wconf 78' lang='grc' dir='ltr'>ἔχειν</span> <span class='ocrx_word' id='word_1_336' title='bbox 1460 2958 1600 3023; x_wconf 78' lang='grc' dir='ltr'>ἔδοξε</span> <span class='ocrx_word' id='word_1_337' title='bbox 1645 2958 1890 3019; x_wconf 81' lang='grc' dir='ltr'>συνόδους</span> 
     </span>
    </p>
   </div>
   <div class='ocr_carea' id='block_1_46' title="bbox 301 3047 1888 3122">
    <p class='ocr_par' dir='ltr' id='par_1_46' title="bbox 301 3047 1888 3122">
     <span class='ocr_line' id='line_1_46' title="bbox 301 3047 1888 3122; baseline -0.001 -21"><span class='ocrx_word' id='word_1_338' title='bbox 301 3049 408 3102; x_wconf 85' lang='grc' dir='ltr'>καθ’</span> <span class='ocrx_word' id='word_1_339' title='bbox 434 3050 650 3106; x_wconf 79' lang='grc' dir='ltr'>ἑκάστην</span> <span class='ocrx_word' id='word_1_340' title='bbox 682 3051 938 3122; x_wconf 86' lang='grc' dir='ltr'>ἐπαρχίαν</span> <span class='ocrx_word' id='word_1_341' title='bbox 961 3057 1059 3104; x_wconf 86' lang='grc' dir='ltr'><strong>τῶν</strong></span> <span class='ocrx_word' id='word_1_342' title='bbox 1090 3049 1379 3103; x_wconf 83' lang='grc' dir='ltr'>ἐπισκόπων</span> <span class='ocrx_word' id='word_1_343' title='bbox 1399 3050 1626 3119; x_wconf 68' lang='grc' dir='ltr'>γίνεσθαι</span> <span class='ocrx_word' id='word_1_344' title='bbox 1652 3047 1888 3121; x_wconf 85' lang='grc' dir='ltr'>δεύτερον</span> 
     </span>
    </p>
   </div>
   <div class='ocr_carea' id='block_1_47' title="bbox 300 3136 1887 3211">
    <p class='ocr_par' dir='ltr' id='par_1_47' title="bbox 300 3136 1887 3211">
     <span class='ocr_line' id='line_1_47' title="bbox 300 3136 1887 3211; baseline -0.001 -18"><span class='ocrx_word' id='word_1_345' title='bbox 300 3147 388 3192; x_wconf 80' lang='grc' dir='ltr'>τοῦ</span> <span class='ocrx_word' id='word_1_346' title='bbox 437 3137 605 3199; x_wconf 74' lang='grc' dir='ltr'>ἔτους*</span> <span class='ocrx_word' id='word_1_347' title='bbox 638 3138 775 3202; x_wconf 81' lang='grc' dir='ltr'>ἅπαξ</span> <span class='ocrx_word' id='word_1_348' title='bbox 814 3142 938 3208; x_wconf 82' lang='grc' dir='ltr'>μὲν,</span> <span class='ocrx_word' id='word_1_349' title='bbox 981 3143 1110 3208; x_wconf 85' lang='grc' dir='ltr'>μετὰ</span> <span class='ocrx_word' id='word_1_350' title='bbox 1156 3144 1245 3195; x_wconf 76' lang='grc' dir='ltr'><strong>την</strong></span> <span class='ocrx_word' id='word_1_351' title='bbox 1290 3141 1460 3211; x_wconf 80' lang='grc' dir='ltr'>τρίτην</span> <span class='ocrx_word' id='word_1_352' title='bbox 1501 3136 1754 3206; x_wconf 80' lang='grc' dir='ltr'>ἑϐδομάδα</span> <span class='ocrx_word' id='word_1_353' title='bbox 1796 3146 1887 3196; x_wconf 73' lang='grc' dir='ltr'>τῆς</span> 
     </span>
    </p>
   </div>
   <div class='ocr_carea' id='block_1_48' title="bbox 299 3227 1884 3305">
    <p class='ocr_par' dir='ltr' id='par_1_48' title="bbox 299 3227 1884 3305">
     <span class='ocr_line' id='line_1_48' title="bbox 299 3227 1884 3305; baseline -0.002 -20"><span class='ocrx_word' id='word_1_354' title='bbox 299 3232 478 3305; x_wconf 79' lang='grc' dir='ltr'>ίορτῆς</span> <span class='ocrx_word' id='word_1_355' title='bbox 512 3237 602 3283; x_wconf 81' lang='grc' dir='ltr'>τοῦ</span> <span class='ocrx_word' id='word_1_356' title='bbox 639 3231 849 3300; x_wconf 80' lang='grc' dir='ltr'>πάσχα,</span> <span class='ocrx_word' id='word_1_357' title='bbox 881 3232 1011 3284; x_wconf 80' lang='grc' dir='ltr'>ὥστε</span> <span class='ocrx_word' id='word_1_358' title='bbox 1048 3238 1108 3303; x_wconf 75' lang='grc' dir='ltr'><strong>τῇ</strong></span> <span class='ocrx_word' id='word_1_359' title='bbox 1146 3230 1368 3303; x_wconf 77' lang='grc' dir='ltr'>τετάρτῃ</span> <span class='ocrx_word' id='word_1_360' title='bbox 1401 3228 1640 3299; x_wconf 71' lang='grc' dir='ltr'>ἐϐδομάδι</span> <span class='ocrx_word' id='word_1_361' title='bbox 1665 3227 1774 3300; x_wconf 76' lang='grc' dir='ltr'>[την</span> <span class='ocrx_word' id='word_1_362' title='bbox 1802 3249 1884 3282; x_wconf 82' lang='grc' dir='ltr'>τε·</span> 
     </span>
    </p>
   </div>
   <div class='ocr_carea' id='block_1_49' title="bbox 298 3318 1886 3393">
    <p class='ocr_par' dir='ltr' id='par_1_49' title="bbox 298 3318 1886 3393">
     <span class='ocr_line' id='line_1_49' title="bbox 298 3318 1886 3393; baseline -0.001 -18"><span class='ocrx_word' id='word_1_363' title='bbox 298 3324 488 3393; x_wconf 86' lang='grc' dir='ltr'>τάρτην</span> <span class='ocrx_word' id='word_1_364' title='bbox 510 3318 782 3389; x_wconf 66' lang='grc' dir='ltr'>ἐξδομάδαι</span> <span class='ocrx_word' id='word_1_365' title='bbox 806 3330 893 3380; x_wconf 81' lang='grc' dir='ltr'><strong>τῆς</strong></span> <span class='ocrx_word' id='word_1_366' title='bbox 914 3329 1255 3381; x_wconf 79' lang='grc' dir='ltr'>πεντηκοστῆς</span> <span class='ocrx_word' id='word_1_367' title='bbox 1285 3322 1621 3375; x_wconf 80' lang='grc' dir='ltr'>ἐπιτελεῖσθαι</span> <span class='ocrx_word' id='word_1_368' title='bbox 1650 3327 1738 3379; x_wconf 76' lang='grc' dir='ltr'><strong>την</strong></span> <span class='ocrx_word' id='word_1_369' title='bbox 1759 3322 1886 3374; x_wconf 88' lang='grc' dir='ltr'>σύν-</span> 
     </span>
    </p>
   </div>
   <div class='ocr_carea' id='block_1_50' title="bbox 299 3408 1885 3487">
    <p class='ocr_par' dir='ltr' id='par_1_50' title="bbox 299 3408 1885 3487">
     <span class='ocr_line' id='line_1_50' title="bbox 299 3408 1885 3487; baseline 0 -20"><span class='ocrx_word' id='word_1_370' title='bbox 299 3412 448 3477; x_wconf 84' lang='grc' dir='ltr'>οδον,</span> <span class='ocrx_word' id='word_1_371' title='bbox 495 3414 963 3485; x_wconf 80' lang='grc' dir='ltr'>ύπομιμνήσκοντος</span> <span class='ocrx_word' id='word_1_372' title='bbox 1015 3408 1137 3473; x_wconf 82' lang='grc' dir='ltr'>τούς</span> <span class='ocrx_word' id='word_1_373' title='bbox 1188 3416 1525 3487; x_wconf 85' lang='grc' dir='ltr'>ἐπαρχιὼτας</span> <span class='ocrx_word' id='word_1_374' title='bbox 1572 3421 1662 3467; x_wconf 84' lang='grc' dir='ltr'>τοῦ</span> <span class='ocrx_word' id='word_1_375' title='bbox 1718 3415 1767 3468; x_wconf 85' lang='grc' dir='ltr'><strong>ἐν</strong></span> <span class='ocrx_word' id='word_1_376' title='bbox 1822 3421 1885 3487; x_wconf 78' lang='grc' dir='ltr'><strong>τῇ</strong></span> 
     </span>
    </p>
   </div>
   <div class='ocr_carea' id='block_1_51' title="bbox 300 3503 1886 3579">
    <p class='ocr_par' dir='ltr' id='par_1_51' title="bbox 300 3503 1886 3579">
     <span class='ocr_line' id='line_1_51' title="bbox 300 3503 1886 3579; baseline 0.001 -21"><span class='ocrx_word' id='word_1_377' title='bbox 300 3506 622 3579; x_wconf 75' lang='grc' dir='ltr'>μητροπόλει⁸</span> <span class='ocrx_word' id='word_1_378' title='bbox 663 3512 751 3563; x_wconf 74' lang='grc' dir='ltr'><strong>την</strong></span> <span class='ocrx_word' id='word_1_379' title='bbox 782 3503 834 3559; x_wconf 81' lang='grc' dir='ltr'>δὲ</span> <span class='ocrx_word' id='word_1_380' title='bbox 866 3503 1107 3577; x_wconf 78' lang='grc' dir='ltr'>δευτέραν</span> <span class='ocrx_word' id='word_1_381' title='bbox 1136 3503 1345 3558; x_wconf 85' lang='grc' dir='ltr'>σύνοδον</span> <span class='ocrx_word' id='word_1_382' title='bbox 1382 3507 1603 3573; x_wconf 58' lang='grc' dir='ltr'>γίνεσθαι</span> <span class='ocrx_word' id='word_1_383' title='bbox 1638 3504 1765 3565; x_wconf 78' lang='grc' dir='ltr'>ἴδοις</span> <span class='ocrx_word' id='word_1_384' title='bbox 1796 3504 1886 3575; x_wconf 84' lang='grc' dir='ltr'><strong>[εἰ-</strong></span> 
     </span>
    </p>
   </div>
   <div class='ocr_carea' id='block_1_52' title="bbox 300 3595 1884 3674">
    <p class='ocr_par' dir='ltr' id='par_1_52' title="bbox 300 3595 1884 3674">
     <span class='ocr_line' id='line_1_52' title="bbox 300 3595 1884 3674; baseline 0 -24"><span class='ocrx_word' id='word_1_385' title='bbox 300 3595 425 3666; x_wconf 82' lang='grc' dir='ltr'>δοῖς]</span> <span class='ocrx_word' id='word_1_386' title='bbox 471 3597 807 3670; x_wconf 72' lang='grc' dir='ltr'>όκτωϐρίαις.</span> <span class='ocrx_word' id='word_1_387' title='bbox 839 3598 949 3655; x_wconf 72' lang='grc' dir='ltr'>ἥτις</span> <span class='ocrx_word' id='word_1_388' title='bbox 998 3597 1107 3649; x_wconf 74' lang='grc' dir='ltr'>ἐστὶ</span> <span class='ocrx_word' id='word_1_389' title='bbox 1152 3596 1563 3655; x_wconf 82' lang='grc' dir='ltr'>πεντεκαιδεκάτη</span> <span class='ocrx_word' id='word_1_390' title='bbox 1604 3598 1884 3674; x_wconf 77' lang='grc' dir='ltr'>ύπερϐερε-</span> 
     </span>
    </p>
   </div>
   <div class='ocr_carea' id='block_1_53' title="bbox 297 3687 1884 3763">
    <p class='ocr_par' dir='ltr' id='par_1_53' title="bbox 297 3687 1884 3763">
     <span class='ocr_line' id='line_1_53' title="bbox 297 3687 1884 3763; baseline 0.002 -21"><span class='ocrx_word' id='word_1_391' title='bbox 297 3690 456 3742; x_wconf 86' lang='grc' dir='ltr'>ταίου·</span> <span class='ocrx_word' id='word_1_392' title='bbox 490 3688 624 3741; x_wconf 84' lang='grc' dir='ltr'>ὥστε</span> <span class='ocrx_word' id='word_1_393' title='bbox 670 3688 717 3738; x_wconf 85' lang='grc' dir='ltr'><strong>ἐν</strong></span> <span class='ocrx_word' id='word_1_394' title='bbox 749 3688 934 3745; x_wconf 79' lang='grc' dir='ltr'>αὐταῖς</span> <span class='ocrx_word' id='word_1_395' title='bbox 978 3689 1191 3747; x_wconf 82' lang='grc' dir='ltr'>ταύταις</span> <span class='ocrx_word' id='word_1_396' title='bbox 1220 3697 1337 3748; x_wconf 86' lang='grc' dir='ltr'>ταῖς</span> <span class='ocrx_word' id='word_1_397' title='bbox 1365 3687 1591 3748; x_wconf 84' lang='grc' dir='ltr'>συνόδοις</span> <span class='ocrx_word' id='word_1_398' title='bbox 1620 3693 1884 3763; x_wconf 81' lang='grc' dir='ltr'>προσιέναι</span> 
     </span>
    </p>
   </div>
   <div class='ocr_carea' id='block_1_54' title="bbox 297 3776 1882 3853">
    <p class='ocr_par' dir='ltr' id='par_1_54' title="bbox 297 3776 1882 3853">
     <span class='ocr_line' id='line_1_54' title="bbox 297 3776 1882 3853; baseline 0.002 -22"><span class='ocrx_word' id='word_1_399' title='bbox 297 3780 683 3853; x_wconf 67' lang='grc' dir='ltr'>πρεσϐυτέρους</span> <span class='ocrx_word' id='word_1_400' title='bbox 710 3781 795 3830; x_wconf 88' lang='grc' dir='ltr'><strong>καί</strong></span> <span class='ocrx_word' id='word_1_401' title='bbox 825 3776 1108 3843; x_wconf 81' lang='grc' dir='ltr'>διακόνους,</span> <span class='ocrx_word' id='word_1_402' title='bbox 1134 3780 1219 3831; x_wconf 78' lang='grc' dir='ltr'>καὶ</span> <span class='ocrx_word' id='word_1_403' title='bbox 1250 3780 1445 3839; x_wconf 83' lang='grc' dir='ltr'>πάντας</span> <span class='ocrx_word' id='word_1_404' title='bbox 1470 3782 1588 3838; x_wconf 81' lang='grc' dir='ltr'>τούς</span> <span class='ocrx_word' id='word_1_405' title='bbox 1618 3779 1882 3838; x_wconf 71' lang='grc' dir='ltr'>ἠδικῆσθαι</span> 
     </span>
    </p>
   </div>
   <div class='ocr_carea' id='block_1_55' title="bbox 297 3871 1879 3947">
    <p class='ocr_par' dir='ltr' id='par_1_55' title="bbox 297 3871 1879 3947">
     <span class='ocr_line' id='line_1_55' title="bbox 297 3871 1879 3947; baseline -0.001 -18"><span class='ocrx_word' id='word_1_406' title='bbox 297 3878 602 3944; x_wconf 74' lang='grc' dir='ltr'>νομίζοντας,</span> <span class='ocrx_word' id='word_1_407' title='bbox 633 3878 713 3927; x_wconf 75' lang='grc' dir='ltr'><strong>καί</strong></span> <span class='ocrx_word' id='word_1_408' title='bbox 738 3876 880 3947; x_wconf 87' lang='grc' dir='ltr'>παρά</span> <span class='ocrx_word' id='word_1_409' title='bbox 904 3881 993 3931; x_wconf 81' lang='grc' dir='ltr'>τῆς</span> <span class='ocrx_word' id='word_1_410' title='bbox 1018 3871 1233 3926; x_wconf 84' lang='grc' dir='ltr'>συνόδου</span> <span class='ocrx_word' id='word_1_411' title='bbox 1256 3874 1554 3947; x_wconf 84' lang='grc' dir='ltr'>ἐπικρίσεως</span> <span class='ocrx_word' id='word_1_412' title='bbox 1580 3876 1879 3944; x_wconf 73' lang='grc' dir='ltr'>τυγχάνειν.</span> 
     </span>
    </p>
   </div>
   <div class='ocr_carea' id='block_1_56' title="bbox 295 3962 1881 4028">
    <p class='ocr_par' dir='ltr' id='par_1_56' title="bbox 295 3962 1881 4028">
     <span class='ocr_line' id='line_1_56' title="bbox 295 3962 1881 4028; baseline 0.001 -11"><span class='ocrx_word' id='word_1_413' title='bbox 295 3970 368 4021; x_wconf 70' lang='grc' dir='ltr'><strong>Μή</strong></span> <span class='ocrx_word' id='word_1_414' title='bbox 393 3967 566 4028; x_wconf 76' lang='grc' dir='ltr'>ἐξεῖναι</span> <span class='ocrx_word' id='word_1_415' title='bbox 595 3963 648 4018; x_wconf 83' lang='grc' dir='ltr'><strong>δέ</strong></span> <span class='ocrx_word' id='word_1_416' title='bbox 678 3985 811 4022; x_wconf 90' lang='grc' dir='ltr'>τινας</span> <span class='ocrx_word' id='word_1_417' title='bbox 832 3964 938 4016; x_wconf 77' lang='grc' dir='ltr'>καθ’</span> <span class='ocrx_word' id='word_1_418' title='bbox 970 3964 1184 4022; x_wconf 83' lang='grc' dir='ltr'>ἑαυτούς</span> <span class='ocrx_word' id='word_1_419' title='bbox 1214 3962 1457 4023; x_wconf 82' lang='grc' dir='ltr'>συνόδους</span> <span class='ocrx_word' id='word_1_420' title='bbox 1487 3968 1732 4019; x_wconf 86' lang='grc' dir='ltr'>ποιεῖσθαι</span> <span class='ocrx_word' id='word_1_421' title='bbox 1761 3963 1881 4020; x_wconf 77' lang='grc' dir='ltr'>ἄνευ</span> 
     </span>
    </p>
   </div>
   <div class='ocr_carea' id='block_1_57' title="bbox 294 4056 1317 4129">
    <p class='ocr_par' dir='ltr' id='par_1_57' title="bbox 294 4056 1317 4129">
     <span class='ocr_line' id='line_1_57' title="bbox 294 4056 1317 4129; baseline -0.003 -20"><span class='ocrx_word' id='word_1_422' title='bbox 294 4064 389 4109; x_wconf 81' lang='grc' dir='ltr'><strong>τῶν</strong></span> <span class='ocrx_word' id='word_1_423' title='bbox 413 4056 824 4123; x_wconf 77' lang='grc' dir='ltr'>πεπιστευμένων</span> <span class='ocrx_word' id='word_1_424' title='bbox 846 4057 936 4114; x_wconf 84' lang='grc' dir='ltr'>τὰς</span> <span class='ocrx_word' id='word_1_425' title='bbox 959 4056 1317 4129; x_wconf 86' lang='grc' dir='ltr'>μητροπόλεις.</span> 
     </span>
    </p>
   </div>
   <div class='ocr_carea' id='block_1_58' title="bbox 364 4146 1878 4221">
    <p class='ocr_par' dir='ltr' id='par_1_58' title="bbox 364 4146 1878 4221">
     <span class='ocr_line' id='line_1_58' title="bbox 364 4146 1878 4221; baseline 0.003 -24"><span class='ocrx_word' id='word_1_426' title='bbox 364 4148 426 4219; x_wconf 81' lang='grc' dir='ltr'><strong>ρ’.</strong></span> <span class='ocrx_word' id='word_1_427' title='bbox 458 4146 749 4201; x_wconf 60' lang='grc' dir='ltr'>Ἐπίσγεπον</span> <span class='ocrx_word' id='word_1_428' title='bbox 795 4148 895 4200; x_wconf 82' lang='grc' dir='ltr'><strong>άπό</strong></span> <span class='ocrx_word' id='word_1_429' title='bbox 946 4150 1227 4219; x_wconf 84' lang='grc' dir='ltr'>παροικίας.</span> <span class='ocrx_word' id='word_1_430' title='bbox 1254 4148 1425 4219; x_wconf 79' lang='grc' dir='ltr'>ἐτέρας</span> <span class='ocrx_word' id='word_1_431' title='bbox 1479 4150 1548 4206; x_wconf 58' lang='grc' dir='ltr'>εἷς</span> <span class='ocrx_word' id='word_1_432' title='bbox 1593 4148 1768 4221; x_wconf 79' lang='grc' dir='ltr'>ἑτέραν</span> <span class='ocrx_word' id='word_1_433' title='bbox 1809 4153 1878 4217; x_wconf 77' lang='grc' dir='ltr'>μή</span> 
     </span>
    </p>
   </div>
   <div class='ocr_carea' id='block_1_59' title="bbox 293 4237 1876 4310">
    <p class='ocr_par' dir='ltr' id='par_1_59' title="bbox 293 4237 1876 4310">
     <span class='ocr_line' id='line_1_59' title="bbox 293 4237 1876 4310; baseline 0.001 -21"><span class='ocrx_word' id='word_1_434' title='bbox 293 4239 656 4307; x_wconf 73' lang='grc' dir='ltr'>μεθίστασθαι,</span> <span class='ocrx_word' id='word_1_435' title='bbox 708 4241 833 4307; x_wconf 79' lang='grc' dir='ltr'>μήτε</span> <span class='ocrx_word' id='word_1_436' title='bbox 882 4237 1191 4310; x_wconf 68' lang='grc' dir='ltr'>αὐθαιρέτως</span> <span class='ocrx_word' id='word_1_437' title='bbox 1245 4238 1605 4309; x_wconf 64' lang='grc' dir='ltr'>ἐπιβρῖίπτοντα</span> <span class='ocrx_word' id='word_1_438' title='bbox 1654 4240 1876 4304; x_wconf 85' lang='grc' dir='ltr'>ἑαυτόν,</span> 
     </span>
    </p>
   </div>
   <div class='ocr_carea' id='block_1_60' title="bbox 292 4329 1880 4403">
    <p class='ocr_par' dir='ltr' id='par_1_60' title="bbox 292 4329 1880 4403">
     <span class='ocr_line' id='line_1_60' title="bbox 292 4329 1880 4403; baseline 0 -21"><span class='ocrx_word' id='word_1_439' title='bbox 292 4334 415 4398; x_wconf 68' lang='grc' dir='ltr'>μήτε</span> <span class='ocrx_word' id='word_1_440' title='bbox 444 4330 543 4382; x_wconf 84' lang='grc' dir='ltr'>ύπό</span> <span class='ocrx_word' id='word_1_441' title='bbox 568 4329 699 4381; x_wconf 85' lang='grc' dir='ltr'>λαῶν</span> <span class='ocrx_word' id='word_1_442' title='bbox 729 4329 1093 4397; x_wconf 61' lang='grc' dir='ltr'>ἐκϐιαζόμενον,</span> <span class='ocrx_word' id='word_1_443' title='bbox 1128 4332 1252 4398; x_wconf 80' lang='grc' dir='ltr'>μήτε</span> <span class='ocrx_word' id='word_1_444' title='bbox 1277 4330 1378 4381; x_wconf 85' lang='grc' dir='ltr'>ύπό</span> <span class='ocrx_word' id='word_1_445' title='bbox 1408 4329 1695 4384; x_wconf 82' lang='grc' dir='ltr'>ἐπισκόπων</span> <span class='ocrx_word' id='word_1_446' title='bbox 1724 4332 1880 4403; x_wconf 75' lang='grc' dir='ltr'>ἀναγ-</span> 
     </span>
    </p>
   </div>
   <div class='ocr_carea' id='block_1_61' title="bbox 292 4416 1877 4498">
    <p class='ocr_par' dir='ltr' id='par_1_61' title="bbox 292 4416 1877 4498">
     <span class='ocr_line' id='line_1_61' title="bbox 292 4416 1877 4498; baseline 0.002 -28"><span class='ocrx_word' id='word_1_447' title='bbox 292 4418 573 4489; x_wconf 74' lang='grc' dir='ltr'><strong>καζόριιενον⁸</strong></span> <span class='ocrx_word' id='word_1_448' title='bbox 608 4420 770 4491; x_wconf 73' lang='grc' dir='ltr'>μένειν</span> <span class='ocrx_word' id='word_1_449' title='bbox 800 4416 851 4472; x_wconf 83' lang='grc' dir='ltr'>δὲ</span> <span class='ocrx_word' id='word_1_450' title='bbox 881 4422 950 4477; x_wconf 85' lang='grc' dir='ltr'>εἰς</span> <span class='ocrx_word' id='word_1_451' title='bbox 976 4419 1032 4475; x_wconf 79' lang='grc' dir='ltr'>ἣν</span> <span class='ocrx_word' id='word_1_452' title='bbox 1058 4418 1303 4493; x_wconf 75' lang='grc' dir='ltr'>ἐκληρώθη</span> <span class='ocrx_word' id='word_1_453' title='bbox 1335 4422 1436 4473; x_wconf 84' lang='grc' dir='ltr'>ύπό</span> <span class='ocrx_word' id='word_1_454' title='bbox 1460 4427 1550 4473; x_wconf 81' lang='grc' dir='ltr'>τοῦ</span> <span class='ocrx_word' id='word_1_455' title='bbox 1583 4428 1708 4475; x_wconf 83' lang='grc' dir='ltr'>Θεοῦ</span> <span class='ocrx_word' id='word_1_456' title='bbox 1736 4422 1877 4498; x_wconf 78' lang='grc' dir='ltr'>ἐξαρ-</span> 
     </span>
    </p>
   </div>
   <div class='ocr_carea' id='block_1_62' title="bbox 1996 1884 3567 1961">
    <p class='ocr_par' dir='ltr' id='par_1_62' title="bbox 1996 1884 3567 1961">
     <span class='ocr_line' id='line_1_62' title="bbox 1996 1884 3567 1961; baseline 0.007 -26"><span class='ocrx_word' id='word_1_457' title='bbox 1996 1898 2115 1935; x_wconf 91' lang='lat' dir='ltr'><strong>cum</strong></span> <span class='ocrx_word' id='word_1_458' title='bbox 2145 1898 2212 1937; x_wconf 90' lang='lat' dir='ltr'><strong>eo</strong></span> <span class='ocrx_word' id='word_1_459' title='bbox 2242 1884 2426 1938; x_wconf 84' lang='lat' dir='ltr'><strong>adesse</strong></span> <span class='ocrx_word' id='word_1_460' title='bbox 2452 1889 2871 1954; x_wconf 87' lang='lat' dir='ltr'><strong>comministros,</strong></span> <span class='ocrx_word' id='word_1_461' title='bbox 2917 1891 3007 1958; x_wconf 91' lang='lat' dir='ltr'><strong>qui</strong></span> <span class='ocrx_word' id='word_1_462' title='bbox 3039 1899 3161 1945; x_wconf 92' lang='lat' dir='ltr'><strong>sunt</strong></span> <span class='ocrx_word' id='word_1_463' title='bbox 3191 1892 3243 1945; x_wconf 90' lang='lat' dir='ltr'><strong>in</strong></span> <span class='ocrx_word' id='word_1_464' title='bbox 3273 1895 3567 1961; x_wconf 87' lang='lat' dir='ltr'><strong>provincia,</strong></span> 
     </span>
    </p>
   </div>
   <div class='ocr_carea' id='block_1_63' title="bbox 1995 1976 3574 2047">
    <p class='ocr_par' dir='ltr' id='par_1_63' title="bbox 1995 1976 3574 2047">
     <span class='ocr_line' id='line_1_63' title="bbox 1995 1976 3574 2047; baseline 0.008 -22"><span class='ocrx_word' id='word_1_465' title='bbox 1995 1979 2050 2025; x_wconf 89' lang='lat' dir='ltr'><strong>et</strong></span> <span class='ocrx_word' id='word_1_466' title='bbox 2077 1987 2172 2027; x_wconf 91' lang='lat' dir='ltr'><strong>eos</strong></span> <span class='ocrx_word' id='word_1_467' title='bbox 2217 1988 2316 2042; x_wconf 92' lang='lat' dir='ltr'><strong>per</strong></span> <span class='ocrx_word' id='word_1_468' title='bbox 2344 1976 2550 2030; x_wconf 86' lang='lat' dir='ltr'><strong>litteras</strong></span> <span class='ocrx_word' id='word_1_469' title='bbox 2578 1980 3050 2047; x_wconf 86' lang='lat' dir='ltr'><strong>metropolitanum</strong></span> <span class='ocrx_word' id='word_1_470' title='bbox 3083 1998 3402 2037; x_wconf 83' lang='lat' dir='ltr'><strong>convocare.</strong></span> <span class='ocrx_word' id='word_1_471' title='bbox 3436 1983 3501 2038; x_wconf 89' lang='lat' dir='ltr'><strong>Et</strong></span> <span class='ocrx_word' id='word_1_472' title='bbox 3528 1985 3574 2038; x_wconf 92' lang='lat' dir='ltr'><strong>si</strong></span> 
     </span>
    </p>
   </div>
   <div class='ocr_carea' id='block_1_64' title="bbox 1993 2062 3576 2132">
    <p class='ocr_par' dir='ltr' id='par_1_64' title="bbox 1993 2062 3576 2132">
     <span class='ocr_line' id='line_1_64' title="bbox 1993 2062 3576 2132; baseline 0.01 -18"><span class='ocrx_word' id='word_1_473' title='bbox 1993 2062 2208 2129; x_wconf 89' lang='lat' dir='ltr'><strong>quidem</strong></span> <span class='ocrx_word' id='word_1_474' title='bbox 2239 2079 2426 2121; x_wconf 89' lang='lat' dir='ltr'><strong>omnes</strong></span> <span class='ocrx_word' id='word_1_475' title='bbox 2451 2070 2793 2132; x_wconf 89' lang='lat' dir='ltr'><strong>accesserint,</strong></span> <span class='ocrx_word' id='word_1_476' title='bbox 2827 2071 2961 2125; x_wconf 90' lang='lat' dir='ltr'><strong>bene</strong></span> <span class='ocrx_word' id='word_1_477' title='bbox 2990 2081 3071 2126; x_wconf 90' lang='lat' dir='ltr'><strong>est</strong></span> <span class='ocrx_word' id='word_1_478' title='bbox 3104 2089 3117 2125; x_wconf 88' lang='lat'><strong>:</strong></span> <span class='ocrx_word' id='word_1_479' title='bbox 3149 2074 3231 2127; x_wconf 89' lang='lat' dir='ltr'><strong>sin</strong></span> <span class='ocrx_word' id='word_1_480' title='bbox 3263 2084 3441 2128; x_wconf 89' lang='lat' dir='ltr'><strong>autem</strong></span> <span class='ocrx_word' id='word_1_481' title='bbox 3472 2076 3576 2132; x_wconf 84' lang='lat' dir='ltr'><strong>hoc</strong></span> 
     </span>
    </p>
   </div>
   <div class='ocr_carea' id='block_1_65' title="bbox 1994 2151 3576 2234">
    <p class='ocr_par' dir='ltr' id='par_1_65' title="bbox 1994 2151 3576 2234">
     <span class='ocr_line' id='line_1_65' title="bbox 1994 2151 3576 2234; baseline 0.009 -30"><span class='ocrx_word' id='word_1_482' title='bbox 1994 2151 2210 2209; x_wconf 80' lang='lat' dir='ltr'><strong>difﬁcile</strong></span> <span class='ocrx_word' id='word_1_483' title='bbox 2256 2153 2434 2221; x_wconf 82' lang='lat' dir='ltr'><strong>fuerit,</strong></span> <span class='ocrx_word' id='word_1_484' title='bbox 2488 2159 2668 2226; x_wconf 89' lang='lat' dir='ltr'><strong>plures</strong></span> <span class='ocrx_word' id='word_1_485' title='bbox 2705 2163 2924 2216; x_wconf 85' lang='lat' dir='ltr'><strong>omnino</strong></span> <span class='ocrx_word' id='word_1_486' title='bbox 2966 2163 3154 2219; x_wconf 80' lang='lat' dir='ltr'><strong>adesse</strong></span> <span class='ocrx_word' id='word_1_487' title='bbox 3200 2175 3431 2234; x_wconf 88' lang='lat' dir='ltr'><strong>oportet,</strong></span> <span class='ocrx_word' id='word_1_488' title='bbox 3483 2174 3576 2221; x_wconf 86' lang='lat' dir='ltr'><strong>aut</strong></span> 
     </span>
    </p>
   </div>
   <div class='ocr_carea' id='block_1_66' title="bbox 1995 2247 3575 2324">
    <p class='ocr_par' dir='ltr' id='par_1_66' title="bbox 1995 2247 3575 2324">
     <span class='ocr_line' id='line_1_66' title="bbox 1995 2247 3575 2324; baseline 0.009 -27"><span class='ocrx_word' id='word_1_489' title='bbox 1995 2252 2143 2299; x_wconf 83' lang='lat' dir='ltr'><strong>certe</strong></span> <span class='ocrx_word' id='word_1_490' title='bbox 2171 2262 2268 2314; x_wconf 83' lang='lat' dir='ltr'><strong>per</strong></span> <span class='ocrx_word' id='word_1_491' title='bbox 2315 2247 2522 2302; x_wconf 86' lang='lat' dir='ltr'><strong>litteras</strong></span> <span class='ocrx_word' id='word_1_492' title='bbox 2552 2266 2655 2303; x_wconf 92' lang='lat' dir='ltr'><strong>una</strong></span> <span class='ocrx_word' id='word_1_493' title='bbox 2684 2266 2803 2305; x_wconf 90' lang='lat' dir='ltr'><strong>cum</strong></span> <span class='ocrx_word' id='word_1_494' title='bbox 2831 2252 2936 2305; x_wconf 90' lang='lat' dir='ltr'><strong>illis</strong></span> <span class='ocrx_word' id='word_1_495' title='bbox 2982 2253 3286 2321; x_wconf 81' lang='lat' dir='ltr'><strong>sulTragium</strong></span> <span class='ocrx_word' id='word_1_496' title='bbox 3330 2256 3491 2324; x_wconf 77' lang='lat' dir='ltr'><strong>ferre,</strong></span> <span class='ocrx_word' id='word_1_497' title='bbox 3523 2268 3575 2312; x_wconf 85' lang='lat' dir='ltr'><strong>et</strong></span> 
     </span>
    </p>
   </div>
   <div class='ocr_carea' id='block_1_67' title="bbox 1993 2336 3575 2414">
    <p class='ocr_par' dir='ltr' id='par_1_67' title="bbox 1993 2336 3575 2414">
     <span class='ocr_line' id='line_1_67' title="bbox 1993 2336 3575 2414; baseline 0.011 -25"><span class='ocrx_word' id='word_1_498' title='bbox 1993 2336 2069 2390; x_wconf 91' lang='lat' dir='ltr'><strong>sic</strong></span> <span class='ocrx_word' id='word_1_499' title='bbox 2091 2352 2214 2391; x_wconf 87' lang='lat' dir='ltr'><strong>cum</strong></span> <span class='ocrx_word' id='word_1_500' title='bbox 2260 2338 2489 2406; x_wconf 90' lang='lat' dir='ltr'><strong>plurium</strong></span> <span class='ocrx_word' id='word_1_501' title='bbox 2532 2344 2813 2410; x_wconf 67' lang='lat' dir='ltr'><strong>prmsenlia</strong></span> <span class='ocrx_word' id='word_1_502' title='bbox 2845 2352 2938 2397; x_wconf 91' lang='lat' dir='ltr'><strong>aut</strong></span> <span class='ocrx_word' id='word_1_503' title='bbox 2978 2346 3233 2414; x_wconf 71' lang='lat' dir='ltr'><strong>sum&#39;agio</strong></span> <span class='ocrx_word' id='word_1_504' title='bbox 3274 2340 3575 2405; x_wconf 82' lang='lat' dir='ltr'><strong>ordinatio-</strong></span> 
     </span>
    </p>
   </div>
   <div class='ocr_carea' id='block_1_68' title="bbox 1992 2427 3572 2506">
    <p class='ocr_par' dir='ltr' id='par_1_68' title="bbox 1992 2427 3572 2506">
     <span class='ocr_line' id='line_1_68' title="bbox 1992 2427 3572 2506; baseline 0.01 -28"><span class='ocrx_word' id='word_1_505' title='bbox 1992 2441 2113 2480; x_wconf 89' lang='lat' dir='ltr'><strong>nem</strong></span> <span class='ocrx_word' id='word_1_506' title='bbox 2147 2427 2281 2482; x_wconf 83' lang='lat' dir='ltr'><strong>Iicri.</strong></span> <span class='ocrx_word' id='word_1_507' title='bbox 2332 2428 2424 2484; x_wconf 90' lang='lat' dir='ltr'><strong>Sin</strong></span> <span class='ocrx_word' id='word_1_508' title='bbox 2454 2441 2631 2486; x_wconf 90' lang='lat' dir='ltr'><strong>autem</strong></span> <span class='ocrx_word' id='word_1_509' title='bbox 2663 2434 2818 2488; x_wconf 87' lang='lat' dir='ltr'><strong>aliter</strong></span> <span class='ocrx_word' id='word_1_510' title='bbox 2845 2443 3041 2504; x_wconf 66' lang='lat' dir='ltr'><strong>prteter</strong></span> <span class='ocrx_word' id='word_1_511' title='bbox 3069 2436 3182 2492; x_wconf 71' lang='lat' dir='ltr'><strong>hzec</strong></span> <span class='ocrx_word' id='word_1_512' title='bbox 3210 2452 3328 2506; x_wconf 74' lang='lat' dir='ltr'><strong>qum</strong></span> <span class='ocrx_word' id='word_1_513' title='bbox 3357 2432 3572 2494; x_wconf 87' lang='lat' dir='ltr'><strong>decreta</strong></span> 
     </span>
    </p>
   </div>
   <div class='ocr_carea' id='block_1_69' title="bbox 1992 2517 3573 2598">
    <p class='ocr_par' dir='ltr' id='par_1_69' title="bbox 1992 2517 3573 2598">
     <span class='ocr_line' id='line_1_69' title="bbox 1992 2517 3573 2598; baseline 0.011 -30"><span class='ocrx_word' id='word_1_514' title='bbox 1992 2524 2134 2579; x_wconf 90' lang='lat' dir='ltr'><strong>sunt,</strong></span> <span class='ocrx_word' id='word_1_515' title='bbox 2167 2517 2275 2584; x_wconf 85' lang='lat' dir='ltr'><strong>ﬁat,</strong></span> <span class='ocrx_word' id='word_1_516' title='bbox 2306 2535 2415 2573; x_wconf 87' lang='lat' dir='ltr'><strong>non</strong></span> <span class='ocrx_word' id='word_1_517' title='bbox 2443 2522 2623 2577; x_wconf 83' lang='lat' dir='ltr'><strong>valere</strong></span> <span class='ocrx_word' id='word_1_518' title='bbox 2649 2524 3064 2579; x_wconf 86' lang='lat' dir='ltr'><strong>ordinationem.</strong></span> <span class='ocrx_word' id='word_1_519' title='bbox 3114 2527 3169 2581; x_wconf 88' lang='lat' dir='ltr'><strong>Si</strong></span> <span class='ocrx_word' id='word_1_520' title='bbox 3202 2538 3378 2583; x_wconf 90' lang='lat' dir='ltr'><strong>autem</strong></span> <span class='ocrx_word' id='word_1_521' title='bbox 3417 2530 3573 2598; x_wconf 84' lang='lat' dir='ltr'><strong>juxta</strong></span> 
     </span>
    </p>
   </div>
   <div class='ocr_carea' id='block_1_70' title="bbox 1992 2606 3574 2685">
    <p class='ocr_par' dir='ltr' id='par_1_70' title="bbox 1992 2606 3574 2685">
     <span class='ocr_line' id='line_1_70' title="bbox 1992 2606 3574 2685; baseline 0.011 -29"><span class='ocrx_word' id='word_1_522' title='bbox 1992 2606 2310 2673; x_wconf 81' lang='lat' dir='ltr'><strong>praeﬁnitum</strong></span> <span class='ocrx_word' id='word_1_523' title='bbox 2352 2625 2613 2665; x_wconf 88' lang='lat' dir='ltr'><strong>canonem</strong></span> <span class='ocrx_word' id='word_1_524' title='bbox 2642 2613 2912 2668; x_wconf 87' lang='lat' dir='ltr'><strong>ordinatio</strong></span> <span class='ocrx_word' id='word_1_525' title='bbox 2948 2614 3089 2670; x_wconf 81' lang='lat' dir='ltr'><strong>facta</strong></span> <span class='ocrx_word' id='word_1_526' title='bbox 3133 2615 3313 2685; x_wconf 84' lang='lat' dir='ltr'><strong>fuerit,</strong></span> <span class='ocrx_word' id='word_1_527' title='bbox 3345 2630 3398 2673; x_wconf 87' lang='lat' dir='ltr'><strong>et</strong></span> <span class='ocrx_word' id='word_1_528' title='bbox 3435 2636 3574 2673; x_wconf 82' lang='lat' dir='ltr'><strong>non-</strong></span> 
     </span>
    </p>
   </div>
   <div class='ocr_carea' id='block_1_71' title="bbox 1992 2694 3575 2778">
    <p class='ocr_par' dir='ltr' id='par_1_71' title="bbox 1992 2694 3575 2778">
     <span class='ocr_line' id='line_1_71' title="bbox 1992 2694 3575 2778; baseline 0.013 -34"><span class='ocrx_word' id='word_1_529' title='bbox 1992 2694 2123 2748; x_wconf 91' lang='lat' dir='ltr'><strong>nulli</strong></span> <span class='ocrx_word' id='word_1_530' title='bbox 2153 2713 2247 2765; x_wconf 88' lang='lat' dir='ltr'><strong>per</strong></span> <span class='ocrx_word' id='word_1_531' title='bbox 2275 2701 2679 2755; x_wconf 87' lang='lat' dir='ltr'><strong>contentionem</strong></span> <span class='ocrx_word' id='word_1_532' title='bbox 2710 2705 3105 2772; x_wconf 89' lang='lat' dir='ltr'><strong>contradicant,</strong></span> <span class='ocrx_word' id='word_1_533' title='bbox 3145 2707 3387 2762; x_wconf 84' lang='lat' dir='ltr'><strong>obtineat</strong></span> <span class='ocrx_word' id='word_1_534' title='bbox 3409 2710 3575 2778; x_wconf 73' lang='lat' dir='ltr'><strong>pluri~</strong></span> 
     </span>
    </p>
   </div>
   <div class='ocr_carea' id='block_1_72' title="bbox 1991 2791 2511 2844">
    <p class='ocr_par' dir='ltr' id='par_1_72' title="bbox 1991 2791 2511 2844">
     <span class='ocr_line' id='line_1_72' title="bbox 1991 2791 2511 2844; baseline 0.012 -6"><span class='ocrx_word' id='word_1_535' title='bbox 1991 2800 2199 2839; x_wconf 88' lang='lat' dir='ltr'><strong>morum</strong></span> <span class='ocrx_word' id='word_1_536' title='bbox 2223 2791 2511 2844; x_wconf 88' lang='lat' dir='ltr'><strong>sententia.</strong></span> 
     </span>
    </p>
   </div>
   <div class='ocr_carea' id='block_1_73' title="bbox 2062 2874 3574 2960">
    <p class='ocr_par' dir='ltr' id='par_1_73' title="bbox 2062 2874 3574 2960">
     <span class='ocr_line' id='line_1_73' title="bbox 2062 2874 3574 2960; baseline 0.013 -34"><span class='ocrx_word' id='word_1_537' title='bbox 2062 2874 2243 2929; x_wconf 88' lang='lat' dir='ltr'><strong>XCIX.</strong></span> <span class='ocrx_word' id='word_1_538' title='bbox 2275 2910 2346 2918; x_wconf 92' lang='lat'><strong>—</strong></span> <span class='ocrx_word' id='word_1_539' title='bbox 2373 2878 2461 2932; x_wconf 75' lang='lat'><strong>20.</strong></span> <span class='ocrx_word' id='word_1_540' title='bbox 2494 2879 2722 2950; x_wconf 88' lang='lat' dir='ltr'><strong>Propter</strong></span> <span class='ocrx_word' id='word_1_541' title='bbox 2765 2900 2894 2938; x_wconf 91' lang='lat' dir='ltr'><strong>usus</strong></span> <span class='ocrx_word' id='word_1_542' title='bbox 2938 2886 3334 2943; x_wconf 89' lang='lat' dir='ltr'><strong>ecclesiasticos</strong></span> <span class='ocrx_word' id='word_1_543' title='bbox 3374 2900 3430 2944; x_wconf 90' lang='lat' dir='ltr'><strong>et</strong></span> <span class='ocrx_word' id='word_1_544' title='bbox 3476 2906 3574 2960; x_wconf 91' lang='lat' dir='ltr'><strong>pro</strong></span> 
     </span>
    </p>
   </div>
   <div class='ocr_carea' id='block_1_74' title="bbox 1990 2967 3573 3052">
    <p class='ocr_par' dir='ltr' id='par_1_74' title="bbox 1990 2967 3573 3052">
     <span class='ocr_line' id='line_1_74' title="bbox 1990 2967 3573 3052; baseline 0.013 -32"><span class='ocrx_word' id='word_1_545' title='bbox 1990 2967 2303 3024; x_wconf 89' lang='lat' dir='ltr'><strong>dirimendis</strong></span> <span class='ocrx_word' id='word_1_546' title='bbox 2331 2977 2734 3041; x_wconf 83' lang='lat' dir='ltr'><strong>controversiis,</strong></span> <span class='ocrx_word' id='word_1_547' title='bbox 2778 2988 2926 3033; x_wconf 90' lang='lat' dir='ltr'><strong>recte</strong></span> <span class='ocrx_word' id='word_1_548' title='bbox 2954 2981 3154 3037; x_wconf 84' lang='lat' dir='ltr'><strong>habere</strong></span> <span class='ocrx_word' id='word_1_549' title='bbox 3181 2984 3352 3038; x_wconf 90' lang='lat' dir='ltr'><strong>visum</strong></span> <span class='ocrx_word' id='word_1_550' title='bbox 3384 2994 3484 3052; x_wconf 89' lang='lat' dir='ltr'><strong>est,</strong></span> <span class='ocrx_word' id='word_1_551' title='bbox 3517 2996 3573 3041; x_wconf 87' lang='lat' dir='ltr'><strong>ut</strong></span> 
     </span>
    </p>
   </div>
   <div class='ocr_carea' id='block_1_75' title="bbox 1990 3069 3572 3147">
    <p class='ocr_par' dir='ltr' id='par_1_75' title="bbox 1990 3069 3572 3147">
     <span class='ocr_line' id='line_1_75' title="bbox 1990 3069 3572 3147; baseline 0.014 -36"><span class='ocrx_word' id='word_1_552' title='bbox 1990 3074 2089 3129; x_wconf 91' lang='lat' dir='ltr'><strong>per</strong></span> <span class='ocrx_word' id='word_1_553' title='bbox 2114 3075 2541 3133; x_wconf 84' lang='lat' dir='ltr'><strong>unamquamque</strong></span> <span class='ocrx_word' id='word_1_554' title='bbox 2588 3069 2918 3135; x_wconf 91' lang='lat' dir='ltr'><strong>provinciam</strong></span> <span class='ocrx_word' id='word_1_555' title='bbox 2967 3074 3155 3142; x_wconf 80' lang='lat' dir='ltr'><strong>synodi</strong></span> <span class='ocrx_word' id='word_1_556' title='bbox 3197 3076 3572 3147; x_wconf 91' lang='lat' dir='ltr'><strong>episcoporum</strong></span> 
     </span>
    </p>
   </div>
   <div class='ocr_carea' id='block_1_76' title="bbox 1991 3146 3571 3231">
    <p class='ocr_par' dir='ltr' id='par_1_76' title="bbox 1991 3146 3571 3231">
     <span class='ocr_line' id='line_1_76' title="bbox 1991 3146 3571 3231; baseline 0.013 -30"><span class='ocrx_word' id='word_1_557' title='bbox 1991 3146 2074 3201; x_wconf 88' lang='lat' dir='ltr'><strong>bis</strong></span> <span class='ocrx_word' id='word_1_558' title='bbox 2097 3148 2149 3200; x_wconf 92' lang='lat' dir='ltr'><strong>in</strong></span> <span class='ocrx_word' id='word_1_559' title='bbox 2176 3164 2319 3204; x_wconf 86' lang='lat' dir='ltr'><strong>anno</strong></span> <span class='ocrx_word' id='word_1_560' title='bbox 2364 3150 2511 3204; x_wconf 86' lang='lat' dir='ltr'><strong>tiant.</strong></span> <span class='ocrx_word' id='word_1_561' title='bbox 2542 3153 2620 3207; x_wconf 87' lang='lat' dir='ltr'><strong>Ac</strong></span> <span class='ocrx_word' id='word_1_562' title='bbox 2649 3157 2820 3223; x_wconf 90' lang='lat' dir='ltr'><strong>prima</strong></span> <span class='ocrx_word' id='word_1_563' title='bbox 2856 3159 3069 3227; x_wconf 87' lang='lat' dir='ltr'><strong>quidem</strong></span> <span class='ocrx_word' id='word_1_564' title='bbox 3101 3172 3221 3231; x_wconf 89' lang='lat' dir='ltr'><strong>post</strong></span> <span class='ocrx_word' id='word_1_565' title='bbox 3250 3146 3459 3219; x_wconf 84' lang='lat' dir='ltr'><strong>tertiam</strong></span> <span class='ocrx_word' id='word_1_566' title='bbox 3482 3183 3571 3222; x_wconf 85' lang='lat' dir='ltr'><strong>se-</strong></span> 
     </span>
    </p>
   </div>
   <div class='ocr_carea' id='block_1_77' title="bbox 1990 3240 3571 3322">
    <p class='ocr_par' dir='ltr' id='par_1_77' title="bbox 1990 3240 3571 3322">
     <span class='ocr_line' id='line_1_77' title="bbox 1990 3240 3571 3322; baseline 0.015 -32"><span class='ocrx_word' id='word_1_567' title='bbox 1990 3240 2284 3308; x_wconf 88' lang='lat' dir='ltr'><strong>ptimanam</strong></span> <span class='ocrx_word' id='word_1_568' title='bbox 2314 3240 2439 3321; x_wconf 70' lang='lat' dir='ltr'><strong>festi</strong></span> <span class='ocrx_word' id='word_1_569' title='bbox 2464 3242 2707 3313; x_wconf 73' lang='lat' dir='ltr'><strong>Paschte,</strong></span> <span class='ocrx_word' id='word_1_570' title='bbox 2739 3256 2796 3301; x_wconf 93' lang='lat' dir='ltr'><strong>ut</strong></span> <span class='ocrx_word' id='word_1_571' title='bbox 2820 3260 3010 3317; x_wconf 90' lang='lat' dir='ltr'><strong>quarta</strong></span> <span class='ocrx_word' id='word_1_572' title='bbox 3040 3256 3339 3322; x_wconf 89' lang='lat' dir='ltr'><strong>septimana</strong></span> <span class='ocrx_word' id='word_1_573' title='bbox 3370 3256 3571 3313; x_wconf 81' lang='lat' dir='ltr'><strong>Pente-</strong></span> 
     </span>
    </p>
   </div>
   <div class='ocr_carea' id='block_1_78' title="bbox 1990 3335 3572 3417">
    <p class='ocr_par' dir='ltr' id='par_1_78' title="bbox 1990 3335 3572 3417">
     <span class='ocr_line' id='line_1_78' title="bbox 1990 3335 3572 3417; baseline 0.013 -34"><span class='ocrx_word' id='word_1_574' title='bbox 1990 3340 2168 3385; x_wconf 90' lang='lat' dir='ltr'><strong>costes</strong></span> <span class='ocrx_word' id='word_1_575' title='bbox 2200 3335 2512 3401; x_wconf 83' lang='lat' dir='ltr'><strong>perﬁciatur</strong></span> <span class='ocrx_word' id='word_1_576' title='bbox 2534 3339 2787 3407; x_wconf 87' lang='lat' dir='ltr'><strong>synodus,</strong></span> <span class='ocrx_word' id='word_1_577' title='bbox 2821 3345 3239 3412; x_wconf 87' lang='lat' dir='ltr'><strong>metropolitano</strong></span> <span class='ocrx_word' id='word_1_578' title='bbox 3263 3350 3572 3417; x_wconf 87' lang='lat' dir='ltr'><strong>provincia-</strong></span> 
     </span>
    </p>
   </div>
   <div class='ocr_carea' id='block_1_79' title="bbox 1986 3418 3573 3509">
    <p class='ocr_par' dir='ltr' id='par_1_79' title="bbox 1986 3418 3573 3509">
     <span class='ocr_line' id='line_1_79' title="bbox 1986 3418 3573 3509; baseline 0.014 -35"><span class='ocrx_word' id='word_1_579' title='bbox 1986 3421 2065 3475; x_wconf 92' lang='lat' dir='ltr'><strong>les</strong></span> <span class='ocrx_word' id='word_1_580' title='bbox 2091 3424 2375 3493; x_wconf 85' lang='lat' dir='ltr'><strong>episcopos</strong></span> <span class='ocrx_word' id='word_1_581' title='bbox 2400 3425 2743 3483; x_wconf 87' lang='lat' dir='ltr'><strong>admonente.</strong></span> <span class='ocrx_word' id='word_1_582' title='bbox 2774 3418 3027 3488; x_wconf 84' lang='lat' dir='ltr'><strong>Secunda</strong></span> <span class='ocrx_word' id='word_1_583' title='bbox 3049 3451 3179 3492; x_wconf 88' lang='lat' dir='ltr'><strong>vero</strong></span> <span class='ocrx_word' id='word_1_584' title='bbox 3207 3420 3446 3509; x_wconf 87' lang='lat' dir='ltr'><strong>synodus</strong></span> <span class='ocrx_word' id='word_1_585' title='bbox 3477 3442 3573 3496; x_wconf 79' lang='lat' dir='ltr'><strong>ﬁat</strong></span> 
     </span>
    </p>
   </div>
   <div class='ocr_carea' id='block_1_80' title="bbox 1988 3512 3570 3602">
    <p class='ocr_par' dir='ltr' id='par_1_80' title="bbox 1988 3512 3570 3602">
     <span class='ocr_line' id='line_1_80' title="bbox 1988 3512 3570 3602; baseline 0.015 -36"><span class='ocrx_word' id='word_1_586' title='bbox 1988 3512 2162 3569; x_wconf 90' lang='lat' dir='ltr'><strong>idibus</strong></span> <span class='ocrx_word' id='word_1_587' title='bbox 2191 3513 2460 3584; x_wconf 89' lang='lat' dir='ltr'><strong>Octobris,</strong></span> <span class='ocrx_word' id='word_1_588' title='bbox 2491 3520 2582 3587; x_wconf 91' lang='lat' dir='ltr'><strong>qui</strong></span> <span class='ocrx_word' id='word_1_589' title='bbox 2612 3530 2696 3575; x_wconf 90' lang='lat' dir='ltr'><strong>est</strong></span> <span class='ocrx_word' id='word_1_590' title='bbox 2726 3521 2970 3581; x_wconf 88' lang='lat' dir='ltr'><strong>decimus</strong></span> <span class='ocrx_word' id='word_1_591' title='bbox 2996 3528 3216 3595; x_wconf 89' lang='lat' dir='ltr'><strong>quintus</strong></span> <span class='ocrx_word' id='word_1_592' title='bbox 3243 3531 3570 3602; x_wconf 77' lang='lat' dir='ltr'><strong>hyperbere-</strong></span> 
     </span>
    </p>
   </div>
   <div class='ocr_carea' id='block_1_81' title="bbox 1987 3605 3569 3691">
    <p class='ocr_par' dir='ltr' id='par_1_81' title="bbox 1987 3605 3569 3691">
     <span class='ocr_line' id='line_1_81' title="bbox 1987 3605 3569 3691; baseline 0.014 -35"><span class='ocrx_word' id='word_1_593' title='bbox 1987 3605 2113 3657; x_wconf 68' lang='lat' dir='ltr'><strong>tzei:</strong></span> <span class='ocrx_word' id='word_1_594' title='bbox 2148 3614 2203 3658; x_wconf 90' lang='lat' dir='ltr'><strong>ut</strong></span> <span class='ocrx_word' id='word_1_595' title='bbox 2230 3607 2282 3660; x_wconf 90' lang='lat' dir='ltr'><strong>in</strong></span> <span class='ocrx_word' id='word_1_596' title='bbox 2328 3607 2409 3660; x_wconf 85' lang='lat' dir='ltr'><strong>his</strong></span> <span class='ocrx_word' id='word_1_597' title='bbox 2438 3609 2566 3676; x_wconf 81' lang='lat' dir='ltr'><strong>ipsis</strong></span> <span class='ocrx_word' id='word_1_598' title='bbox 2605 3612 2825 3680; x_wconf 87' lang='lat' dir='ltr'><strong>synodis</strong></span> <span class='ocrx_word' id='word_1_599' title='bbox 2872 3618 3132 3671; x_wconf 80' lang='lat' dir='ltr'><strong>accedant</strong></span> <span class='ocrx_word' id='word_1_600' title='bbox 3175 3622 3471 3691; x_wconf 89' lang='lat' dir='ltr'><strong>presbyteri</strong></span> <span class='ocrx_word' id='word_1_601' title='bbox 3514 3633 3569 3678; x_wconf 85' lang='lat' dir='ltr'><strong>et</strong></span> 
     </span>
    </p>
   </div>
   <div class='ocr_carea' id='block_1_82' title="bbox 1985 3696 3568 3782">
    <p class='ocr_par' dir='ltr' id='par_1_82' title="bbox 1985 3696 3568 3782">
     <span class='ocr_line' id='line_1_82' title="bbox 1985 3696 3568 3782; baseline 0.015 -33"><span class='ocrx_word' id='word_1_602' title='bbox 1985 3696 2218 3755; x_wconf 86' lang='lat' dir='ltr'><strong>diaconi.</strong></span> <span class='ocrx_word' id='word_1_603' title='bbox 2245 3707 2300 3752; x_wconf 91' lang='lat' dir='ltr'><strong>et</strong></span> <span class='ocrx_word' id='word_1_604' title='bbox 2327 3715 2515 3755; x_wconf 91' lang='lat' dir='ltr'><strong>omnes</strong></span> <span class='ocrx_word' id='word_1_605' title='bbox 2536 3703 2626 3770; x_wconf 89' lang='lat' dir='ltr'><strong>qui</strong></span> <span class='ocrx_word' id='word_1_606' title='bbox 2657 3718 2716 3757; x_wconf 90' lang='lat' dir='ltr'><strong>se</strong></span> <span class='ocrx_word' id='word_1_607' title='bbox 2745 3705 2935 3773; x_wconf 87' lang='lat' dir='ltr'><strong>injuria</strong></span> <span class='ocrx_word' id='word_1_608' title='bbox 2963 3708 3186 3765; x_wconf 81' lang='lat' dir='ltr'><strong>aﬂ‘ectos</strong></span> <span class='ocrx_word' id='word_1_609' title='bbox 3227 3723 3437 3782; x_wconf 89' lang='lat' dir='ltr'><strong>putant,</strong></span> <span class='ocrx_word' id='word_1_610' title='bbox 3462 3725 3517 3770; x_wconf 90' lang='lat' dir='ltr'><strong>et</strong></span> <span class='ocrx_word' id='word_1_611' title='bbox 3537 3733 3568 3772; x_wconf 91' lang='lat' dir='ltr'><strong>a</strong></span> 
     </span>
    </p>
   </div>
   <div class='ocr_carea' id='block_1_83' title="bbox 1985 3788 3569 3876">
    <p class='ocr_par' dir='ltr' id='par_1_83' title="bbox 1985 3788 3569 3876">
     <span class='ocr_line' id='line_1_83' title="bbox 1985 3788 3569 3876; baseline 0.014 -35"><span class='ocrx_word' id='word_1_612' title='bbox 1985 3788 2193 3858; x_wconf 88' lang='lat' dir='ltr'><strong>synodo</strong></span> <span class='ocrx_word' id='word_1_613' title='bbox 2213 3789 2474 3857; x_wconf 90' lang='lat' dir='ltr'><strong>judicium</strong></span> <span class='ocrx_word' id='word_1_614' title='bbox 2502 3804 2874 3863; x_wconf 87' lang='lat' dir='ltr'><strong>assequantur.</strong></span> <span class='ocrx_word' id='word_1_615' title='bbox 2927 3797 3096 3854; x_wconf 86' lang='lat' dir='ltr'><strong>Nullis</strong></span> <span class='ocrx_word' id='word_1_616' title='bbox 3131 3818 3259 3857; x_wconf 90' lang='lat' dir='ltr'><strong>vero</strong></span> <span class='ocrx_word' id='word_1_617' title='bbox 3288 3804 3445 3860; x_wconf 87' lang='lat' dir='ltr'><strong>liceat</strong></span> <span class='ocrx_word' id='word_1_618' title='bbox 3472 3822 3569 3876; x_wconf 86' lang='lat' dir='ltr'><strong>per</strong></span> 
     </span>
    </p>
   </div>
   <div class='ocr_carea' id='block_1_84' title="bbox 1983 3881 3568 3964">
    <p class='ocr_par' dir='ltr' id='par_1_84' title="bbox 1983 3881 3568 3964">
     <span class='ocr_line' id='line_1_84' title="bbox 1983 3881 3568 3964; baseline 0.013 -32"><span class='ocrx_word' id='word_1_619' title='bbox 1983 3894 2042 3933; x_wconf 89' lang='lat' dir='ltr'><strong>se</strong></span> <span class='ocrx_word' id='word_1_620' title='bbox 2067 3881 2301 3950; x_wconf 87' lang='lat' dir='ltr'><strong>synodos</strong></span> <span class='ocrx_word' id='word_1_621' title='bbox 2328 3883 2602 3939; x_wconf 88' lang='lat' dir='ltr'><strong>celebrare</strong></span> <span class='ocrx_word' id='word_1_622' title='bbox 2627 3886 2743 3940; x_wconf 90' lang='lat' dir='ltr'><strong>sine</strong></span> <span class='ocrx_word' id='word_1_623' title='bbox 2767 3888 2829 3941; x_wconf 91' lang='lat' dir='ltr'><strong>iis</strong></span> <span class='ocrx_word' id='word_1_624' title='bbox 2868 3889 3061 3958; x_wconf 79' lang='lat' dir='ltr'><strong>quibus</strong></span> <span class='ocrx_word' id='word_1_625' title='bbox 3100 3896 3432 3964; x_wconf 76' lang='lat' dir='ltr'><strong>&#39;metropoles</strong></span> <span class='ocrx_word' id='word_1_626' title='bbox 3456 3913 3568 3952; x_wconf 51' lang='lat' dir='ltr'><strong>ere.</strong></span> 
     </span>
    </p>
   </div>
   <div class='ocr_carea' id='block_1_85' title="bbox 1984 3969 2279 4027">
    <p class='ocr_par' dir='ltr' id='par_1_85' title="bbox 1984 3969 2279 4027">
     <span class='ocr_line' id='line_1_85' title="bbox 1984 3969 2279 4027; baseline 0.007 -3"><span class='ocrx_word' id='word_1_627' title='bbox 1984 3969 2109 4025; x_wconf 72' lang='lat' dir='ltr'><strong>dita:</strong></span> <span class='ocrx_word' id='word_1_628' title='bbox 2137 3981 2279 4027; x_wconf 88' lang='lat' dir='ltr'><strong>sunt.</strong></span> 
     </span>
    </p>
   </div>
   <div class='ocr_carea' id='block_1_86' title="bbox 2051 4159 3565 4235">
    <p class='ocr_par' dir='ltr' id='par_1_86' title="bbox 2051 4159 3565 4235">
     <span class='ocr_line' id='line_1_86' title="bbox 2051 4159 3565 4235; baseline 0.009 -21"><span class='ocrx_word' id='word_1_629' title='bbox 2051 4159 2115 4215; x_wconf 89' lang='lat' dir='ltr'><strong>C.</strong></span> <span class='ocrx_word' id='word_1_630' title='bbox 2146 4190 2216 4204; x_wconf 78' lang='grc' dir='ltr'>-ι</span> <span class='ocrx_word' id='word_1_631' title='bbox 2245 4162 2334 4216; x_wconf 72' lang='lat'><strong>2|.</strong></span> <span class='ocrx_word' id='word_1_632' title='bbox 2365 4162 2663 4233; x_wconf 85' lang='lat' dir='ltr'><strong>Episcopus</strong></span> <span class='ocrx_word' id='word_1_633' title='bbox 2691 4165 2759 4219; x_wconf 90' lang='lat' dir='ltr'><strong>ab</strong></span> <span class='ocrx_word' id='word_1_634' title='bbox 2798 4167 2901 4221; x_wconf 89' lang='lat' dir='ltr'><strong>alia</strong></span> <span class='ocrx_word' id='word_1_635' title='bbox 2927 4168 3165 4235; x_wconf 87' lang='lat' dir='ltr'><strong>paroecia</strong></span> <span class='ocrx_word' id='word_1_636' title='bbox 3214 4169 3267 4223; x_wconf 93' lang='lat' dir='ltr'><strong>in</strong></span> <span class='ocrx_word' id='word_1_637' title='bbox 3306 4170 3463 4225; x_wconf 87' lang='lat' dir='ltr'><strong>aliam</strong></span> <span class='ocrx_word' id='word_1_638' title='bbox 3495 4188 3565 4227; x_wconf 82' lang='lat' dir='ltr'><strong>ne</strong></span> 
     </span>
    </p>
   </div>
   <div class='ocr_carea' id='block_1_87' title="bbox 1982 4258 3563 4331">
    <p class='ocr_par' dir='ltr' id='par_1_87' title="bbox 1982 4258 3563 4331">
     <span class='ocr_line' id='line_1_87' title="bbox 1982 4258 3563 4331; baseline 0.008 -27"><span class='ocrx_word' id='word_1_639' title='bbox 1982 4260 2241 4317; x_wconf 86' lang='lat' dir='ltr'><strong>transeat,</strong></span> <span class='ocrx_word' id='word_1_640' title='bbox 2289 4270 2389 4309; x_wconf 88' lang='lat' dir='ltr'><strong>nec</strong></span> <span class='ocrx_word' id='word_1_641' title='bbox 2430 4270 2488 4309; x_wconf 88' lang='lat' dir='ltr'><strong>se</strong></span> <span class='ocrx_word' id='word_1_642' title='bbox 2528 4271 2622 4309; x_wconf 89' lang='lat' dir='ltr'><strong>sua</strong></span> <span class='ocrx_word' id='word_1_643' title='bbox 2648 4267 2841 4324; x_wconf 87' lang='lat' dir='ltr'><strong>sponte</strong></span> <span class='ocrx_word' id='word_1_644' title='bbox 2871 4258 3134 4324; x_wconf 84' lang='lat' dir='ltr'><strong>ingerens,</strong></span> <span class='ocrx_word' id='word_1_645' title='bbox 3166 4275 3264 4314; x_wconf 88' lang='lat' dir='ltr'><strong>nec</strong></span> <span class='ocrx_word' id='word_1_646' title='bbox 3294 4276 3322 4313; x_wconf 89' lang='lat' dir='ltr'><strong>a</strong></span> <span class='ocrx_word' id='word_1_647' title='bbox 3351 4265 3563 4331; x_wconf 84' lang='lat' dir='ltr'><strong>pupulis</strong></span> 
     </span>
    </p>
   </div>
   <div class='ocr_carea' id='block_1_88' title="bbox 1980 4342 3557 4420">
    <p class='ocr_par' dir='ltr' id='par_1_88' title="bbox 1980 4342 3557 4420">
     <span class='ocr_line' id='line_1_88' title="bbox 1980 4342 3557 4420; baseline 0.007 -25"><span class='ocrx_word' id='word_1_648' title='bbox 1980 4342 2033 4396; x_wconf 86' lang='lat' dir='ltr'><strong>vi</strong></span> <span class='ocrx_word' id='word_1_649' title='bbox 2060 4342 2317 4410; x_wconf 89' lang='lat' dir='ltr'><strong>adactus,</strong></span> <span class='ocrx_word' id='word_1_650' title='bbox 2336 4359 2436 4398; x_wconf 88' lang='lat' dir='ltr'><strong>nec</strong></span> <span class='ocrx_word' id='word_1_651' title='bbox 2464 4345 2530 4399; x_wconf 88' lang='lat' dir='ltr'><strong>ab</strong></span> <span class='ocrx_word' id='word_1_652' title='bbox 2566 4345 2832 4414; x_wconf 88' lang='lat' dir='ltr'><strong>episcopis</strong></span> <span class='ocrx_word' id='word_1_653' title='bbox 2860 4347 3183 4402; x_wconf 85' lang='lat' dir='ltr'><strong>necessitate</strong></span> <span class='ocrx_word' id='word_1_654' title='bbox 3211 4352 3517 4420; x_wconf 87' lang='lat' dir='ltr'><strong>compulsus</strong></span> <span class='ocrx_word' id='word_1_655' title='bbox 3542 4371 3557 4406; x_wconf 88' lang='lat'><strong>:</strong></span> 
     </span>
    </p>
   </div>
   <div class='ocr_carea' id='block_1_89' title="bbox 1980 4435 3560 4506">
    <p class='ocr_par' dir='ltr' id='par_1_89' title="bbox 1980 4435 3560 4506">
     <span class='ocr_line' id='line_1_89' title="bbox 1980 4435 3560 4506; baseline 0.006 -19"><span class='ocrx_word' id='word_1_656' title='bbox 1980 4443 2199 4489; x_wconf 88' lang='lat' dir='ltr'><strong>maneat</strong></span> <span class='ocrx_word' id='word_1_657' title='bbox 2243 4442 2422 4490; x_wconf 88' lang='lat' dir='ltr'><strong>autem</strong></span> <span class='ocrx_word' id='word_1_658' title='bbox 2454 4435 2507 4490; x_wconf 90' lang='lat' dir='ltr'><strong>in</strong></span> <span class='ocrx_word' id='word_1_659' title='bbox 2536 4451 2598 4491; x_wconf 91' lang='lat' dir='ltr'><strong>ea</strong></span> <span class='ocrx_word' id='word_1_660' title='bbox 2630 4436 2875 4500; x_wconf 88' lang='lat' dir='ltr'><strong>ecclesia,</strong></span> <span class='ocrx_word' id='word_1_661' title='bbox 2909 4453 3069 4506; x_wconf 88' lang='lat' dir='ltr'><strong>quam</strong></span> <span class='ocrx_word' id='word_1_662' title='bbox 3099 4438 3166 4492; x_wconf 88' lang='lat' dir='ltr'><strong>ab</strong></span> <span class='ocrx_word' id='word_1_663' title='bbox 3197 4439 3348 4494; x_wconf 90' lang='lat' dir='ltr'><strong>initio</strong></span> <span class='ocrx_word' id='word_1_664' title='bbox 3376 4457 3405 4495; x_wconf 89' lang='lat' dir='ltr'><strong>a</strong></span> <span class='ocrx_word' id='word_1_665' title='bbox 3449 4442 3560 4497; x_wconf 83' lang='lat' dir='ltr'><strong>Deo</strong></span> 
     </span>
    </p>
   </div>
   <div class='ocr_carea' id='block_1_90' title="bbox 293 4511 1885 4606">
    <p class='ocr_par' dir='ltr' id='par_1_90' title="bbox 293 4511 1874 4581">
     <span class='ocr_line' id='line_1_90' title="bbox 293 4511 1874 4581; baseline 0.004 -21"><span class='ocrx_word' id='word_1_666' title='bbox 293 4519 395 4579; x_wconf 79' lang='grc' dir='ltr'>χῆς</span> <span class='ocrx_word' id='word_1_667' title='bbox 437 4512 726 4573; x_wconf 85' lang='grc' dir='ltr'>ἐκκλησίαν,</span> <span class='ocrx_word' id='word_1_668' title='bbox 768 4512 850 4562; x_wconf 85' lang='grc' dir='ltr'><strong>καί</strong></span> <span class='ocrx_word' id='word_1_669' title='bbox 878 4511 1211 4581; x_wconf 80' lang='grc' dir='ltr'>μεθίστασθαι</span> <span class='ocrx_word' id='word_1_670' title='bbox 1233 4514 1247 4531; x_wconf 76' lang='grc'><em>³</em></span> <span class='ocrx_word' id='word_1_671' title='bbox 1281 4512 1456 4576; x_wconf 77' lang='grc' dir='ltr'>αὐτῆς,</span> <span class='ocrx_word' id='word_1_672' title='bbox 1502 4517 1636 4567; x_wconf 84' lang='grc' dir='ltr'>κατά</span> <span class='ocrx_word' id='word_1_673' title='bbox 1673 4513 1757 4566; x_wconf 85' lang='grc' dir='ltr'><strong>τόν</strong></span> <span class='ocrx_word' id='word_1_674' title='bbox 1779 4512 1874 4571; x_wconf 76' lang='grc' dir='ltr'>ἤδη</span> 
     </span>
    </p>
   </div>
   <div class='ocr_carea' id='block_1_91' title="bbox 1987 4511 3559 4606">
    <p class='ocr_par' dir='ltr' id='par_1_91' title="bbox 1987 4527 3559 4594">
     <span class='ocr_line' id='line_1_91' title="bbox 1987 4527 3559 4594; baseline 0.006 -14"><span class='ocrx_word' id='word_1_675' title='bbox 1987 4527 2202 4581; x_wconf 83' lang='lat' dir='ltr'><strong>sortitus</strong></span> <span class='ocrx_word' id='word_1_676' title='bbox 2229 4536 2332 4594; x_wconf 90' lang='lat' dir='ltr'><strong>est,</strong></span> <span class='ocrx_word' id='word_1_677' title='bbox 2379 4543 2479 4583; x_wconf 90' lang='lat' dir='ltr'><strong>nec</strong></span> <span class='ocrx_word' id='word_1_678' title='bbox 2524 4528 2592 4582; x_wconf 87' lang='lat' dir='ltr'><strong>ab</strong></span> <span class='ocrx_word' id='word_1_679' title='bbox 2620 4543 2683 4582; x_wconf 87' lang='lat' dir='ltr'><strong>ea</strong></span> <span class='ocrx_word' id='word_1_680' title='bbox 2714 4528 2929 4583; x_wconf 87' lang='lat' dir='ltr'><strong>recedat</strong></span> <span class='ocrx_word' id='word_1_681' title='bbox 2971 4528 3264 4584; x_wconf 88' lang='lat' dir='ltr'><strong>secundum</strong></span> <span class='ocrx_word' id='word_1_682' title='bbox 3292 4532 3559 4589; x_wconf 77' lang='lat' dir='ltr'><strong>deﬁnitio-</strong></span> 
     </span>
    </p>
   </div>
   <div class='ocr_carea' id='block_1_92' title="bbox 288 4601 1043 4677">
    <p class='ocr_par' dir='ltr' id='par_1_92' title="bbox 288 4601 1043 4677">
     <span class='ocr_line' id='line_1_92' title="bbox 288 4601 1043 4677; baseline -0.001 -23"><span class='ocrx_word' id='word_1_683' title='bbox 288 4601 534 4676; x_wconf 78' lang='grc' dir='ltr'>πρότερον</span> <span class='ocrx_word' id='word_1_684' title='bbox 562 4603 881 4672; x_wconf 75' lang='grc' dir='ltr'>ἐξενεχθέντα</span> <span class='ocrx_word' id='word_1_685' title='bbox 905 4603 1043 4677; x_wconf 82' lang='grc' dir='ltr'>ὅρον.</span> 
     </span>
    </p>
   </div>
   <div class='ocr_carea' id='block_1_93' title="bbox 356 4690 1875 4773">
    <p class='ocr_par' dir='ltr' id='par_1_93' title="bbox 356 4690 1875 4773">
     <span class='ocr_line' id='line_1_93' title="bbox 356 4690 1875 4773; baseline 0.004 -30"><span class='ocrx_word' id='word_1_686' title='bbox 356 4691 454 4765; x_wconf 86' lang='grc' dir='ltr'>ρα’.</span> <span class='ocrx_word' id='word_1_687' title='bbox 484 4697 788 4748; x_wconf 79' lang='grc' dir='ltr'>Ἐπίσκοπον</span> <span class='ocrx_word' id='word_1_688' title='bbox 825 4700 893 4766; x_wconf 74' lang='grc' dir='ltr'>μή</span> <span class='ocrx_word' id='word_1_689' title='bbox 930 4694 1198 4749; x_wconf 58' lang='grc' dir='ltr'>ἐπιϐαίνειν</span> <span class='ocrx_word' id='word_1_690' title='bbox 1239 4690 1608 4765; x_wconf 79' lang='grc' dir='ltr'>[μεθίστασθαι]</span> <span class='ocrx_word' id='word_1_691' title='bbox 1640 4696 1875 4773; x_wconf 77' lang='grc' dir='ltr'>ἀλλοτρίᾳ</span> 
     </span>
    </p>
   </div>
   <div class='ocr_carea' id='block_1_94' title="bbox 286 4783 1875 4861">
    <p class='ocr_par' dir='ltr' id='par_1_94' title="bbox 286 4783 1875 4861">
     <span class='ocr_line' id='line_1_94' title="bbox 286 4783 1875 4861; baseline 0.005 -25"><span class='ocrx_word' id='word_1_692' title='bbox 286 4783 423 4836; x_wconf 85' lang='grc' dir='ltr'>πόλει</span> <span class='ocrx_word' id='word_1_693' title='bbox 464 4793 524 4858; x_wconf 80' lang='grc' dir='ltr'><strong>τῇ</strong></span> <span class='ocrx_word' id='word_1_694' title='bbox 564 4790 631 4855; x_wconf 75' lang='grc' dir='ltr'>μὴ</span> <span class='ocrx_word' id='word_1_695' title='bbox 660 4788 949 4857; x_wconf 81' lang='grc' dir='ltr'>ύποκειμένη</span> <span class='ocrx_word' id='word_1_696' title='bbox 976 4789 1148 4856; x_wconf 75' lang='grc' dir='ltr'>αὐτῷ,</span> <span class='ocrx_word' id='word_1_697' title='bbox 1183 4785 1308 4857; x_wconf 84' lang='grc' dir='ltr'><strong>μηδέ</strong></span> <span class='ocrx_word' id='word_1_698' title='bbox 1347 4790 1499 4860; x_wconf 66' lang='grc' dir='ltr'>χὼρκ</span> <span class='ocrx_word' id='word_1_699' title='bbox 1538 4796 1598 4861; x_wconf 76' lang='grc' dir='ltr'>τῇ</span> <span class='ocrx_word' id='word_1_700' title='bbox 1638 4789 1776 4859; x_wconf 83' lang='grc' dir='ltr'>αύτῷ</span> <span class='ocrx_word' id='word_1_701' title='bbox 1803 4795 1875 4859; x_wconf 76' lang='grc' dir='ltr'>μὴ</span> 
     </span>
    </p>
   </div>
   <div class='ocr_carea' id='block_1_95' title="bbox 284 4871 1873 4954">
    <p class='ocr_par' dir='ltr' id='par_1_95' title="bbox 284 4871 1873 4954">
     <span class='ocr_line' id='line_1_95' title="bbox 284 4871 1873 4954; baseline 0.005 -27"><span class='ocrx_word' id='word_1_702' title='bbox 284 4871 587 4946; x_wconf 67' lang='grc' dir='ltr'>διαφερούσῃ</span> <span class='ocrx_word' id='word_1_703' title='bbox 612 4915 627 4939; x_wconf 90' lang='grc'><strong>,</strong></span> <span class='ocrx_word' id='word_1_704' title='bbox 658 4874 741 4929; x_wconf 76' lang='grc' dir='ltr'>ἐπὶ</span> <span class='ocrx_word' id='word_1_705' title='bbox 769 4879 1063 4951; x_wconf 71' lang='grc' dir='ltr'>χειροτονία</span> <span class='ocrx_word' id='word_1_706' title='bbox 1092 4880 1249 4941; x_wconf 85' lang='grc' dir='ltr'>τινός,</span> <span class='ocrx_word' id='word_1_707' title='bbox 1286 4877 1411 4948; x_wconf 81' lang='grc' dir='ltr'><strong>μηδέ</strong></span> <span class='ocrx_word' id='word_1_708' title='bbox 1447 4880 1683 4950; x_wconf 77' lang='grc' dir='ltr'>καθιστᾷν</span> <span class='ocrx_word' id='word_1_709' title='bbox 1710 4902 1873 4954; x_wconf 88' lang='grc' dir='ltr'>πρεσ-</span> 
     </span>
    </p>
   </div>
   <div class='ocr_carea' id='block_1_96' title="bbox 284 4967 1870 5043">
    <p class='ocr_par' dir='ltr' id='par_1_96' title="bbox 284 4967 1870 5043">
     <span class='ocr_line' id='line_1_96' title="bbox 284 4967 1870 5043; baseline 0.002 -19"><span class='ocrx_word' id='word_1_710' title='bbox 284 4968 535 5038; x_wconf 76' lang='grc' dir='ltr'>ϐυτέρους</span> <span class='ocrx_word' id='word_1_711' title='bbox 575 4968 603 5025; x_wconf 76' lang='grc' dir='ltr'>ἦ</span> <span class='ocrx_word' id='word_1_712' title='bbox 640 4967 900 5029; x_wconf 84' lang='grc' dir='ltr'>διακόνους</span> <span class='ocrx_word' id='word_1_713' title='bbox 942 4976 1010 5030; x_wconf 87' lang='grc' dir='ltr'>εἰς</span> <span class='ocrx_word' id='word_1_714' title='bbox 1045 4972 1233 5031; x_wconf 78' lang='grc' dir='ltr'>τόπους</span> <span class='ocrx_word' id='word_1_715' title='bbox 1263 4972 1416 5041; x_wconf 80' lang='grc' dir='ltr'>ἑτέρῳ</span> <span class='ocrx_word' id='word_1_716' title='bbox 1447 4974 1710 5043; x_wconf 87' lang='grc' dir='ltr'>ἐπισκόπῳ</span> <span class='ocrx_word' id='word_1_717' title='bbox 1741 4976 1870 5028; x_wconf 88' lang='grc' dir='ltr'><strong>ύπο⁶</strong></span> 
     </span>
    </p>
   </div>
   <div class='ocr_carea' id='block_1_97' title="bbox 283 5058 1866 5139">
    <p class='ocr_par' dir='ltr' id='par_1_97' title="bbox 283 5058 1866 5139">
     <span class='ocr_line' id='line_1_97' title="bbox 283 5058 1866 5139; baseline 0.007 -26"><span class='ocrx_word' id='word_1_718' title='bbox 283 5059 565 5128; x_wconf 80' lang='grc' dir='ltr'>κειμένους,</span> <span class='ocrx_word' id='word_1_719' title='bbox 590 5061 632 5112; x_wconf 83' lang='grc' dir='ltr'><strong>εἰ</strong></span> <span class='ocrx_word' id='word_1_720' title='bbox 651 5065 717 5127; x_wconf 79' lang='grc' dir='ltr'>μή</span> <span class='ocrx_word' id='word_1_721' title='bbox 742 5058 841 5134; x_wconf 78' lang='grc' dir='ltr'><strong>ἄρα</strong></span> <span class='ocrx_word' id='word_1_722' title='bbox 862 5064 993 5133; x_wconf 85' lang='grc' dir='ltr'>μετά</span> <span class='ocrx_word' id='word_1_723' title='bbox 1018 5066 1223 5135; x_wconf 73' lang='grc' dir='ltr'>γνώμης</span> <span class='ocrx_word' id='word_1_724' title='bbox 1243 5069 1333 5117; x_wconf 81' lang='grc' dir='ltr'>τοῦ</span> <span class='ocrx_word' id='word_1_725' title='bbox 1363 5066 1544 5117; x_wconf 85' lang='grc' dir='ltr'>οἰκείου</span> <span class='ocrx_word' id='word_1_726' title='bbox 1575 5073 1665 5123; x_wconf 79' lang='grc' dir='ltr'>τῆς</span> <span class='ocrx_word' id='word_1_727' title='bbox 1687 5068 1866 5139; x_wconf 78' lang='grc' dir='ltr'>χώρας</span> 
     </span>
    </p>
   </div>
   <div class='ocr_carea' id='block_1_98' title="bbox 281 5147 1864 5228">
    <p class='ocr_par' dir='ltr' id='par_1_98' title="bbox 281 5147 1864 5228">
     <span class='ocr_line' id='line_1_98' title="bbox 281 5147 1864 5228; baseline 0.006 -27"><span class='ocrx_word' id='word_1_728' title='bbox 281 5147 586 5204; x_wconf 74' lang='grc' dir='ltr'>ἐπισκόπου·</span> <span class='ocrx_word' id='word_1_729' title='bbox 619 5151 664 5202; x_wconf 84' lang='grc' dir='ltr'>εἰ</span> <span class='ocrx_word' id='word_1_730' title='bbox 690 5148 743 5203; x_wconf 83' lang='grc' dir='ltr'>δὲ</span> <span class='ocrx_word' id='word_1_731' title='bbox 771 5152 1034 5226; x_wconf 69' lang='grc' dir='ltr'>τολμήσειέ</span> <span class='ocrx_word' id='word_1_732' title='bbox 1063 5176 1139 5214; x_wconf 91' lang='grc' dir='ltr'><strong>τις</strong></span> <span class='ocrx_word' id='word_1_733' title='bbox 1170 5162 1390 5219; x_wconf 81' lang='grc' dir='ltr'>τοιοῦτο,</span> <span class='ocrx_word' id='word_1_734' title='bbox 1423 5153 1603 5228; x_wconf 76' lang='grc' dir='ltr'>ἄκυρον</span> <span class='ocrx_word' id='word_1_735' title='bbox 1634 5153 1755 5211; x_wconf 81' lang='grc' dir='ltr'>εἶναι</span> <span class='ocrx_word' id='word_1_736' title='bbox 1775 5165 1864 5215; x_wconf 70' lang='grc' dir='ltr'><strong>τήν</strong></span> 
     </span>
    </p>
   </div>
   <div class='ocr_carea' id='block_1_99' title="bbox 280 5245 1868 5320">
    <p class='ocr_par' dir='ltr' id='par_1_99' title="bbox 280 5245 1868 5320">
     <span class='ocr_line' id='line_1_99' title="bbox 280 5245 1868 5320; baseline 0.004 -23"><span class='ocrx_word' id='word_1_737' title='bbox 280 5245 634 5316; x_wconf 80' lang='grc' dir='ltr'>χειροθεσίαν,</span> <span class='ocrx_word' id='word_1_738' title='bbox 667 5247 747 5298; x_wconf 88' lang='grc' dir='ltr'><strong>καί</strong></span> <span class='ocrx_word' id='word_1_739' title='bbox 775 5247 924 5301; x_wconf 80' lang='grc' dir='ltr'>αὐτόν</span> <span class='ocrx_word' id='word_1_740' title='bbox 952 5249 1205 5317; x_wconf 86' lang='grc' dir='ltr'>ἐπιτιμίας</span> <span class='ocrx_word' id='word_1_741' title='bbox 1233 5249 1334 5304; x_wconf 87' lang='grc' dir='ltr'><strong>ύπό</strong></span> <span class='ocrx_word' id='word_1_742' title='bbox 1372 5258 1462 5319; x_wconf 78' lang='grc' dir='ltr'><strong>τῇς</strong></span> <span class='ocrx_word' id='word_1_743' title='bbox 1493 5248 1707 5303; x_wconf 87' lang='grc' dir='ltr'>συνόδου</span> <span class='ocrx_word' id='word_1_744' title='bbox 1743 5271 1868 5320; x_wconf 74' lang='grc' dir='ltr'><strong>τυγ⁴</strong></span> 
     </span>
    </p>
   </div>
   <div class='ocr_carea' id='block_1_100' title="bbox 281 5339 476 5407">
    <p class='ocr_par' dir='ltr' id='par_1_100' title="bbox 281 5339 476 5407">
     <span class='ocr_line' id='line_1_100' title="bbox 281 5339 476 5407; baseline -0.005 -16"><span class='ocrx_word' id='word_1_745' title='bbox 281 5339 476 5407; x_wconf 83' lang='grc' dir='ltr'>χάνειν.</span> 
     </span>
    </p>
   </div>
   <div class='ocr_carea' id='block_1_101' title="bbox 349 5429 1868 5511">
    <p class='ocr_par' dir='ltr' id='par_1_101' title="bbox 349 5429 1868 5511">
     <span class='ocr_line' id='line_1_101' title="bbox 349 5429 1868 5511; baseline 0.004 -29"><span class='ocrx_word' id='word_1_746' title='bbox 349 5429 455 5503; x_wconf 79' lang='grc' dir='ltr'>ρϐ’.</span> <span class='ocrx_word' id='word_1_747' title='bbox 485 5429 791 5486; x_wconf 79' lang='grc' dir='ltr'>ἐπίσκοπον</span> <span class='ocrx_word' id='word_1_748' title='bbox 813 5436 881 5502; x_wconf 74' lang='grc' dir='ltr'><strong>μή</strong></span> <span class='ocrx_word' id='word_1_749' title='bbox 912 5434 1090 5497; x_wconf 83' lang='grc' dir='ltr'>ἐξεῖναι</span> <span class='ocrx_word' id='word_1_750' title='bbox 1113 5434 1220 5489; x_wconf 80' lang='grc' dir='ltr'>ἀντ’</span> <span class='ocrx_word' id='word_1_751' title='bbox 1251 5436 1405 5488; x_wconf 73' lang='grc' dir='ltr'>αὐτοῦ</span> <span class='ocrx_word' id='word_1_752' title='bbox 1434 5437 1679 5507; x_wconf 83' lang='grc' dir='ltr'>καθιστᾷν</span> <span class='ocrx_word' id='word_1_753' title='bbox 1702 5437 1868 5511; x_wconf 83' lang='grc' dir='ltr'>ἕτερον</span> 
     </span>
    </p>
   </div>
   <div class='ocr_carea' id='block_1_102' title="bbox 280 5519 1863 5601">
    <p class='ocr_par' dir='ltr' id='par_1_102' title="bbox 280 5519 1863 5601">
     <span class='ocr_line' id='line_1_102' title="bbox 280 5519 1863 5601; baseline 0.004 -27"><span class='ocrx_word' id='word_1_754' title='bbox 280 5530 460 5576; x_wconf 82' lang='grc' dir='ltr'>εαυτοῦ</span> <span class='ocrx_word' id='word_1_755' title='bbox 481 5520 753 5592; x_wconf 84' lang='grc' dir='ltr'>διάδοχον,</span> <span class='ocrx_word' id='word_1_756' title='bbox 776 5519 865 5577; x_wconf 74' lang='grc' dir='ltr'><strong>κᾶν</strong></span> <span class='ocrx_word' id='word_1_757' title='bbox 885 5526 1016 5598; x_wconf 86' lang='grc' dir='ltr'>πρὸς</span> <span class='ocrx_word' id='word_1_758' title='bbox 1041 5532 1100 5597; x_wconf 76' lang='grc' dir='ltr'><strong>τῇ</strong></span> <span class='ocrx_word' id='word_1_759' title='bbox 1131 5524 1332 5600; x_wconf 80' lang='grc' dir='ltr'>τελευτῇ</span> <span class='ocrx_word' id='word_1_760' title='bbox 1352 5534 1440 5581; x_wconf 80' lang='grc' dir='ltr'>τοῦ</span> <span class='ocrx_word' id='word_1_761' title='bbox 1468 5528 1582 5597; x_wconf 82' lang='grc' dir='ltr'>βίου</span> <span class='ocrx_word' id='word_1_762' title='bbox 1611 5530 1863 5601; x_wconf 79' lang='grc' dir='ltr'>τυγχάνῃ’</span> 
     </span>
    </p>
   </div>
   <div class='ocr_carea' id='block_1_103' title="bbox 279 5614 1864 5695">
    <p class='ocr_par' dir='ltr' id='par_1_103' title="bbox 279 5614 1864 5695">
     <span class='ocr_line' id='line_1_103' title="bbox 279 5614 1864 5695; baseline 0.006 -28"><span class='ocrx_word' id='word_1_763' title='bbox 279 5617 322 5667; x_wconf 81' lang='grc' dir='ltr'>εἰ</span> <span class='ocrx_word' id='word_1_764' title='bbox 342 5614 394 5669; x_wconf 81' lang='grc' dir='ltr'>δέ</span> <span class='ocrx_word' id='word_1_765' title='bbox 414 5617 470 5670; x_wconf 86' lang='grc' dir='ltr'>’τι</span> <span class='ocrx_word' id='word_1_766' title='bbox 506 5626 738 5673; x_wconf 74' lang='grc' dir='ltr'>τοιοῦτον</span> <span class='ocrx_word' id='word_1_767' title='bbox 758 5621 1006 5691; x_wconf 65' lang='grc' dir='ltr'>γίγνοιτο,</span> <span class='ocrx_word' id='word_1_768' title='bbox 1044 5616 1233 5695; x_wconf 76' lang='grc' dir='ltr'>ἄκυρον</span> <span class='ocrx_word' id='word_1_769' title='bbox 1261 5616 1385 5674; x_wconf 83' lang='grc' dir='ltr'>εἶναι</span> <span class='ocrx_word' id='word_1_770' title='bbox 1414 5626 1502 5679; x_wconf 79' lang='grc' dir='ltr'><strong>την</strong></span> <span class='ocrx_word' id='word_1_771' title='bbox 1532 5626 1864 5679; x_wconf 58' lang='grc' dir='ltr'>κατάστασιν</span> 
     </span>
    </p>
   </div>
   <div class='ocr_carea' id='block_1_104' title="bbox 277 5707 1863 5787">
    <p class='ocr_par' dir='ltr' id='par_1_104' title="bbox 277 5707 1863 5787">
     <span class='ocr_line' id='line_1_104' title="bbox 277 5707 1863 5787; baseline 0.008 -29"><span class='ocrx_word' id='word_1_772' title='bbox 277 5707 617 5777; x_wconf 63' lang='grc' dir='ltr'>φυλάττεσθαι</span> <span class='ocrx_word' id='word_1_773' title='bbox 631 5707 684 5764; x_wconf 80' lang='grc' dir='ltr'><strong>δέ</strong></span> <span class='ocrx_word' id='word_1_774' title='bbox 701 5711 783 5764; x_wconf 80' lang='grc' dir='ltr'><strong>τόν</strong></span> <span class='ocrx_word' id='word_1_775' title='bbox 796 5713 844 5764; x_wconf 89' lang='grc' dir='ltr'><strong>θε</strong></span> <span class='ocrx_word' id='word_1_776' title='bbox 852 5711 979 5781; x_wconf 86' lang='grc' dir='ltr'>σμόν</span> <span class='ocrx_word' id='word_1_777' title='bbox 993 5711 1079 5766; x_wconf 85' lang='grc' dir='ltr'>τὸν</span> <span class='ocrx_word' id='word_1_778' title='bbox 1093 5711 1493 5767; x_wconf 83' lang='grc' dir='ltr'>ἐκκλησιαστικὸν</span> <span class='ocrx_word' id='word_1_779' title='bbox 1503 5756 1513 5776; x_wconf 88' lang='grc'><strong>,</strong></span> <span class='ocrx_word' id='word_1_780' title='bbox 1531 5716 1863 5787; x_wconf 81' lang='grc' dir='ltr'>περιέχοντα,</span> 
     </span>
    </p>
   </div>
   <div class='ocr_carea' id='block_1_105' title="bbox 347 5810 1932 5897">
    <p class='ocr_par' dir='ltr' id='par_1_105' title="bbox 347 5810 1932 5897">
     <span class='ocr_line' id='line_1_105' title="bbox 347 5810 1932 5897; baseline 0.006 -23"><span class='ocrx_word' id='word_1_781' title='bbox 347 5823 363 5843; x_wconf 85' lang='grc'><strong><em>“</em></strong></span> <span class='ocrx_word' id='word_1_782' title='bbox 406 5819 712 5892; x_wconf 78' lang='lat' dir='ltr'><strong>Legendum</strong></span> <span class='ocrx_word' id='word_1_783' title='bbox 744 5830 812 5896; x_wconf 76' lang='grc' dir='ltr'>μὴ</span> <span class='ocrx_word' id='word_1_784' title='bbox 837 5810 1191 5897; x_wconf 71' lang='grc' dir='ltr'>μεθίστασθαι,</span> <span class='ocrx_word' id='word_1_785' title='bbox 1218 5836 1274 5883; x_wconf 89' lang='lat' dir='ltr'><strong>ut</strong></span> <span class='ocrx_word' id='word_1_786' title='bbox 1303 5836 1510 5884; x_wconf 85' lang='lat' dir='ltr'><strong>constet</strong></span> <span class='ocrx_word' id='word_1_787' title='bbox 1534 5842 1741 5885; x_wconf 81' lang='lat' dir='ltr'><strong>sensus.</strong></span> <span class='ocrx_word' id='word_1_788' title='bbox 1778 5828 1932 5883; x_wconf 79' lang='lat' dir='ltr'><strong>Eutr.</strong></span> 
     </span>
    </p>
   </div>
   <div class='ocr_carea' id='block_1_106' title="bbox 1979 4619 2869 4689">
    <p class='ocr_par' dir='ltr' id='par_1_106' title="bbox 1979 4619 2869 4689">
     <span class='ocr_line' id='line_1_106' title="bbox 1979 4619 2869 4689; baseline 0.003 -18"><span class='ocrx_word' id='word_1_789' title='bbox 1979 4634 2101 4672; x_wconf 90' lang='lat' dir='ltr'><strong>nem</strong></span> <span class='ocrx_word' id='word_1_790' title='bbox 2126 4619 2192 4673; x_wconf 92' lang='lat' dir='ltr'><strong>de</strong></span> <span class='ocrx_word' id='word_1_791' title='bbox 2217 4634 2280 4673; x_wconf 89' lang='lat' dir='ltr'><strong>ea</strong></span> <span class='ocrx_word' id='word_1_792' title='bbox 2308 4635 2370 4674; x_wconf 88' lang='lat' dir='ltr'><strong>re</strong></span> <span class='ocrx_word' id='word_1_793' title='bbox 2394 4621 2623 4689; x_wconf 89' lang='lat' dir='ltr'><strong>primum</strong></span> <span class='ocrx_word' id='word_1_794' title='bbox 2650 4622 2869 4675; x_wconf 91' lang='lat' dir='ltr'><strong>editam.</strong></span> 
     </span>
    </p>
   </div>
   <div class='ocr_carea' id='block_1_107' title="bbox 2049 4708 3555 4785">
    <p class='ocr_par' dir='ltr' id='par_1_107' title="bbox 2049 4708 3555 4785">
     <span class='ocr_line' id='line_1_107' title="bbox 2049 4708 3555 4785; baseline 0.005 -22"><span class='ocrx_word' id='word_1_795' title='bbox 2049 4708 2133 4764; x_wconf 87' lang='lat' dir='ltr'><strong>CI.</strong></span> <span class='ocrx_word' id='word_1_796' title='bbox 2164 4742 2233 4751; x_wconf 97' lang='lat'><strong>—</strong></span> <span class='ocrx_word' id='word_1_797' title='bbox 2259 4708 2346 4763; x_wconf 68' lang='grc'><strong>22.</strong></span> <span class='ocrx_word' id='word_1_798' title='bbox 2376 4708 2669 4780; x_wconf 88' lang='lat' dir='ltr'><strong>Episcopus</strong></span> <span class='ocrx_word' id='word_1_799' title='bbox 2692 4713 2984 4779; x_wconf 37' lang='lat' dir='ltr'><strong>non‘adeat</strong></span> <span class='ocrx_word' id='word_1_800' title='bbox 3004 4714 3235 4769; x_wconf 85' lang='lat' dir='ltr'><strong>alienam</strong></span> <span class='ocrx_word' id='word_1_801' title='bbox 3260 4716 3555 4785; x_wconf 87' lang='lat' dir='ltr'><strong>civitatem,</strong></span> 
     </span>
    </p>
   </div>
   <div class='ocr_carea' id='block_1_108' title="bbox 1977 4801 3556 4877">
    <p class='ocr_par' dir='ltr' id='par_1_108' title="bbox 1977 4801 3556 4877">
     <span class='ocr_line' id='line_1_108' title="bbox 1977 4801 3556 4877; baseline 0.007 -24"><span class='ocrx_word' id='word_1_802' title='bbox 1977 4816 2094 4869; x_wconf 61' lang='lat' dir='ltr'><strong>quae</strong></span> <span class='ocrx_word' id='word_1_803' title='bbox 2123 4802 2172 4856; x_wconf 90' lang='lat' dir='ltr'><strong>ei</strong></span> <span class='ocrx_word' id='word_1_804' title='bbox 2195 4801 2434 4870; x_wconf 88' lang='lat' dir='ltr'><strong>subjecta</strong></span> <span class='ocrx_word' id='word_1_805' title='bbox 2458 4820 2565 4856; x_wconf 91' lang='lat' dir='ltr'><strong>non</strong></span> <span class='ocrx_word' id='word_1_806' title='bbox 2589 4812 2690 4867; x_wconf 89' lang='lat' dir='ltr'><strong>est,</strong></span> <span class='ocrx_word' id='word_1_807' title='bbox 2716 4820 2889 4873; x_wconf 89' lang='lat' dir='ltr'><strong>neque</strong></span> <span class='ocrx_word' id='word_1_808' title='bbox 2917 4806 3189 4873; x_wconf 82' lang='lat' dir='ltr'><strong>regionem</strong></span> <span class='ocrx_word' id='word_1_809' title='bbox 3207 4824 3324 4877; x_wconf 86' lang='lat' dir='ltr'><strong>quae</strong></span> <span class='ocrx_word' id='word_1_810' title='bbox 3345 4808 3411 4862; x_wconf 87' lang='lat' dir='ltr'><strong>ad</strong></span> <span class='ocrx_word' id='word_1_811' title='bbox 3433 4825 3556 4864; x_wconf 89' lang='lat' dir='ltr'><strong>eum</strong></span> 
     </span>
    </p>
   </div>
   <div class='ocr_carea' id='block_1_109' title="bbox 1977 4894 3557 4964">
    <p class='ocr_par' dir='ltr' id='par_1_109' title="bbox 1977 4894 3557 4964">
     <span class='ocr_line' id='line_1_109' title="bbox 1977 4894 3557 4964; baseline 0.006 -17"><span class='ocrx_word' id='word_1_812' title='bbox 1977 4909 2083 4947; x_wconf 92' lang='lat' dir='ltr'><strong>non</strong></span> <span class='ocrx_word' id='word_1_813' title='bbox 2113 4895 2365 4963; x_wconf 87' lang='lat' dir='ltr'><strong>pertinet,</strong></span> <span class='ocrx_word' id='word_1_814' title='bbox 2408 4894 2475 4948; x_wconf 85' lang='lat' dir='ltr'><strong>ad</strong></span> <span class='ocrx_word' id='word_1_815' title='bbox 2507 4896 2734 4964; x_wconf 88' lang='lat' dir='ltr'><strong>alicujus</strong></span> <span class='ocrx_word' id='word_1_816' title='bbox 2761 4896 3175 4963; x_wconf 88' lang='lat' dir='ltr'><strong>ordinationem,</strong></span> <span class='ocrx_word' id='word_1_817' title='bbox 3228 4916 3327 4955; x_wconf 90' lang='lat' dir='ltr'><strong>nec</strong></span> <span class='ocrx_word' id='word_1_818' title='bbox 3355 4903 3557 4956; x_wconf 88' lang='lat' dir='ltr'><strong>consti-</strong></span> 
     </span>
    </p>
   </div>
   <div class='ocr_carea' id='block_1_110' title="bbox 1964 4985 3555 5062">
    <p class='ocr_par' dir='ltr' id='par_1_110' title="bbox 1964 4985 3555 5062">
     <span class='ocr_line' id='line_1_110' title="bbox 1964 4985 3555 5062; baseline 0.008 -27"><span class='ocrx_word' id='word_1_819' title='bbox 1964 4990 2091 5036; x_wconf 72' lang='lat' dir='ltr'><strong>tuat</strong></span> <span class='ocrx_word' id='word_1_820' title='bbox 2118 4985 2480 5055; x_wconf 89' lang='lat' dir='ltr'><strong>presbyteros,</strong></span> <span class='ocrx_word' id='word_1_821' title='bbox 2532 4993 2623 5039; x_wconf 88' lang='lat' dir='ltr'><strong>aut</strong></span> <span class='ocrx_word' id='word_1_822' title='bbox 2650 4986 2907 5041; x_wconf 87' lang='lat' dir='ltr'><strong>diaconos</strong></span> <span class='ocrx_word' id='word_1_823' title='bbox 2937 4989 3092 5043; x_wconf 85' lang='lat' dir='ltr'><strong>alteri</strong></span> <span class='ocrx_word' id='word_1_824' title='bbox 3139 4991 3410 5059; x_wconf 86' lang='lat' dir='ltr'><strong>subjectos</strong></span> <span class='ocrx_word' id='word_1_825' title='bbox 3437 4994 3555 5062; x_wconf 87' lang='lat' dir='ltr'><strong>epi-</strong></span> 
     </span>
    </p>
   </div>
   <div class='ocr_carea' id='block_1_111' title="bbox 1975 5076 3555 5152">
    <p class='ocr_par' dir='ltr' id='par_1_111' title="bbox 1975 5076 3555 5152">
     <span class='ocr_line' id='line_1_111' title="bbox 1975 5076 3555 5152; baseline 0.006 -23"><span class='ocrx_word' id='word_1_826' title='bbox 1975 5090 2164 5145; x_wconf 87' lang='lat' dir='ltr'><strong>scopo,</strong></span> <span class='ocrx_word' id='word_1_827' title='bbox 2198 5076 2297 5130; x_wconf 91' lang='lat' dir='ltr'><strong>nisi</strong></span> <span class='ocrx_word' id='word_1_828' title='bbox 2330 5076 2466 5131; x_wconf 84' lang='lat' dir='ltr'><strong>forte</strong></span> <span class='ocrx_word' id='word_1_829' title='bbox 2496 5092 2614 5131; x_wconf 92' lang='lat' dir='ltr'><strong>cum</strong></span> <span class='ocrx_word' id='word_1_830' title='bbox 2643 5080 2909 5133; x_wconf 87' lang='lat' dir='ltr'><strong>sententia</strong></span> <span class='ocrx_word' id='word_1_831' title='bbox 2934 5082 3133 5149; x_wconf 92' lang='lat' dir='ltr'><strong>proprii</strong></span> <span class='ocrx_word' id='word_1_832' title='bbox 3159 5082 3297 5136; x_wconf 92' lang='lat' dir='ltr'><strong>illius</strong></span> <span class='ocrx_word' id='word_1_833' title='bbox 3319 5085 3555 5152; x_wconf 83' lang='lat' dir='ltr'><strong>regionis</strong></span> 
     </span>
    </p>
   </div>
   <div class='ocr_carea' id='block_1_112' title="bbox 1975 5166 3551 5240">
    <p class='ocr_par' dir='ltr' id='par_1_112' title="bbox 1975 5166 3551 5240">
     <span class='ocr_line' id='line_1_112' title="bbox 1975 5166 3551 5240; baseline 0.006 -20"><span class='ocrx_word' id='word_1_834' title='bbox 1975 5167 2231 5236; x_wconf 87' lang='lat' dir='ltr'><strong>episcopi.</strong></span> <span class='ocrx_word' id='word_1_835' title='bbox 2263 5166 2319 5220; x_wconf 88' lang='lat' dir='ltr'><strong>Si</strong></span> <span class='ocrx_word' id='word_1_836' title='bbox 2349 5166 2467 5234; x_wconf 90' lang='lat' dir='ltr'><strong>quis</strong></span> <span class='ocrx_word' id='word_1_837' title='bbox 2496 5176 2674 5239; x_wconf 84' lang='lat' dir='ltr'><strong>autem</strong></span> <span class='ocrx_word' id='word_1_838' title='bbox 2706 5169 2813 5223; x_wconf 89' lang='lat' dir='ltr'><strong>tale</strong></span> <span class='ocrx_word' id='word_1_839' title='bbox 2840 5172 2966 5240; x_wconf 89' lang='lat' dir='ltr'><strong>quid</strong></span> <span class='ocrx_word' id='word_1_840' title='bbox 3000 5189 3160 5227; x_wconf 90' lang='lat' dir='ltr'><strong>ausus</strong></span> <span class='ocrx_word' id='word_1_841' title='bbox 3190 5173 3369 5237; x_wconf 83' lang='lat' dir='ltr'><strong>fuerit,</strong></span> <span class='ocrx_word' id='word_1_842' title='bbox 3402 5176 3551 5229; x_wconf 88' lang='lat' dir='ltr'><strong>irrita</strong></span> 
     </span>
    </p>
   </div>
   <div class='ocr_carea' id='block_1_113' title="bbox 1973 5257 3392 5332">
    <p class='ocr_par' dir='ltr' id='par_1_113' title="bbox 1973 5257 3392 5332">
     <span class='ocr_line' id='line_1_113' title="bbox 1973 5257 3392 5332; baseline 0.006 -22"><span class='ocrx_word' id='word_1_843' title='bbox 1973 5258 2042 5310; x_wconf 91' lang='lat' dir='ltr'><strong>sit</strong></span> <span class='ocrx_word' id='word_1_844' title='bbox 2066 5257 2183 5325; x_wconf 90' lang='lat' dir='ltr'><strong>ejus</strong></span> <span class='ocrx_word' id='word_1_845' title='bbox 2213 5257 2503 5325; x_wconf 86' lang='lat' dir='ltr'><strong>ordinatio,</strong></span> <span class='ocrx_word' id='word_1_846' title='bbox 2536 5267 2590 5313; x_wconf 90' lang='lat' dir='ltr'><strong>et</strong></span> <span class='ocrx_word' id='word_1_847' title='bbox 2620 5259 2732 5328; x_wconf 91' lang='lat' dir='ltr'><strong>ipse</strong></span> <span class='ocrx_word' id='word_1_848' title='bbox 2763 5276 2791 5313; x_wconf 93' lang='lat' dir='ltr'><strong>a</strong></span> <span class='ocrx_word' id='word_1_849' title='bbox 2822 5262 3029 5332; x_wconf 90' lang='lat' dir='ltr'><strong>synodo</strong></span> <span class='ocrx_word' id='word_1_850' title='bbox 3060 5274 3392 5318; x_wconf 89' lang='lat' dir='ltr'><strong>coerceatur.</strong></span> 
     </span>
    </p>
   </div>
   <div class='ocr_carea' id='block_1_114' title="bbox 2044 5347 3553 5424">
    <p class='ocr_par' dir='ltr' id='par_1_114' title="bbox 2044 5347 3553 5424">
     <span class='ocr_line' id='line_1_114' title="bbox 2044 5347 3553 5424; baseline 0.009 -24"><span class='ocrx_word' id='word_1_851' title='bbox 2044 5347 2150 5401; x_wconf 85' lang='lat' dir='ltr'><strong>CII.</strong></span> <span class='ocrx_word' id='word_1_852' title='bbox 2181 5380 2254 5389; x_wconf 93' lang='lat'><strong><em>—</em></strong></span> <span class='ocrx_word' id='word_1_853' title='bbox 2279 5348 2365 5401; x_wconf 69' lang='grc'><strong>25.</strong></span> <span class='ocrx_word' id='word_1_854' title='bbox 2400 5349 2665 5422; x_wconf 88' lang='lat' dir='ltr'><strong>Episcopo</strong></span> <span class='ocrx_word' id='word_1_855' title='bbox 2696 5368 2803 5405; x_wconf 83' lang='lat' dir='ltr'><strong>non</strong></span> <span class='ocrx_word' id='word_1_856' title='bbox 2836 5354 2997 5407; x_wconf 85' lang='lat' dir='ltr'><strong>licere</strong></span> <span class='ocrx_word' id='word_1_857' title='bbox 3026 5354 3185 5407; x_wconf 89' lang='lat' dir='ltr'><strong>alium</strong></span> <span class='ocrx_word' id='word_1_858' title='bbox 3218 5371 3314 5424; x_wconf 91' lang='lat' dir='ltr'><strong>pro</strong></span> <span class='ocrx_word' id='word_1_859' title='bbox 3343 5374 3403 5413; x_wconf 89' lang='lat' dir='ltr'><strong>se</strong></span> <span class='ocrx_word' id='word_1_860' title='bbox 3431 5375 3553 5415; x_wconf 82' lang='lat' dir='ltr'><strong>suc-</strong></span> 
     </span>
    </p>
   </div>
   <div class='ocr_carea' id='block_1_115' title="bbox 1973 5444 3550 5521">
    <p class='ocr_par' dir='ltr' id='par_1_115' title="bbox 1973 5444 3550 5521">
     <span class='ocr_line' id='line_1_115' title="bbox 1973 5444 3550 5521; baseline 0.009 -26"><span class='ocrx_word' id='word_1_861' title='bbox 1973 5455 2245 5496; x_wconf 82' lang='lat' dir='ltr'><strong>cessorem</strong></span> <span class='ocrx_word' id='word_1_862' title='bbox 2273 5444 2619 5507; x_wconf 80' lang='lat' dir='ltr'><strong>constituere,</strong></span> <span class='ocrx_word' id='word_1_863' title='bbox 2647 5445 2855 5499; x_wconf 90' lang='lat' dir='ltr'><strong>etiamsi</strong></span> <span class='ocrx_word' id='word_1_864' title='bbox 2885 5447 2955 5500; x_wconf 89' lang='lat' dir='ltr'><strong>sit</strong></span> <span class='ocrx_word' id='word_1_865' title='bbox 2977 5447 3028 5499; x_wconf 90' lang='lat' dir='ltr'><strong>in</strong></span> <span class='ocrx_word' id='word_1_866' title='bbox 3054 5446 3157 5500; x_wconf 84' lang='lat' dir='ltr'><strong>line</strong></span> <span class='ocrx_word' id='word_1_867' title='bbox 3178 5448 3319 5502; x_wconf 67' lang='lat' dir='ltr'><strong>vitas.</strong></span> <span class='ocrx_word' id='word_1_868' title='bbox 3347 5450 3401 5505; x_wconf 92' lang='lat' dir='ltr'><strong>Si</strong></span> <span class='ocrx_word' id='word_1_869' title='bbox 3424 5453 3550 5521; x_wconf 85' lang='lat' dir='ltr'><strong>quid</strong></span> 
     </span>
    </p>
   </div>
   <div class='ocr_carea' id='block_1_116' title="bbox 1972 5532 3548 5604">
    <p class='ocr_par' dir='ltr' id='par_1_116' title="bbox 1972 5532 3548 5604">
     <span class='ocr_line' id='line_1_116' title="bbox 1972 5532 3548 5604; baseline 0.006 -20"><span class='ocrx_word' id='word_1_870' title='bbox 1972 5543 2150 5586; x_wconf 91' lang='lat' dir='ltr'><strong>autem</strong></span> <span class='ocrx_word' id='word_1_871' title='bbox 2184 5532 2288 5586; x_wconf 88' lang='lat' dir='ltr'><strong>tale</strong></span> <span class='ocrx_word' id='word_1_872' title='bbox 2319 5533 2430 5597; x_wconf 84' lang='lat' dir='ltr'><strong>tiat,</strong></span> <span class='ocrx_word' id='word_1_873' title='bbox 2460 5535 2662 5588; x_wconf 91' lang='lat' dir='ltr'><strong>irritam</strong></span> <span class='ocrx_word' id='word_1_874' title='bbox 2707 5549 2826 5588; x_wconf 91' lang='lat' dir='ltr'><strong>esse</strong></span> <span class='ocrx_word' id='word_1_875' title='bbox 2857 5535 3162 5604; x_wconf 90' lang='lat' dir='ltr'><strong>hnjusmodi</strong></span> <span class='ocrx_word' id='word_1_876' title='bbox 3208 5542 3548 5596; x_wconf 72' lang='lat' dir='ltr'><strong>constitutio-</strong></span> 
     </span>
    </p>
   </div>
   <div class='ocr_carea' id='block_1_117' title="bbox 1971 5624 3547 5704">
    <p class='ocr_par' dir='ltr' id='par_1_117' title="bbox 1971 5624 3547 5704">
     <span class='ocr_line' id='line_1_117' title="bbox 1971 5624 3547 5704; baseline 0.009 -25"><span class='ocrx_word' id='word_1_877' title='bbox 1971 5641 2114 5680; x_wconf 90' lang='lat' dir='ltr'><strong>nem.</strong></span> <span class='ocrx_word' id='word_1_878' title='bbox 2145 5624 2399 5680; x_wconf 88' lang='lat' dir='ltr'><strong>Servetur</strong></span> <span class='ocrx_word' id='word_1_879' title='bbox 2425 5636 2603 5681; x_wconf 87' lang='lat' dir='ltr'><strong>autem</strong></span> <span class='ocrx_word' id='word_1_880' title='bbox 2629 5634 2886 5681; x_wconf 89' lang='lat' dir='ltr'><strong>statutum</strong></span> <span class='ocrx_word' id='word_1_881' title='bbox 2932 5629 3375 5699; x_wconf 88' lang='lat' dir='ltr'><strong>ecclesiasticum,</strong></span> <span class='ocrx_word' id='word_1_882' title='bbox 3404 5651 3473 5704; x_wconf 75' lang='lat' dir='ltr'><strong>qu</strong></span> <span class='ocrx_word' id='word_1_883' title='bbox 3503 5636 3547 5693; x_wconf 87' lang='lat' dir='ltr'><strong>.d</strong></span> 
     </span>
    </p>
   </div>
   <div class='ocr_carea' id='block_1_118' title="bbox 1971 5717 3546 5795">
    <p class='ocr_par' dir='ltr' id='par_1_118' title="bbox 1971 5717 3546 5795">
     <span class='ocr_line' id='line_1_118' title="bbox 1971 5717 3546 5795; baseline 0.004 -23"><span class='ocrx_word' id='word_1_884' title='bbox 1971 5717 2210 5772; x_wconf 89' lang='lat' dir='ltr'><strong>continet</strong></span> <span class='ocrx_word' id='word_1_885' title='bbox 2240 5733 2346 5773; x_wconf 92' lang='lat' dir='ltr'><strong>non</strong></span> <span class='ocrx_word' id='word_1_886' title='bbox 2376 5717 2532 5773; x_wconf 85' lang='lat' dir='ltr'><strong>aliter</strong></span> <span class='ocrx_word' id='word_1_887' title='bbox 2561 5718 2676 5772; x_wconf 85' lang='lat' dir='ltr'><strong>lieri</strong></span> <span class='ocrx_word' id='word_1_888' title='bbox 2723 5727 2993 5787; x_wconf 89' lang='lat' dir='ltr'><strong>oportere,</strong></span> <span class='ocrx_word' id='word_1_889' title='bbox 3040 5723 3137 5776; x_wconf 89' lang='lat' dir='ltr'><strong>nisi</strong></span> <span class='ocrx_word' id='word_1_890' title='bbox 3194 5740 3313 5779; x_wconf 87' lang='lat' dir='ltr'><strong>cum</strong></span> <span class='ocrx_word' id='word_1_891' title='bbox 3341 5726 3546 5795; x_wconf 71' lang='lat' dir='ltr'><strong>synodo</strong></span> 
     </span>
    </p>
   </div>
  </div>
