4128 6348
514 358 517 363 ,
541 314 607 368 67
1801 300 2063 355 DIONYSI
2072 300 2133 354 οε

2235 297 2514 354 ‘XIGUUS.
3227 363 3232 367 η
3737 299 3806 358 ιι

540 434 607 498 μή
629 425 729 482 δεῖν
744 423 903 486 ἄλλως
923 426 1146 497 γίνεσθαι
1167 422 1456 479 ἐπίσκοπον,
1477 415 1508 475 ἦ
1522 419 1652 487 μετά
1679 412 1896 469 συνόδου
1920 418 2005 468 καὶ
2019 415 2121 468 im-

2235 411 2496 481 etjudicio
2523 411 2923 482 episcoporum,
2953 414 3044 481 qui
3069 420 3190 483 post
3218 412 3424 467 obitum
3452 412 3809 482 quiescentia.

539 525 752 596 κρίσεως
779 517 1088 580 ἐπισκόπων,
1111 521 1208 570 τῶν
1245 513 1373 581 μετὰ
1397 515 1486 568 τὴν
1519 510 1754 575 κοίμησιν
1777 513 1870 562 τοῦ
1891 509 2126 560 ἀναπαυ-

539 612 761 681 σαμένου
785 616 877 668 τήν
902 608 1126 672 ἐξουσίαν
1148 604 1373 672 ἐχόντων
1397 607 1488 654 τοῦ
1509 600 1827 673 προάγεσθαι
1853 601 1938 652 τίν
1967 595 2119 660 ἄξιον.

611 701 709 775 ργ’.
739 703 813 754 Τά
841 708 931 757 τῆς
952 696 1234 753 ἐκκλησίας,
1262 700 1324 764 τῇ
1355 691 1590 762 ἐκκλησίᾳ
1619 689 1776 747 καλῶς
1808 687 1921 758 ἔχει
1941 687 2128 760 φυλάτ-

543 795 719 848 τεσθαι
749 791 851 844 δεῖν
891 789 1018 858 μετά
1043 788 1214 842 πάσης
1237 782 1524 856 ἐπιμελείας
1557 784 1640 834 καί
1671 780 1861 850 ἀγαθῆς
1890 777 2125 836 συνειδή-

546 900 678 941 σεως
705 884 787 933 καί
809 881 1033 936 πίστεως
1070 883 1162 934 τῆς
1193 876 1264 933 είς
1289 875 1372 927 τόν
1400 874 1601 926 πάντων
1635 869 1806 943 ἔφορον
1835 871 1914 922 καί
1955 873 2129 942 κριτήν

539 974 673 1026 Θεόν.
702 970 762 1024 *Δ
781 973 874 1044 καί.
891 967 1179 1022 διοικεῖσθαι
1206 967 1458 1038 προσήκει
1487 962 1617 1031 μετά
1643 962 1855 1033 κρίσεως
1885 961 1969 1011 καί
1989 960 2128 1021 ἐξου-

538 1064 654 1120 σίας
699 1066 788 1113 τοῦ
835 1058 1119 1112 ἐπισκόπου
1158 1063 1250 1110 τοῦ
1301 1054 1708 1120 πεπιστευμένου
1741 1045 2127 1120 [ἢὶπισταμένου]

537 1153 706 1206 πάντα
727 1152 810 1205 τόν
833 1151 973 1212 λαόν,
997 1171 1024 1200 κ
1063 1150 1079 1200 ί
1100 1151 1190 1206 τάς
1215 1146 1398 1216 ψυχάς
1420 1152 1517 1198 τῶν
1539 1143 1908 1214 συναγομένων.
1939 1141 2132 1216 Φανερά

540 1241 593 1297 δὲ
624 1239 747 1296 εἱαι
781 1245 847 1296 τά
887 1239 915 1294 δ
938 1241 1182 1311 αφίροντα
1217 1245 1278 1310 τῇ
1324 1234 1556 1304 ἐκκλησίι
1595 1235 1724 1305 μετὰ
1754 1235 1991 1304 γνώσεως
2029 1239 2130 1286 τῶν

546 1338 665 1408 περί
689 1332 841 1386 αὐτόν
869 1331 1232 1404 πρεσευτέρων
1267 1330 1356 1380 καί
1385 1323 1637 1382 διακόνων,
1669 1323 1799 1375 ὥστε
1829 1321 2041 1378 τούτους
2062 1321 2132 1372 εῖ-

542 1423 677 1478 δέναι
706 1428 790 1476 καί
809 1428 879 1495 μὴ
908 1425 1122 1492 ἀγνοεῖν,
1150 1421 1258 1473 τίνα
1287 1418 1406 1470 ποτέ
1437 1418 1548 1469 ἐστι
1571 1422 1660 1474 τῆς
1685 1412 1966 1473 ἐκκλησίας,
1998 1412 2129 1464 ὥστε

545 1509 919 1586 μηδέναύτούς
966 1514 1239 1567 λανῗάνειν·
1280 1509 1340 1562 ἶν’
1372 1511 1414 1562 εί
1455 1507 1683 1579 συμϐαίη
1728 1507 1811 1559 τόν
1854 1507 2132 1558 ἐπίσκοπον

541 1609 895 1682 μεταλλάττειν
924 1607 1007 1660 τόν
1031 1606 1137 1675 βίον
1159 1644 1174 1668 ,
1201 1609 1425 1676 φανερῶν
1463 1596 1618 1653 ὄντων
1660 1603 1762 1652 τῶν
1797 1595 2130 1669 διαφερόντων

539 1709 603 1768 τῇ
633 1701 867 1773 ἐκκλησῖᾳ
894 1700 1232 1773 πραγμάτων,
1258 1700 1381 1765 μήτε
1403 1695 1533 1748 αύτά
1555 1691 1842 1746 διαπίπτειν
1867 1691 1949 1741 καὶ
1976 1687 2130 1741 ἀπόλ-

2227 510 2556 572 potestatem
2582 501 2800 566 habent,
2849 517 2972 558 eum
3002 503 3094 572 qui
3119 503 3310 572 dignus
3335 504 3624 572 exstiterit,
3673 521 3797 576 pro-

2227 607 2468 647 movere.

2299 683 2428 738 Clll.
2453 717 2524 727 —
2541 683 2628 737 Ἡ.
2655 684 2821 740 Recte
2841 685 3023 750 habet,
3045 700 3106 739 ea
3129 700 3250 755 qua:
3275 695 3398 742 sunt
3415 683 3686 751 Ecclesim,
3709 686 3810 744 Ec-

2228 776 2403 831 clesiae
2422 775 2621 830 servari
2645 792 2764 830 cum
2787 779 2932 830 omni
2955 778 3249 844 diligentia,
3277 786 3329 831 et
3358 777 3497 831 bona
3529 780 3809 834 conscien-

2229 867 2323 931 tia,
2355 876 2410 920 et
2439 866 2544 920 fide
2577 883 2695 936 qua:
2725 869 2776 921 in
2809 867 2974 922 Deum
3018 877 3116 930 est,
3165 869 3255 936 qui
3299 869 3478 922 omnia
3510 869 3725 938 inspicit
3751 878 3811 924 et

2224 957 2428 1027 judicat
2453 977 2466 1010 :
2486 974 2604 1028 qua:
2619 961 2778 1013 etiam
2795 959 3152 1014 administrari
3175 960 3426 1015 convenit
3455 976 3573 1015 cum
3599 961 3810 1030 judicio

2230 1057 2285 1104 et
2314 1059 2580 1120 potestate
2608 1052 2864 1120 episcopi,
2897 1052 2981 1106 cui
3013 1052 3187 1105 omnis
3233 1052 3460 1121 populus
3488 1053 3811 1108 commissus

2231 1147 2329 1202 est,
2377 1148 2432 1192 et
2472 1140 2662 1193 anima:
2690 1156 2874 1194 eorum
2905 1142 2996 1209 qui
3041 1142 3091 1194 in
3121 1141 3348 1194 ecclesia
3391 1151 3804 1210 congregantur.

2230 1229 2508 1285 Manifesta
2539 1246 2666 1284 vero
2691 1231 2820 1298 sint,
2843 1246 2962 1300 qua:
2983 1231 3049 1285 ad
3071 1230 3360 1286 Ecclesiam
3395 1233 3665 1301 pertinent
3683 1247 3807 1287 cum

2231 1321 2422 1374 notitia
2447 1323 2880 1393 presbyterorum
2896 1333 2950 1377 et
2965 1324 3333 1384 diaconorum,
3353 1325 3444 1392 qui
3467 1325 3608 1380 circa
3634 1326 3808 1394 ipsum

2231 1424 2376 1482 sunt,
2419 1424 2476 1469 ut
2504 1417 2601 1485 ipsi
2644 1433 2750 1471 non
2796 1418 3065 1485 ignorent,
3111 1433 3229 1486 qua:
3255 1426 3379 1472 sunt
3407 1416 3683 1482 Ecclesim,
3709 1433 3811 1473 nec

2173 1579 2178 1583 _
2233 1522 2326 1560 eos
2351 1507 2548 1575 aliquid
2586 1507 2766 1562 lateat.
2804 1507 2872 1562 Ut
2912 1509 2955 1562 si
2986 1508 3273 1575 contigerit
3299 1508 3611 1577 episcopum
3639 1524 3671 1561 e
3702 1509 3810 1562 vita

2234 1600 2486 1666 migrare,
2533 1601 2598 1654 iis
2646 1601 2942 1655 manifestis
2969 1601 3324 1655 existentibus
3367 1616 3487 1670 qum
3525 1600 3592 1654 ad
3622 1599 3811 1656 Eccle-

2233 1691 2366 1746 siam
2390 1692 2676 1760 pertinent.
2705 1707 2768 1746 ea
2793 1709 2897 1746 non
2931 1693 3270 1758 intercidant,
3302 1699 3394 1745 aut
3421 1699 3644 1761 pereant
3671 1709 3685 1743 :
3711 1706 3809 1746 nec

543 1793 757 1850 λυσθαι.
790 1796 914 1860 μήτε
944 1793 1008 1857 τά
1045 1789 1148 1843 ’δια
1175 1794 1261 1843 τοῦ
1293 1786 1580 1841 ἐπισκόπου
1612 1780 1959 1852 ἐνοχλεῖσθαι,
2007 1798 2131 1853 προ-

2237 1796 2355 1851 qutc
2379 1790 2503 1846 sunt
2531 1798 2680 1851 prop:
2697 1782 2743 1835 ia
2772 1783 3031 1852 episcopi,
3064 1789 3324 1851 prrctextu
3355 1797 3533 1835 rerum
3563 1781 3812 1836 ecclesia-

541 1887 690 1956 φάσει
719 1881 1273 1939 τῶνὲκκλησιαστικῶν
1305 1877 1643 1952 πραγμάτων.
1681 1877 1872 1926 Δίκαιον
1907 1872 2009 1944 γάρ
2043 1873 2128 1922 καί

541 1976 753 2051 ἀρεστόν
773 1978 915 2049 πᾰρά
940 1995 992 2028 τε
1014 1982 1084 2044 τῷ
1101 1980 1210 2040 Θεῷ
1237 1974 1319 2023 καί
1341 1970 1640 2042 ἀνθρώποις,
1656 1967 1720 2018 τά
1751 1961 1852 2016 ἴδια
1872 1968 1960 2016 τοῦ
1983 1964 2130 2016 ἐπισ-

541 2070 727 2131 κόπου,
754 2066 824 2128 οἶς
845 2063 914 2120 ’ἂν
938 2068 1088 2125 αύτός
1119 2063 1387 2133 βούληται,
1427 2056 1908 2126 καταλδμπάνεσθαυ
1945 2054 2009 2107 τά
2037 2053 2127 2121 μέν

541 2179 622 2213 τοι
648 2168 737 2219 τῆς
767 2159 878 2210 ἐκκλ
913 2162 1059 2216 σίας,
1107 2158 1236 2228 αὐτῇ
1266 2151 1619 2222 φυλάττεσθαι·
1652 2150 1735 2199 καί
1764 2151 1886 2218 μήτε
1932 2149 2020 2198 τίν
2051 2146 2132 2196 ὲκ·

541 2251 747 2308 γλησίιν
785 2249 1051 2317 ὑπομένειν
1089 2243 1381 2315 [ἐπομεῖαί
1425 2240 1559 2305 τιναι
1604 2239 1821 2305 ζημίαν,
1876 2239 2000 2303 μήτε
2047 2234 2132 2288 τόν

543 2341 627 2392 ἐπί
665 2360 818 2392 κιπον
846 2341 1098 2411 προφάσει
1125 2344 1215 2392 τεὶς
1250 2333 1510 2388 ἐκκλησίας
1538 2327 1864 2399 δημεύεσθαι,
1887 2326 1916 2383 ἦ
1946 2328 2032 2378 καί
2059 2327 2131 2384 είς

542 2431 820 2499 πίάνματα
861 2429 1129 2495 ἐμπίπτέιν
1173 2427 1295 2482 τοὶς
1337 2423 1473 2489 αύτῷ
1504 2417 1855 2493 διαφέροντας,
1888 2419 2016 2486 μετά
2042 2420 2131 2469 τοῦ

541 2525 619 2572 καί
646 2522 791 2573 αὐτόν
821 2521 951 2587 μετὰ
978 2518 1186 2569 θάνατον
1215 2512 1475 2584 δυσιυημίᾳ
1503 2530 1622 2580 περι
1651 2508 1917 2561 ’άλλξσθαι.

613 2608 709 2683 ρδ.
742 2612 1041 2661 Ἐπίτκοπον
1083 2606 1223 2675 ἔχειν
1264 2613 1362 2659 τῶν
1399 2612 1485 2661 τὴς
1526 2603 1790 2658 ἐκκλησίας
1824 2601 2134 2674 πραγμάτων

544 2700 798 2762 ἑξουσιαν,
831 2700 898 2756 ὥς
926 2717 980 2750 τε
1011 2696 1212 2750 διοικεῖν
1234 2699 1303 2751 εἰς
1329 2712 1523 2750 πάντας
1545 2694 1662 2749 τοὺς
1686 2690 1974 2753 δεομένους,
2007 2689 2135 2757 μετὰ

544 2790 719 2847 πάῖης
743 2788 1005 2845 εύ).αϐε.ας
1048 2789 1129 2838 καὶ
1157 2785 1312 2856 φοϐον
1345 2790 1492 2838 Θ;ού’
1534 2803 1628 2852 μετ
1666 2781 1934 2848 λαμϐάνειν
1970 2779 2024 2834 δὲ
2054 2783 2136 2832 καί

545 2881 694 2934 αὐτόν
720 2888 816 2933 τῶν
840 2877 1075 2940 δεόντων,
1108 2876 1206 2948 ετῗγε
1237 2877 1419 2937 δέοιτο,
1454 2877 1522 2933 είς
1550 2879 1638 2932 τάς
1671 2876 1850 2941 ἀναγκί
1871 2877 1951 2932 ίας
1976 2874 2130 2925 αὐτοῦ

543 2992 591 3045 χ
628 2975 756 3036 είκς,
797 2973 878 3026 ναί
904 2978 1003 3025 τῶν
1032 2966 1159 3044 παρ’
1194 2972 1330 3039 αὐτῷ
1358 2966 1560 3038 [αὐτοῦ]
1583 2965 1967 3034 ἐπιξενουμέννιν
1988 2963 2134 3015 ἁδελ-

545 3072 679 3136 φὼν,
713 3065 781 3123 ὡς
805 3064 937 3116 κατά
964 3059 1150 3130 μηδένα
1179 3060 1367 3133 τρόπον
1402 3059 1586 3114 αὐτούς
1635 3059 1978 3128 ύστερήσίᾷαι,
2007 3055 2137 3108 κατά

544 3155 629 3205 τόν
647 3155 773 3206 θεῖον
789 3152 1070 3206 ἀπόστολον
1091 3151 1322 3219 λέγοντα,
1335 3165 1351 3195 ι
1365 3144 1609 3215 Ἐχοντες
1626 3142 1896 3213 διατροφάς
1918 3145 1999 3194 καί
2018 3162 2137 3195 σκε-

545 3243 824 3312 πάσματα,
852 3242 1052 3301 τούτοις
1069 3239 1490 3316 ἀρκεσθησόμεθα.
1507 3253 1524 3284 ι
1553 3237 1610 3286 Εἰ
1637 3231 1690 3286 δὲ
1720 3239 1789 3302 μὴ
1813 3230 2014 3291 τούτοις
2039 3234 2135 3307 ἀρ-

544 3345 683 3390 κοῖτο
699 3379 712 3400 ,
736 3335 1041 3410 μεταϐάλλοι
1063 3332 1116 3386 δὲ
1151 3334 1216 3386 τά
1239 3334 1519 3407 πράγματα
1541 3330 1610 3388 είς
1636 3329 1824 3385 οίκικάς
1847 3325 2136 3396 [οἰκειακάς]

546 3432 708 3484 αὐτοῦ
735 3431 939 3503 χρείας,
970 3429 1054 3480 καί
1082 3427 1204 3483 τούς
1225 3425 1414 3500 πόρους
1439 3428 1529 3478 τῆς
1560 3419 1822 3477 ἐκκλησίας
1842 3419 1870 3476 ἦ
1896 3419 2014 3476 τούς
2037 3427 2137 3472 τῶν

546 3521 716 3593 ἀγρῶν
745 3520 989 3592 καρπούς,
1014 3522 1084 3584 μή
1103 3517 1227 3586 μετά
1251 3517 1451 3585 γνώμης
1477 3519 1574 3565 τῶν
1597 3510 1962 3583 πρεσϐυτέρων
1986 3510 2015 3568 ἣ
2039 3516 2138 3564 τῶν

548 3605 788 3661 διακόνων
817 3607 1040 3679 χειρίζοι
1059 3643 1073 3664 ,
1103 3603 1210 3656 ἀλλ’
1232 3604 1428 3659 οἰκείοις
1462 3602 1624 3652 αὐτῶν
1651 3603 1737 3651 καί
1772 3601 2070 3671 συγγενέσιν
2107 3599 2137 3658 ἢ

547 3703 776 3774 ἀδελφοῖς
800 3701 828 3758 ἣ
849 3702 980 3758 υἱοῖς
1005 3699 1331 3767 παράσχοιτο
1350 3703 1438 3752 τίςν
1463 3695 1707 3758 ἐξουσίαν.
1736 3694 1806 3752 είς
1830 3696 1908 3753 τό,
1939 3689 2020 3746 διὰ
2040 3698 2137 3746 τῶν

547 3789 791 3846 τοιούτων
813 3789 1086 3845 λεληθότως
1121 3786 1436 3857 βλάπτεσθαι
1472 3788 1590 3844 τούς
1633 3784 1814 3855 λόγους
1843 3791 1934 3842 τῆς
1969 3783 2139 3840 ἐκκλη-

549 3887 690 3946 σίας,
719 3889 898 3937 τοῦτον
927 3873 1129 3938 εὐθύνας
1146 3881 1395 3955 παρέχειν
1423 3887 1483 3954 τῇ
1511 3877 1711 3951 συνόδῳ
1735 3887 1823 3937 τῆς
1854 3877 2138 3949 ἐπαρχίας.

549 3977 605 4028 Ei
634 3974 686 4028 δέ
714 3979 799 4027 καί
829 3971 989 4032 ἄλλως
1018 3971 1331 4026 διαϐάλλοιτο
1368 3971 1392 4024 ό
1417 3975 1688 4031 ἐπίσκοπος
1708 4011 1721 4030 .
1745 3973 1774 4029 ἠ
1806 3979 1852 4022 οἱ
1880 3973 1972 4023 σύν
1999 3971 2138 4042 αύτῷ

550 4064 929 4139 πρεσϐύτεροι,
978 4065 1046 4122 ὠς
1085 4065 1150 4116 τά
1188 4072 1249 4136 τῇ
1291 4064 1529 4136 ἐκκλησίᾳ
1572 4061 1870 4133 διαᾳέροντα
1900 4099 1913 4121 ,
1944 4059 2059 4117 ἤτοι
2093 4060 2139 4122 εξ

549 4155 717 4229 ἀγρῶν
767 4156 794 4213 ἦ
832 4158 916 4208 καί
953 4156 1002 4218 ἐξ
1049 4154 1226 4228 ἐτέρας
1274 4155 1577 4228 προτάσεως
1617 4152 2032 4208 ἐκκλησιαστικῆς
2071 4153 2140 4208 εἷς

550 4245 764 4306 ἑαυτούς
794 4243 1148 4321 ἀποφερόμενοι
1167 4285 1181 4308 ,
1224 4248 1288 4305 ὡς
1325 4245 1579 4298 θλιεεσθαι
1608 4246 1696 4314 μὲν
1724 4245 1844 4302 τοὺς
1879 4245 2101 4300 πένητας
2121 4277 2137 4304 ,

550 4335 785 4394 διαϐολήν
815 4335 867 4390 δὲ
905 4339 986 4390 καί
1019 4333 1304 4407 δυσφημίαν
1339 4335 1746 4411 προστρίϐεσθαι
1776 4341 1849 4404 τῷ
1882 4332 2100 4400 τελόγῳ
2123 4375 2137 4397 ,

554 4431 768 4486 καὶτοῖς
803 4427 933 4480 οὕτω
979 4425 1280 4488 διοικοῦσιν,
1307 4430 1386 4478 καί
1425 4428 1640 4483 τούτους
1669 4423 1978 4498 διορθώσεως
2017 4443 2143 4493 τυγ·

558 4519 753 4587 χάνξιν,
774 4519 834 4571 τό
863 4519 1052 4590 πρέπον
1082 4515 1450 4586 δοκιμαζούσης
1474 4525 1564 4575 τῆς
1592 4515 1737 4587 ἁγίας
1765 4512 2009 4567 συνόδου.

2233 1873 2486 1927 sticarum
2535 1874 2836 1928 turbentur.
2881 1873 2975 1929 Est
3020 1874 3162 1928 enim
3201 1874 3403 1941 justum
3433 1881 3489 1927 et
3526 1881 3810 1941 acceptum

2231 1978 2413 2017 coram
2438 1963 2548 2018 Deo
2565 1973 2616 2018 et
2638 1963 2964 2029 hominibus,
2985 1972 3043 2018 ut
3059 1963 3464 2034 (Supprimenda
3492 1961 3808 2033 conjunctio)

2233 2069 2296 2108 ea
2318 2068 2436 2120 quzc
2457 2054 2670 2122 propria
2698 2062 2820 2107 sunt
2840 2054 3096 2123 episcopi,
3120 2053 3312 2121 quibus
3337 2053 3450 2120 ipse
3478 2051 3628 2115 velit,
3655 2051 3812 2105 relin-

2233 2143 2356 2209 qui;
2402 2159 2520 2211 qua:
2547 2153 2724 2196 autem
2763 2153 2887 2197 sunt
2915 2143 3187 2208 Ecclesim,
3220 2141 3320 2211 ipsi
3349 2141 3548 2195 servari
3573 2159 3588 2194 :
3620 2150 3678 2195 ut
3708 2155 3812 2195 nec

2233 2234 2468 2290 Ecclesia
2497 2236 2748 2290 damnum
2772 2236 2986 2304 aliquod
3006 2236 3260 2304 patiatur,
3287 2249 3386 2288 nec
3415 2234 3696 2302 episcopus
3717 2247 3812 2287 ec-

2233 2328 2408 2383 clesia:
2437 2336 2694 2398 prtctcxtu
2720 2328 3096 2398 proscribatur,
3115 2325 3302 2395 velqui
3321 2325 3391 2378 ad
3420 2339 3539 2377 eum
3557 2322 3806 2387 attinent,

2235 2421 2287 2475 in
2313 2436 2498 2476 causas
2520 2421 2770 2485 incidant,
2812 2435 2918 2489 quo
2942 2427 3060 2489 post
3089 2425 3316 2472 mortem
3339 2417 3452 2486 ipse
3477 2413 3811 2468 maledictio-

2235 2515 2390 2568 nibus
2434 2525 2706 2569 oneretur.

2303 2615 2433 2670 CIV.
2463 2645 2536 2656 -—
2559 2613 2646 2668 25.
2689 2613 2979 2683 Episcopus
3004 2611 3199 2666 habeat
3221 2623 3398 2664 rerum
3430 2605 3680 2660 Ecclesia:
3708 2619 3810 2674 po-

2239 2713 2506 2759 testatem.
2554 2705 2618 2756 ad
2661 2703 3074 2772 dispensandum
3118 2703 3168 2754 in
3196 2715 3384 2753 omnes
3417 2706 3655 2764 egentes,
3687 2711 3810 2750 cum

2235 2809 2439 2848 summa
2472 2792 2768 2845 reverentia
2797 2799 2852 2843 et
2881 2792 3074 2844 timore
3101 2787 3214 2841 Dei.
3247 2786 3365 2854 Ipse
3397 2795 3572 2838 autem
3600 2798 3807 2846 eorum,

2236 2883 2426 2949 quibus
2454 2880 2654 2946 indiget
2685 2890 2698 2945 (
2725 2880 2768 2932 si
2821 2888 2996 2931 tamen
3043 2874 3304 2942 indiget),
3335 2873 3404 2928 sit
3445 2872 3712 2943 particeps
3743 2869 3812 2925 ad

2238 2987 2364 3025 usus
2393 2970 2740 3032 ncCessnrios,
2777 2977 2831 3021 et
2869 2965 3091 3019 fratrum
3118 2963 3209 3031 qui
3239 2961 3381 3030 apud
3413 2976 3534 3014 cum
3577 2957 3814 3028 hospitio

2235 3060 2594 3128 excipiuntur,
2625 3067 2683 3111 ut
2713 3057 2808 3125 ipsi
2842 3053 2984 3108 nullo
3017 3050 3178 3104 mmlo
3200 3051 3493 3119 privcntur,
3520 3045 3815 3100 secundum

2237 3148 2474 3202 divinum
2513 3145 2827 3215 Apostolum
2857 3144 3122 3196 dicentem
3156 3157 3169 3192 :
3207 3137 3471 3191 Habentes
3494 3136 3740 3189 alimenta
3765 3142 3816 3188 σε

2240 3237 2421 3309 quibus
2463 3245 2697 3307 tegamur
2723 3237 2788 3290 iis
2828 3232 3054 3288 contenti
3105 3245 3279 3284 sumus
3319 3230 3334 3298 (
3369 3227 3396 3281 1
3425 3227 3556 3281 Tim.
3587 3242 3661 3286 vr,
3687 3224 3762 3294 8)
3794 3241 3810 3277 :

2240 3326 2382 3395 quod
2407 3327 2452 3379 si
2482 3331 2765 3378 contentus
2793 3322 2907 3375 istis
2929 3335 3032 3374 non
3062 3319 3238 3379 fuerit,
3269 3324 3326 3369 et
3352 3315 3404 3369 in
3432 3329 3560 3369 usus
3584 3317 3711 3368 suos
3728 3326 3817 3366 res

2241 3415 2482 3469 ecclesia:
2519 3419 2841 3479 convertat,
2887 3418 2942 3463 et.
2983 3409 3124 3464 illius
3169 3406 3411 3470 reditus,
3441 3404 3528 3458 vel
3568 3417 3817 3472 agrorum

2240 3503 2466 3568 fructus,
2495 3502 2612 3555 sine
2642 3501 3077 3570 presbyterorum
3122 3495 3206 3548 vel
3234 3493 3583 3549 diaconorum
3610 3499 3822 3546 sentem

2244 3594 2311 3647 tia
2348 3600 2661 3662 pertractet,
2701 3588 2794 3643 sed
2839 3585 3151 3641 domesticis
3178 3591 3232 3637 ct
3259 3581 3504 3652 cognatis
3529 3580 3613 3634 vel
3638 3578 3818 3633 fratri-

2239 3686 2358 3749 bus,
2390 3684 2474 3737 vel
2504 3681 2627 3736 liliis
2656 3685 2976 3750 potestatem
3006 3675 3299 3739 concedat;
3332 3681 3390 3727 ut
3417 3673 3519 3728 hoc
3547 3671 3704 3726 modo
3725 3685 3816 3726 ra-

2239 3778 2415 3832 tiones
2441 3774 2690 3829 Ecclesim
2721 3772 2886 3826 tacite
2912 3769 3293 3824 detrimentum
3318 3765 3552 3834 capiant,
3587 3765 3700 3832 ipse
3724 3779 3819 3834 sy-

2243 3869 2385 3923 nodo
2427 3867 2715 3938 provincice
2743 3860 3224 3919 administrationis
3251 3859 3484 3914 rationes
3527 3855 3733 3910 reddat.
3761 3853 3819 3909 Si

2241 3971 2421 4016 autem
2452 3970 2507 4014 et
2549 3959 2707 4012 aliter
2737 3956 3073 4010 insimuletur
3110 3954 3414 4021 episcopus,
3443 3947 3529 4001 vel
3576 3947 3668 4014 qui
3696 3953 3820 4000 sunt

2239 4070 2359 4110 eum
2388 4068 2454 4107 eo
2484 4048 2800 4120 presbyteri,
2833 4061 2898 4100 ea
2934 4059 3053 4114 qua:
3101 4041 3169 4096 ad
3203 4039 3482 4096 ecclesiam
3526 4035 3817 4104 pertinent,

2241 4143 2328 4197 vel
2351 4158 2416 4196 ex
2445 4138 2683 4208 agrisvel
2705 4153 2772 4191 ex
2801 4149 3121 4206 quacunque
3144 4133 3245 4185 alia
3267 4144 3426 4185 causa
3455 4124 3821 4182 ecclesiastica

2242 4233 2308 4287 ad
2331 4232 2538 4298 seipsos
2564 4229 2788 4289 referre,
2821 4233 2878 4280 ut
2925 4241 2990 4294 pa
3018 4237 3186 4298 speres
3228 4219 3622 4289 opprimantur,
3653 4222 3707 4268 et
3734 4228 3821 4266 ra-

2243 4321 2372 4374 tioni
2403 4317 2663 4378 ecclesiae,
2697 4316 2758 4369 iis
2781 4313 3060 4382 queqnisic
3087 4309 3480 4368 administrant,
3515 4300 3820 4359 criminatio

2242 4421 2298 4466 et
2324 4392 2538 4464 infamia
2567 4409 2827 4461 inuratur.
2847 4405 2910 4458 Hi
2933 4405 3092 4458 etiam
3107 4399 3496 4458 correctionem
3523 4406 3818 4464 assequam-

2245 4517 2352 4571 tur,
2385 4512 2567 4560 sancta
2597 4501 2806 4573 synodo
2835 4500 2883 4553 id
2909 4497 3054 4566 quod
3083 4495 3256 4559 decet,
3288 4491 3649 4547 examinante.

559 4604 3801 4657 ________________________________________——

1530 4740 2082 4848 CONCILII
2161 4729 2848 4844 LAODICENI

1623 4908 1983 4972 CARONES
2031 4904 2172 4964 LIX
2221 4904 2367 4980 (An.
2399 4901 2548 4990 Chr.
2601 4894 2772 4976 361i).

2058 5046 2320 5065 ,ὀ

635 5169 688 5225 ρε
707 5188 720 5202 .
746 5148 863 5220 Περὶ
885 5151 972 5200 τοῦ
995 5141 1103 5199 δεῖν
1128 5141 1260 5195 κατά
1283 5141 1363 5194 τόν
1383 5138 1786 5197 ίκκλησάστικόν
1812 5137 2010 5200 κανόνα,
2029 5159 2058 5191 τ
2085 5137 2133 5194 ύς

2321 5127 2432 5183 CV.
2460 5159 2531 5170 ——
2559 5123 2609 5176 1.
2650 5122 2802 5188 Quod
2823 5126 3057 5188 oportet,
3087 5115 3375 5174 secundum
3407 5110 3828 5169 ecclesiasticum

561 5242 828 5316 ἐλευθέρως
874 5241 956 5293 καί
993 5238 1215 5306 νομίμως
1251 5235 1591 5301 συναεθέντας
1635 5231 1887 5306 δευτέροις
1931 5232 2144 5303 γάμοις,

559 5347 626 5408 μὴ
653 5340 989 5411 λαθρογαμίαν
1014 5337 1345 5394 ποιήσαντας,
1375 5331 1538 5400 ὀλίγον
1568 5331 1758 5402 χρόνον
1789 5327 2144 5402 παρεὶ.θόντο·,

559 5436 641 5486 καί
670 5430 1042 5499 σχολασάντων
1079 5432 1199 5484 ταῖς
1235 5431 1560 5499 προσευχαῖς
1605 5427 1686 5476 καί
1725 5427 1977 5480 νηστείαις
2020 5419 2148 5470 κατά

563 5527 862 5598 συγγνώμην
895 5517 1220 5574 ἀποδίδοσθαι
1245 5517 1411 5576 αὐτοῖς
1441 5522 1530 5573 τήν
1559 5517 1804 5569 κοινωνίαν
1845 5515 2121 5586 ὡρίσαμεν.

631 5694 733 5771 ρξ’.
751 5697 869 5771 Περί
891 5701 1004 5758 τοῦ,
1018 5694 1138 5753 τούς
1162 5692 1599 5764 ἐξαμαρτάνοντας
1622 5689 1668 5740 ἕν
1688 5684 1938 5757 διαφόροις
1959 5683 2146 5735 πταίσ-

567 5810 748 5853 eum,
772 5790 856 5843 καί
882 5789 1487 5851 προσκαρτεέοῦνταςτῆ
1526 5784 1803 5843 προτιυχῆ
1843 5781 1933 5832 τῆς
1973 5770 2148 5836 ἐξεικο-

2249 5232 2536 5282 canonem,
2587 5228 2681 5268 eos
2730 5212 2819 5278 qni
2873 5210 3040 5263 libere
3089 5219 3143 5263 et
3185 5208 3423 5276 legitime
3451 5204 3588 5259 binis
3634 5200 3832 5270 nuptiis

2244 5309 2414 5379 juncti
2440 5315 2584 5371 sunt,
2618 5318 2790 5370 neque
2831 5300 3221 5355 clandestinum
3251 5293 3646 5352 matrimonium
3695 5289 3833 5344 inie-

2251 5410 2394 5464 runt,
2427 5410 2622 5463 exrguo
2654 5403 2895 5463 tempore
2919 5391 3123 5461 elapso,
3171 5396 3454 5460 postquam
3501 5382 3749 5454 precibus
3779 5385 3834 5445 et

2247 5490 2465 5561 jejuniis
2488 5486 2816 5549 vacaverint,
2843 5484 3133 5539 secundum
3183 5477 3564 5548 indulgentiam
3594 5486 3834 5530 comnm-

2254 5584 2469 5642 nionem
2497 5580 2627 5649 ipsis
2657 5577 2802 5633 reddi
2831 5576 3127 5631 definimus.

2321 5662 2453 5726 CV].
2485 5697 2556 5710 -—
2583 5668 2634 5722 2.
2678 5667 2830 5734 Quod
2857 5673 3091 5736 oportet,
3124 5678 3218 5718 eos
3256 5659 3345 5731 qui
3376 5657 3602 5714 diversis
3626 5653 3836 5711 delictis

2253 5765 2636 5834 peccaverunt,
2666 5765 2721 5812 et
2751 5755 2802 5809 in
2827 5756 3069 5810 oratione
3107 5748 3460 5809 confessionis
3487 5755 3544 5804 et
3565 5745 3836 5817 poeniten-
