4128 6348
333 310 405 370 61
1266 321 1489 379 CODEX
1526 325 1850 383 CANONUM
1899 326 2266 388 UNIVERSE
2307 335 2680 395 ECCLESLE.
3537 351 3609 405 7O

330 429 585 500 λογήσεως
604 432 685 482 καί
713 434 1001 499 μετανοίας,
1032 436 1116 488 καὶ
1139 439 1230 493 τήν
1268 435 1588 511 ἀποστροφὴν
1626 448 1725 494 τῶν
1753 449 1910 497 κακῶν

2024 446 2107 500 tite
2142 416 2511 518 perseverant,
2562 452 2852 523 perfectam
2901 471 2931 510 ε
2978 460 3132 516 malis
3162 463 3272 518 suis
3299 466 3610 522 conversio-

329 522 523 575 τελείαν
548 525 896 591 ποιουμένους,
921 526 1049 579 κατά
1070 531 1160 586 τὴν
1182 528 1443 603 ἀναλογίαν
1461 537 1551 585 τοῦ
1570 536 1918 607 πταίσματος,

330 619 507 686 καιροῦ
531 619 798 682 μετανοίας
822 613 1046 676 δοθέντος
1066 626 1172 678 τοῖς
1191 622 1453 687 τοιούτοις,
1483 621 1565 677 διά
1591 627 1709 685 τούς
1740 629 1921 702 οἰκτιρ-

332 706 458 772 μούς
487 705 569 755 καὶ
595 708 686 762 τήν
725 704 1012 776 άγαθὸτητα
1044 713 1134 761 τοῦ
1166 715 1293 764 Θεοῦ
1329 713 1680 787 προσάγεσθαι
1714 723 1776 785 τῇ
1820 736 1922 771 κοι-

332 798 503 866 εωνίᾳ.

402 884 499 958 ρζ.
531 887 649 963 Περί
676 890 786 951 τοῦ,
810 893 877 957 μή
900 887 999 944 δεῖν
1024 890 1314 967 πρᾶσφατον
1341 891 1696 969 [προσφάτως]
1727 919 1910 969 φωτισ-

330 975 528 1037 θέντας,
556 980 900 1050 προσάγεσθαι
923 979 972 1032 ἔν
990 982 1212 1054 τάγματι
1241 984 1495 1058 ἱερατικῷ.

404 1082 505 1154 pri.
535 1090 649 1161 Περὶ
678 1095 791 1154 τοῦ,
815 1096 884 1162 μή
910 1088 1009 1145 δεῖν
1038 1094 1317 1168 ἷερατικούς
1354 1094 1592 1161 δανείζειν
1624 1101 1712 1152 καί
1740 1099 1917 1162 τόκους

332 1178 416 1227 καί
446 1178 537 1237 τάς
566 1180 827 1250 ~urguentur;
854 1183 1076 1251 ἡμιολίας
1098 1186 1381 1257 λαμϐάνειν.

401 1283 490 1360 ρθ⁸.
524 1292 638 1360 Περί
667 1297 780 1354 τοῦ,
811 1297 881 1361 μὴ
916 1291 1022 1348 δεῖν
1060 1299 1155 1357 τάς
1182 1300 1504 1371 χειροτονίας
1548 1300 1631 1355 ἐπί
1654 1305 1918 1377 παρουσίᾳ

329 1376 660 1452 ὶκροωμένων
680 1384 926 1452 γίνεσθαι.

400 1485 479 1563 ρι’.
520 1495 636 1565 Περί
672 1500 793 1558 τοῦ,
826 1501 894 1565 μή
923 1508 1223 1574 συγχωρεῖν
1258 1508 1366 1563 τοῖς
1399 1503 1674 1577 αίρετικοῖς
1713 1507 1918 1562 εἰσιέναι

331 1580 405 1639 είς
430 1582 513 1636 uie
538 1580 668 1640 οἶκον
688 1594 778 1641 τοῦ
808 1595 958 1655 Θεοῦ,
986 1592 1308 1661 ἐπιμένοντας
1334 1604 1397 1669 τῇ
1425 1596 1635 1671 αίρίσει.

399 1754 518 1831 ρεαζ
565 1760 681 1830 Περὶ
722 1767 848 1826 τοῦ,
880 1765 1001 1824 τούς
1051 1767 1105 1819 ἐκ
1148 1773 1247 1822 τῶν
1284 1768 1544 1842 αἱρέσεων,
1590 1774 1725 1828 τοῦτ’
1752 1772 1911 1838 ἔστιν,

333 1854 667 1911 Νουατιανῶν,
696 1848 804 1907 ἦτοι
848 1863 1178 1909 Φωτεινιανῶν
1220 1858 1249 1916 ἦ
1283 1862 1918 1935 Τεσσαρεσκαιδεκατιτῶν

328 1932 814 2009 ἱπιστρεξομὲνους,
849 1942 935 2002 ἥτε
982 1949 1195 2007 πιστούς
1235 1953 1355 2010 τοὺς
1402 1954 1522 2029 παρ’
1568 1954 1768 2015 ἐκείνοις
1792 1998 1804 2013 ,
1845 1962 1917 2025 μή

330 2028 734 2101 προσδέχεσθαι,
764 2040 883 2106 πρίν
911 2039 1316 2108 ἀναθεματίσωσι
1342 2050 1514 2099 πᾶσαν
1535 2047 1751 2121 αἵρεσιν,
1777 2046 1912 2111 ἔξαι-

329 2123 491 2193 ρέτως
524 2121 577 2177 δὲ
610 2127 661 2178 ἓν
743 2130 1060 2198 κατείχοντο·
1098 2137 1184 2187 καί
1209 2135 1321 2189 τότε
1348 2136 1517 2190 λοιπὸν
1556 2143 1671 2201 τοὺς
1710 2142 1915 2212 λεγομιίο

330 2229 446 2271 νους
465 2213 589 2287 παρ’
616 2217 785 2277 αὐτοῖς
808 2224 1042 2283 πιστ.ύς,
1071 2223 1468 2288 ἐκμανθάνοντας
1490 2231 1553 2282 τά
1575 2238 1665 2290 τῆς
1692 2253 1774 2286 mc
1788 2252 1915 2294 τέως

326 2302 588 2372 σύμϐολα,
622 2309 929 2379 χρισθένῖας
956 2330 1009 2363 τε
1039 2320 1111 2381 τῷ
1150 2312 1277 2384 ἁγίῳ
1308 2318 1600 2390 χρίσματι,
1646 2318 1779 2375 οὕτω
1809 2343 1913 2376 κοι-

328 2403 499 2449 δωνιὶν
523 2402 595 2465 τῷ
623 2402 894 2470 μυστηρίῳ
913 2406 987 2472 τῷ
1016 2400 1164 2473 ἁγίῳ.

397 2502 517 2580 ριϐ.
550 2512 666 2581 Περί
703 2516 798 2564 τοῦ
816 2549 832 2574 ,
862 2515 983 2573 τοὺς
1011 2515 1110 2567 άπὸ
1136 2512 1205 2585 [ος
1231 2521 1564 2585 μοντανισταί
1590 2522 1635 2575 οῗ
1665 2518 1790 2591 ἀπὸ]
1814 2531 1914 2584 τῆς

330 2598 570 2669 α’ρέσεως
604 2606 709 2653 τῶν
740 2601 1016 2673 λεγομένων
1058 2613 1263 2679 Φρυγῶν
1309 2608 1699 2681 ἐπεστρέεοντας
1748 2611 1911 2683 [ἐπι-

327 2687 671 2760 στρέφοντες],
687 2691 733 2744 εἰ
754 2694 837 2745 καί
864 2694 915 2745 ἐν
942 2695 1104 2770 κλήρῳ
1126 2700 1428 2768 νομιζομένῳ
1447 2701 1569 2775 παρ’
1588 2703 1761 2762 αὐτοῖς
1786 2723 1912 2776 τυγ-

238 2761 248 2775 ’
332 2779 532 2847 χάνοεεν
578 2778 962 2853 [τυγχάνουσι].
1009 2790 1055 2840 εί
1107 2792 1188 2841 καὶ
1227 2791 1459 2862 μέγιστοι
1495 2792 1747 2861 λέγοιντο,
1791 2797 1912 2854 τοὺς

334 2870 586 2928 τοιούτους
614 2873 744 2941 μετά
788 2874 957 2935 πάσης
999 2876 1281 2945 ἐπιμελείας
1332 2882 1683 2950 κατηχεῐσθαί
1718 2902 1773 2938 τε
1827 2886 1914 2938 καί

329 2959 664 3026 ,ϐαπτίζεσθαι
700 2962 803 3017 ύπὸ
839 2971 940 3017 τῶν
979 2974 1069 3026 τῆς
1099 2965 1361 3029 ἐκκλησίας
1404 2972 1699 3027 ἐπισκόπων
1742 2993 1796 3026 τε
1828 2978 1911 3028 καί

330 3050 710 3127 πρεσϐυτέρων.

400 3141 517 3218 (cf.
547 3148 665 3219 Περὶ
684 3166 774 3199 του
795 3187 808 3207 ,
839 3152 909 3217 μὴ
940 3158 1238 3224 συγχωρεῖν
1260 3155 1331 3211 είς
1365 3157 1433 3207 τά
1461 3173 1759 3230 κοιμητηρια
1778 3157 1808 3213 ἧ
1838 3158 1909 3216 εἰς

328 3233 397 3285 τὰ
432 3234 673 3305 λεγόμενα
701 3240 954 3313 μαρτύρια
1010 3244 1211 3295 πάντων
1257 3250 1356 3297 τῶν
1396 3244 1660 3314 αἷρετικῶν
1710 3246 1911 3301 ἀπιέναι

328 3328 453 3384 τούς
478 3333 569 3386 τῆς
598 3328 880 3393 ἐκκλησίας,
913 3334 1071 3402 εὐχῆς
1101 3335 1129 3392 ἣ
1163 3338 1427 3401 θεραπείας
1455 3338 1601 3391 ἕνεκα
1646 3339 1770 3392 άλλά
1792 3342 1911 3399 τούς

328 3419 607 3477 τοιούτους,
652 3420 734 3472 ἐάν
765 3417 861 3475 ἆσι
888 3427 1081 3483 πιστοί.
1106 3426 1465 3486 άκοινωνήτους
1502 3430 1724 3495 γίνεσθαι
1749 3432 1912 3504 μέχρι

329 3508 463 3568 τινὸς
483 3523 495 3537 ⁹
528 3518 900 3579 μετανοοῦντας
928 3512 979 3568 δέ
1011 3518 1094 3569 καί
1121 3516 1597 3591 ἐξομολογουμένους
1637 3522 1871 3576 ἐσφάλθαι
1893 3560 1910 3585 ,

330 3598 737 3669 παραδέχεσθαι.

399 3708 510 3785 ριδ,
544 3715 658 3784 Περί
684 3720 806 3771 τοῦ,
838 3719 906 3784 μή
934 3713 1033 3769 δεῖν
1060 3719 1182 3776 τούς
1211 3727 1302 3778 τῆς
1332 3720 1597 3779 ἐκκλησίνς
1626 3718 1911 3795 ἀδιαφόρως

329 3802 455 3875 πρὸς
483 3804 644 3873 γάμου
669 3807 922 3858 κοινωνίαν
950 3809 1224 3862 συνάπτειν
1253 3812 1317 3862 τά
1342 3809 1533 3864 ἑαυτῶν
1561 3810 1740 3866 παιδία
1768 3814 1909 3887 ατρε-

327 3900 513 3953 τικαῖς.

398 4005 471 4057 ριε
491 4024 504 4037 .
530 3990 644 4061 Περὶ
663 3993 778 4051 τοῦ,
804 3988 871 4047 μὴ
895 3986 995 4042 δεῖν
1018 3992 1112 4048 τάς
1139 3990 1408 4063 λεγομένας
1428 3992 1777 4067 πρεσϐύτιδας
1797 3994 1910 4053 ἦτοι

326 4078 733 4151 προκαθημένας,
764 4080 812 4131 ἐν
841 4081 1079 4154 ἐκκλησίᾳ
1107 4083 1467 4138 καθίστασθαι.

395 4168 518 4241 ρις-’.
542 4172 657 4242 Περὶ
679 4175 792 4232 τοῦ,
826 4173 944 4229 τούς
979 4172 1289 4232 ἐπισκόπους
1315 4196 1343 4226 κ
1376 4177 1476 4229 ίσει
1505 4182 1603 4230 τῶν
1647 4197 1910 4250 μητροπο-

324 4255 470 4311 λιτῶν
501 4262 583 4311 καί
613 4265 711 4313 τῶν
746 4261 887 4332 πέριξ
923 4262 1210 4315 ἐπισκόπων
1252 4266 1582 4319 καθίστασθαι
1618 4269 1689 4325 εἷς
1714 4274 1803 4324 τήν
1831 4270 1911 4320 ὶκ-

325 4347 685 4408 γλησιαστικήν
713 4353 904 4424 ἀρχήν,
936 4349 1081 4414 ὄντας
1113 4356 1165 4421 ἐκ
1198 4355 1381 4408 πολλοῦ
1421 4353 1903 4427 δεδοκιμασμένους,

326 4435 384 4490 ἰν
405 4459 457 4492 τε
478 4447 549 4509 τῷ
576 4441 705 4513 λόγῳ
741 4450 831 4501 τῆς
851 4446 1094 4510 πίστεως,
1120 4448 1203 4498 καί
1225 4454 1286 4519 τῇ
1312 4453 1400 4501 τοῦ
1432 4450 1614 4509 εὐθέως
1644 4450 1795 4521 λόγου
1821 4472 1910 4505 πο-

323 4527 504 4603 λιτείᾳ.

391 4620 505 4691 ριζ.
546 4625 662 4695 Περὶ
689 4628 801 4681 τοῦ.
829 4627 897 4692 μή
922 4631 1028 4683 τοῖς
1052 4621 1227 4695 ὄχλοις
1254 4628 1540 4703 ἐπιτρέπειν
1568 4633 1661 4691 τάς
1692 4634 1899 4706 ἐκλογάς

321 4714 572 4767 ποιεῖσθαι
602 4720 701 4766 τῶν
720 4714 997 4781 μελλόντων
1026 4719 1359 4773 καθίστασθαι
1384 4724 1455 4778 εἰς
1485 4722 1746 4795 ίιρατεῖον.

392 4890 510 4961 ριη’.
548 4895 663 4965 Περί
691 4899 804 4955 τοῦ,
836 4899 903 4961 μή
931 4896 995 4948 τά
1039 4893 1158 4966 ἅγιοι
1199 4897 1269 4955 εἰς
1315 4895 1456 4968 λόγον
1502 4897 1731 4969 εύλογιῶν
1769 4903 1899 4955 κατά

321 4983 414 5037 τήν
441 4979 610 5051 ἑορτήν
636 4990 724 5037 τοῦ
746 4985 957 5056 πάσχα.
996 4990 1069 5044 εἰς
1101 4987 1275 5060 ἐτέρας
1315 4990 1581 5062 παροικίας
1612 4986 1896 5061 διαπέμπε-

319 5073 462 5127 σθαι.

387 5161 501 5239 ριθ’.
545 5167 663 5240 Περὶ
692 5172 800 5229 τοῦ,
829 5174 896 5238 μή
942 5168 1041 5223 δεῖν
1080 5172 1226 5225 πλέον
1263 5181 1364 5227 τῶν
1411 5180 1668 5227 κανονικῶν
1698 5173 1897 5244 πίαλτῶν

311 5260 415 5307 τῶν
461 5256 546 5308 επὶ
588 5264 672 5310 τζν
712 5254 925 5327 ἆμϐωνα
971 5262 1350 5323 ἀναϐαινόντων,
1403 5268 1486 5318 καί
1525 5266 1624 5319 ἀπὸ
1671 5264 1896 5339 διφθέρας

313 5342 618 5414 ψαλλόντων,
651 5347 853 5423 ἐτέρους
879 5355 1013 5412 τινάς
1037 5352 1236 5422 ψάλλειν
1268 5356 1316 5406 ἐν
1341 5356 1597 5430 ἐκκλησίᾳ.

382 5436 476 5512 ρκ’.
519 5443 635 5514 Περὶ
677 5448 764 5496 τοῦ
794 5483 808 5503 ,
858 5444 905 5496 ἐν
952 5446 1195 5517 σαϐϐάτῳ
1244 5449 1508 5521 εὐαγγέλια
1553 5449 1661 5521 μεθ’
1706 5451 1885 5528 ἐτέρων

309 5542 505 5602 γραφῶν
531 5532 976 5605 ἀναγινώσκεσθαι.

380 5616 507 5688 ρκιί.
550 5626 668 5695 Περὶ
692 5630 805 5687 τοῦ,
832 5632 901 5697 μὴ
938 5624 1037 5681 δεῖν
1068 5627 1452 5693 ἐπισυνάπτειν,
1482 5631 1534 5683 ἐν
1574 5639 1688 5692 ταῖς
1729 5636 1886 5688 συνά-

302 5706 410 5769 ξεσι
434 5714 558 5771 τοὺς
587 5712 841 5783 ψαλμοὺς,
869 5717 991 5771 ama.
1024 5716 1103 5772 διά
1129 5720 1286 5789 μέσου
1328 5718 1433 5775 καθ’
1453 5721 1662 5776 ἕκαστον
1691 5721 1885 5795 ψαλμὸν

304 5803 525 5865 γίνεσθαι
556 5805 855 5859 ἀνάγνωσιν.

2024 552 2146 592 nem
2194 538 2645 611 demonstrantes,
2696 561 2793 615 pro
2841 548 3100 617 qualitate
3138 552 3321 609 delicti
3363 564 3609 628 tempore

2020 630 2350 697 poenitentia:
2388 634 2466 688 eis
2494 634 2643 701 dato,
2669 645 2890 706 propter
2918 640 3340 699 misericordiam
3368 654 3423 701 et
3449 648 3609 704 boni-

2021 724 2185 773 tatem
2214 718 2330 794 Dei,
2367 726 2797 781 communionem
2824 729 3066 785 concedi.

2091 884 2243 943 CVII.
2275 917 2347 929 —-
2367 890 2417 944 5.
2452 890 2603 959 Quod
2633 909 2739 948 non
2769 904 2983 965 oportet
3009 911 3125 966 eos,
3154 903 3241 971 qui
3272 917 3460 961 recens
3482 912 3607 962 sunt

2020 978 2300 1050 baptizati,
2332 984 2383 1037 in
2407 985 2648 1039 ordinem
2675 986 3068 1044 sacerdotalem
3101 998 3422 1061 promoveri.

2089 1091 2267 1149 CVIII.
2298 1126 2367 1136 --
2394 1094 2447 1149 4.
2490 1095 2642 1163 Quod
2683 1113 2789 1152 non
2829 1110 3048 1168 oportet
3094 1105 3403 1163 sacerdotes
3456 1108 3605 1167 fene-

2018 1183 2147 1248 rari,
2180 1191 2236 1239 et
2257 1200 2448 1240 usuras
2472 1201 2593 1256 quae
2620 1190 2924 1245 centesimae
2953 1192 3222 1259 dicuntur.
3265 1201 3531 1270 accipere.

2086 1293 2222 1350 CIX.
2254 1324 2326 1335 —
2351 1295 2403 1353 5.
2443 1297 2598 1366 Quod
2640 1317 2748 1358 non
2793 1280 3009 1375 oportet
3048 1307 3342 1364 electiones
3390 1311 3505 1367 ﬁeri
3548 1316 3604 1370 in

2015 1392 2299 1458 praesentia
2328 1391 2675 1449 audientium.

2088 1497 2199 1555 CX.
2229 1532 2301 1544 —
2320 1501 2373 1557 6.
2414 1504 2565 1571 Quod
2596 1522 2700 1561 non
2734 1516 2951 1576 oportet
2978 1509 3243 1567 hmreticis
3279 1516 3603 1581 concedere,

2019 1599 2079 1647 ut
2126 1593 2178 1647 in
2227 1594 2444 1650 domum
2490 1597 2587 1652 Dei
2632 1588 3020 1667 ingrediantur,
3051 1603 3096 1656 si
3139 1603 3192 1658 in
3239 1606 3430 1660 haeresi
3477 1623 3602 1676 per-

2017 1693 2288 1739 maneant.

2086 1774 2221 1830 CXI.
2244 1809 2315 1820 —
2344 1778 2394 1833 7.
2435 1778 2587 1845 Quod
2620 1796 2725 1834 non
2764 1790 2982 1851 oportet
3027 1799 3122 1839 eos
3150 1786 3238 1852 qui
3285 1802 3354 1842 ex
3384 1787 3602 1846 lizeresi-

2018 1866 2136 1929 bus,
2168 1868 2273 1923 hoc
2292 1878 2383 1923 .est
2411 1886 2439 1923 a
2470 1858 2798 1934 Novatianis,
2824 1884 2915 1928 aut
2940 1875 3286 1939 Photinianis,
3319 1888 3411 1931 aut
3432 1878 3601 1945 Quar-

2017 1956 2387 2022 tadecimzinis,
2420 1973 2831 2029 Convertuntur,
2856 1967 2966 2018 sive
2995 1967 3083 2035 qui
3109 1967 3256 2036 apud
3280 1968 3397 2023 illos
3422 1969 3601 2027 ﬁdeles

2017 2048 2287 2117 dicuntur,
2318 2051 2544 2114 :dmitti,
2580 2055 2886 2124 priusquam
2927 2074 3139 2111 omnem
3192 2061 3432 2115 Incresiin
3465 2077 3600 2117 ana-

2016 2139 2501 2205 thematizaverint,
2537 2145 2799 2213 praecipue
2829 2162 2956 2200 vero
2984 2163 3102 2200 eam
3142 2148 3193 2202 in
3243 2165 3346 2217 qua
3394 2152 3601 2207 detine-

2015 2230 2210 2284 bantur
2240 2249 2253 2284 :
2285 2240 2338 2284 et
2369 2241 2495 2289 tunc
2541 2235 2813 2303 deinceps,
2857 2237 2947 2305 qui
2998 2238 3140 2308 apud
3180 2254 3273 2293 eos
3303 2239 3486 2295 ﬁdeles
3514 2242 3599 2296 di-

2013 2329 2226 2386 cuntur,
2274 2320 2397 2375 ﬁdei
2444 2324 2681 2393 symbola
2732 2322 3022 2391 discentes,
3074 2337 3126 2380 et
3177 2338 3366 2385 unctos
3411 2340 3600 2387 sancto

2016 2412 2321 2477 chrismate,
2354 2415 2431 2469 sic
2458 2425 2648 2471 saneto
2678 2419 2934 2487 mysterio
2964 2421 3380 2475 communicare.

2085 2521 2238 2576 CXII.
2272 2556 2342 2565 -—
2364 2523 2419 2581 8.
2460 2525 2610 2592 Quod
2634 2538 2847 2597 oportet
2890 2546 3005 2596 eos,
3033 2532 3122 2600 qui
3161 2533 3228 2587 ab
3271 2550 3454 2588 eorum
3485 2534 3599 2590 lite-

2013 2614 2119 2668 resi
2148 2616 2237 2683 qui
2264 2614 2499 2687 Phryges
2526 2618 2797 2687 dicuntur,
2820 2633 3224 2687 convertuntur,
3260 2624 3381 2680 licet
3410 2628 3514 2680 sint
3546 2627 3598 2684 in

2012 2703 2160 2759 clero
2189 2706 2280 2774 qui
2308 2709 2448 2775 apud
2476 2724 2572 2764 eos
2601 2724 2721 2764 esse
2748 2712 3003 2780 creditur,
3032 2714 3145 2768 sive
3169 2716 3384 2769 maximi
3415 2717 3600 2771 dican-

2014 2803 2123 2859 tur,
2152 2796 2453 2866 hujusmodi
2503 2816 2625 2856 eum
2673 2802 2819 2856 omni
2862 2803 3133 2871 diligentia
3183 2807 3504 2861 eatecliizari
3544 2814 3606 2863 et

2012 2887 2271 2959 baptizari
2293 2891 2361 2946 ab
2381 2889 2629 2949 Ecclesia:
2658 2895 2928 2964 episcopis
2956 2905 3010 2951 et
3037 2898 3381 2968 presbyteris.

2089 3141 2417 3198 CXIll.-—9.
2458 3145 2573 3201 Non
2603 3148 3009 3205 concedendum
3033 3168 3153 3207 esse
3181 3155 3233 3208 in
3264 3160 3598 3223 emmeteria,

2014 3234 2100 3288 vel
2130 3235 2182 3288 in
2220 3250 2283 3289 ea
2306 3251 2424 3304 qua:
2452 3237 2702 3292 dicuntur
2730 3243 2983 3311 martyria
3036 3249 3347 3313 quarumvis
3388 3249 3598 3304 lucreti-

2015 3339 2220 3390 corum,
2254 3340 2348 3381 eos
2376 3327 2465 3395 qui
2498 3337 2622 3381 sunt
2646 3327 2915 3395 Ecclesim,
2949 3336 3204 3397 accedere
3233 3339 3497 3393 orationis
3518 3341 3599 3400 vel

2010 3417 2296 3470 curationis
2326 3418 2513 3486 gratia.
2558 3419 2665 3493 Sed
2707 3421 3007 3488 hujusmodi
3050 3426 3093 3479 si
3146 3427 3329 3483 lideles
3372 3430 3588 3496 fuerint,

2013 3506 2399 3577 aliquantisper
2444 3512 2824 3567 communione
2870 3517 3065 3583 privari
3100 3537 3112 3570 :
3147 3520 3228 3572 sin
3276 3524 3597 3590 poenitentes

2012 3608 2191 3652 autem
2222 3608 2275 3652 et
2296 3599 2613 3655 conﬁtentes
2636 3619 2693 3656 se
2720 3603 3028 3673 deliquisse,
3058 3610 3272 3678 suscipi.

2082 3708 2260 3765 CXIV.
2283 3712 2467 3767 -10,
2508 3713 2659 3781 Quod
2692 3732 2798 3769 non
2830 3728 3046 3786 oportet
3075 3738 3189 3785 eos,
3234 3725 3323 3791 qui
3353 3735 3477 3780 sunt
3500 3726 3597 3783 Ec-

2010 3799 2205 3866 clesim,
2240 3802 2604 3859 inililIerenter
2631 3806 2768 3862 lilios
2796 3823 2923 3863 suos
2960 3810 3227 3868 limrcticis
3257 3817 3598 3874 matrimonio

2013 3890 2359 3960 conjmgere.

2081 3978 2241 4033 CXV.
2265 4014 2335 4023 -
2362 3981 2447 4036 11.
2490 3982 2641 4050 Quod
2671 4002 2776 4040 non
2808 3998 3024 4058 oportet
3053 4008 3172 4056 eas,
3206 4010 3323 4062 qua:
3350 3996 3597 4055 dicuntur

2010 4068 2183 4122 viduae
2206 4072 2468 4139 seniores,
2487 4076 2567 4126 vel
2598 4078 2964 4147 pnnsidentes,
2984 4081 3034 4134 in
3066 4085 3298 4139 ecclesia
3322 4091 3595 4146 constitui.

2082 4169 2263 4225 CXVI.
2296 4205 2368 4215 —
2394 4173 2478 4226 12.
2522 4174 2677 4240 Quod
2708 4188 2921 4246 oportet
2949 4182 3229 4251 episeopos
3255 4186 3458 4253 judicio
3481 4206 3594 4243 me-

2011 4258 2457 4326 tr0pnlitauorum
2483 4272 2536 4314 et
2567 4263 2912 4319 ﬁnitimorum
2938 4254 3312 4337 episcoporum
3336 4276 3401 4327 ad
3424 4278 3593 4331 eccle-

2011 4348 2282 4402 siasticum
2330 4351 2697 4417 magistratum
2742 4358 3024 4423 constitui,
3076 4360 3305 4427 plurimo
3354 4373 3593 4434 tempore

2011 4440 2268 4508 probatos
2298 4450 2353 4495 et
2390 4442 2442 4495 in
2468 4443 2632 4498 verbo
2664 4444 2786 4499 Iidei
2835 4456 2888 4500 et
2918 4448 2971 4501 in
3022 4450 3155 4504 recti
3184 4454 3331 4506 verbi
3375 4455 3593 4525 dispen-

1932 4556 1984 4616 Β
2009 4531 2234 4584 satione.

2077 4619 2278 4675 CXVII.
2310 4651 2382 4660 —
2407 4623 2490 4677 I5.
2517 4624 2671 4691 Quod
2721 4642 2827 4681 non
2867 4630 2937 4683 sit
2971 4632 3389 4699 permittendum
3422 4637 3592 4691 turbis

2005 4710 2299 4765 electiones
2346 4729 2532 4767 eorum
2590 4714 2767 4770 facere
2812 4720 2902 4786 qui
2956 4720 3008 4773 in
3049 4722 3351 4778 sacerdotio
3391 4726 3591 4779 consti-

2005 4801 2185 4852 tuendi
2217 4812 2359 4856 sunt.

2072 4887 2295 4943 CXVIII.
2327 4890 2511 4944 -14.
2544 4891 2695 4958 Quod
2752 4907 2957 4959 sancta,
3011 4899 3179 4955 instar
3227 4903 3586 4971 eulogiarum,

2001 4978 2054 5031 in
2087 4979 2222 5034 festo
2250 4982 2463 5036 Pascha:
2492 4982 2544 5036 in
2576 4985 2707 5040 alias
2739 4988 3008 5056 parmeias
3037 4995 3325 5047 transmitti
3354 5012 3461 5051 non
3490 4997 3587 5051 αθ-

2000 5065 2181 5119 beant.

2070 5158 2251 5214 CXIX.
2288 5194 2358 5202 —
2384 5162 2468 5216 15.
2502 5164 2655 5231 Quod
2688 5184 2793 5222 non
2824 5179 3041 5239 oportet
3070 5181 3269 5243 praeter
3295 5176 3585 5232 canonicos

2000 5260 2265 5317 cantores,
2291 5256 2379 5323 qui
2421 5259 2703 5312 ambonem
2751 5264 3071 5326 ascendunt,
3100 5272 3155 5317 et
3178 5280 3244 5319 ex
3273 5266 3458 5321 codice
3487 5284 3582 5323 ea-

1999 5344 2303 5400 nunt.alios
2329 5348 2597 5414 quoslibet
2625 5366 2821 5406 canere
2852 5354 2904 5406 in
2937 5355 3183 5408 ecclesia.

2071 5431 2227 5487 CXX.
2251 5464 2323 5475 —
2358 5436 2443 5491 I6.
2478 5440 2628 5504 Quod
2677 5452 2893 5512 oportet
2930 5444 2982 5497 in
3023 5446 3248 5502 sabbato
3293 5446 3577 5520 Evangelia

1989 5548 2106 5587 cum
2138 5536 2256 5590 aliis
2283 5538 2573 5608 Scripturis
2604 5542 2728 5610 legi.

2061 5630 2242 5690 CXXI.
2282 5667 2348 5676 -—
2380 5639 2464 5693 I7.
2498 5640 2649 5707 Quod
2694 5659 2797 5697 non
2853 5655 3068 5715 oportet
3121 5648 3172 5703 in
3222 5652 3572 5708 conventibus

1988 5725 2221 5793 psalmos
2270 5737 2580 5791 contexere,
2611 5730 2704 5783 sed
2736 5733 2785 5785 in
2820 5750 3143 5807 unoquoque
3172 5739 3377 5808 psalmo
3408 5744 3571 5793 inter-

1983 5812 2127 5881 jecto
2152 5816 2345 5884 spatio,
2382 5816 2665 5872 lectionem
2699 5819 2822 5876 ﬁeri.
