4128 6348
489 291 547 345 Ἠ
1719 294 2074 353 DIONYSIUS
2112 292 2427 351 EXIGUUS.
3672 301 3746 358 τί

553 409 682 483 ρκ6’.
726 415 841 486 Περί
888 422 998 479 τοῦ,
1048 418 1137 472 τὴν
1183 413 1337 470 αὐτὴν
1378 411 1684 484 λειτουργίαν
1726 419 1827 467 τῶν
1886 414 2052 482 εὐχῶν

2228 408 2432 465 CXXII.
2463 436 2531 448 ——
2566 408 2649 464 l8.
2683 410 2837 475 Quod
2867 410 3093 480 idipsum
3144 412 3496 470 ministerium
3533 424 3741 475 oratio-

484 501 700 555 πὰντοτε
723 506 804 557 καὶ
826 506 875 557 ἕν
903 511 1015 564 ταῖς
1038 501 1262 562 ἔννάταις
1284 504 1365 556 καὶ
1385 503 1435 556 tiv
1455 510 1564 562 ταῖς
1588 501 1828 563 ἑσπέραις
1854 502 2056 574 ὀφείλειν

484 593 721 660 γίνεσθαι.

554 679 683 755 ρκγ’.
723 684 837 755 Περὶ
858 686 965 745 τοῦ,
996 678 1100 735 δεῖν
1130 678 1231 755 ἰδία
1255 690 1455 757 πρῶτον
1476 684 1602 753 μετά
1623 683 1711 741 τὰς
1740 680 1933 751 ὁμιλίας
1960 687 2058 735 τῶν

484 770 768 827 ἔπισιόπων
796 780 893 826 τῶν
931 775 1322 844 κατηχουμὲνων
1366 776 1527 844 εὐχήν
1572 772 1926 839 ἐπιτελεῖσθαι,
1974 773 2060 825 καί

486 864 615 929 μετὰ
653 865 710 915 τὸ
759 862 960 925 ἐξελθεῖν
1000 866 1121 922 τοὺς
1151 866 1587 933 κατηχουμένους,
1618 866 1716 917 τῶν
1747 864 1796 915 ἓν
1819 863 2059 934 μετανοίᾳ

484 958 573 1010 την
604 955 758 1021 εὐχήν
782 953 1026 1022 γίνεσθαι,
1053 957 1134 1006 καὶ
1164 956 1355 1005 τούτων
1387 952 1759 1022 προσελθόντων
1787 952 1879 1004 ὑπὸ
1905 960 2059 1025 χεῖρα

484 1045 563 1094 καὶ
601 1043 1073 1119 ὑποχωρησάντων,
1108 1044 1265 1103 ο”τως
1294 1047 1387 1104 τὰς
1418 1046 1578 1113 εὐχὰς
1606 1051 1706 1097 τῶν
1751 1050 1948 1096 πιστῶν
1983 1044 2061 1112 γί-

481 1134 653 1185 νεσθαι
680 1142 835 1205 τρεῖς
880 1138 999 1200 μίαν
1028 1135 1118 1201 μέν
1149 1138 1235 1190 τήν
1262 1136 1488 1208 πρώτην,
1517 1131 1599 1188 διὰ
1630 1140 1856 1191 σ’ωπῆς’
1887 1137 1975 1189 την
2006 1128 2059 1184 δὲ

482 1218 722 1298 δευτέραν
750 1226 832 1275 καί
855 1226 1045 1297 τρίτην,
1078 1222 1589 1299 δεοὶβροσςιωνησεως
1612 1220 1944 1295 πληροῦσθαυ
1976 1218 2061 1275 εἶθ’

484 1312 645 1371 οὕτως
674 1319 761 1371 τήν
793 1318 986 1386 εἰρήνην
1017 1313 1263 1369 δίδοσθαι’
1307 1318 1546 1386 καὶμετά
1570 1316 1646 1379 τὸ,
1677 1316 2063 1389 πρεσϐυτέρους

483 1401 655 1455 δοῦναι
692 1412 763 1473 τῷ
794 1406 1056 1473 ἐπισκὸπῳ
1098 1418 1184 1463 την
1214 1410 1429 1479 εἰρίζνην,
1461 1407 1570 1461 τότε
1611 1408 1726 1465 τοὺς
1752 1407 1951 1464 λαῐκούς
1974 1410 2063 1461 την

483 1495 671 1565 εἰρήνην
700 1492 884 1547 δλδὸναι
905 1511 919 1525 ·
946 1499 1029 1548 καί
1054 1498 1187 1549 θ’τω
1216 1506 1303 1553 την
1326 1498 1471 1567 ἁγίαν
1508 1498 1796 1570 προσφορὰν
1818 1496 2065 1550 ἐπιτελεῖ-

483 1584 631 1636 σθαι·
674 1587 753 1635 καί
777 1585 941 1649 μονοις
970 1588 1070 1648 ἐξὸν
1099 1582 1222 1639 εἶναι
1246 1588 1344 1650 (ἐξε
1367 1587 1468 1657 ναι)
1492 1596 1596 1647 τοῖς
1620 1590 1883 1665 ἱερατικοῖς
1913 1588 2064 1641 εἰσιέ-

482 1696 564 1726 ναι
593 1678 662 1734 εἰς
690 1678 1071 1750 θυσιαστήριον,
1106 1682 1190 1732 καὶ
1220 1689 1483 1733 κοινωνεῖν.

553 1766 681 1835 ρκδ.
719 1765 833 1821 Ὀτι
890 1775 945 1821 οὗ
1000 1768 1078 1823 δεῖ
1120 1769 1343 1824 διάκονον
1388 1771 1671 1849 ἔμπροσθεν
1707 1774 2059 1851 πρεσϐυτέρου

482 1859 795 1919 καθέζεσθαι,
828 1860 951 1911 ἀλλὰ
998 1863 1128 1927 μετὰ
1158 1860 1431 1921 κεἰεὔσεως
1452 1870 1541 1915 τοῦ
1572 1863 1923 1937 πρεσϐυτέρου
1945 1864 2068 1919 καθ-

482 1950 701 2010 έζεσθαι.
744 1952 955 2017 Ὁμοίως
974 1948 1037 2029 ⁸δὲ
1084 1949 1229 2020 ἔχειν
1260 1962 1404 2020 τιμήν
1433 1956 1651 2011 καὶτοὺς
1676 1951 1937 2014 διακόνους
1966 1952 2067 2007 ὑπὸ

484 2045 581 2091 τῶν
604 2039 889 2110 ὑπηρετῶν,
924 2042 1008 2092 καί
1032 2042 1235 2093 πάντων
1264 2050 1361 2096 τῶν
1390 2046 1647 2112 κ”ηρικῶν.

553 2127 672 2200 ρκεἰ
713 2126 827 2183 ’Ὁτι
856 2132 911 2181 οὐ
940 2128 1020 2183 δεῖ
1051 2132 1304 2199 ὑπηρέτας
1332 2132 1474 2203 ἔχειν
1519 2138 1699 2210 χώραν
1728 2138 1774 2189 ἐν
1804 2143 1875 2208 τῷ
1899 2134 2069 2191 διακο-

486 2227 621 2292 νικῷ,
646 2223 729 2273 καί
756 2220 1010 2276 ἅπτεσθαι
1030 2220 1338 2278 δεσποτικῶν
1362 2234 1573 2280 σκελῶν.

555 2392 683 2468 ρκς-’.
722 2392 835 2447 Ὀτι
873 2397 931 2447 οὐ
969 2394 1051 2450 δεῖ
1087 2391 1338 2471 ὑπηρέτην
1369 2401 1586 2474 ὠράρι·.ν
1616 2408 1779 2474 φορεῖν
1800 2441 1814 2466 ,
1838 2398 1947 2455 οὐδὲ
1978 2403 2068 2463 τὰς

486 2486 646 2557 θύρας
673 2488 1139 2559 ἐγκαταλιμπάνειν.

560 2598 687 2666 ρκξ.
728 2598 839 2653 ’έΟτι
873 2602 931 2653 οὐ
974 2599 1053 2655 δεῖ
1082 2602 1406 2673 ἀναγνώστας
1434 2602 1462 2661 ἦ
1490 2602 1682 2672 ψάλτας
1726 2607 1939 2681 ὠράριον
1979 2626 2068 2677 φο-

490 2696 593 2762 ρῖῖν
640 2693 725 2742 καί
753 2692 914 2751 οἷ’τως
943 2694 1300 2764 ἀναγινώσκειν
1322 2694 1350 2752 ἦ
1380 2694 1603 2764 ψάλλειν.

557 2800 682 2876 ρκη’.
722 2800 837 2858 Ὀτι
874 2807 929 2857 οὐ
971 2803 1050 2859 δεῖ
1088 2806 1373 2879 ίερατικοὺς
1424 2810 1526 2863 ἀπὸ
1571 2810 1933 2884 πρεσϐυτέρων
1975 2813 2070 2872 ἕως

490 2895 745 2959 διακόνων,
771 2901 855 2950 καί
878 2898 987 2960 ἑξῆς
1017 2907 1105 2957 τῆς
1135 2900 1561 2962 ίκκλησιαστικῆς
1592 2904 1781 2965 τάξεως
1810 2903 1903 2962 ἕως
1932 2906 2069 2962 ἐπη-

489 3001 645 3047 οετῶν
684 2992 713 3051 ἦ
748 2996 1078 3063 ἀναγνωστῶν
1117 2995 1145 3053 ἦ
1186 2995 1383 3065 -ᾀαλτῶν
1412 2995 1441 3054 ἦ
1473 2997 1788 3069 ἐπορκιστῶν
1812 2995 2068 3070 ἱέφορκισ-

489 3085 604 3155 τῶν]
633 3086 662 3145 ἧ
696 3089 949 3164 θυρωρῶν,
984 3087 1013 3146 ἣ
1041 3096 1131 3143 τοῦ
1165 3091 1424 3158 τάγματος
1450 3096 1548 3142 τῶν
1591 3092 1847 3153 ἀσκητῶν,
1881 3094 1951 3148 εἰς
1977 3110 2068 3143 κα-

490 3179 689 3235 πηλεῖον
710 3181 929 3232 εἰσιέναι.

652 3269 659 3283 ο
720 3267 779 3289 0,,
900 3267 1077 3289 οι..
1206 3271 1215 3282 ι
1356 3266 1381 3286 ν
1541 3266 1637 3289 QQ!
1811 3267 1883 3289 »δι
2030 3254 2091 3286 11

652 3269 659 3283 .
720 3267 741 3284 σ
900 3271 911 3286 .
1014 3276 1033 3287 .
1065 3272 1077 3289 .
1206 3271 1215 3282 .
1356 3266 1381 3286 υ
1629 3269 1637 3283 ο
1811 3272 1823 3286 .
1875 3272 1883 3287 .
2030 3274 2039 3286 .

560 3275 677 3343 ρκ’).
746 3282 835 3323 Οτι
862 3290 919 3321 ου
954 3267 1029 3322 δει
1054 3289 1313 3343 υπηρετας
1349 3290 1501 3340 αρτον
1537 3266 1739 3332 διδοναι,
1773 3267 1886 3323 ουδε
1911 3291 2070 3328 ποτη-

495 3383 595 3438 ριον
618 3354 849 3433 εὐλογεῖν.
936 3378 939 3381 ‘

562 3452 654 3522 ρλ’.
693 3450 809 3507 Ὀτι
845 3456 900 3505 οὐ
933 3449 1013 3505 δεῖ
1042 3451 1318 3519 ἑπορκίζειν
1350 3448 1660 3525 [ἐφορκίζειν]
1686 3454 1805 3511 τοὺς
1831 3456 1901 3522 μὴ
1946 3473 2070 3526 προ-

494 3544 750 3612 αχθέντας
778 3546 878 3594 ὑπὸ
915 3542 1224 3605 ἐπισκόπων,
1252 3546 1375 3611 μήτε
1410 3544 1457 3594 ἐν
1480 3550 1589 3603 ταῖς
1619 3541 1921 3607 ἐκκλησίαις,
1946 3546 2071 3613 μήτε

496 3640 544 3691 ἐν
574 3645 683 3695 ταῖς
723 3639 921 3694 οἰκίαις.

566 3730 659 3805 ρλα
680 3765 692 3779 .
732 3725 846 3781 Ὀτι
873 3728 927 3779 οὐ
955 3724 1033 3780 δεῖ
1056 3727 1338 3803 ίερατικοὺς
1362 3726 1390 3785 ἦ
1414 3728 1675 3802 κληρικοὺς
1700 3725 1729 3785 ἦ
1754 3728 1955 3785 λαϊκοὺς
1983 3749 2071 3779 κα-

496 3818 768 3888 λουμένους
814 3822 885 3875 είς
930 3819 1126 3887 ἀγάπην
1158 3818 1284 3889 μέρη
1312 3814 1487 3893 αἴρειν,
1519 3816 1602 3872 διὰ
1631 3822 1685 3873 τὸ
1712 3824 1802 3876 τήν
1829 3818 1976 3895 ὕϐριν
2012 3825 2075 3891 τῇ

497 3912 634 3973 τάξει
656 3908 1058 3983 προστριϐεσθαι
1086 3915 1146 3982 τῇ
1177 3908 1554 3981 ἐκκλησιαστικῇ
1579 3906 1868 3985 [ίερατικῇι.
1902 3900 1907 3903 ⁷

567 4083 692 4157 ρλέῗ.
732 4081 845 4137 Ὀτι
884 4084 938 4136 οὗ
981 4081 1059 4136 δεῖ
1095 4084 1143 4135 ἐν
1186 4090 1284 4143 τοῖς
1317 4092 1579 4158 κυριακοῖς
1619 4082 1649 4141 ἦ
1684 4084 1733 4137 ἓν
1761 4090 1872 4142 ταῖς
1904 4081 2077 4138 ἐκκλη-

498 4182 656 4240 σίαις,
687 4178 780 4235 τὰς
806 4177 1069 4248 λεγομένας
1100 4176 1303 4246 ὰγάπας
1328 4183 1510 4237 ποιεῖν,
1545 4178 1629 4228 καί
1659 4175 1708 4228 ἐν
1738 4182 1809 4247 τῷ
1836 4170 1956 4243 οἴκῳ
1985 4178 2074 4226 τοῦ

498 4279 624 4327 Θεοῦ
656 4273 838 4325 ἐσθίειν
871 4272 955 4322 καί
980 4266 1223 4323 ἀκούϐιτα
1252 4272 1577 4341 στρωννύειν.

568 4382 693 4455 ρλγ’.
730 4378 847 4434 Ὀτι
885 4381 939 4432 οὐ
978 4378 1056 4434 δεῖ
1096 4384 1429 4453 χριστιανοὺς
1477 4378 1748 4457 ἰουδαΐζειν
1787 4380 1867 4431 καί
1914 4378 1960 4429 ἐν
2004 4383 2077 4446 τῷ

498 4473 742 4541 σαϐϐάτῳ
769 4473 1059 4540 σχολάζειν,
1242 4475 1532 4545 ἐργάζεσθαι
1557 4474 1741 4529 αὐτοὺς
1782 4472 1828 4523 ἔν
1947 4472 2075 4540 αὐτῇ

2160 518 2307 567 num,
2335 509 2389 554 ct
2410 500 2463 554 in
2496 502 2650 555 nonis
2677 510 2731 555 et
2756 504 2994 571 vesperis
3021 503 3136 557 ﬁeri
3162 503 3372 559 debeat.

2229 674 2453 730 CXXIII.
2485 677 2669 730 —19.
2716 676 2869 743 Quod
2912 688 3145 748 oportet,
3193 695 3435 734 seorsum
3486 682 3736 752 primum,

2158 775 2280 837 post
2324 781 2600 821 sermones
2647 769 3039 837 episcoporum,
3072 768 3577 824 catechumenorum
3619 788 3739 827 ora-

2158 856 2357 910 tionem
2408 858 2606 925 peragi,
2640 865 2694 911 et
2743 866 3023 926 postquam
3076 859 3307 912 exierint
3360 860 3737 917 catechumeni

2158 948 2529 1017 pmnitentium
2560 951 2855 1004 orationem
2882 949 3026 1021 tieri;
3053 950 3222 1019 iisque
3247 951 3622 1006 accedentibus
3646 969 3740 1008 ac-

2160 1050 2313 1108 cepta
2340 1056 2591 1093 manuum
2624 1040 2985 1108 impositione,
3014 1048 3067 1094 et
3097 1040 3530 1109 abscedentibus,
3559 1043 3638 1097 sic
3680 1042 3742 1093 li-

2160 1132 2355 1185 delium
2407 1140 2515 1185 tres
2561 1132 2831 1185 orationes
2874 1130 2988 1185 Iicri
3034 1151 3045 1185 :
3093 1146 3250 1185 unam
3272 1130 3511 1201 quidem,
3536 1136 3745 1189 scilicet

2162 1222 2407 1292 primam,
2462 1221 2695 1284 silentio,
2742 1222 3028 1275 secundam
3077 1239 3205 1277 vero
3252 1233 3305 1277 et
3362 1224 3574 1277 tertiam
3619 1239 3741 1292 pro-

2162 1314 2493 1367 nuntiatione
2534 1312 2761 1382 impleri,
2798 1312 2993 1366 deinde
3021 1314 3098 1366 sic
3137 1328 3325 1381 pacem
3354 1313 3488 1365 dari.
3523 1310 3585 1364 Et
3614 1328 3740 1381 pos-

2163 1410 2411 1469 traquam
2460 1402 2756 1471 presbyteri
2803 1402 3057 1470 episcopo
3095 1416 3282 1470 pacem
3320 1401 3584 1464 dederint,
3613 1410 3741 1458 tunc

2166 1492 2282 1545 laici
2304 1508 2420 1545 eam
2457 1492 2606 1545 dare.
2638 1490 2701 1544 Et
2730 1492 2806 1546 sic
2830 1501 3067 1545 sanctam
3096 1492 3420 1548 oblationem
3449 1493 3733 1547 celebrari.

2164 1580 2231 1635 Et
2278 1582 2403 1636 solis
2456 1582 2822 1637 sacerdotibus
2862 1584 3024 1637 licere
3057 1582 3127 1637 ad
3175 1583 3345 1637 altare
3379 1583 3655 1647 accedere,
3684 1594 3742 1639 et

2164 1674 2579 1727 conmnmicare.

2093 1786 2141 1843 B
2235 1762 2463 1816 CXXIV.
2493 1796 2564 1805 -—
2590 1764 2677 1817 20.
2710 1765 2864 1831 Quod
2897 1782 3000 1821 non
3042 1775 3255 1836 oportet
3294 1767 3578 1823 diaconum
3612 1782 3739 1827 ante

2173 1856 2544 1925 presbyterum
2573 1854 2785 1922 sedere,
2808 1857 2901 1911 sed
2940 1857 3127 1912 sedere
3174 1874 3294 1912 cum
3332 1857 3484 1926 jussu
3512 1862 3739 1931 presbyo

2168 1946 2284 2000 teri.
2318 1946 2571 1999 Similiter
2591 1955 2770 2000 autem
2796 1948 3032 2002 diaconis
3060 1949 3318 2004 honorem
3346 1951 3531 2005 haberi
3569 1967 3600 2005 a
3642 1954 3744 2006 mi-

2169 2038 2346 2091 nistris
2370 2044 2423 2090 et
2448 2036 2695 2091 omnibus
2725 2038 2931 2092 clericis
2954 2047 3185 2107 oportet.

2239 2125 2451 2180 CXXV.
2481 2157 2552 2165 —
2588 2126 2673 2179 2|.
2725 2126 2876 2194 Quod
2921 2145 3028 2183 non
3079 2138 3295 2198 oportet
3340 2130 3608 2186 ministros
3664 2132 3748 2185 lo-

2168 2231 2287 2271 cum
2310 2218 2507 2271 babcre
2546 2218 2599 2271 in
2630 2219 2940 2285 secretario,
2970 2230 3025 2273 et
3074 2220 3340 2276 dominica
3369 2237 3493 2277 vasa
3530 2223 3747 2277 contin—

2168 2321 2315 2376 gere.

2240 2395 2471 2450 CXXVI.
2498 2430 2568 2439 —
2596 2397 2684 2453 22.
2710 2398 2861 2465 Quod
2892 2416 2996 2455 non
3027 2409 3245 2471 oportet
3290 2403 3591 2457 ministrum
3621 2418 3745 2459 ora-

2168 2488 2307 2543 rium
2336 2488 2495 2552 Ierre,
2526 2505 2623 2543 nec
2654 2492 2792 2544 ostia
2820 2491 3138 2559 relinquere.

2240 2598 2489 2653 CXXVII.
2522 2628 2589 2637 ——
2612 2600 2697 2653 23.
2723 2600 2873 2666 Quod
2900 2619 3002 2656 non
3020 2611 3233 2671 Oportet
3254 2604 3481 2659 lectores
3501 2612 3593 2658 aut
3621 2620 3719 2659 can

2171 2698 2315 2745 tores
2343 2692 2577 2744 orarium
2605 2691 2765 2755 ferre,
2799 2700 2853 2746 et
2893 2694 2971 2747 sic
3017 2694 3195 2761 legere
3241 2697 3325 2748 vel
3370 2710 3582 2749 canere.

2240 2799 2513 2853 CXXVIII.
2550 2828 2622 2838 —
2648 2801 2737 2855 2t.
2773 2802 2925 2868 Quod
2972 2821 3079 2859 non
3130 2814 3343 2874 rportet
3383 2808 3685 2862 sacerdotes
3717 2826 3744 2864 ιι

2171 2889 2497 2959 presbyteris
2527 2905 2691 2957 usque
2737 2892 2802 2944 ad
2850 2893 3126 2960 diaconos,
3179 2904 3234 2948 et
3270 2895 3523 2965 deinceps
3561 2912 3745 2964 quem-

2172 2984 2301 3039 libet
2333 2984 2680 3040 ecclesiastici
2730 2986 2930 3041 ordinis
2960 3004 3126 3056 usque
3155 2990 3220 3043 ad
3249 2990 3521 3044 ministros
3548 3000 3635 3044 aut
3682 2992 3731 3045 le

2179 3088 2362 3132 ctores
2390 3086 2476 3129 aut
2504 3086 2774 3143 cantores,
2795 3088 2886 3133 aut
2914 3082 3227 3146 exorcistas,
3245 3090 3337 3134 aut
3365 3081 3634 3148 ostiarios,
3659 3092 3747 3136 aut

2094 3162 2139 3223 C
2168 3166 2373 3221 ordinis
2405 3168 2810 3233 monachorum,
2843 3169 2894 3222 in
2922 3185 3221 3239 cauponam
3248 3169 3475 3237 ingredi.

2242 3254 2479 3309 CXXIX.
2508 3285 2580 3295 -——
2600 3256 2686 3310 25.
2712 3258 2864 3323 Quod
2894 3275 3000 3313 non
3024 3269 3237 3328 oportet
3263 3261 3536 3316 ministros
3557 3276 3748 3332 panem

2174 3349 2323 3412 dare,
2354 3350 2437 3402 vcl
2458 3350 2681 3403 calicem
2714 3351 3055 3405 benedicere.
3654 3354 3657 3357 ’

2245 3441 2456 3497 CXXX.
2487 3470 2558 3481 —-
2582 3442 2670 3496 26.
2699 3443 2851 3509 Quod
2892 3461 2997 3499 non
3042 3454 3257 3515 oportet
3299 3461 3393 3500 eos
3425 3448 3747 3507 exorcizare,

2175 3534 2265 3601 qui
2295 3534 2361 3586 ab
2383 3534 2634 3601 episcopo
2664 3535 2895 3603 promoti
2924 3551 3028 3589 non
3051 3544 3192 3601 sunt,
3213 3551 3383 3606 neque
3409 3537 3461 3590 in
3510 3538 3749 3592 ecclesiis

2177 3639 2352 3691 neque
2380 3624 2429 3675 in
2462 3624 2681 3677 aedibus.

2247 3712 2477 3767 CXXXI.
2507 3741 2577 3751 -——
2602 3713 2691 3766 27.
2723 3712 2875 3779 Quod
2928 3730 3034 3769 non
3081 3722 3297 3784 oportet
3324 3717 3634 3771 sacerdotes
3661 3728 3753 3770 aut

2176 3803 2418 3866 clericos,
2451 3812 2543 3867 aut
2593 3804 2756 3859 laicos
2806 3803 2874 3857 ad
2914 3820 3117 3874 agapen
3163 3816 3401 3869 vocatos,
3438 3816 3616 3876 partes
3660 3808 3753 3861 tolo

2178 3893 2305 3957 lere,
2357 3909 2423 3947 eo
2469 3893 2611 3961 quod
2656 3893 2781 3948 hinc
2831 3882 3195 3950 ecclesiastico
3248 3898 3418 3951 ordini
3464 3898 3752 3965 ignominia

2178 3984 2443 4037 inuratur.

2250 4072 2505 4126 CXXXII.
2530 4100 2600 4111 ——
2627 4072 2714 4127 28.
2748 4072 2900 4139 Quod
2944 4090 3048 4130 non
3097 4084 3307 4144 oportet
3352 4075 3403 4128 in
3444 4072 3752 4138 dominicis,

2179 4177 2271 4219 aut
2297 4166 2537 4220 ecclesiis
2558 4180 2761 4236 agapen
2791 4167 2987 4234 facere,
3013 4176 3067 4221 et
3089 4169 3140 4221 in
3168 4168 3329 4223 domo
3351 4168 3442 4223 Dei
3464 4168 3749 4222 comedere

2176 4255 2262 4309 vel
2291 4256 2568 4309 accubitus
2597 4264 2838 4310 sternere

2249 4363 2606 4418 CXXXIII.—
2630 4364 2717 4419 29.
2750 4365 2900 4430 Quod
2932 4381 3038 4420 non
3066 4375 3281 4436 oportet
3306 4366 3639 4421 Christianos
3664 4367 3743 4435 juo

2177 4454 2411 4520 daizare,
2434 4463 2487 4507 et
2509 4454 2562 4507 in
2594 4456 2815 4509 sabbato
2836 4456 2990 4509 otiari
3024 4474 3037 4508 :
3069 4457 3162 4511 sed
3192 4457 3336 4525 ipsos
3355 4472 3421 4511 eo
3450 4456 3536 4510 die
3558 4472 3753 4525 opera-

501 4564 684 4635 ημέρᾳ’
704 4566 789 4618 τήν
809 4559 860 4613 δέ
879 4570 1120 4634 κυριακην
1143 4570 1515 4634 προτιμῶντας,
1537 4560 1633 4632 εἴγε
1660 4560 1912 4625 δύναιντο,
1942 4583 2067 4631 σχο-

2184 4543 2246 4595 ri.
2300 4543 2446 4597 Dicm
2469 4552 2646 4598 autem
2696 4544 3023 4599 dominicum
3058 4547 3424 4615 przeferentes,
3474 4548 3649 4609 oliari,
3709 4546 3755 4601 si

500 4655 660 4717 λάζειν
683 4657 749 4712 ὡς
777 4657 1094 4727 χριστιανοί.
1129 4658 1182 4706 Εἰ
1213 4652 1265 4706 δέ
1299 4656 1533 4731 εὑρεθεῖεν
1558 4652 1886 4719 Ἰουδαῖσταὶ,
1921 4652 2079 4708 ἔστω-

503 4769 598 4801 σαν
620 4749 841 4818 ἀνάθεμα
864 4749 1003 4820 παρά
1033 4755 1235 4821 Χριστῷ
1384 4745 1535 4817 ΘεῷῘ.

582 4860 705 4938 ρλδ’.
744 4860 859 4915 Ὀτι
886 4864 941 4914 οε)
969 4861 1049 4915 δεῖ
1083 4862 1361 4935 ἱερατικούς
1402 4861 1431 4919 ἦ
1458 4862 1703 4921 ἀσκητάς.
1738 4861 1788 4913 ἒν
1832 4859 2074 4934 βαλανείῳ

499 4957 628 5026 μετὰ
648 4961 891 5025 γυναικῶν
931 4954 1293 5013 ὰπολοζεσθαι,
1328 4951 1451 5021 μηδέ
1479 4954 1645 5005 πάντα
1690 4953 2012 5026 χριστιανὸν,
2045 4951 2075 5009 ἢ

496 5048 687 5103 λαέκὸν.
716 5047 849 5105 Αὕτη
878 5049 976 5123 γὰρ
1002 5050 1178 5121 πρώτη
1204 5048 1518 5117 κατάγνωσις
1550 5048 1693 5107 παρά
1728 5055 1834 5106 τοῖς
1868 5044 2076 5101 ἔθνεσιν.

569 5223 688 5295 ρλε’.
727 5221 841 5277 Ὀτι
871 5223 927 5275 οὐ
961 5218 1040 5274 δεῖ
1082 5221 1209 5293 πρὸς
1248 5222 1441 5279 πάντας
1484 5224 1768 5297 αἰρετικοὺς
1809 5222 2080 5293 ἐπιγαμίας

499 5322 681 5380 ποιεῖν,
712 5314 740 5374 ἧ
771 5312 959 5369 διδόναι
988 5313 1128 5372 υἱοὺς
1157 5312 1185 5370 ἦ
1223 5314 1499 5387 θυγατέρας
1524 5328 1538 5341 ·
1586 5315 1707 5367 ἀλλὰ
1735 5314 1919 5387 μᾶλλον
1946 5315 2077 5383 λαμ-

504 5402 690 5465 ϐάνειν,
738 5402 835 5476 εἴγε
881 5404 1239 5476 ἐπαγγέλοιντο
1288 5401 1742 5477 [ἐπαγγέλλονται]
1785 5406 2079 5477 χριστιανοί

499 5497 743 5571 γίνεσθαι.

570 5584 700 5661 ρλς’.
749 5582 865 5641 Ὀτι
906 5587 963 5639 οὐ
1005 5585 1083 5640 δεῖ
1117 5586 1372 5664 ατρετικῶν
1419 5586 1641 5659 εὐλογίας
1687 5584 1981 5655 λαμξάνειν,
2027 5584 2081 5636 αἶ

500 5679 633 5739 τινες
662 5679 785 5732 εἰσιν
815 5676 1013 5751 διλογίαι
1039 5678 1237 5747 μᾶλλον,
1266 5677 1295 5736 ἧ
1322 5678 1555 5748 εὐλογίαι.

2180 4636 2340 4699 modo
2362 4638 2582 4704 possint,
2618 4645 2675 4690 ut
2700 4636 3010 4692 Christiani.
3042 4638 3193 4703 Quod
3231 4639 3274 4691 si
3324 4640 3525 4693 inventi
3555 4638 3754 4693 fuerint

2177 4726 2473 4795 judaizare.
2506 4727 2793 4781 anathema
2822 4729 2929 4781 sint
2956 4742 2986 4779 a
3016 4728 3247 4782 Christo.

2248 4838 2527 4893 CXXXIV.
2559 4865 2628 4877 —-
2658 4840 2743 4892 50.
2772 4838 2925 4904 Quod
2955 4856 3061 4893 non
3090 4848 3305 4911 oportet
3326 4841 3635 4896 sacerdotes
3662 4850 3755 4896 aut

2177 4931 2424 4996 clericos,
2448 4938 2539 4982 aut
2593 4930 2906 4995 monachos,
2931 4929 2981 4981 in
3029 4929 3224 4983 balneo
3276 4945 3397 4983 cum
3447 4930 3756 4984 mulieribus

2186 5022 2371 5087 lavari,
2396 5036 2568 5089 neque
2618 5019 2832 5073 omnem
2879 5021 3090 5088 penitus
3119 5020 3500 5085 Christianum,
3540 5033 3631 5075 aut
3656 5023 3756 5075 lai-

2186 5129 2326 5167 cum.
2354 5111 2478 5165 Ilzne
2512 5111 2652 5164 enim
2683 5118 2765 5165 est
2798 5112 2967 5179 prima
3000 5111 3346 5179 reprehensio
3371 5113 3512 5181 apud
3548 5120 3752 5180 gentes.

2256 5202 2695 5258 (ωηεν-δι.
2727 5199 2877 5266 Quod
2906 5218 3012 5255 non
3044 5212 3258 5271 oportet
3283 5219 3404 5257 cum
3435 5204 3758 5271 quibuscum

2185 5311 2292 5365 que
2343 5293 2610 5347 hccreicis
2637 5292 2974 5346 matrimonia
3003 5293 3341 5357 contrahere,
3378 5308 3477 5348 nec
3509 5293 3645 5347 ﬁlios
3677 5294 3758 5347 vel

2184 5388 2319 5441 tilias
2348 5386 2476 5438 dare
2510 5402 2521 5435 :
2555 5383 2649 5437 sed
2696 5383 2875 5453 potius
2931 5384 3193 5454 accipere,
3226 5385 3271 5439 si
3325 5400 3383 5439 sc
3425 5383 3758 5439 Christianos

2184 5478 2297 5533 ﬁeri
2328 5476 2664 5545 promittant.

2253 5563 2533 5619 CXXXVI.
2565 5596 2635 5606 -
2664 5562 2749 5616 5'2.
2780 5562 2933 5629 Quod
2978 5579 3084 5619 non
3122 5573 3335 5634 oportet
3382 5565 3757 5620 haereticorum

2185 5657 2583 5713 benedictiones
2612 5656 2874 5724 accipere,
2900 5669 3018 5723 qua:
3054 5664 3177 5711 sunt
3208 5658 3387 5727 potius
3432 5656 3757 5713 maledictio-

2189 5766 2284 5806 nes
2310 5765 2465 5816 quam
2493 5747 2908 5804 bcnedictiones.
