4128 6348
468 258 539 315 79
1427 282 1455 289 "
1584 280 1589 283 ·
1753 268 2112 329 DlONYSlUS
2149 265 2470 334 EXIGUUS.
3683 277 3761 346 εδ

469 380 551 431 καὶ
580 378 702 439 τούς
743 379 872 449 μετὰ
902 385 1066 435 ταῦτα
1109 379 1343 453 ὑφ’ήμῶν
1385 382 1892 455 άναθεματισθίντας·
1920 390 2053 463 πρὸς

2183 398 2358 448 meter
2377 394 2477 449 hos
2497 402 2701 466 autem,
2723 404 2778 452 et
2791 396 2883 467 qui
2911 386 2971 454 se
2986 397 3174 455 saMm
3195 388 3408 472 quidem
3437 376 3597 460 fidem
3628 422 3755 477 pro-

470 466 524 545 δᾶ
554 470 775 534 τούτοις,
802 474 884 526 καὶ
912 474 1035 533 τούς
1056 478 1145 531 τὴν
1174 474 1348 529 πίστιν
1374 477 1465 545 μὶν
1491 480 1580 535 τὴν
1601 476 2063 553 ύγιῆπροσποιου-

470 561 652 630 μένους
683 560 1390 635 όμολογεῖν,ἀποσχήσαντας
1419 562 1872 639 [ἀποσχισθέντας]
1899 567 1953 623 δὶ
1982 571 2064 623 καί

472 652 905 725 άντισυνάγοντας
928 652 1483 728 [ἀντισυναγαγόντας]
1504 663 1612 717 τοῖς
1641 664 1920 720 κανονικοῖς
1945 660 2065 723 ἡμῖν

473 741 789 803 δπισκόποις.
836 741 1049 800 ’ξι-ἒπειτα
1073 743 1127 801 δέ
1158 749 1245 802 καί
1270 746 1318 802 εἴ
1350 769 1482 809 τινες
1509 755 1607 804 τῶν
1633 750 1733 804 ἀπὸ
1767 759 1860 812 τῆς
1889 750 2064 808 ἔκκλη-

476 836 594 895 ονίας
620 835 705 889 ἐπί
731 836 919 897 αἰτίαις
947 840 1055 894 τισί
1089 842 1599 911 προκατεγνωσμίνοι
1629 837 1725 897 εἶεν
1749 845 1835 897 καί
1873 843 2068 897 ἀποϐε-

477 922 728 995 ϐλημένοι,
745 920 776 984 ἧ
797 926 1143 995 ἀκοινώνητοι,
1166 925 1265 983 εἴτε
1292 929 1396 983 ἀπό
1417 930 1620 1004 κλήρου,
1646 928 1745 987 εἴτε
1766 932 1867 987 ἀπὸ
1885 932 2065 987 λαίκοῦ

474 1021 766 1093 τάγματος,
796 1021 922 1095 μηδὲ
964 1012 1170 1085 τούτοις
1218 1024 1399 1088 ἒξεῖναι
1441 1033 1733 1101 κατηγορεῖν
1763 1026 2063 1096 ἐπισκόπου,

479 1115 597 1183 πρίν
646 1108 708 1168 ἀν
758 1115 819 1169 τό
868 1115 1048 1169 οἰκεῖον
1097 1113 1323 1189 ἔγκλημα
1372 1116 1622 1191 πρότερον
1678 1115 2063 1173 ἀποδύσωνται.

481 1208 693 1279 Ὁμοίως
719 1206 775 1263 δὶ
803 1210 1030 1270 καὶτοὺς
1051 1209 1153 1264 ύπό
1174 1215 1479 1287 κατηγορίαν
1502 1213 1864 1287 προλαϐοῦσαν
1892 1210 2065 1280 ὄντας,

478 1304 549 1370 μὴ
588 1297 841 1375 πρότερον
880 1296 1007 1357 εἶναι
1050 1300 1358 1365 δεκτούςείς
1398 1305 1683 1361 ἐπισκόπου
1709 1310 2013 1385 κατηγορίαν
2037 1307 2068 1369 ἦ

479 1389 667 1465 ἕτέρων
693 1391 951 1470 κληρικῶν,
983 1396 1103 1467 πρὶν
1133 1389 1199 1448 ἂν
1227 1396 1423 1456 ἀθὼονς
1449 1396 1669 1460 ἑαυτούς
1692 1405 1791 1454 τῶν
1822 1399 2072 1470 ἐπαχθέν-

478 1505 584 1538 των
626 1484 801 1545 αὐτοῖς
840 1483 1170 1550 ἀποδείξωσιν
1214 1488 1545 1560 ἐγκλημάτων.
1589 1492 1651 1544 Ei
1818 1492 1899 1545 τοί
1944 1510 2073 1551 τινες

485 1577 612 1644 μήτε
640 1574 907 1648 αίρετικοί,
937 1580 1065 1647 μήτε
1095 1578 1419 1637 ἀκοινώνητοι
1442 1575 1558 1639 εἷεν.
1576 1584 1703 1653 μήτε
1732 1582 2076 1655 κατεγνωσμέ-

482 1682 563 1717 νοι
584 1662 614 1721 ἦ
634 1668 1133 1740 προκατηγορημένοι
1178 1666 1262 1722 ἐπί
1289 1689 1400 1722 τισι
1425 1667 1825 1739 πλημμελήμασι
1841 1710 1857 1735 ,
1888 1670 2075 1742 λέγοιεν

2164 480 2303 537 literi
2324 481 2599 552 simulant,
2621 482 3042 557 segregaverunt
3059 497 3238 545 autem
3260 505 3399 559 sese,
3423 501 3480 549 et
3498 493 3754 555 adversus

2165 575 2456 631 canonicos
2475 585 2693 634 nostros
2722 564 3005 651 episcopos
3026 583 3500 653 congregationem
3528 586 3749 644 faciunt:

2168 663 2370 721 Deinde
2398 681 2529 723 vero
2547 668 2711 724 etiam
2751 670 2796 726 si
2818 672 2908 741 qui
2928 657 2999 728 ab
3025 656 3265 730 Ecclesia
3293 675 3364 731 ob
3392 675 3600 747 aliquas
3620 692 3752 734 cauo

2166 771 2255 814 sas
2282 766 2409 815 ante
2454 760 2814 828 condemnati,
2847 772 2904 820 et
2940 765 3120 834 ejecti,
3168 766 3257 823 vel
3304 772 3753 827 excommunicati

2166 846 2383 914 fuerint,
2407 851 2521 906 sive
2548 850 2749 921 clerici,
2776 854 2888 910 sive
2918 854 3040 911 laici
3063 855 3266 912 ordinis
3292 857 3420 925 sint,
3453 873 3523 914 ne
3547 859 3753 929 bisqui-

2167 941 2289 997 dem
2312 937 2471 999 liceat
2488 960 2745 1002 accusare
2764 940 3097 1021 episcopum,
3114 952 3425 1022 priusquam
3447 951 3515 1008 de
3537 951 3716 1023 propri
3730 966 3752 1010 I

2167 1033 2389 1089 crimine
2423 1034 2796 1092 satisfecerint.
2828 1038 3085 1096 Similiter
3111 1051 3290 1097 autem
3328 1049 3383 1097 et
3411 1041 3445 1097 ii
3470 1040 3563 1112 qui
3599 1058 3757 1099 accu~

2168 1123 2271 1179 sati
2306 1133 2450 1191 sunt,
2482 1142 2550 1182 ne
2578 1127 2725 1197 prius
2751 1127 2819 1183 ad
2844 1129 3080 1200 episcopi
3108 1130 3406 1188 aliorumve
3434 1131 3756 1187 clericorum

2169 1216 2567 1272 accusationem
2606 1216 2985 1286 admittantur,
3014 1235 3265 1291 quamse
3294 1221 3631 1292 obiectorum
3656 1220 3760 1277 sibi

2170 1306 2453 1363 criminum
2484 1308 2724 1365 insontes
2752 1310 3104 1367 ostenderint.
3135 1310 3190 1367 Si
3218 1328 3351 1368 vero
3380 1313 3624 1369 nonnulli
3657 1327 3762 1369 nec

2170 1397 2409 1454 hairetici
2432 1413 2532 1455 nec
2554 1400 3000 1457 excommunicati
3030 1400 3249 1472 fuerint,
3290 1419 3391 1460 nec
3424 1406 3574 1474 prius
3602 1404 3761 1459 dam-

2173 1490 2283 1545 nati
2311 1489 2395 1545 vel
2423 1489 2724 1560 aliquorum
2752 1491 3035 1547 criminum
3070 1494 3332 1559 accusati,
3370 1493 3551 1550 dicant
3578 1501 3764 1550 autem

2173 1596 2234 1637 se
2277 1581 2477 1637 habere
2516 1582 2749 1652 aliquam
2787 1582 3207 1640 ecclesiasticam
3234 1578 3511 1641 adversus
3548 1586 3765 1657 episco-

2173 1690 2300 1745 pum
2338 1675 2736 1731 accusationem
2770 1676 2800 1729 ’τ
2832 1675 2932 1732 hos
2962 1675 3117 1747 jubet
3159 1685 3345 1733 sancta
3381 1664 3629 1750 synodus.
3655 1678 3765 1748 pri-

484 1751 539 1808 δέ
570 1751 718 1825 ἔχειν
745 1755 860 1810 τινά
886 1756 1309 1817 ἕκκλησιαστικὴν
1337 1764 1470 1815 κατὰ
1492 1764 1581 1813 τοῦ
1612 1756 1898 1815 ἐπισκόπου
1922 1782 2075 1819 κατηο

2183 1782 2323 1821 mum
2348 1766 2563 1837 quidem
2585 1767 2728 1838 apud
2756 1781 2945 1825 omnes
2980 1768 3127 1824 illius
3160 1756 3768 1840 provinciaz'episcOpos

484 1846 679 1919 γορίαν’
726 1848 943 1910 τούτους
986 1849 1175 1904 κελεύει
1198 1851 1227 1907 ἡ
1250 1849 1372 1923 ἀγία
1410 1849 1622 1913 σύνοδος
1646 1858 1846 1929 πρῶτον
1874 1855 1963 1919 μὲν
1991 1855 2076 1911 ἐπὶ

486 1947 590 1996 τῶν
622 1947 716 2001 τῆς
762 1941 1019 2019 ἐπαρχίας
1058 1942 1261 1997 πάντων
1308 1942 1605 1999 ἐπισκόπων
1655 1946 1946 2000 ἐνίστασθαι
1981 1949 2077 2008 τάς

486 2034 819 2108 κατηγορίας,
847 2036 931 2089 καί
978 2034 1240 2090 ἐπάύτῶν
1277 2036 1506 2110 ἕλίγχειν
1551 2039 1615 2093 τά
1656 2039 1940 2112 ἐγκλήματα
1984 2045 2075 2095 τοῦ

489 2123 540 2179 ἓν
582 2126 768 2185 αἰτίαις
804 2128 938 2182 τισίν
966 2126 1275 2182 ἐπισκόπου.
1322 2131 1379 2181 Εἰ
1408 2127 1461 2183 δὲ
1491 2130 1722 2201 συμϐαίη
1759 2129 2078 2191 nidum-rica:

486 2218 611 2276 τούς
658 2217 1003 2289 ίπαρχιὼτας
1052 2221 1185 2293 πρῖς
1245 2216 1516 2295 διόρθωσιν
1560 2224 1687 2275 τῶν
1717 2221 2079 2296 ἕπιγερομίνων

489 2310 813 2384 ἐγκλημάτων
839 2319 915 2387 τῷ
935 2313 1224 2385 ἐπισκόπῳ,
1253 2313 1367 2369 τότε
1396 2316 1579 2375 αὐτούς
1603 2317 1869 2391 προσιέναι
1893 2318 2081 2385 μείζονι

496 2402 698 2475 συνόδῳ
724 2414 825 2461 τῶν
848 2414 935 2466 τῆς
958 2404 1258 2467 διοικήσεως
1285 2408 1579 2462 ἐπισκόπων
1608 2409 1813 2469 ἐκείνης,
1838 2410 1968 2482 ύπέρ
1989 2416 2082 2469 τῆς

490 2498 660 2559 αἰτίας
677 2496 873 2560 ταύτης
895 2499 1330 2572 συγκαλουμίνυυν,
1361 2502 1445 2553 καί
1470 2504 1539 2570 μή
1566 2507 1771 2574 πρῶτον
1792 2496 2080 2573 [πρότερον]

490 2590 792 2645 ἐνίστασθαι
820 2594 911 2649 τήν
938 2592 1266 2663 κατηγορίαν,
1289 2593 1408 2664 πρίν
1435 2589 1464 2649 ἦ
1496 2590 1757 2667 ἐγγράφως
1786 2592 1975 2652 αὐτούς
1996 2593 2084 2647 τόν

488 2676 603 2733 ἴσον
644 2680 817 2740 αὐτοῖς
864 2682 1282 2751 ὑποτιμήσασθαι
1326 2680 1790 2754 [ἔπιτιμήσασθαι]
1835 2680 2081 2750 κίνδυνον,

490 2768 638 2845 ε’ἇπερ
681 2772 730 2825 ἐν
760 2779 822 2846 τῇ
848 2778 959 2826 ’τῶν
996 2772 1311 2848 πραγμάτων
1347 2774 1485 2837 τάξει
1529 2770 1791 2846 [ἕξετοὶξει]
1830 2794 2084 2846 συκοφαν-

492 2864 815 2922 τοῦντες’τόν
838 2864 1276 2936 κατηγορούμενον
1301 2864 1581 2918 ὶπίσκοπον
1603 2864 1912 2935 ίλεγχθεῐεν.
1944 2868 2002 2918 Ei
2031 2862 2087 2921 δέ

491 2972 573 3015 τις
596 2957 981 3030 καταφρονήσας
1002 2961 1101 3009 τῶν
1120 2955 1250 3010 κατά
1268 2955 1332 3008 τά
1350 2951 1734 3025 προδηλωθέντα
1756 2952 2083 3025 δεδογμένων,

491 3046 790 3116 τολμήσειεν
834 3047 865 3106 ἦ
916 3047 1191 3118 βασιλικάς
1244 3042 1599 3119 [βασιλικαῖς]
1648 3047 1874 3118 ὶνοχλεῖν
1927 3048 2089 3108 ἀκοὰς

2178 1857 2457 1914 instituere
2476 1858 2849 1915 accusationes
2878 1867 2935 1915 et
2959 1859 3101 1930 apud
3131 1875 3229 1915 eos
3252 1859 3479 1916 crimina
3516 1872 3613 1916 reo
3649 1860 3768 1928 epi-

2176 1964 2347 2021 scopo
2376 1950 2592 2020 objecta
2618 1952 2854 2022 probare
2878 1960 2935 2007 et
2963 1967 3211 2023 arguere.
3252 1952 3310 2008 Si
3346 1941 3478 2009 vero
3508 1948 3772 2008 acciderit

2178 2042 2538 2114 provinciales
2563 2042 2630 2097 ad
2657 2044 3050 2099 correctionem
3090 2036 3302 2099 illorum
3344 2043 3625 2100 criminum
3657 2058 3770 2097 non

2179 2130 2446 2197 sufficere,
2482 2140 2609 2188 tunc
2637 2132 2903 2189 accedant
2944 2133 3013 2189 ad
3052 2133 3314 2203 majorem
3345 2128 3613 2206 synodum
3654 2133 3771 2202 epi-

2180 2238 2469 2294 scoporum
2499 2223 2639 2278 illius
2667 2223 2997 2289 dimceseos,
3024 2223 3117 2295 qui
3147 2225 3249 2279 hac
3279 2223 3350 2279 de
3376 2238 3538 2279 causa
3561 2237 3771 2279 convo‘

2182 2315 2285 2370 cati
2312 2314 2526 2382 fuerint,
2560 2330 2660 2370 nec
2688 2315 2838 2386 prius
2857 2315 3255 2373 accusationem
3282 2315 3585 2381 instituant,
3607 2329 3769 2385 quam

2182 2406 2381 2477 scripto
2410 2408 2524 2478 pari
2547 2406 2791 2477 periculo
2817 2422 2878 2464 se
2901 2407 3211 2477 subjiciam,
3241 2396 3507 2477 siquidem
3525 2414 3769 2463 actorum

2182 2500 2322 2555 serie
2353 2500 2405 2554 in
2441 2499 2793 2555 accusatione
2830 2499 3069 2572 episcopi
3105 2500 3437 2555 calumniose
3477 2498 3651 2567 egisse
3688 2496 3774 2550 ina

2181 2592 2483 2647 venientur.
2527 2590 2583 2646 Si
2619 2592 2740 2661 quis
2769 2600 2948 2647 autem
2982 2582 3176 2662 spretis
3199 2591 3303 2655 his,
3343 2584 3491 2661 qum,
3522 2597 3583 2644 ut
3625 2588 3774 2659 prius

2184 2682 2517 2738 declaratum
2545 2692 2648 2751 est,
2670 2690 2870 2738 statuta
2903 2692 3050 2752 sunt,
3082 2698 3246 2739 ausus
3283 2681 3444 2736 fuerit
3474 2680 3563 2737 vel
3601 2681 3771 2749 impe-

2184 2772 2382 2828 ratoris
2420 2786 2580 2828 aures
2617 2772 2937 2837 obtundere,
2980 2773 3069 2829 vel
3110 2772 3447 2829 smcuiarium
3486 2771 3773 2840 magistra-

2187 2872 2336 2919 tuum
2366 2864 2685 2930 tribunalia,
2718 2864 2801 2919 vel
2831 2864 3095 2936 synodum
3139 2864 3525 2920 mcumenicam
3560 2871 3773 2933 pertur-

2186 2956 2346 3022 hare,
2388 2952 2711 3028 contemptis
2748 2957 2998 3012 omnibus
3034 2956 3331 3011 dimceseos
3358 2952 3644 3025 episcopis,
3686 2950 3775 3008 hic

2188 3051 2409 3107 omnino
2429 3050 2495 3105 ad
2515 3050 2914 3107 accusationem
2940 3064 3047 3104 non
3072 3056 3156 3104 est
3177 3047 3562 3115 admittendus,
3586 3052 3777 3115 utpote

493 3133 734 3207 [ἀκοαῖς],
764 3136 800 3197 ἢ
835 3145 1087 3209 κοσμικῶν
1125 3137 1387 3212 ἀρχόντων
1431 3136 1756 3213 δικαστήρια,
1782 3137 1812 3197 ἦ
1862 3140 2081 3209 οἰκουμε·

2190 3144 2281 3213 qui
2306 3144 2604 3201 canonibus
2640 3134 2891 3217 injurith
2926 3141 3119 3215 infert,
3149 3143 3478 3225 etgrdincm
3516 3140 3773 3201 ecclesiae

491 3232 627 3285 νίκην
652 3226 884 3283 ’σύνοδον
929 3230 1241 3302 ταράσσειν,
1281 3230 1480 3289 πάντας
1525 3230 1786 3300 ἀτιμάσας
1825 3232 1946 3290 τούς
1993 3238 2086 3293 τῆς

493 3315 787 3379 διοικήσεως
830 3319 1171 3383 ἕπισκόπους,
1213 3321 1297 3375 τόν
1343 3326 1576 3376 τοιοῦτον
1616 3321 1674 3376 τό
1726 3324 1971 3397 παράπαν
2017 3323 2089 3382 είς

2191 3236 2382 3292 sticum
2406 3234 2639 3293 evertit;

493 3411 797 3485 κατηγορίαν
835 3414 904 3480 μή
943 3405 1070 3464 εἶναι
1098 3408 1269 3465 δεκτόν
1288 3448 1302 3474 ,
1330 3412 1398 3471 ὡς
1428 3410 1812 3486 καθυϐρίσαντα
1838 3414 1960 3473 τούς
1985 3410 2214 3481 κανόνας,
2241 3416 2324 3468 καί
2350 3418 2441 3473 τήν
2471 3414 2887 3475 ἐκκλησιαστικήν
2907 3413 3251 3486 λυμηνάμενον
3280 3412 3535 3478 εὐταξίαν.

567 3500 660 3575 ρο’.
702 3502 832 3560 Τούς
868 3500 1293 3573 προστιθεμένους
1325 3508 1387 3574 τῇ
1436 3499 1700 3575 ὀρθοδοξίᾳ
1724 3503 1805 3554 καί
1831 3509 1892 3574 τῇ
1919 3500 2088 3576 μερίδι

497 3596 598 3645 τῶν
624 3590 923 3659 σωζομένων
951 3590 1053 3643 ἀπὸ
1085 3590 1373 3664 αἶρετικῶν,
1406 3587 1665 3661 δεχόμεθα
1692 3592 1819 3646 κατά
1844 3596 1933 3650 τήν
1960 3592 2087 3646 ύπο-

494 3683 803 3753 τεταγμένην
826 3682 1117 3737 ἀκολουθίαν
1155 3684 1238 3736 καὶ
1270 3682 1552 3741 συνήθειαν*
1586 3680 1869 3757 ’Λρειανούς
1893 3686 1983 3754 μὲν
2005 3686 2090 3739 καί

494 3771 893 3834 Μακεδονιοωούς
913 3777 992 3828 καί
1002 3774 1369 3833 Σαϐϐατια-.ούς
1385 3778 1469 3828 καὶ
1484 3777 1855 3838 Ναυατιανούς,
1871 3778 1989 3835 τούς
2011 3775 2090 3829 λέ-

496 3885 678 3938 γοντας
706 3865 921 3925 ἑαυτοὺς
942 3866 1198 3942 καθαρούς
1226 3870 1311 3919 καί
1339 3868 1645 3941 ἀριστεροὺς
1673 3866 1987 3941 [ἀρίστους]⁸
2007 3869 2090 3923 καί

496 3963 620 4021 τούς
660 3958 1288 4035 Τεσσαρεσκαιδεκατίτας
1321 3959 1486 4015 εῗτουν
1531 3957 1726 4033 [ἤγουν]
1756 3959 2090 4034 Τετραδίτας,

499 4056 585 4107 καί
628 4051 1074 4131 ’Δπολλιναριστάς
1119 4053 1377 4126 δεχόμεθα
1428 4053 1657 4116 διδόντας
1696 4056 1953 4117 λιϐίλλους
2009 4058 2089 4113 καί

499 4147 955 4216 ἀναθεματίζοντας
979 4152 1154 4203 πᾶσαν
1182 4148 1393 4222 αἵρεσιν,
1419 4151 1489 4214 μὴ
1514 4154 1796 4222 φρονοῦσαν
1827 4150 1895 4208 ὡς
1920 4154 2094 4222 φρονεῖ

498 4243 529 4300 ἦ
711 4245 804 4297 τοῦ
835 4246 965 4295 Θεοῦ
993 4239 1228 4299 καθολικῆ
1267 4241 1353 4294 καί
1377 4239 1685 4299 ἀποστολικὴ
1719 4232 1975 4297 ἐκκλησία·
2004 4244 2092 4294 καί

503 4331 938 4406 σφραγιζομίνους
958 4330 1072 4389 ἤτοι
1099 4330 1407 4405 χρωμένους
1432 4337 1635 4405 πρῶτον
1661 4337 1735 4402 τῷ
1762 4322 1895 4402 ἀγίω
1915 4331 2086 4403 μύρῳ,

488 4410 555 4479 τό
593 4445 648 4478 τε
675 4425 903 4495 μέτωπον
931 4428 1019 4478 καί
1045 4427 1167 4485 τούς
1196 4425 1475 4499 ὀρθαλμούς
1515 4429 1600 4480 καί
1626 4426 1723 4485 τάς
1753 4428 1893 4497 ῥῖνας
1921 4427 2007 4479 καί
2033 4425 2090 4480 τὸ

2262 3502 2467 3558 CLXX.
2493 3535 2564 3546 —
2594 3506 2645 3559 7.
2685 3504 2794 3560 Eos
2822 3505 2913 3574 qui
2954 3520 3021 3560 ex
3062 3504 3328 3561 haereticis
3362 3512 3535 3579 rectae
3564 3501 3683 3581 lidci
3721 3508 3778 3557 ct

2191 3595 2330 3666 parti
2356 3592 2544 3651 ecrum
2571 3596 2665 3665 qui
2690 3584 2985 3661 salvantur,
3004 3584 3290 3651 adhaerere
3317 3594 3557 3665 cupiunt,
3587 3592 3780 3647 admit-

2195 3686 2355 3743 timus
2395 3686 2690 3743 secundum
2734 3686 3035 3755 subjectum
3071 3680 3316 3741 ordinem
3346 3693 3401 3740 et
3437 3682 3781 3739 consuetudi-

2195 3794 2340 3835 nem.
2369 3779 2595 3834 Arianos
2617 3777 2830 3849 quidem
2860 3786 2915 3833 et
2944 3777 3382 3841 Macedonianos,
3413 3784 3469 3831 et
3497 3772 3781 3830 Sabhatia-

2196 3885 2319 3938 nos,
2346 3879 2404 3926 et
2429 3868 2756 3925 Novatianos
2782 3868 2873 3939 qui
2908 3884 2967 3924 se
2995 3883 3160 3939 puros
3194 3874 3250 3924 et
3287 3866 3535 3923 sinistros
3559 3873 3781 3933 vocant,

2195 3969 2252 4015 et
2277 3958 2795 4027 Quartodecimanos
2837 3959 2952 4013 sive
2989 3958 3395 4025 Quaternarios,
3427 3964 3482 4012 et
3512 3954 3784 4026 Apollina-

2192 4051 2354 4108 ristas
2390 4050 2706 4121 recipimus,
2745 4049 2937 4105 dantes
2970 4049 3188 4119 quidem
3226 4049 3434 4104 libellos
3468 4056 3525 4103 et
3554 4040 3782 4101 "omnem

2192 4142 2440 4199 haeresim
2462 4149 2828 4208 exsecrantes,
2860 4154 2987 4210 quae
3000 4154 3109 4195 non
3134 4139 3420 4195 conveniat
3447 4137 3570 4193 cum
3591 4146 3782 4192 sancta

2193 4232 2293 4290 Dei
2312 4234 2589 4289 Catholica
2619 4240 2675 4288 et
2701 4231 3000 4303 apostolica
3026 4229 3300 4297 Ecclesia;
3334 4238 3391 4284 ct
3410 4224 3669 4298 Signatos
3702 4228 3783 4283 si-

2193 4342 2263 4384 ve
2285 4324 2482 4382 unCtos
2510 4325 2736 4397 primum
2776 4339 2935 4380 sacro
2973 4330 3276 4391 unguento,
3324 4329 3380 4375 et
3420 4319 3685 4385 frontem,
3724 4325 3784 4373 et

2198 4418 2407 4484 oculos,
2437 4426 2494 4472 et
2536 4431 2717 4483 nares,
2749 4424 2804 4471 et
2831 4430 2913 4480 os,
2944 4423 3002 4469 ct
3034 4427 3192 4467 aures
3228 4430 3240 4465 :
3279 4420 3335 4466 et
3361 4410 3456 4465 ens
3484 4409 3777 4480 signantes,

500 4514 673 4585 στόμα
698 4518 784 4569 καί
820 4516 886 4569 τά
914 4511 1039 4570 ὦταο
1082 4519 1167 4570 καὶ
1205 4521 1568 4590 σφραγίζοντες
1611 4518 1825 4581 αύτούςι,
1861 4517 2081 4587 λέγομεν,

2196 4509 2455 4564 dicimus:
2481 4507 2829 4579 Signaculum
2857 4506 2987 4561 doni
3014 4504 3242 4575 Spiritus
3262 4503 3458 4558 sancti.
3488 4500 3780 4557 Eunomia-

505 4625 527 4659 ε
549 4610 763 4683 Σφραγὶς
791 4605 990 4683 δωρεᾶς
1010 4610 1302 4677 πνεύματος
1324 4609 1489 4683 ἁγίου.
1504 4627 1524 4661 ε
1544 4611 1878 4680 Εὖνομιανούς
1900 4613 1990 4683 μέν
2011 4632 2090 4666 τοι

500 4700 624 4759 τεὺς
648 4702 719 4759 ε”ς
746 4701 867 4770 μίαν
893 4699 1176 4757 κατάδυσιν
1199 4701 1621 4773 βαπτιζομένους,
1649 4705 1733 4756 καί
1752 4704 2090 4766 Μοντανιστᾶς

499 4791 624 4851 τοὺς
662 4786 879 4845 ενταῦθα
904 4792 1200 4864 λεγομένους
1231 4793 1449 4864 Φρύγας,
1475 4796 1559 4846 καί
1588 4791 1945 4853 Σαϐελλιανοὺς
1970 4795 2091 4854 τούς

498 4881 829 4955 ηίοπατορίαν
872 4880 1205 4941 διδάσκοντας
1243 4880 1635 4955 ίδοξάζοντας],
1665 4887 1744 4937 καί
1784 4885 1934 4958 ἕτερά
1979 4906 2090 4940 τινα

500 4970 1037 5044 χαλεπάποιοῦντας·
1067 4976 1153 5028 καί
1190 4974 1282 5033 τάς
1321 4970 1477 5033 ἄλλοις
1506 4976 1675 5034 πάσας
1701 4975 1921 5053 αἱρέσεις
1948 4975 2090 5044 Ιτούς

501 5060 684 5124 ἄὶῡιονς
717 5063 911 5122 πάντας
944 5061 1253 5139 αἱρετικούς]
1285 5062 1479 5132 (ἐπειδὴ
1504 5064 1671 5117 πολλοί
1705 5066 1829 5119 εἰσιν
1856 5065 2087 5130 ἐνταῦθα,

498 5154 722 5225 μάλιστα
748 5153 794 5207 oi
824 5153 927 5207 ἀπὸ
948 5160 1039 5212 τῆς
1069 5151 1303 5206 Γαλατῶν
1327 5154 1507 5226 χώρας
1530 5153 1802 5228 ἐρχόμενοι
1831 5152 2091 5228 [ὁρμώμε-

501 5241 631 5315 νοι])
656 5248 855 5305 πάντας
896 5244 1020 5302 τοὺς
1048 5241 1314 5295 ἀπἀὐτῶν
1356 5242 1590 5301 θέλοντας
1618 5240 1985 5316 προστίθεσθαι
2026 5252 2089 5319 τῇ

503 5333 786 5409 ὁρθοδοξία,
815 5336 884 5394 ὡς
906 5333 1112 5392 mm:
1136 5330 1410 5402 δεχόμεθα,
1440 5336 1527 5388 καὶ
1545 5337 1636 5392 τήν
1667 5335 1871 5408 πρώτην
1896 5335 2088 5409 ἡμέραν

500 5430 746 5494 ποιοῦμεν
766 5426 951 5483 αύτούς
979 5426 1333 5500 χριστιανούς,
1355 5429 1444 5483 τήν
1468 5422 1525 5479 δί
1554 5423 1796 5501 δευτέραν
1818 5447 2088 5498 κατηχου-

503 5524 704 5579 μένους,
731 5511 839 5570 εἶτα
951 5519 1099 5591 τρίτῃ
1131 5517 1441 5590 ἐξορκίζομεν
1481 5518 1670 5578 αύτούς
1710 5519 1838 5588 μετά
1865 5523 1952 5573 τοῦ
1995 5521 2088 5589 ἐμ-

502 5611 672 5679 φυσᾷν
692 5610 862 5681 τρίτον
885 5604 957 5667 εἴς
979 5607 1038 5661 τὸ
1064 5606 1340 5683 πρόσωπον
1363 5609 1448 5661 καί
1469 5610 1546 5667 είς
1572 5608 1640 5661 τά
1661 5602 1787 5662 ὦτα·
1818 5596 1900 5660 καί
1925 5607 2092 5667 οὕτως

504 5707 830 5773 κατηχοῦμεν
857 5699 1075 5765 αὐτοὺς,
1109 5703 1195 5756 καί
1235 5707 1479 5772 ποιοῦμεν
1509 5700 1765 5776 χρονίζειν
1790 5701 1863 5759 εἰς
1891 5703 1980 5758 τὴν
2008 5699 2088 5752 ἐκ·

2196 4616 2298 4657 nos
2324 4609 2524 4668 autem,
2555 4602 2647 4672 qui
2685 4616 2792 4656 una
2824 4597 3173 4654 immersione
3213 4594 3558 4665 baptizantur
3599 4610 3612 4646 :
3651 4593 3780 4646 item

2197 4694 2552 4752 Montanistas
2577 4694 2669 4764 qui
2698 4695 2787 4749 hic
2815 4693 3154 4763 appellantur
3194 4690 3462 4761 Phryges,
3507 4695 3564 4741 et
3592 4684 3783 4740 Sabel-

2195 4786 2370 4841 lianos
2397 4786 2489 4856 qui
2518 4784 2766 4841 eumdem
2791 4799 2913 4839 esse
2938 4782 3153 4838 Patrem
3175 4778 3231 4837 et
3250 4780 3443 4835 Filium
3466 4775 3778 4848 Opinantur,

2195 4883 2251 4931 et
2303 4876 2407 4930 alia
2453 4876 2697 4944 quzedam
2742 4872 2962 4941 indigna
3011 4870 3215 4927 faciunt
3260 4888 3272 4922 :
3313 4869 3554 4937 aliasque
3591 4880 3782 4921 omnes

2196 4964 2428 5020 harrescs
2454 4963 2727 5035 (quoniam
2749 4963 2837 5017 hic
2865 4961 3018 5016 multi
3046 4970 3171 5017 sunt
3190 4959 3446 5022 haeretici,
3471 4966 3527 5012 et
3549 4956 3783 5010 maxime

2195 5055 2287 5125 qui
2313 5070 2381 5111 ex
2406 5053 2718 5109 Galatarum
2747 5052 2968 5121 regione
2997 5049 3239 5119 veniunt)
3268 5047 3579 5117 quicunque
3601 5060 3667 5099 ex
3698 5044 3781 5098 his

2194 5154 2359 5201 recta:
2380 5143 2502 5201 ﬁdei
2525 5143 2756 5199 adscribi
2775 5142 2984 5206 volunt,
3006 5139 3155 5196 velut
3171 5138 3389 5194 Graecos
3412 5134 3774 5191 admittimus:

2194 5253 2260 5292 ac
2286 5237 2458 5307 primo
2487 5235 2700 5305 quidem
2724 5233 2811 5289 die
2841 5246 2936 5288 eos
2965 5231 3285 5286 christianos
3307 5228 3671 5296 design’amus,
3704 5223 3781 5277 al.

2195 5338 2314 5385 tero
2342 5328 2782 5392 catechumenos,
2810 5324 3007 5381 dehidc
3036 5324 3197 5380 tertio
3214 5322 3302 5379 die
3319 5321 3638 5389 ‘a‘djuramus
3661 5333 3780 5381 cos,

2196 5427 2281 5474 ter
2304 5418 2463 5475 simul
2491 5418 2545 5471 in
2581 5415 2771 5475 faciem
2801 5431 2990 5471 eorum
3039 5422 3113 5470 et‘
3138 5428 3299 5469 aures
3340 5408 3686 5465 insufﬂando.
3717 5406 3783 5460 Et

2193 5512 2273 5566 sic
2319 5508 2639 5564 instituimus
2666 5516 2723 5563 et
2750 5508 3026 5564 erudimus
3053 5521 3167 5571 eos,
3207 5504 3505 5572 damusque
3532 5515 3778 5571 cperam,

2195 5612 2261 5658 ut
2296 5603 2457 5672 longo
2504 5609 2748 5674 tempere
2776 5604 2830 5658 in
2858 5602 3099 5658 Ecclesia
3129 5607 3429 5668 versentur,
3460 5604 3517 5654 et
3559 5593 3780 5651 audiant

2195 5694 2496 5766 Scripturas
2525 5713 2538 5751 :
2569 5704 2623 5753 et
2648 5706 2775 5753 tunc
2804 5711 2898 5753 eos
2922 5695 3274 5767 baptizamus.

504 5797 730 5866 ιλησίαν,
772 5796 855 5852 καί
899 5794 1184 5871 άκροᾷσθαι
1220 5801 1320 5851 τῶν
1359 5800 1586 5869 γραφῶν,
1630 5796 1716 5850 καί
1746 5793 1860 5850 τότε
1892 5792 2079 5853 αὐτούς
2116 5790 2445 5864 βαπτίζομεν.
