4128 6348
463 256 563 314 155
1757 240 2093 299 DIONYSIUE

2217 238 2474 296 KIGUUS.
3620 226 3722 287 Ιὸϐ

1244 886 1785 1044 (ἶΑΝθΝΙΙΜ
1890 877 2996 1037 ΕΟῦΒΕδΙΑδΤΙϐθΒΠΜ

1584 1149 2117 1227 DlONIYSlI
2187 1147 2568 1221 EXIGUI

1996 1310 2229 1413 sive

739 1566 1476 1717 CODEX
1611 1564 2636 1714 CANONUM
2756 1564 3467 1715 VETUS

1190 1849 2093 1982 ECCLESIAE

2217 1848 3083 1981 ΒΟΜΛΝᾹΞ.

1119 2172 1215 2222 EX
1251 2170 1459 2222 TOMO
1495 2171 1549 2219 ιι
1587 2169 2093 2221 οοκῦιιιιοιιυιη

2217 2169 2421 2217 ιιιω
2449 2168 2714 2217 JAOOBI
2752 2168 3110 2217 ειιιιιοιωι

1530 2278 1763 2339 Societ.
1807 2276 1961 2335 Jesu
1989 2274 2374 2355 presbyteri.
2404 2289 2551 2353 pag.
2582 2272 2719 2334 117.

553 360 2387 390 W
2135 387 2148 390 _
2213 387 2234 390 _
2243 387 2262 390 _
2271 386 2387 390 -—

3348 356 3727 370 —

499 2409 587 2470 De
628 2405 854 2470 Codice
909 2404 1233 2466 Canonum
1285 2404 1396 2483 qui
1447 2401 1674 2463 Carolo
1727 2399 2165 2483 Magnorcgi,
2200 2395 2335 2483 cum
2366 2398 2569 2458 Romce
2602 2394 2883 2483 essetnLab
2938 2392 3268 2456 Hadriano
3302 2408 3471 2471 papa
3522 2388 3760 2452 oblatus

1417 2490 1528 2556 est,
1560 2497 1725 2541 anno
1756 2478 2026 2548 Christi,
2056 2477 2123 2537 ut
2157 2479 2517 2558 conjectura
2546 2484 2659 2552 est,
2692 2477 2832 2536 787.

1984 2600 2286 2618 -

566 2670 718 2726 Edita
765 2678 849 2726 est
892 2668 1254 2740 superioribus
1299 2668 1449 2723 annis
1487 2666 1718 2738 primum
1760 2665 2078 2734 Ingolstadii
2105 2674 2153 2729 Α
2197 2669 2251 2712 πθ
2277 2665 2605 2736 Exemplum,
2637 2682 2734 2737 quo
2766 2666 2945 2720 devota
2970 2660 3101 2735 fides
3128 2662 3343 2718 victoria
3370 2651 3594 2733 gaudet,

498 2773 647 2822 tomo
676 2763 744 2819 VI
774 2761 1019 2832 Antiquae
1046 2760 1338 2830 Lectionis,
1362 2760 1555 2816 deinde
1576 2760 1815 2816 Coloniae
1838 2767 1986 2815 tomo
2016 2758 2083 2813 III

498 2856 893 2921 Conciliorum,
922 2854 1164 2925 Epitome
1192 2870 1459 2910 canonum
1488 2852 1838 2909 Orientalium
1868 2861 1923 2908 et
1945 2852 2084 2906 Afri-

498 2964 791 3013 canorum,
836 2964 960 3004 cum
991 2947 1144 3015 titulo
1169 2989 1183 3014 ,
1238 2946 1327 3014 qui
1355 2947 1495 3001 hanc
1522 2947 1589 3001 ab
1632 2944 1905 3000 Hadriano
1942 2959 2083 3015 papa

498 3039 695 3096 Carolo
715 3039 908 3108 Magno
938 3039 1072 3108 regi,
1100 3054 1219 3094 cum
1252 3038 1434 3093 Romae
1458 3045 1620 3104 esset,
1652 3036 1719 3090 ad
1750 3051 1904 3091 usum
1934 3032 2087 3090 Occi—

416 3186 423 3193 .ν
496 3132 790 3189 dentalium
817 3130 1181 3187 Ecclesiarum
1212 3132 1446 3186 oblatam
1472 3130 1757 3199 signiﬁcat.
1791 3127 1953 3198 Atqui
1979 3127 2085 3183 Ca-

497 3223 618 3278 rolo
646 3228 857 3276 constat
882 3220 1115 3275 oblatam
1146 3219 1308 3274 fuisse
1349 3235 1459 3274 non
1486 3218 1755 3288 epitomen
1780 3259 1795 3283 ,
1828 3216 1921 3272 sed
1944 3216 2087 3271 inte-

502 3328 653 3384 grain
680 3312 1075 3377 collectionem,
1104 3319 1214 3365 tum
1243 3325 1511 3366 canonum
1532 3325 1597 3365 ex
1630 3309 1823 3378 quibus
1850 3308 2087 3378 epitome

497 3405 590 3461 illa
619 3405 870 3474 deinceps
891 3403 1122 3459 conﬂata
1144 3411 1244 3469 est,
1270 3409 1383 3456 tum
1406 3402 1745 3457 decretorum
1765 3399 1926 3455 etiam
1949 3414 2080 3468 pon-

505 3494 744 3561 tilicum,
784 3509 815 3547 a
844 3492 1035 3547 Siricio
1064 3492 1130 3547 ad
1167 3490 1484 3560 Gregorium
1518 3490 1809 3559 juniorem.
1850 3487 2089 3557 Denique

499 3585 647 3641 illum
684 3584 859 3654 ipsum
889 3583 1082 3638 Carolo
1123 3582 1305 3637 datum
1343 3597 1463 3637 esse
1497 3581 1724 3644 librum,
1776 3579 1868 3649 qui
1902 3578 2090 3634 Consx

498 3676 755 3732 CANONUII
785 3691 816 3730 a
842 3675 1062 3730 Nicolao
1091 3690 1228 3744 papa
1253 3673 1450 3728 dicitur
1476 3671 1601 3739 519,
1651 3688 1769 3743 cap.
1804 3672 1865 3728 Si
1895 3671 2089 3755 Roma-

501 3784 684 3822 norum
696 3786 715 3832 ;
739 3768 937 3837 quique
957 3765 1242 3836 Moguntina
1261 3766 1491 3836 primum
1514 3780 1745 3821 excusas
1761 3781 1904 3820 anno
1926 3763 2085 3832 1525,

501 3858 557 3913 in
595 3859 831 3914 editione
866 3868 1055 3929 postea
1092 3857 1379 3913 Parisiensi
1425 3857 1714 3927 inscriptus
1754 3865 1869 3924 est,
1915 3856 2091 3912 Codex

504 3950 775 4006 Canonum
800 3961 939 4007 vetus
973 3950 1225 4005 Ecclesia:
1254 3950 1527 4005 Romanis.
1576 3949 1693 4005 Hoc
1740 3950 1881 4005 enim
1910 3949 2090 4005 decla-

502 4050 626 4096 rant
668 4041 895 4111 plurima
940 4057 1058 4112 qua:
1107 4040 1161 4095 in
1208 4040 1548 4097 bibliothecis
1593 4040 1778 4097 Gallize
1822 4041 2087 4105 visuntur,
2122 4052 2169 4111 Β

504 4132 837 4189 collectionis
858 4131 1015 4202 hujus
1043 4132 1373 4203 exemplaria
1398 4151 1411 4186 :
1436 4149 1665 4204 quorum
1686 4132 1739 4188 in
1768 4132 1965 4202 fronte,
1998 4150 2093 4189 ve-

504 4225 584 4281 lut
608 4225 773 4282 oblati
795 4225 1033 4282 muneris
1058 4226 1327 4282 dedicatio
1357 4224 1575 4297 praefixa
1602 4235 1707 4294 est,
1749 4224 2006 4282 Hadriani
2026 4226 2093 4281 ad

505 4315 759 4371 Carolum
789 4317 1034 4388 epistola,
1080 4332 1200 4387 quae
1227 4317 1414 4387 primis
1462 4317 1795 4387 singulorum
1841 4335 2095 4374 versuum

505 4402 697 4460 litteris
738 4406 881 4460 hunc
926 4405 1135 4459 titulum
1174 4404 1386 4471 reddit,
1434 4406 1643 4461 Damno
1671 4422 1900 4461 excsLL.
1954 4423 2096 4461 FlLlO

502 4494 721 4549 CARULO
747 4509 869 4549 nec!
895 4493 1203 4550 Hsonuuus
1227 4512 1378 4549 eam.
1405 4493 1642 4564 Epistola
1674 4505 1854 4550 autem
1882 4497 1995 4565 ipsa
2019 4496 2098 4551 sic

504 4586 686 4651 habet,
728 4593 844 4640 tum
872 4584 927 4639 in
958 4586 1073 4639 aliis
1098 4586 1318 4655 passim,
1347 4593 1405 4638 ut
1442 4584 1582 4649 dixi,
1618 4593 1731 4640 tum
1759 4586 1813 4639 in
1844 4586 2100 4640 vetustis-

504 4676 642 4732 Simo
672 4678 729 4731 S.
758 4676 1009 4733 Germani
1036 4677 1243 4742 codice,
1271 4676 1449 4731 Caroli
1480 4677 1645 4747 ipsius
1678 4676 1855 4746 Magni
1882 4685 2097 4748 tempo-

505 4768 671 4833 ribus,
702 4784 844 4825 anno
866 4769 1016 4838 regni
1045 4768 1161 4838 ejus
1186 4768 1274 4835 57,
1298 4768 1352 4823 id
1381 4777 1465 4823 est
1492 4768 1687 4824 Christi
1717 4766 1839 4843 805.

836 4900 1171 4957 EPISTULA
1198 4899 1524 4956 HADRIANI
1556 4899 1761 4954 PAP/E

899 5034 966 5072 AD
991 5031 1239 5072 CAROLUII
1262 5031 1477 5071 HAGNUM
1506 5031 1706 5080 REGEH,

513 5128 645 5199 Quae
673 5131 728 5188 in
753 5130 987 5201 antiquis
1016 5129 1412 5200 exemplaribus
1441 5128 1556 5198 ejus
1600 5127 1785 5183 Codici
1811 5126 2095 5184 Canonum

1127 5222 1476 5293 praeponitur.

531 5340 585 5383 ε
606 5331 795 5388 Divina
814 5335 1017 5407 fulgens
1037 5335 1275 5389 doctrina
1302 5342 1506 5404 sceptra
1528 5335 1780 5404 praecellit
1800 5335 1947 5407 regni
1967 5371 1986 5400 ,

529 5428 586 5473 Φ
614 5424 774 5498 Origo
805 5444 982 5499 regum
1004 5428 1154 5500 felix,
1175 5444 1375 5499 semper
1401 5432 1640 5501 genitura
1666 5429 1838 5495 beata,

529 5516 584 5567 Ξ
611 5515 801 5572 Heleni
824 5521 1158 5590 perspicimus
1174 5521 1312 5591 'legis
1338 5522 1559 5591 gratiam
1581 5520 1752 5575 laudis
1776 5522 1965 5576 habere

529 5619 583 5641 ’-
607 5606 754 5664 Iusto
777 5611 1005 5682 gignitur
1028 5629 1146 5683 rege
1166 5611 1412 5667 Ecclesiae
1443 5614 1595 5669 alma:
1622 5613 1881 5685 defensor,

528 5692 583 5737 2
610 5700 889 5777 Nunquam
908 5706 1044 5761 enim
1072 5707 1204 5761 vinci
1232 5715 1397 5778 potest
1418 5707 1695 5780 disciplina
1726 5708 1968 5774 cwlestis,

523 5791 583 5839 Ο
610 5792 749 5851 Olim
764 5796 880 5869 jam
904 5814 1110 5856 sumens
1134 5799 1344 5873 paterni
1364 5799 1689 5871 triumphans
1714 5801 1867 5871 regni

2202 2759 2258 2799 ε’)
2284 2757 2485 2811 Christo
2508 2758 2740 2827 iuvante,
2768 2774 2830 2810 ac
2859 2757 3006 2811 beato
3034 2755 3289 2827 clavigero
3324 2754 3499 2819 Petro,

2201 2852 2258 2894 Ω
2286 2850 2509 2904 Cunctas
2531 2851 2773 2905 adversas
2802 2860 2976 2921 gentes
2997 2851 3250 2920 regalibus
3272 2847 3442 2902 subdit
3463 2847 3676 2917 plantis.

2204 2943 2259 2986 εξ
2286 2941 2368 2995 Εη
2392 2944 2547 2997 radix
2576 2942 2724 2996 beata
2752 2944 2919 2997 instar
2942 2943 3154 2997 contulit
3175 2942 3335 3013 prole.

2205 3036 2261 3077 τ’*
2288 3032 2434 3087 Laeta
2464 3032 2630 3087 Deum
2658 3034 2855 3099 colere,
2886 3035 3049 3105 legem
3082 3050 3283 3103 semper
3322 3048 3500 3085 amare
3528 3031 3765 3093 divinam,

2204 3127 2260 3190 Γ
2289 3122 2627 3179 Laudabilem
2654 3142 2859 3180 servare
2882 3126 3039 3196 ﬁdem
3059 3167 3074 3193 ,
3126 3133 3456 3196 sanctamque
3501 3121 3769 3195 defendere

3373 3218 3531 3269 vitam
3547 3252 3563 3279 ,

2207 3306 2263 3348 ’⁵³
2287 3304 2575 3362 Fautorem
2598 3324 2811 3379 prorsus
2852 3308 3043 3363 habens
3083 3309 3367 3381 janitorem
3405 3309 3460 3361 in
3510 3302 3773 3373 triumphis

3380 3399 3509 3454 caeli.

2208 3507 2263 3531 ι-
2291 3487 2467 3559 Ipsius
2490 3492 2627 3563 freta
2654 3492 2837 3547 virtute
2865 3495 3068 3548 victrice
3097 3494 3324 3565 persistit
3342 3508 3565 3562 semper.

2209 3583 2264 3627 l"
2290 3583 2490 3639 Lumen
2516 3603 2729 3658 sequens
2758 3588 3009 3643 doctrina:
3039 3589 3160 3660 ﬁdei
3190 3587 3488 3660 apostolica:
3514 3584 3673 3652 sedis,

2209 3707 2264 3729 ι-
2293 3685 2359 3740 1η
2376 3688 2511 3744 hanc
2521 3700 2753 3746 sanctam
2766 3693 2938 3747 sedem
2952 3710 3171 3763 magnus
3187 3711 3279 3747 res:
3292 3691 3509 3749 Carolus
3526 3689 3775 3759 splendet.

2210 3788 2264 3833 Φ
2294 3789 2544 3846 Omnibus
2573 3810 2664 3863 per
2692 3810 2805 3848 eum
2827 3795 2995 3848 ditata
3024 3794 3171 3848 bonis
3196 3794 3476 3864 triumphat
3506 3793 3710 3863 ubique,

2210 3892 2266 3933 Φ
2292 3890 2503 3947 ϐωιεδιε
2530 3910 2729 3962 semper
2754 3896 2808 3949 in
2831 3896 2909 3949 his
2937 3895 3124 3949 habere
3154 3895 3339 3948 meruit
3366 3910 3600 3965 regnum.

2211 3995 2266 4041 ἶ)
2293 3991 2453 4047 Arma
2482 4011 2690 4050 sumens
2723 3997 2897 4051 divina
2926 4006 3100 4067 gentes
3134 3995 3353 4050 calcavit
3377 3994 3639 4065 superbas.

2215 4096 2271 4145 τε
2301 4095 2548 4154 Reddidit
2577 4099 2749 4170 prisca
2776 4100 2913 4154 dona
2934 4098 3185 4153 Ecclesia:
3209 4098 3364 4152 matri
3391 4113 3527 4162 suat,

2215 4198 2272 4242 Cl
2303 4195 2562 4271 Utbesque
2581 4216 2823 4271 magnas,
2856 4201 2986 4269 ﬁnes
3016 4199 3172 4254 simul
3192 4209 3241 4253 et
3266 4207 3438 4252 castra
3463 4198 3687 4251 diversa.

2217 4299 2273 4343 ι’*
2299 4297 2700 4372 Langobardam
2727 4318 2788 4355 ac
2817 4299 3037 4355 Erulam
3081 4303 3265 4356 virtute
3304 4300 3476 4354 divina
3513 4295 3782 4370 prostravit

3405 4402 3622 4465 gentem.

2219 4493 2275 4538 Φ
2303 4491 2476 4548 Ovans
2503 4494 2829 4559 amplectitur
2856 4496 3031 4567 ﬁdem,
3062 4514 3215 4569 quam
3240 4497 3464 4563 suscepit
3492 4494 3557 4548 ab
3587 4493 3715 4547 avis.

2219 4593 2275 4645 Ξ
2302 4592 2500 4666 Magna
2526 4596 2772 4667 prosapia
2794 4596 2901 4651 haec
2924 4598 2977 4649 in
3003 4606 3109 4651 toto
3136 4598 3315 4650 rutilat
3338 4597 3528 4649 mundo
3556 4611 3574 4649 :

2218 4702 2275 4749 31>
2303 4697 2471 4764 Altus,
2503 4695 2712 4763 nobilis,
2744 4698 2936 4765 nitens,
2963 4700 3095 4769 regit
3125 4698 3326 4753 diversa
3356 4714 3537 4769 regna.

2220 4798 2277 4845 Φ
2304 4796 2547 4851 Gaudeas
2573 4798 2707 4851 celer
2745 4798 2814 4851 ad
2842 4798 3023 4853 limina
3056 4800 3192 4852 venit
3219 4799 3571 4869 apostolorum
3594 4811 3790 4867 sospes,

2220 4904 2275 4948 2
2305 4898 2481 4954 Nimis
2518 4896 2757 4954 laudibus
2807 4899 3105 4969 hymnisque
3151 4900 3339 4971 populo
3391 4898 3676 4953 celebratur
3727 4896 3790 4950 ab

3416 5006 3576 5044 omns.

2221 5088 2279 5133 Φ
2306 5084 2512 5142 Obnixe
2537 5104 2631 5158 pro
2661 5104 2717 5141 se
2741 5102 2994 5140 summum
3020 5102 3174 5141 orare
3193 5085 3479 5141 antistitem
3500 5086 3684 5156 poscit,

2221 5190 2279 5239 Συ
2308 5188 2511 5244 Redimi
2539 5189 2636 5243 sibi
2666 5204 2833 5243 noxas
2861 5205 2893 5241 a
2915 5187 3181 5259 juventute
3209 5187 3529 5242 commissas.

2224 5297 2280 5340 t1!
2307 5289 2509 5346 Ezutus
2538 5289 2803 5361 suffragiis
2832 5290 2984 5344 almis
3014 5287 3296 5360 spondebat
3333 5288 3511 5359 lingua
3546 5286 3796 5357 magistro

2225 5395 2282 5442 Φ
2309 5393 2530 5449 Genium
2557 5409 2761 5447 servare
2786 5402 2982 5447 sancta:
3008 5391 3259 5446 Ecclesia:
3284 5392 3341 5445 in
3384 5406 3490 5444 aevo
3521 5387 3791 5449 Romanis,

2229 5518 2285 5541 ι-
2313 5496 2547 5552 Iustitias
2576 5495 2701 5549 almi
2729 5493 2874 5549 Petri
2901 5494 2981 5547 sui
3001 5493 3303 5563 protectoris
3332 5490 3464 5544 tueri

2231 5602 2287 5649 π
2314 5599 2362 5653 11
2370 5599 2557 5654 abilem
2578 5607 2631 5651 ut
2650 5613 2803 5666 super
2824 5597 3024 5649 donans
3045 5594 3098 5647 in
3121 5596 3231 5663 ejus
3252 5590 3578 5661 confessione
3600 5586 3793 5642 libavit.

2230 5706 2286 5754 δ’
2312 5702 2506 5759 Adhtec
2545 5698 2853 5756 Hadrianus
2891 5697 3079 5768 prwsul
3118 5694 3308 5755 Christi
3338 5692 3584 5836 prwd'ixit
3616 5687 3798 5743 trium-

3424 5798 3458 5836 υ
3495 5796 3575 5836 os.

3424 5796 3575 5852 pnas,
