4128 6348
309 341 412 397 137
487 380 492 385 .

1293 328 1511 390 CODEX
1550 326 1874 386 CANONUM
1913 323 2600 384 ECCLESIAS'HCORUM.

3462 322 3562 378 l3!

329 465 384 505 ε
413 455 638 510 Dextera
653 457 850 526 protegi
869 456 954 508 diu
967 453 1136 506 divina
1151 449 1590 504 Petrocomitante
1606 447 1884 515 Pauloque,
1920 453 1968 509 Α
2065 438 2332 496 Hactenus
2357 436 2607 494 Hadriani
2635 434 2880 506 epistola,
2906 446 2964 492 ιιι
2990 451 3058 498 ex
3085 433 3351 506 corruptis
3374 449 3561 495 esem-

329 553 386 596 τε
417 547 749 616 ΒοηῳΙιαιαηι
779 547 1004 601 victoria:
1032 545 1302 608 donantes,
1332 551 1481 611 atque
1519 557 1611 608 pro
1637 532 1700 590 te
1738 537 1890 590 dimi-

1512 638 1707 690 cantes,

329 746 385 764 ι-
411 725 614 782 Illtesns
637 743 752 780 cum
782 727 880 779 tuis
908 726 1066 778 victor
1093 719 1340 782 manebis,
1370 734 1550 788 nempe
1580 733 1667 786 per
1698 716 1836 784 ipsos

329 817 386 856 δ’
413 817 620 870 Aditum
649 824 824 886 petunt
853 815 991 872 urbis
1019 813 1131 880 Pop
1153 828 1197 864 ae
1221 820 1269 863 te
1299 810 1497 878 ingredi
1521 809 1779 865 victorem.

417 903 561 975 Nero
579 904 768 976 perﬁdi
793 906 930 973 regis
955 901 1177 955 calcabis
1205 898 1456 950 Desiderii
1486 896 1644 958 colla,

331 998 387 1037 ἐ
428 995 568 1048 Vires
591 995 701 1063 ejus
728 1002 1056 1061 prosternens
1085 1005 1278 1059 merges
1306 988 1512 1039 bnralro
1538 983 1803 1054 profundi.

330 1106 388 1153 φ
415 1088 601 1156 Septus
629 1082 1082 1154 Langobardorum
1112 1098 1288 1149 ret/no,
1320 1093 1501 1130 manus
1540 1077 1719 1128 reddes
1750 1087 1887 1150 tuam

330 1190 387 1225 ’τ’
417 1180 656 1233 Pollicita
681 1192 834 1228 sacra
858 1175 996 1227 dona
1025 1172 1264 1240 clavigeri
1294 1170 1428 1222 aula:
1459 1167 1624 1232 Petri,

330 1272 386 1314 ἓν
415 1268 644 1336 Amplius
670 1266 869 1320 donans
894 1261 983 1316 tibi
1006 1262 1288 1322 victoriam,
1313 1260 1567 1330 simulque
1587 1258 1830 1311 honorem

332 1366 388 1414 ’Ῥ
423 1359 520 1412 Per
539 1358 694 1411 δίει-λα
718 1370 935 1425 regnare
952 1368 1066 1405 cum
1084 1353 1186 1405 tuis
1207 1351 1307 1416 hic,
1336 1351 1390 1403 in
1415 1351 1684 1419 {tauroque
1704 1345 1887 1404 soboli,

327 1457 389 1497 -εεν
416 1449 458 1501 Α
489 1450 598 1518 lege
621 1462 880 1515 nunquam
906 1443 1127 1507 discede,
1150 1442 1258 1496 [nec
1287 1439 1563 1495 observans
1583 1447 1798 1493 statuta.

1992 530 2227 602 plaribus
2254 529 2372 584 elici
2403 528 2591 598 potuit.
2630 527 2784 600 Quod
2812 543 2939 582 vero
2984 527 3050 582 ad
3091 537 3300 598 tempus
3346 526 3559 598 attinet,

1991 639 2113 678 cum
2139 623 2362 678 Carolus
2392 631 2470 676 ter
2495 621 2550 680 in
2580 620 2772 675 Urbem
2804 620 3072 680 lladriano
3092 620 3378 691 superstite
3407 637 3558 674 vene-

1993 717 2080 780 rit,
2110 731 2250 769 anno
2280 714 2526 774 nimirum
2552 712 2676 776 77d,
2706 731 2824 766 cum
2853 711 3068 782 Papiam
3098 713 3388 777 obsideret,
3420 729 3558 765 antu;

1990 807 2184 866 iterum
2215 806 2338 867 781.
2369 822 2490 859 cum
2513 805 2626 874 ejus
2658 805 2744 857 lilii
2779 803 2992 872 l’ipinus
3025 803 3204 867 Italic,
3255 802 3560 861 Ludovicus

1990 895 2289 963 Aquitania:
2333 909 2485 962 rcges
2515 896 2578 948 ab
2611 892 2876 951 Hadriano
2904 893 3105 952 inuncti
3130 902 3274 958 sunt,
3307 909 3448 945 anno
3472 893 3563 946 dc.-

1994 987 2152 1057 niquc
2185 986 2307 1054 787,
2352 1001 2473 1041 cum
2503 987 2626 1040 inde
2665 984 2899 1054 Capuam
2927 1000 3161 1052 quoque,
3190 1001 3254 1038 ac
3285 984 3562 1037 Beneven-

1995 1087 2104 1131 tum
2131 1079 2386 1131 adversus
2407 1075 2772 1138 Grunoaldum
2799 1075 2985 1130 ducem
3011 1075 3279 1143 profectus
3300 1083 3383 1128 est
3407 1092 3420 1126 :
3446 1090 3565 1141 nos,

1996 1171 2206 1230 tametsi
2234 1186 2320 1230 res
2357 1170 2558 1224 incerta
2591 1179 2692 1233 est,
2725 1167 2962 1223 codicem
2992 1167 3241 1221 Hadriani
3267 1167 3333 1220 ad
3357 1175 3566 1236 postre-

1993 1279 2133 1317 uiam
2151 1261 2326 1332 potius
2355 1260 2734 1330 profectionem
2759 1257 3094 1313 referendum
3116 1256 3382 1318 duximus,
3406 1271 3566 1322 quam

1991 1351 2134 1418 quod
2162 1350 2277 1403 aliis
2299 1349 2499 1418 placuit
2526 1348 2592 1402 ad
2624 1348 2868 1418 primam,
2898 1345 2985 1402 cui
3013 1346 3200 1413 multa,
3230 1359 3349 1414 qua:
3379 1344 3433 1399 in
3455 1343 3568 1413 ejus

1995 1441 2219 1510 epistola
2249 1440 2514 1508 leguntur,
2547 1439 2835 1494 convenire
2864 1439 2948 1492 vix
2977 1437 3202 1508 possint.

2821 1585 2974 1597 σ-σ--οδ

2975 1578 3570 1604 -..-...------γ-ι,
3493 1595 3497 1600 ι

1703 1689 2192 1760 LECTORI.

380 1892 636 1946 Cudiéem
663 1904 760 1943 seu
786 1887 1170 1942 Collectionem
1198 1902 1465 1943 canonum
1492 1885 1888 1940 ecclesiastico—
1921 1893 1962 1948 Β
1989 1884 2124 1944 illud
2148 1893 2328 1937 tamen
2357 1881 2557 1951 liquido
2594 1888 2828 1945 constat,
2860 1883 3092 1937 concilio
3121 1883 3354 1938 Cltalced
3367 1901 3567 1942 mense

315 1998 438 2042 mm
464 1982 703 2051 Dionysii
732 1979 943 2048 Exigui,
966 1979 1119 2048 cujus
1140 1978 1298 2033 iudex
1323 1986 1528 2032 tantum
1549 1993 1617 2033 ex
1645 1979 1766 2034 cod.
1791 1995 1891 2035 ms.

313 2075 662 2130 eruditissimi
692 2073 790 2128 viri
818 2073 931 2128 Nic.
977 2071 1134 2127 Fabri
1163 2088 1252 2126 an.
1284 2071 1422 2125 1609
1451 2070 1684 2142 primum
1723 2071 1898 2127 editus

313 2175 421 2230 est,
449 2165 714 2230 integrum
739 2177 882 2216 nunc
909 2162 1005 2216 tibi
1032 2162 1224 2216 damus
1242 2177 1309 2217 ex
1333 2161 1619 2216 alioveteri
1645 2161 1766 2216 cod.
1789 2177 1893 2216 ms.

314 2254 658 2317 bibliotheca:
684 2254 754 2309 cl.
785 2268 836 2310 ν.
864 2251 1236 2321 Chrismphori
1253 2251 1488 2317 Justelli,
1519 2251 1757 2312 omnium
1779 2266 1898 2320 quae

316 2348 506 2401 Latine
531 2352 771 2412 exstant,
794 2344 926 2412 juris
950 2344 1198 2402 canonici
1243 2342 1671 2411 antiquissimum
1704 2358 1897 2402 monu-

314 2446 554 2492 mentum
584 2453 599 2489 :
630 2434 774 2511 quod
815 2433 1027 2503 quidem
1059 2437 1126 2487 ab
1155 2435 1258 2488 hoc
1298 2434 1443 2492 fonte
1483 2433 1736 2491 haustum
1776 2448 1896 2487 esse

316 2527 516 2588 nemini
563 2527 780 2581 dubium
812 2534 912 2580 est.
953 2525 1206 2578 Continet
1253 2534 1432 2578 autem
1488 2523 1602 2579 lucc
1647 2523 1897 2581 collectio

315 2618 535 2672 eosdem
567 2614 678 2670 fere
706 2615 1055 2671 conciliorum
1089 2629 1323 2669 canones
1367 2628 1505 2682 quos
1545 2611 1764 2674 Grzncus
1795 2611 1897 2669 Ec-

312 2709 494 2766 clesia:
524 2708 787 2761 universa:
816 2703 1100 2768 Codex,ab
1124 2707 1310 2758 eodem
1338 2703 1567 2762 Jnstelln
1598 2719 1740 2763 anno
1764 2703 1898 2757 l6l0

317 2796 527 2863 editus;
559 2810 799 2852 canones
823 2803 1082 2864 praeterea
1112 2795 1204 2862 qui
1228 2795 1474 2852 dicuntur
1515 2793 1897 2862 Apostolorum

317 2886 728 2964 quinquaginta,
750 2883 1084 2939 Sardicensis
1112 2885 1272 2938 etiam
1299 2883 1386 2946 2|,
1419 2891 1474 2937 ct
1500 2883 1895 2950 Africanarum,

318 2978 434 3030 sive
462 2973 964 3046 Carthaginiensium
999 2974 1327 3043 synodorum
1358 2972 1588 3042 capitula
1621 2970 1720 3025 l58
1749 2987 1898 3026 com-

321 3066 591 3136 plectitur.
610 3063 653 3117 ll
663 3064 712 3133 uj
722 3079 782 3125 us
798 3079 902 3117 non
921 3063 1146 3122 obscure
1163 3062 1406 3122 meminit
1420 3060 1736 3115 Hincmarus
1754 3060 1898 3121 Rhe-

319 3157 524 3218 meusis
569 3155 1002 3225 archiepiscopus
1028 3155 1082 3208 in
1113 3170 1299 3224 opusc.
1341 3152 1408 3207 55
1446 3153 1662 3222 capitul.
1703 3154 1898 3207 adver—

2000 1976 2356 2045 antiquiorent
2385 1973 2570 2038 fuisse,
2617 1973 2672 2027 in
2699 1971 2852 2042 cujus
2894 1974 3106 2034 actione
3133 1973 3184 2040 4,
3223 1976 3274 2029 tl
3308 1987 3363 2032 et
3392 1977 3474 2043 l3,
3502 1995 3570 2042 ex

1999 2065 2114 2137 ipsa
2138 2072 2264 2120 ante
2288 2066 2400 2132 jam
2444 2063 2584 2117 facta
2628 2063 2965 2129 collectione,
3008 2068 3277 2121 communi
3310 2068 3570 2136 majorum

1998 2157 2320 2213 auctoritate
2368 2156 2615 2224 probata,
2664 2156 2900 2226 quinque
2941 2172 3208 2226 canones,
3247 2160 3265 2210 ί
3301 2159 3571 2229 videlicet,

1998 2245 2087 2310 83,
2119 2245 2210 2313 84,
2241 2243 2312 2300 95
2332 2254 2387 2300 et
2407 2244 2494 2310 96,
2519 2245 2609 2317 qui
2638 2243 2672 2297 4
2701 2246 2918 2311 Νἱαωιὶ,
2947 2256 3001 2301 et
3023 2246 3079 2314 4,
3109 2247 3164 2314 5,
3198 2249 3264 2302 l6
3286 2260 3344 2307 .et
3369 2250 3431 2308 l7
3459 2252 3573 2306 An,

1999 2338 2236 2397 tiocheni
2265 2337 2478 2400 concilii
2522 2353 2642 2399 esse
2683 2341 3046 2408 reperiuntur,
3088 2342 3259 2399 leetos
3288 2358 3354 2399 ac
3379 2323 3574 2405 citatos

2000 2429 2164 2488 fuisse
2199 2439 2539 2498 compertum
2570 2438 2673 2485 est.
2705 2429 2807 2497 Qui
2830 2432 3046 2500 quidem
3076 2449 3331 2500 canones,
3380 2436 3574 2500 eodem

2000 2522 2206 2583 ordine,
2239 2530 2401 2589 atque
2425 2521 2752 2587 continuata,
2776 2538 2877 2578 nec
2905 2525 3200 2596 interrupta
3233 2544 3576 2594 numerorum

2000 2608 2142 2668 serie
2195 2611 2377 2679 (quam
2423 2617 2638 2664 veteres
2676 2612 3118 2680 consequentiam
3148 2615 3445 2683 regularem
3475 2633 3575 2672 vo-

2001 2701 2172 2768 cant),
2201 2707 2418 2755 exstant
2447 2701 2500 2755 in
2533 2701 2733 2756 Codice
2780 2701 2966 2758 Graeco
3010 2720 3273 2766 canonum
3324 2706 3574 2770 Ecclesiae

2001 2791 2282 2856 universa,
2325 2799 2382 2852 et
2421 2791 2475 2846 in
2519 2791 2620 2847 hac
2649 2790 2836 2853 Latina
2887 2793 3125 2867 Dionysii
3170 2795 3359 2866 Εχὶευὶ
3405 2801 3577 2856 colle.-

1999 2882 2201 2936 ctioue.
2234 2882 2341 2936 Sed
2379 2889 2433 2936 et
2474 2891 2601 2940 ante
2629 2881 2956 2952 Ephesinum
2995 2887 3304 2955 concilium,
3331 2887 3573 2953 Graecam

2000 2973 2144 3027 illaut
2165 2974 2538 3035 collectionem
2567 2973 2762 3029 factam
2799 2975 2980 3040 fuisse,
3007 2991 3073 3031 ex
3101 2979 3322 3047 epistola
3369 2996 3400 3034 a
3442 2981 3575 3036 Dio-

2000 3065 2153 3136 nysio
2180 3066 2296 3135 ipso
2328 3065 2454 3129 huic
2483 3065 2655 3120 codici
2681 3066 2928 3134 praefixa,
2957 3068 3172 3137 planum
3199 3080 3282 3124 est
3313 3089 3326 3124 :
3359 3088 3465 3142 qua
3491 3074 3576 3128 vi-

1999 3153 2193 3207 delicet
2213 3167 2454 3208 canones
2477 3167 2508 3206 a
2536 3152 2750 3208 Nicmno
2772 3154 3089 3224 caeterisque
3125 3160 3577 3227 consequentibus

320 3263 414 3301 sus
462 3246 801 3304 llincmarum
832 3245 1237 3298 Laudunensem
1266 3245 1598 3314 episcopum,
1649 3259 1768 3314 cap.
1804 3243 1892 3309 45,
1924 3251 1969 3311 C
2000 3241 2262 3308 conciliis,
2296 3257 2416 3312 qua:
2441 3251 2565 3296 ante
2594 3241 2721 3298 illud
2758 3243 2844 3298 vel
2891 3245 3231 3320 postmodum
3261 3247 3399 3303 facta
3427 3259 3576 3316 sunt,

321 3337 407 3393 his
427 3337 604 3392 verbis
643 3354 656 3389 :
701 3333 800 3400 Qui
835 3348 954 3390 sunt
991 3337 1087 3402 illi,
1122 3336 1310 3405 inquit,
1354 3353 1478 3408 quos
1523 3346 1572 3389 et
1610 3337 1894 3407 apostolica

321 3426 492 3490 sedes,
507 3436 556 3479 et
577 3443 751 3479 omnes
770 3428 995 3502 episcopi
1025 3443 1124 3495 per.
1141 3428 1429 3487 universum
1453 3426 1640 3491 orbem,
1655 3435 1705 3479 et
1728 3429 1895 3488 omnis

327 3513 562 3574 Ecclesia
583 3524 680 3568 cat.‘
703 3515 836 3577 alica
854 3531 1073 3568 canones
1102 3532 1219 3586 app!
1233 3517 1364 3575 [lant
1380 3555 1398 3580 ,
1421 3517 1602 3587 quique
1620 3534 1651 3569 a
1679 3515 1898 3571 Nicieno

325 3607 566 3670 concilio,
594 3607 728 3677 quod
753 3609 978 3676 primum
1015 3608 1074 3666 in
1117 3608 1307 3659 nostris
1337 3606 1598 3660 codicibus
1618 3649 1631 3672 ,
1680 3624 1807 3678 quos
1833 3605 1897 3658 ab

324 3699 612 3768 apostolica
640 3699 759 3751 sede
787 3700 1010 3769 majores
1053 3701 1216 3752 nostri
1257 3710 1559 3768 acceperunt
1594 3699 1896 3777 sequendos,

327 3811 417 3858 per
435 3793 667 3847 ordinem
687 3809 842 3864 usque
863 3794 930 3845 ad
951 3795 1250 3863 Africanum
1279 3792 1582 3853 concilium,
1622 3810 1714 3861 pro
1744 3809 1904 3852 cano-

326 3883 478 3944 nibus
505 3885 825 3954 recipiendis,
858 3884 1157 3944 venerandis
1190 3893 1239 3936 et
1264 3883 1614 3948 observandis,
1645 3885 1903 3937 retinent?

327 3975 378 4030 ls
407 3990 536 4030 vero
558 3985 643 4030 est
667 3976 951 4046 Dionysius
978 3974 1212 4047 Exiguus
1233 4018 1248 4040 ,
1279 3977 1404 4053 qui,
1438 3978 1637 4031 omissa
1679 3978 1899 4046 profana

324 4080 592 4117 annorum
627 4065 994 4128 numeratione
1022 4081 1117 4133 per
1143 4065 1494 4136 olympiades,
1517 4067 1600 4118 vel
1625 4067 1897 4131 consules,

327 4154 415 4209 vel
442 4154 780 4218 indictioues,
808 4157 1012 4224 primus
1052 4157 1118 4216 ab
1141 4155 1513 4216 lucarnatioue
1543 4157 1739 4211 Christi
1766 4167 1904 4212 tem-

329 4260 462 4314 pora
502 4254 800 4313 praznotare
829 4246 1012 4314 coepit,
1052 4256 1107 4299 et
1145 4246 1352 4316 cyclnm
1382 4246 1687 4322 paschalem
1717 4244 1786 4299 95
1812 4263 1905 4300 an-

333 4349 524 4386 norum
565 4333 870 4404 descripsit,
913 4336 1012 4390 sub
1049 4337 1353 4402 consulatu,
1387 4353 1494 4393 non
1521 4337 1602 4398 Fl.
1635 4337 1902 4400 Mavortii,

332 4432 390 4475 ut
416 4424 600 4478 scribit
623 4424 888 4478 Marianus
917 4426 1110 4480 Scotus
1137 4426 1188 4480 in
1217 4425 1487 4482 Chronico
1509 4443 1634 4481 ann.
1663 4426 1787 4494 527,
1811 4430 1903 4482 sed

329 4511 408 4565 Fl.
443 4511 723 4568 Pbiloxen‘i
751 4522 806 4569 et
834 4515 1006 4573 Anicii
1041 4513 1199 4569 Probi
1241 4515 1472 4583 jnnioris
1508 4517 1802 4572 indictione
1849 4518 1904 4582 3,

2002 3348 2170 3402 usque
2196 3331 2264 3386 ad
2295 3333 2580 3388 concilium
2609 3333 3257 3405 Coustantiuopolitanum
3285 3355 3323 3396 ιι
3343 3355 3578 3397 cacume-

2003 3425 2208 3498 nicum,
2239 3424 2338 3478 sub
2368 3424 2483 3494 ipso
2509 3425 2697 3480 ordine
2736 3442 3104 3496 numerorum,
3146 3431 3198 3486 id
3238 3440 3320 3488 est
3344 3448 3374 3486 a
3402 3433 3579 3504 primo

2002 3515 2237 3585 capitulo
2257 3531 2424 3584 usque
2445 3515 2509 3569 ad
2532 3517 2880 3573 centesimum
2899 3522 3290 3588 sexagesimum
3310 3525 3576 3596 quintum,

2003 3613 2300 3659 enumerat.
2334 3604 2560 3677 Quinam
2591 3617 2770 3662 autem
2809 3609 2918 3663 sint
2962 3611 3038 3669 illi
3069 3610 3174 3664 165
3200 3629 3455 3680 canones,
3496 3617 3576 3672 fa-

2005 3695 2108 3754 cile
2134 3703 2312 3754 estex
2351 3696 2702 3756 conciliorum
2740 3699 2929 3761 ordine
2971 3709 3027 3756 et
3070 3717 3336 3764 canonum
3382 3721 3574 3761 conse-

2004 3786 2243 3852 quentia,
2274 3785 2468 3853 quibus
2496 3788 2779 3850 constabat
2806 3791 3060 3859 antiquus
3085 3791 3173 3850 ille
3199 3795 3579 3861 codex,cuivis

2005 3877 2338 3948 dignoscere.
2367 3878 2498 3932 Nam
2528 3878 2595 3932 20
2623 3895 2858 3935 canones
2887 3883 3101 3938 concilii
3126 3883 3346 3954 Niczcni,
3377 3885 3447 3940 24
3469 3888 3578 3942 An-

2007 3971 2208 4039 cyrani,
2243 3967 2309 4022 14
2359 3969 2825 4039 Νθοοαξςενὶεηδίε,
2868 3973 2938 4028 20
2977 3974 3320 4046 Gangrensis,
3353 3978 3424 4033 25
3465 3981 3579 4034 An-

2009 4060 2266 4126 tiocheni,
2309 4059 2380 4114 59
2418 4061 2726 4128 Laodiceni,
2751 4063 2786 4115 5
2813 4063 3390 4137 Constantimpolitani
3443 4089 3456 4124 :
3502 4073 3577 4135 lii,

2008 4150 2247 4218 inquam,
2279 4145 2490 4205 collecti
2522 4152 2726 4206 numeri
2761 4161 2975 4207 centum
3005 4166 3061 4208 et
3104 4159 3379 4224 sexaginta
3425 4163 3579 4230 quin-

2008 4256 2112 4310 que
2136 4239 2394 4295 efﬁciunt.
2428 4241 2508 4296 Ex
2535 4245 2728 4311 quibus
2769 4247 2931 4298 etiam
2980 4248 3349 4314 cognoscimus
3367 4261 3581 4306 veteres

2010 4333 2062 4384 in
2091 4331 2493 4386 dinumerandis
2533 4333 2882 4388 conciliorum
2921 4336 3214 4392 canonibus
3255 4354 3360 4393 non
3389 4340 3578 4396 eadem

2011 4423 2220 4476 ratione
2253 4438 2380 4496 usos
2408 4421 2589 4478 fuisse.
2639 4423 2769 4478 Nam
2799 4439 2866 4480 ex
2895 4426 3071 4482 verbis
3099 4429 3311 4484 concilii
3358 4429 3582 4487 Chalce-

2009 4516 2262 4570 donensis
2286 4515 2556 4585 colligitur
2578 4531 2819 4573 canones
2864 4534 3025 4589 supra
3055 4521 3247 4576 citatos
3276 4521 3327 4588 l,
3351 4520 3405 4591 4,
3434 4523 3488 4587 5,
3513 4523 3582 4577 16

327 4605 436 4659 hoc
463 4614 546 4660 est
573 4622 714 4661 anno
757 4605 956 4672 Christi
987 4606 1111 4674 525,
1146 4616 1202 4661 ut
1232 4609 1345 4677 ipse
1375 4609 1654 4686 Dionysius
1679 4618 1907 4664 testatur
1938 4631 1984 4688 ι)
2009 4615 2066 4662 et
2086 4607 2151 4660 l7
2173 4608 2386 4663 concilii
2415 4608 2749 4675 Antiocheui,
2781 4611 2831 4664 iu
2855 4613 3025 4667 veteri
3053 4613 3237 4670 Grtceo
3259 4616 3466 4682 codice,
3489 4617 3580 4682 80,

330 4696 384 4748 in
415 4695 643 4764 epistola
673 4698 908 4766 paschali
937 4699 1103 4767 prima
1135 4699 1202 4751 ad
1229 4697 1538 4754 Petronium
1569 4699 1901 4778 episcopum,

328 4801 503 4854 nuper
529 4802 559 4840 a
584 4786 896 4841 doctissimo
926 4785 1146 4850 Petavio
1173 4803 1238 4843 ex
1260 4790 1380 4845 cod.
1408 4805 1507 4842 ms.
1533 4791 1761 4858 primum
1791 4788 1909 4846 edi-

329 4884 386 4929 ta
417 4893 430 4930 :
459 4877 513 4931 in
542 4892 644 4946 qua
673 4880 835 4933 etiam
865 4894 932 4941 ex
952 4881 1118 4934 sacris
1139 4880 1454 4948 canonibus,
1480 4881 1582 4935 hoc
1603 4890 1683 4934 est
1704 4896 1771 4934 ex
1792 4880 1908 4950 ipso

328 4968 504 5021 veteri
527 4966 721 5024 Codice
741 4969 1019 5032 Canonum
1042 4986 1201 5041 quem
1233 4987 1374 5025 nunc
1402 4971 1627 5034 edamus,
1654 4981 1814 5048 atque
1842 4987 1906 5024 ex

328 5071 426 5111 sua
457 5057 922 5132 interpretatione,
949 5060 1083 5122 citat
1124 5075 1386 5116 canonem
1431 5059 1516 5121 79,
1567 5061 1658 5127 qui
1707 5060 1910 5129 primus

330 5144 893 5205 Antiocheni’concilii
925 5165 1044 5204 esse
1069 5151 1352 5218 reperitur.
1387 5149 1463 5203 Ex
1493 5133 1906 5220 quibus'conﬁr-

330 5242 509 5288 matur
537 5234 670 5289 ordo
718 5244 773 5290 et
813 5254 1069 5294 numerus
1103 5255 1372 5294 canonum
1416 5240 1468 5295 in
1517 5240 1610 5295 illo
1637 5251 1902 5306 servatus,

329 5332 490 5393 atque
518 5340 585 5380 ex
621 5326 686 5380 iis
707 5328 888 5396 colligi
919 5339 1098 5398 potest
1124 5346 1361 5384 canones
1393 5331 1556 5385 hosce
1577 5331 1909 5386 ecclesiasti-

323 5431 422 5473 cos
465 5415 576 5482 jam
606 5425 731 5472 ante
787 5434 855 5472 ex
903 5417 1102 5475 Grzecis
1158 5419 1555 5488 exemplaribus
1598 5419 1906 5490 Dionysium

327 5505 687 5560 transtulisse.
721 5505 854 5572 Quis
883 5519 1060 5563 autem
1086 5509 1246 5564 fuerit
1267 5507 1466 5587 Grzncae
1506 5512 1647 5565 illius
1674 5512 1909 5587 antiqua:

327 5598 664 5653 Collectionis
689 5614 958 5655 canonum
987 5611 1194 5666 auctor,
1218 5618 1337 5672 qua:
1358 5618 1388 5656 a
1417 5583 1628 5657 Niczcno
1652 5583 1821 5671 usque
1841 5605 1907 5661 ad

327 5690 984 5763 Constantinopolitanum
1015 5698 1301 5752 concilium
1349 5696 1710 5768 protenditur,
1755 5696 1908 5766 cujus

332 5784 743 5862 translationem
796 5787 1040 5858 suscepit
1082 5788 1198 5856 ipse
1237 5788 1547 5861 Dionysius,
1604 5789 1901 5857 ignoratur.

656 5869 924 5940 l‘nuou.
973 5879 1080 5946 LX
1090 5880 1166 5943 Vl
1179 5880 1224 5946 Ι,

2007 4697 2099 4765 85,
2119 4697 2208 4766 9-4,
2241 4698 2310 4751 95
2334 4709 2390 4754 et
2410 4699 2479 4752 96
2507 4699 2688 4765 fuisse,
2718 4701 2810 4771 qui
2837 4702 2889 4756 in
2912 4701 3103 4759 Latino
3131 4705 3367 4778 Dionysii
3394 4706 3583 4776 Exigui

2013 4789 2097 4855 79,
2121 4790 2209 4855 84,
2252 4791 2341 4858 85,
2371 4792 2440 4845 96
2467 4800 2524 4848 et
2551 4791 2618 4845 97
2639 4808 2758 4848 esse
2783 4795 3139 4862 reperiuntur.
3165 4796 3270 4852 Sed
3293 4798 3408 4855 haec
3427 4800 3582 4854 dilfe-

2012 4883 2183 4935 rentia
2211 4897 2280 4937 ex
2309 4899 2376 4937 eo
2406 4892 2530 4936 nata
2559 4883 2770 4937 videtur
2783 4885 2926 4952 quod
2942 4885 3276 4957 Ancyrauum
3298 4890 3584 4946 concilium

2013 4973 2067 5026 in
2088 4970 2274 5028 Graeco
2303 4973 2490 5028 codice
2538 4973 2724 5041 viginti
2758 4975 2993 5042 quinque
3021 4977 3314 5035 canonibus
3352 4990 3583 5046 constat,

2014 5069 2068 5114 et
2092 5061 2520 5122 Neocaesariense
2547 5061 2854 5130 quindecim
2881 5082 2893 5116 :
2924 5065 2976 5118 in
2999 5062 3184 5120 Latina
3197 5083 3323 5122 vero
3349 5069 3583 5140 Dionysii

2015 5153 2334 5212 collectione
2360 5153 2769 5222 quatuordecim
2798 5163 2855 5208 et
2875 5153 3056 5221 viginti
3080 5165 3310 5224 quatuor
3328 5165 3532 5212 tantum
3566 5179 3578 5213 :

2015 5257 2353 5311 canonesque
2399 5253 2622 5313 quartus
2666 5253 2721 5297 et
2764 5244 2983 5313 quintus
3039 5244 3304 5315 Ancyrani
3351 5249 3585 5318 concilii,

2017 5335 2142 5389 item
2173 5336 2362 5395 tertius
2405 5335 2641 5392 decimus
2682 5344 2736 5393 et
2761 5344 2980 5402 quartus
3022 5336 3260 5395 decimus
3309 5336 3586 5395 Neocmsao

2015 5424 2229 5492 rieusis,
2259 5440 2357 5493 pro
2379 5426 2534 5480 unico
2573 5426 2856 5490 habentur,
2900 5434 2958 5479 ut
2981 5442 3046 5480 ex
3073 5428 3350 5497 utr-iusque
3389 5431 3588 5489 codicis

2016 5515 2304 5578 collatione
2346 5516 2500 5570 facile
2530 5525 2611 5571 est
2648 5516 2954 5571 observare.
3001 5516 3381 5584 Subjuuximus
3423 5530 3479 5575 et
3517 5539 3577 5577 es

2011 5609 2196 5668 codice
2243 5625 2342 5664 ms.
2397 5611 2712 5680 perautiqno
2760 5608 2997 5677 ejusdem
3051 5607 3256 5665 Justelli
3305 5612 3584 5680 epistolam

2013 5700 2322 5772 synodicam
2351 5700 2518 5756 sancti
2545 5699 2725 5770 Cyrilli
2754 5708 2808 5753 et
2848 5699 3056 5754 concilii
3096 5699 3390 5756 dimceseos
3420 5702 3586 5772 Egyr

2010 5789 2104 5860 pti,
2137 5789 2472 5847 Alexandria:
2499 5791 2803 5864 congregati
2844 5805 2984 5858 anno
3015 5790 3118 5844 450
3146 5805 3268 5845 cum
3307 5791 3582 5856 duom:ch

3135 5879 3173 5945 .5
