4128 6348
552 355 650 412 :59
1825 351 2169 409 DiONYSll'S
2210 347 2526 408 ESHIUUS.

3696 357 3808 410 HO

535 469 1006 526 anathematismis
1053 471 1240 525 centra
1284 463 1614 535 Nestorium,
1661 482 1731 521 ex
1760 463 1949 521 Latina
1994 464 2123 521 Dio-

2235 476 2306 522 Γῶ
2336 468 2717 541 εὐλαϐεστὰτῳ,
2759 470 2843 523 καὶ
2885 467 3246 542 summa“?
3298 468 3666 546 συλλειτουργῷ
3705 485 3809 528 Ns-

545 560 680 633 nysii
727 559 918 630 Esigui
964 558 1430 628 interpretatione,
1475 558 1563 613 cui
1610 558 1889 615 epistolam
1920 557 1985 612 ad
2017 553 2121 613 Pe-

547 665 685 709 trum
705 652 988 724 quemdam
1013 650 1323 720 episcopum
1349 650 1461 719 ipse
1487 648 1728 719 pneliltit.
1761 647 1890 716 Qua:
1909 648 2122 718 quidem

545 729 773 817 epistola
795 743 1051 816 synodica
1078 741 1144 796 ah
1169 740 1393 806 Isidoro,
1422 751 1476 795 et
1513 742 1631 796 aliis
1660 741 1750 811 qui
1795 756 1916 796 eum
1955 743 2122 795 secuti

545 843 670 891 sunt
694 833 895 890 Latinis
932 831 1285 888 conciliorum
1331 831 1730 896 collectoribus,
1782 840 1970 884 contra
2007 843 2125 884 om-

547 927 692 982 nium
714 925 872 981 codd.
902 933 1146 980 veterum
1175 922 1485 978 Grazeorum
1511 931 1567 977 et
1604 921 1911 977 Latinorum
1944 919 2122 986 Iidem,

548 1016 796 1073 tribuitur
816 1013 1088 1085 Ephesiae
1105 1012 1335 1067 concilio
1364 1028 1419 1067 ιιι
1442 1011 1797 1075 ωοωηειιίοο,
1821 1012 1963 1080 quod
1985 1025 2125 1064 anno

546 1107 763 1161 demum
804 1103 1048 1172 sequenti
1100 1101 1430 1157 celebratum
1484 1111 1606 1154 esse
1659 1107 1892 1162 constat,
1936 1097 2125 1152 Anicio

551 1197 716 1252 Basso
747 1203 805 1251 et
845 1193 1117 1249 Antiocho
1159 1205 1301 1246 coss.
1331 1188 1457 1246 llzec
1484 1205 1614 1245 vero
1643 1198 1820 1246 exstat
1862 1189 2045 1245 Grmee
2074 1199 2127 1243 et

551 1287 758 1354 Latine,
786 1285 882 1342 sed
903 1285 1005 1340 alia
1035 1283 1301 1346 versione,
1319 1283 1458 1338 inter
1482 1291 1601 1337 acta
1629 1281 1841 1337 concilii
1871 1279 2121 1352 Ephesini

549 1387 659 1434 act.
685 1378 747 1448 Ι,
777 1387 834 1435 et
869 1375 1084 1434 concilii
1113 1375 1693 1446 Constantinopolitani
1722 1390 1754 1428 v
1782 1373 2119 1438 meumenici,

552 1470 732 1525 collat.
764 1471 799 1524 (i
826 1469 954 1526 edit.
1007 1467 1165 1522 Rom.
1215 1475 1270 1520 et
1296 1465 1513 1530 Colon.,
1539 1481 1662 1520 cum
1690 1465 1789 1519 hac
1811 1463 2119 1535 epigraphe,

583 1605 964 1614 Ἣ

2226 562 2415 633 στορίῳ
2445 558 2705 634 Κύριλλτς,
2732 563 2815 613 καὶ
2849 560 2879 617 ἦ
2916 559 3233 614 συνελθοῦσα
3265 557 3476 621 σύνοδος
3505 559 3554 615 ἓν
3579 562 3808 626 Ἀλεξαν-

2226 650 2367 726 δρείᾳ
2413 659 2505 711 τῆς
2555 653 2902 723 [tinea-nanti;
2949 649 3241 712 διοικήσεως
3280 654 3330 705 ἐν
3369 657 3536 732 ιιυρὶῳ¹
3575 659 3811 728 χαίρειν.

2223 741 2368 796 illius
2397 743 2556 795 etiam
2583 741 2821 794 meminit
2847 739 3128 795 Liberatus
3150 739 3558 796 archidiaconus
3580 741 3815 796 Carthah

2224 832 2461 898 ginensis
2495 832 2545 885 in
2576 831 2883 896 Breviario,
2915 831 3004 884 lib.
3049 847 3119 885 tv.
3165 829 3413 903 Cyrinus,
3461 831 3650 901 inquit,
3701 831 3815 886 Νει-

2224 924 2384 976 storio
2405 920 2703 992 synodicam
2726 921 2915 973 direxit
2942 919 3232 986 epistolam,
3257 921 3308 972 in
3331 938 3430 992 qua
3458 931 3507 975 et
3536 921 3811 974 duodecim

2227 1013 2456 1082 capitula
2487 1022 2667 1065 contra
2702 1011 2813 1080 ejus
2838 1009 3024 1077 dogma
3055 1010 3264 1062 dictavit
3293 1020 3341 1062 et
3381 1011 3627 1074 inseruit;
3655 1019 3702 1062 et
3727 1018 3815 1062 est

2227 1101 2537 1170 principium
2567 1115 2583 1153 :
2605 1118 2623 1150 ι
2645 1097 2858 1151 Dicente
2872 1096 3122 1161 Domino,
3152 1095 3250 1161 Qui
3273 1109 3413 1151 amat
3432 1108 3631 1166 patrem
3657 1113 3814 1152 suum

2225 1200 2274 1244 et
2306 1199 2520 1244 matrem
2547 1205 2690 1243 suam
2723 1189 2834 1258 plus
2864 1205 3016 1258 quam
3046 1205 3160 1252 me,
3191 1204 3292 1242 non
3338 1198 3414 1242 est
3455 1203 3533 1240 me
3553 1188 3764 1258 dignus.
3786 1205 3809 1238 ι

2224 1281 2356 1336 Cum
2375 1281 2487 1334 Ιιίῐερ
2509 1280 2575 1333 ad
2592 1279 2901 1334 memoriam
2923 1279 3252 1348 antiquitatis
3270 1278 3542 1333 canonice
3561 1287 3616 1331 et
3635 1278 3818 1332 eccle-

2222 1372 2450 1426 siastica:
2489 1369 2911 1424 conservandam
2942 1377 3262 1438 pertmcant,
3303 1380 3521 1437 operam
3548 1376 3815 1428 nostram,

2226 1461 2420 1528 lector,
2448 1461 2574 1513 boni
2603 1459 2822 1514 consule
2850 1469 2904 1512 et
2929 1455 3190 1513 beneficio
3217 1466 3402 1513 nestro
3431 1458 3625 1513 fruere.

3462 1601 3804 1614 ———

1544 1704 1959 1774 TESTIM
1979 1699 2242 1774 ΟΝΙΑ
2319 1698 2802 1783 ALIQUOT

694 1833 772 1873 na
819 1831 1111 1873 DIONYSIO
1159 1833 1418 1887 εκπίυυ,
1465 1831 1737 1883 εδυερυιζ
1783 1829 2009 1873 ιΔτιΝΑ
2053 1831 2130 1873 CA

2235 1828 2256 1868 Ψ
2269 1827 2354 1869 υΜ
2405 1825 2624 1867 Εοοιιες
2637 1827 2647 1864 l
2659 1825 3014 1868 Αετιεοῐιωι
3062 1822 3673 1867 ΙΝΤΕΒΡΠΒΤΔΤΙΟΠΒ.

627 1998 998 2064 Cassiodorus,
1031 2013 1151 2073 cap.
1184 1991 1252 2056 ‘23
1281 2001 1453 2057 Divin.
1487 1999 1636 2058 Lect.
1667 2021 1678 2056 :
1711 2001 1932 2056 Generat
1963 2001 2119 2055 etiam
2158 2007 2192 2056 tt
2224 2006 2393 2048 annus
2428 1992 2742 2048 Diocletiani
2770 1993 2892 2056 iis,
2923 2001 3039 2064 post
3081 1991 3403 2048 consulatum
3448 1991 3727 2066 Lampadii
3759 2006 3821 2050 et

557 2089 803 2162 hodieque
829 2091 1085 2147 catho.ica
1115 2090 1350 2146 Ecclesia
1374 2095 1508 2149 viros
1531 2095 1758 2148 illustres
1790 2090 2134 2163 probabilium

557 2181 855 2253 dogmatum
897 2181 1078 2237 decore
1102 2183 1396 2254 fulgentes:
1430 2185 1525 2255 fuit
1554 2185 1690 2237 enim
1719 2183 1911 2236 uestris
1943 2187 2136 2251 tempo-

558 2269 697 2323 ri'vus
725 2279 772 2324 et
803 2271 1078 2342 Dionysius
1104 2272 1400 2338 monachus,
1428 2273 1626 2344 Scytha
1654 2273 1884 2336 natione,
1904 2270 1994 2324 sed
2022 2286 2134 2324 mo-

558 2364 698 2416 ribus
726 2363 934 2416 omnino
980 2359 1267 2429 Romanus,
1295 2364 1348 2416 in
1390 2371 1604 2432 utraque
1645 2363 1823 2434 lingua
1862 2362 2012 2416 ualde
2041 2361 2135 2414 do-

559 2453 839 2520 ctissimus,
871 2451 1093 2506 reddens
1121 2452 1410 2507 actionibus
1435 2455 1541 2507 suis
1568 2470 1721 2526 quam
1748 2456 1804 2508 in
1838 2453 1984 2507 libris
2029 2451 2136 2506 Do-

559 2545 687 2599 mini
727 2546 920 2616 legerat
951 2546 1272 2610 segnitatem;
1317 2546 1402 2613 qui
1434 2544 1737 2615 Scripturas
1765 2545 1964 2599 divinas
1994 2551 2139 2596 tanta

550 2635 856 2692 curiositate
909 2636 1220 2690 discusserat
1292 2648 1443 2708 atque
1512 2635 1876 2703 intellexerat,
1934 2646 1989 2688 ut
2039 2653 2138 2688 nn-

551 2727 821 2798 :decunque
861 2727 1206 2795 interrogatus
1253 2727 1430 2797 fuisset
1468 2735 1708 2797 paratum
1752 2726 1959 2780 haberet
1998 2742 2137 2778 com-

553 2824 737 2885 petens
805 2817 918 2870 sine
976 2815 1150 2887 aliqua
1217 2816 1466 2870 dilatione
1525 2824 1842 2887 responsum.
1908 2813 2033 2869 Fuit
2087 2817 2140 2870 in

554 2911 653 2962 illo
716 2923 832 2962 cum
889 2909 1146 2979 sapientia
1202 2919 1395 2981 magna
1465 2911 1814 2980 simplicitas,
1887 2928 1998 2964 cum
2045 2911 2140 2963 do-

563 3001 730 3054 ctrina
792 3000 1076 3062 humilitas,
1117 3007 1231 3054 eum
1260 3002 1504 3073 facundia
1567 3002 1804 3074 loquendi
1871 3004 2141 3073 parcitas:

563 3101 618 3143 ut
679 3093 733 3146 in
771 3091 913 3145 nullo
951 3108 1007 3145 se
1040 3089 1119 3145 uel
1164 3091 1404 3146 eatrcmis
1444 3094 1650 3163 tantulis
1693 3096 1986 3163 anteferret,
2029 3111 2144 3146 cum

566 3179 749 3252 dignus
795 3188 928 3234 esset
973 3195 1151 3250 regum
1193 3182 1303 3234 sine
1338 3181 1658 3236 dubitatione
1703 3184 1990 3253 colloquiis.
2044 3180 2144 3246 Qui

563 3274 748 3340 petitus
787 3281 820 3322 a
867 3270 1132 3340 Stephano
1178 3273 1422 3343 episc0po
1470 3271 1798 3339 Salonitano,
1841 3291 1904 3328 ex
1952 3274 2144 3330 Gra'cis

2239 2086 2456 2142 Orestis.

2305 2178 2461 2233 Joan.
2495 2177 2839 2244 Trithemius,
2869 2175 2962 2231 lib.
2993 2176 3058 2232 de
3085 2176 3283 2247 Script.
3317 2177 3617 2233 ecclesiast.
3647 2196 3662 2231 :
3690 2177 3822 2233 Dio-

2236 2273 2413 2340 nysius
2442 2269 2600 2324 abbas
2637 2270 2923 2337 Romanus,
2954 2278 3288 2341 cognomento
3332 2258 3584 2344 Exiguus,
3617 2274 3694 2326 vir
3733 2275 3824 2326 in-

2238 2365 2387 2432 genio
2407 2373 2454 2416 et
2473 2362 2688 2416 scientia
2709 2377 2928 2434 magnus
2961 2369 3112 2432 atque
3142 2361 3478 2422 clarissimus,
3503 2363 3555 2415 in
3581 2359 3825 2432 Scriptu-

2239 2456 2307 2506 ris
2335 2453 2530 2506 sanctis
2558 2451 2806 2513 eruditus,
2837 2460 2887 2503 et
2912 2451 2965 2503 in
3003 2450 3279 2520 disciplina
3307 2452 3636 2505 eswcrtlari‘um
3678 2452 3824 2506 litte-

2240 2559 2413 2595 rarum
2450 2541 2689 2595 nobiliter
2715 2541 2915 2607 doctus,
2963 2539 3144 2596 Crwco
3173 2553 3224 2596 et
3258 2541 3448 2596 Latino
3477 2543 3677 2614 eloquio
3705 2544 3821 2596 cla-

2241 2653 2348 2700 rus,
2379 2634 2684 2705 computista
2715 2643 2763 2687 et
2789 2635 3072 2688 calculator
3100 2643 3380 2705 temporum
3409 2637 3665 2707 egregius.
3689 2639 3824 2691 scri-

2240 2727 2340 2796 psit
2373 2724 2556 2778 Latino
2585 2742 2818 2780 sermone
2846 2727 3092 2780 nonnulla
3117 2727 3381 2798 opuscula.
3415 2727 3494 2781 De
3521 2729 3698 2800 quibus
3726 2747 3824 2801 ego

2248 2826 2446 2869 tantum
2467 2817 2630 2886 reperi
2651 2817 2740 2869 sub
2738 2816 2875 2886 ⁴ῥυσια
2891 2833 2910 2870 :
2927 2818 3189 2871 Annorum
3231 2813 3336 2871 55?.
3360 2817 3568 2888 Cyclum
3606 2821 3823 2890 pascha-

2242 2913 2341 2964 trm
2375 2926 2652 2980 magnum;
2685 2910 2946 2962 transtulit
2975 2911 3039 2962 de
3079 2909 3260 2964 Graeco
3287 2913 3338 2964 in
3371 2908 3610 2965 Latinum
3650 2903 3820 2965 Vitam

2244 3000 2409 3052 sancti
2439 2995 2671 3051 l’acomii
2701 2996 2923 3063 abbatis,
2946 2999 3130 3050 librum
3159 3015 3354 3069 quoque
3377 2993 3611 3068 Gregorii
3641 2993 3812 3051 Emis-

2225 3083 2353 3142 ‘seni
2376 3089 2438 3142 de
2467 3087 2772 3142 Conditione
2793 3089 3034 3156 hominis,
3057 3098 3105 3140 et
3126 3090 3320 3159 scripta
3348 3087 3573 3142 Proterii
3593 3089 3820 3142 Alexan-

2245 3173 2382 3231 drini
2411 3180 2636 3248 episcopi
2657 3180 2726 3230 ad
2751 3175 2970 3232 Leonem
2999 3195 3207 3249 papam,
3237 3189 3286 3232 et
3314 3181 3547 3250 qutedam
3569 3180 3696 3236 alia.
3728 3179 3818 3234 ln-

2249 3270 2446 3324 choarit
2473 3278 2644 3321 autent
2673 3267 2882 3339 Cyclum
2926 3288 3075 3324 suun;
3125 3288 3263 3325 anno
3303 3271 3516 3327 Domini
3556 3267 3816 3340 53!,etc.

557 3357 942 3430 exemplaribus
986 3371 1214 3414 canones
1248 3362 1650 3428 ecclesiasticos,
1678 3363 1904 3418 moribus
1931 3365 2059 3431 suis,
2089 3375 2136 3418 ut

2246 3358 2558 3432 Claruit’sub
2586 3359 2883 3414 Justiniano
2904 3379 3091 3433 magno
3118 3379 3255 3417 anno
3286 3359 3408 3418 540.

571 3460 681 3502 crat
702 3451 888 3520 planus
908 3459 1060 3520 atque
1080 3451 1320 3516 disertus,
1343 3469 1545 3522 magme
1564 3456 1864 3525 eloquentia:
1885 3455 1994 3509 luce
2012 3470 2145 3508 cont-

568 3541 759 3612 posut't,
788 3557 913 3613 quos
940 3542 1093 3597 hodie
1129 3557 1227 3597 usu
1267 3543 1595 3599 celeberrimo
1631 3543 1867 3600 Ecclesia
1909 3545 2144 3601 Romana

570 3633 937 3703 complectitur.
969 3634 1079 3690 llos
1107 3634 1262 3689 etiam
1287 3642 1486 3705 oportet
1514 3651 1600 3690 vos
1628 3636 1836 3692 assidue
1863 3638 2049 3708 legere,
2080 3655 2145 3692 ne

569 3724 846 3780 videamini
875 3733 981 3780 tam
1001 3722 1256 3780 salutares
1278 3726 1653 3782 ecclesiasticas
1682 3728 1885 3798 regulas
1915 3727 2142 3799 culpabi-

570 3815 688 3870 liter
714 3815 977 3887 ignorare.
1009 3814 1126 3869 Alia
1154 3833 1352 3887 quoque
1379 3817 1541 3871 multa
1571 3834 1637 3872 ea:
1671 3815 1851 3873 Greece
1880 3819 2144 3872 transtulit

569 3907 623 3960 in
653 3903 919 3973 Latinum,
947 3920 1060 3978 qu‘te
1082 3907 1301 3961 utilitati
1333 3916 1548 3979 possunt
1573 3907 1823 3964 Ecclesia:
1853 3910 2139 3964 convenire.

640 4035 808 4109 Beda,
833 4037 910 4092 De
937 4046 1166 4108 temper.
1207 4038 1328 4094 Rat.
1361 4053 1482 4110 cap.
1509 4039 1616 4094 45:
1655 4041 1818 4096 Primi
1849 4043 2144 4098 decennalis

568 4128 749 4183 circuli
770 4143 924 4183 cursu
975 4139 1257 4200 temporum
1282 4131 1416 4186 ordo
1437 4133 1732 4204 prati-gitur
1754 4173 1768 4199 ,
1800 4149 1948 4204 quem
1975 4132 2143 4189 Graeci

571 4223 907 4277 calculatores
927 4239 960 4276 α
983 4221 1294 4279 Diocletiani
1316 4224 1565 4294 principis
1593 4226 1749 4281 annis
1775 4224 2142 4282 observavere:

571 4315 662 4368 sed
706 4312 990 4385 Dionysius
1031 4314 1338 4370 venerabilis
1388 4316 1552 4370 abbas
1599 4315 1849 4370 Romane
1891 4315 2054 4381 urbis,
2096 4326 2146 4371 et

571 4405 828 4477 utriusque
856 4405 1064 4477 lingua,
1090 4403 1284 4460 Greece
1311 4406 1542 4460 videlicet
1561 4415 1610 4459 et
1634 4403 1851 4470 Latinio,
1874 4423 1976 4460 non
1995 4407 2146 4479 igne.

571 4496 660 4550 bili
688 4497 934 4567 pracditus
962 4497 1196 4562 scientia,
1225 4497 1496 4567 paschales
1521 4497 1750 4552 scribens
1780 4499 2017 4564 circulos,
2045 4515 2145 4554 no-

574 4584 668 4640 luit
695 4585 790 4650 eis,
826 4586 960 4640 sicut
991 4586 1102 4656 ipse
1141 4594 1382 4653 testatur,
1411 4587 1708 4642 memoriam
1737 4588 1883 4657 impii
1911 4603 2147 4658 persecu-

575 4677 700 4730 toris
727 4677 1004 4744 innectere,
1035 4676 1127 4731 sed
1151 4677 1320 4748 magis
1357 4677 1510 4748 elegit
1539 4677 1604 4730 ab
1635 4675 2006 4734 lncarnatione
2031 4675 2143 4734 De-

572 4766 700 4820 mini
727 4767 890 4821 nostri
912 4767 1038 4822 Jesu
1067 4766 1259 4822 Christi
1291 4776 1522 4838 tempore
1547 4777 1871 4840 pranotare;
1899 4780 2119 4843 quatenu

568 4857 838 4913 exordium
864 4860 972 4931 spei
992 4867 1184 4915 nostra
1209 4859 1382 4916 notius
1405 4860 1553 4916 nobis
1579 4863 1841 4918 existeret.

642 4988 813 5057 idem,
846 4989 900 5045 in
927 4987 1197 5045 Chronico
1221 5004 1318 5045 seu
1355 4987 1449 5045 lib.
1490 4984 1566 5046 De
1605 4991 1700 5047 sex
1738 4988 2003 5060 :etatibus,
2047 5001 2136 5047 an.

569 5080 755 5137 mundi
782 5079 924 5136 “80
947 5097 962 5136 :
988 5077 1272 5152 Dionysius
1299 5080 1570 5153 paschales
1607 5082 1786 5136 scribit
1813 5085 2027 5139 circulos
2051 5083 2138 5138 in-

573 5176 766 5247 cipiens
795 5174 861 5230 ab
888 5188 1026 5232 anno
1053 5174 1328 5230 dominica
1361 5171 1748 5230 Incarnationis
1790 5173 1918 5246 552,
1941 5179 2027 5250 qui
2065 5187 2142 5232 est

2316 3448 2395 3502 ΕΚ
2424 3450 2615 3502 Annal.
2662 3451 2962 3506 ecclesiast.
3010 3451 3236 3508 Censoris
3280 3451 3495 3508 Baconii
3535 3447 3820 3510 cardinalis

2244 3560 2334 3597 an.
2359 3541 2485 3607 525,
2511 3560 2659 3597 mnn.
2688 3543 2788 3598 123
2817 3563 2829 3597 :
2861 3544 2922 3599 Si
2944 3539 3169 3615 ﬁdelitas
3193 3558 3344 3616 atque
3362 3548 3547 3618 peritia
3575 3550 3626 3600 in
3655 3559 3817 3600 trans-

2245 3636 2480 3706 ferendo,
2513 3647 2562 3691 et
2591 3638 2863 3691 sinceritas
2890 3639 2944 3690 in
2971 3636 3170 3691 edendo
3211 3655 3364 3710 quam
3391 3639 3620 3693 maxima
3650 3639 3813 3710 requi-

2243 3736 2422 3790 ratur,
2456 3727 2601 3782 nulla
2627 3730 2827 3800 exquiri
2863 3739 3026 3799 potest
3053 3729 3211 3784 editio
3245 3732 3476 3784 exactior
3512 3741 3663 3802 atque
3688 3731 3821 3802 ﬁde»

2243 3817 2342 3871 lior
2369 3835 2521 3889 quam
2551 3835 2664 3891 qua:
2692 3818 2958 3872 elaborata
2998 3828 3073 3873 est
3095 3837 3127 3872 a
3154 3837 3342 3893 magno
3366 3822 3476 3885 illo,
3503 3822 3595 3875 sed
3627 3839 3819 3893 cogno-

2243 3919 2414 3965 mento
2462 3907 2668 3982 Exiguo
2717 3909 2990 3982 Dionysio,
3029 3911 3174 3981 cujus
3212 3913 3457 3967 eximiam
3504 3915 3555 3966 in
3603 3922 3819 3984 utraque

2244 3999 2421 4071 lingua
2450 4003 2715 4071 peritiam,
2742 4010 2790 4056 et
2819 4018 3021 4055 morum
3059 4005 3315 4074 egregiam
3343 4005 3647 4075 probitatem
3686 3999 3818 4059 Cus-

2243 4093 2481 4146 siodorus
2510 4095 2684 4165 dignis
2714 4094 2949 4148 laudibus
2975 4097 3190 4165 miriﬁce
3217 4097 3484 4166 praedicat.

2318 4181 2452 4236 Rob.
2486 4183 2837 4238 Bellarminus
2862 4186 3166 4252 cartlinalis,
3197 4186 3264 4242 de
3292 4187 3486 4258 Script.
3516 4193 3820 4248 ecclesiast.

2245 4291 2333 4328 an.
2364 4273 2465 4328 525
2494 4293 2506 4328 :
2538 4274 2820 4346 Dionysius
2843 4273 3095 4348 Exiguus.
3122 4279 3330 4334 natione
3355 4279 3568 4352 Scytha,
3595 4284 3687 4337 sed
3711 4301 3825 4338 mo-

2245 4364 2382 4419 ribus
2419 4363 2700 4430 Romanui,
2731 4368 3164 4436 quemadmodum
3194 4382 3527 4442 cognomento
3562 4371 3822 4447 Exiguus,

2244 4457 2336 4510 sed
2385 4457 2626 4511 doctrina
2671 4469 2720 4512 et
2765 4461 3042 4515 sanctitate
3083 4464 3369 4528 maximus,
3417 4464 3546 4518 uixit
3595 4475 3825 4537 tempore

2249 4547 2550 4604 Theoderici
2599 4551 2732 4621 regis
2780 4550 2977 4618 Italiaz,
3029 4563 3077 4608 et
3120 4571 3469 4609 successorum
3513 4558 3667 4628 ejus:
3699 4575 3826 4611 nam

2247 4656 2385 4694 anno
2427 4637 2530 4693 527
2558 4641 2763 4712 scripsit
2816 4640 3026 4714 Cyclum
3057 4646 3369 4715 paschalem,
3402 4655 3452 4700 et
3485 4650 3678 4702 omissa
3703 4665 3828 4718 pro-

2122 4780 2149 4825 ⁸
2180 4753 2226 4812 ι)
2253 4731 2380 4803 fana
2406 4733 2759 4788 numeratione
2783 4751 3037 4788 annorum
3061 4735 3124 4788 ab
3151 4737 3365 4806 imperio
3390 4735 3701 4792 Diocletiani
3728 4740 3828 4791 im-

2250 4823 2322 4892 pii
2350 4826 2706 4892 persecutoris,
2749 4843 3019 4880 numerare
3047 4827 3191 4897 capit
3221 4826 3285 4881 ab
3317 4827 3687 4884 lncarnatione
3716 4825 3829 4884 Do-

2251 4913 2380 4966 mini
2425 4911 2549 4969 Jesu
2579 4911 2791 4969 Christi.
2819 4913 3042 4988 Scripsit
3067 4927 3318 4986 prtetcrea
3347 4917 3712 4975 Collectiouem
3739 4937 3830 4974 sa-

2249 5022 2456 5062 crorum
2517 5026 2802 5074 canonum,
2842 5027 2906 5063 ex
2950 5013 3180 5067 conciliis
3218 5012 3467 5070 Ecclesia:
3508 5017 3778 5072 catholica
3809 5033 3829 5073 :

2249 5113 2397 5166 quem
2442 5107 2624 5167 postea
2670 5101 2860 5154 imitati
2908 5113 3026 5156 sunt
3075 5102 3336 5160 Martinus
3389 5106 3726 5162 Bracarensis
3773 5116 3829 5162 et

2251 5185 2572 5243 Cresconius.

563 5287 3694 5323 ___.___________________________

1063 5371 1368 5438 CODICIS
1409 5369 1789 5438 CANONUM
1831 5375 2615 5443 ECCLESIASTICORUM
2664 5382 3010 5447 DlONYSll
3057 5387 3343 5450 EXIGUI

1927 5513 2471 5596 PREFATIO.
3336 5514 3342 5518 ’

1987 5649 2384 5663 _—-———

645 5705 870 5763 Domino
895 5705 1200 5764 venerando
1229 5707 1359 5764 mihi
1391 5706 1535 5766 Patri
1580 5707 1854 5782 Stephano
1890 5709 2147 5781 episcopo

569 5794 854 5869 Dionysius
884 5793 1115 5870 Exiguus
1143 5796 1198 5852 in
1225 5797 1452 5856 Domino
1481 5800 1728 5855 salutem.

2324 5709 2580 5776 Quamvis
2634 5715 2979 5772 charissimus
3039 5717 3203 5776 frater
3248 5734 3433 5780 noster
3482 5724 3830 5790 Laurentius,

2252 5805 2462 5862 assidua
2488 5816 2542 5863 et
2571 5807 2813 5863 familiari
2842 5810 3216 5869 cohortatione
3243 5819 3562 5883 parvitatem
3582 5820 3824 5868 nostram
