4128 6348
298 326 395 380 ιιι

282 710 727 768 consideratione
739 716 971 784 suscepi,
988 717 1070 771 cui
1084 716 1326 775 Christus
1351 724 1691 794 omnipotens
1708 729 1869 798 Deus,

288 801 450 855 solita
481 804 691 872 populis
718 806 920 874 pietate
957 811 1309 880 prospiciens,
1360 820 1555 874 summi
1581 822 1869 880 sacerdotii

285 896 521 959 contulit
546 897 878 966 dignitatem.
922 901 992 957 Ut
1021 902 1161 958 inter
1187 907 1412 974 plurima
1448 911 1661 973 virtutis
1703 930 1869 979 orna-

284 996 489 1051 menta,
519 990 713 1057 quibus
740 990 1032 1053 Ecclesiam
1079 995 1289 1053 Domini
1338 1017 1543 1069 morum
1586 1009 1870 1069 sanctitate

280 1076 641 1147 nondecoras,
692 1082 851 1137 etiam
883 1086 1242 1145 sacratissima
1279 1087 1423 1158 jura,
1472 1094 1867 1162 pontiﬁcalibus

287 1179 387 1232 per
432 1165 526 1221 Dei
573 1171 797 1235 gratiam
848 1172 1051 1241 digesta
1099 1181 1491 1250 conventibus,
1545 1184 1862 1247 intemerata

284 1270 646 1332 conservans,
696 1264 934 1333 perfecto
984 1268 1245 1336 regimine
1291 1273 1493 1328 clerum
1546 1276 1863 1349 plebemque

279 1347 614 1403 modereris:
650 1354 955 1410 nullatenus
980 1361 1150 1421 nostri
1180 1363 1355 1416 smculi
1387 1380 1535 1419 more
1558 1378 1862 1435 contentus,

276 1451 391 1503 quo
440 1441 663 1506 pronius
692 1444 1064 1501 desideramus
1090 1459 1236 1505 recta
1266 1468 1426 1508 nosse
1456 1470 1615 1522 quam
1649 1457 1823 1512 facere
1843 1501 1859 1525 ,

276 1527 377 1581 sed
422 1528 605 1585 divino
628 1532 848 1598 junctus
886 1539 1107 1607 auxilio,
1136 1557 1256 1610 qua:
1286 1544 1397 1598 ﬁeri
1452 1548 1693 1617 prtecipis
1738 1560 1862 1605 ante

277 1616 546 1685 perﬁcias,
599 1631 656 1676 nt
698 1625 1073 1684 efﬁcacissime
1118 1632 1356 1690 ﬁdelibus
1386 1639 1559 1704 prosis
1589 1616 1857 1709 esemplo.

277 1705 471 1776 lagna
500 1723 585 1766 est
617 1714 877 1782 siquidem
906 1720 1141 1785 iubentis
1170 1725 1480 1790 auctoritas,
1529 1727 1714 1783 eadem
1743 1732 1856 1798 pri-

269 1799 439 1855 mitus
462 1805 609 1868 jussa
639 1807 979 1874 complentis,
1036 1822 1302 1879 quatenus
1333 1816 1639 1872 inconvulsa
1670 1818 1857 1876 Eccle-
1890 1835 1928 1891 ιε

274 1888 473 1942 siastici
502 1892 703 1947 ordinis
733 1893 1012 1965 disciplina
1061 1901 1381 1957 inviolabilis
1425 1921 1746 1975 permanens
1784 1911 1850 1963 ad

268 1982 658 2046 capessendum
688 2000 925 2054 perenne
956 1992 1233 2059 prmmium
1262 1993 1581 2052 Christianis
1609 2002 1857 2055 omnibus

267 2076 495 2134 pmstat
518 2085 794 2127 accessum
819 2094 832 2128 :
876 2092 973 2146 per
999 2094 1157 2148 quem
1187 2088 1357 2138 sancti
1390 2089 1644 2154 praesules
1669 2100 1853 2158 paler-

274 2154 360 2208 nis
385 2160 697 2215 muniantur
723 2167 952 2235 regulis,
980 2178 1033 2223 et
1062 2172 1374 2231 obedientes
1405 2178 1584 2246 populi
1614 2154 1857 2249 spiritua-

272 2243 414 2302 libus
440 2249 745 2307 imbuantur
776 2260 1057 2329 exemplis.
1111 2260 1165 2315 ιιι
1197 2243 1458 2335 principio
1477 2243 1668 2337 itaque
1697 2286 1855 2326 cano-

269 2348 372 2390 nes
389 2339 481 2405 qui
502 2339 753 2397 dicuntur
762 2345 1141 2415 Apostolorum
1163 2353 1229 2407 de
1243 2354 1429 2410 Graeco
1455 2361 1848 2418 transtulimus:

269 2456 1330 2517 Μ

899 2480 1099 2490 -—..

1102 2485 1392 2496 σῇ...-

1390 2502 1585 2516 6.--ιὺ

1591 2505 1787 2521 ,συ-...-

800 2568 1140 2630 llEGUL/E
1190 2575 1819 2647 ECCLESIASTJCJ'E
1864 2590 1902 2649 S

1281 340 1505 395 (ἒῦῧεὶ
1538 342 1862 402 CANONUM
1902 349 2572 418 ECCLESIASTICORUM

293 410 508 505 regulas
537 440 925 497 ecclesiasticas
953 444 1021 499 de
1048 444 1233 502 Grch
1262 450 1555 506 transferre
1586 457 1872 525 pt-pulerit,
1904 471 1945 521 ’Λ

289 528 610 585 confusione
627 533 789 586 credo
811 535 997 603 prisca:
1026 539 1383 596 translationis
1403 541 1657 612 offensus,
1683 546 1876 603 nihilo-

288 621 473 677 minus
516 631 698 677 tamcn
763 625 1029 695 ingestum
1082 629 1318 686 laborem
1366 642 1470 689 tute
1532 636 1876 699 beatitudinis

1394 2490 1501 2505 Ρ-
1529 2492 1917 2505 τεῇ-..-ες-

3453 387 3554 452 ut;

1978 464 2169 530 quibus
2197 471 2322 536 quia
2366 472 2576 540 plurimi
2625 492 2946 536 consensum
2974 500 3082 541 non
3115 491 3391 558 praebuere
3422 474 3550 550 facis

1976 558 2102 621 lem,
2135 562 2238 617 hoc
2266 566 2437 634 ipsum
2468 578 2696 625 vestram
2726 575 2991 634 noluimus
3021 580 3267 649 ignorare
3296 592 3550 645 sanctita«

1976 655 2084 703 tem
2108 692 2124 719 ,
2154 657 2394 723 quamvis
2420 668 2605 727 postea
2646 665 2888 731 quendam
2915 672 3201 729 constituta
3233 678 3545 751 pontificum

1973 755 2039 795 ex
2071 743 2198 811 ipsis
2225 750 2521 806 canonibus
2543 764 2814 823 assumpta
2848 773 2967 815 esse
2995 764 3300 823 videantur.
3347 769 3549 827 Deinde

1974 834 2184 901 regulas
2214 835 2439 893 Nicaeus:
2463 844 2675 912 synodi,
2724 854 2778 900 ct
2826 849 3077 925 deinceps
3107 858 3345 913 omnium
3375 867 3548 920 concio

1972 924 2188 995 liorum,
2227 930 2341 985 sive
2367 946 2486 1001 qua:
2528 946 2654 991 ante
2694 954 2847 1003 eam,
2894 942 3006 999 sive
3044 962 3163 1015 quce
3208 956 3545 1023 postmodum

1971 1015 2109 1073 facta
2141 1029 2298 1088 sunt,
2327 1020 2497 1093 usque
2526 1027 2594 1080 ad
2623 1032 2881 1100 synodum
2913 1045 3130 1092 centum
3161 1015 3544 1115 quinquaginta

1968 1110 2301 1179 pontificum,
2324 1118 2414 1185 qui
2443 1120 2579 1187 apud
2604 1120 3122 1197 Constantinopolim
3151 1147 3539 1206 convenerunt,

1967 1202 2065 1256 sub
2095 1206 2281 1261 ordine
2304 1221 2672 1277 numerorum,
2705 1215 2755 1269 id
2786 1228 2868 1272 est
2893 1235 2923 1273 a
2955 1223 3127 1293 primo
3166 1229 3344 1299 Capite
3373 1248 3544 1302 usque

1967 1291 2036 1344 ad
2064 1297 2414 1359 centesimum
2445 1306 2837 1370 sexagesimum
2862 1292 3127 1382 quintum,
3155 1317 3292 1372 sicut
3318 1321 3544 1377 habetur

1966 1381 2018 1434 in
2048 1382 2229 1438 Graeca
2258 1392 2598 1458 auctoritate,
2636 1395 2972 1463 digessimus.
3006 1381 3138 1458 Tum
3180 1410 3351 1464 sancti
3379 1410 3540 1466 Chal,

1965 1473 2281 1529 cedonensis
2302 1481 2513 1534 concilii
2541 1484 2757 1539 decreta
2783 1490 3094 1562 subdentes,
3130 1497 3182 1550 in
3214 1497 3295 1554 his
3322 1501 3541 1558 Graeco-

1966 1576 2080 1612 rum
2109 1578 2373 1619 canonum
2402 1565 2561 1625 ﬁnem
2595 1585 2713 1628 esse
2740 1575 3095 1639 declaramus.
3142 1584 3221 1640 Ne
3257 1588 3383 1658 quid
3414 1607 3541 1660 pra:-

1964 1658 2108 1705 terea
2140 1655 2342 1709 notitia:
2370 1668 2561 1713 vestra:
2586 1665 2779 1719 credar
2812 1670 2946 1724 velle
2971 1655 3307 1745 subtrahere,
3339 1690 3538 1743 statuta

1960 1756 2176 1809 quoque
2195 1743 2530 1804 Sardicensis
2554 1754 2769 1809 concilii
2790 1767 2951 1827 atque
2981 1761 3247 1832 Africani,
3434 1773 3536 1827 La-

1964 1832 2071 1887 tine
2096 1846 2220 1889 sunt
2243 1839 2409 1906 edita,
2459 1844 2569 1899 suis
2593 1860 2623 1897 a
2652 1848 2807 1904 nobis
2837 1855 3074 1910 numeris
3100 1874 3392 1917 cernuntur
3418 1882 3535 1921 esse

1960 1927 2227 1984 distincta.
2266 1930 2639 1991 [lnivcrsarum
2663 1954 2792 1996 vero
2820 1944 3186 2004 deﬁnitionum
3217 1952 3394 2009 titulos
3416 1970 3534 2029 post

1959 2017 2096 2074 hanc
2146 2021 2508 2091 prtel‘atiouem
2557 2030 2792 2085 strictius
2839 2035 3170 2105 ordinantes,
3221 2058 3284 2097 ea
3331 2061 3450 2115 quae
3476 2050 3532 2105 in

1959 2110 2178 2178 singulis
2205 2117 2431 2183 sparsiet
2475 2128 2600 2176 sunt
2626 2126 2962 2195 promulgata
2989 2133 3246 2200 conciliis.
3295 2142 3393 2197 sub
3425 2159 3531 2197 uno

1957 2214 2176 2272 aspectu
2206 2207 2517 2273 locavimus,
2566 2222 2627 2273 ut
2650 2217 2715 2272 ad
2744 2217 3139 2288 inquisitionem
3162 2229 3431 2300 cujusque
3454 2238 3529 2291 rei

1955 2298 2330 2369 compendium
2360 2301 2575 2371 aliquod
2604 2308 2846 2369 attulisse
2875 2312 3168 2372 videamur.

1908 2590 2336 2653 ANCTORUM
2380 2597 2428 2655 Α
2441 2597 2899 2664 POSTOLORU
2905 2605 2963 2664 Μ
2973 2652 2988 2679 ,

870 2704 1174 2753 ΡΒΟιΑΤιΕ
1217 2713 1338 2756 PER
1388 2715 1773 2764 CLEMENTEM
1821 2726 2131 2774 ECCIESIE
2180 2731 2455 2779 ROMANIS
2491 2735 2898 2801 PONTIFICEII.

696 2894 773 2950 De
798 2900 1127 2957 ordinatione
1149 2907 1395 2977 episcopi.

322 2977 369 3037 ί.
402 2979 695 3053 Episcopus
722 3000 754 3039 a
774 2988 987 3047 duobus
1034 3002 1128 3048 aut
1181 2998 1351 3053 tribus
1393 2999 1662 3071 episcopis
1688 3002 1832 3057 ordi-

246 3080 436 3133 natur.

1946 2916 2015 2971 Ut
2052 2921 2355 2996 sacerdotes:
2398 2934 2448 2978 et
2487 2930 2714 3051 ministri
2751 2933 2936 2989 altaris
3000 2940 3339 2998 stecularibus
3379 2949 3525 3006 curis.

2560 3015 2591 3050 α
2628 3008 2874 3051 sttneant-

2560 3008 2874 3056 abstineant.

2005 3078 2115 3133 VII.
2158 3080 2472 3154 Episcopus,
2504 3096 2598 3142 aut
2639 3092 2937 3164 presbyter,
2990 3106 3083 3151 aut
3122 3099 3379 3165 diaconus
3416 3122 3515 3163 ne-

280 3179 361 3236 De
384 3186 710 3243 ordinatione
735 3192 1037 3264 presbyteri,
1075 3204 1125 3249 et
1152 3198 1380 3267 diaconi,
1403 3209 1452 3254 et
1480 3212 1799 3267 cteterorum.
1862 3193 1908 3254 Ο
1939 3187 2203 3280 ‘luqu‘a'l‘
2256 3180 2539 3235 summes
2598 3197 2757 3239 curas
2814 3199 3092 3244 assumam
3128 3210 3142 3266 ί
3184 3210 3279 3280 .sm
3330 3198 3509 3273 amen

314 3292 387 3353 ιι.
419 3293 705 3372 Presbyter
732 3304 797 3358 ab
829 3320 932 3361 uno
953 3308 1213 3381 episcopo
1242 3312 1629 3385 ordinetur,-et
1649 3317 1829 3376 diaco~

252 3402 376 3453 nus,
401 3399 457 3444 et
486 3393 675 3463 reliqui
699 3397 901 3453 clerici.

248 3492 405 3557 Nihil
431 3501 574 3557 aliud
600 3505 653 3560 in
680 3511 962 3594 sacri/icio,
985 3522 1172 3594 printer
1192 3517 1330 3587 quod
1355 3517 1601 3577 Dominus
1621 3526 1824 3594 statuit,

866 3582 1206 3651 oﬂerendum.

317 3657 406 3713 liii.
440 3661 495 3717 Si
526 3667 646 3733 quis
675 3670 978 3740 episcopus,
1008 3683 1102 3727 aut
1132 3676 1426 3749 presbyter,
1459 3690 1652 3751 prteter
1676 3685 1825 3739 ordi-

252 3751 531 3817 nationem
564 3755 792 3823 Domini,
827 3762 930 3815 alia
959 3766 1200 3832 qumdam
1242 3768 1296 3825 in
1340 3771 1603 3827 sacrilicio
1634 3773 1825 3830 olTerat

244 3856 407 3910 super
430 3845 635 3900 altare:
689 3850 740 3903 id
770 3860 851 3905 est
879 3863 970 3915 aut
1012 3856 1136 3920 incl,
1178 3866 1272 3913 aut
1298 3858 1398 3921 lac,
1431 3872 1524 3916 aut
1566 3879 1667 3933 pro
1699 3867 1822 3927 vino

240 3932 491 4002 siceram,
521 3944 575 3990 et
602 3939 843 3997 confecta
872 3946 1143 4013 quaedam,
1176 3956 1269 4002 aut
1295 3952 1554 4021 volatilia,
1585 3963 1676 4011 aut
1704 3959 1820 4011 ani-

251 4025 409 4078 malia
455 4028 651 4097 aliqua,
699 4041 791 4087 aut
820 4034 1123 4102 legumina:
1172 4050 1358 4093 contra
1385 4044 1819 4102 constitutionem

248 4111 457 4171 Domini
486 4116 709 4186 faciens,
748 4138 985 4193 congruo
1018 4135 1259 4198 tempore
1284 4130 1603 4200 deponatur.

238 4220 373 4287 Qua
400 4228 594 4309 species
613 4230 683 4309 ad
724 4232 890 4309 altare
920 4251 1023 4309 non
1054 4237 1124 4289 ad
1148 4240 1483 4309 sacriﬁcium,
1511 4244 1604 4297 sed
1642 4246 1713 4300 ad
1732 4245 1820 4309 be-

458 4298 796 4355 nedictionem
826 4306 1107 4375 simplicem
1132 4298 1351 4365 debeant
1373 4298 1621 4373 exhiberi.

308 4406 396 4462 IV.
420 4408 609 4467 Oﬁ'erri
632 4429 741 4472 non
773 4415 932 4471 liceat
966 4418 1168 4487 aliquid
1197 4420 1262 4480 ad
1291 4422 1463 4479 altare
1493 4435 1689 4494 pratter
1715 4444 1814 4489 no-

238 4513 334 4552 vas
363 4500 538 4570 spicas
565 4512 625 4561 et
653 4521 820 4572 uvas;
861 4515 922 4563 et
965 4508 1143 4571 oleum
1192 4512 1257 4567 ad
1284 4512 1585 4579 luminaria,
1618 4526 1674 4573 et
1701 4519 1814 4591 thy-

234 4588 455 4657 miama,
487 4591 538 4644 id
566 4601 649 4646 est
677 4595 951 4661 incensum
976 4616 989 4651 :
1041 4608 1283 4673 tempore
1323 4618 1431 4672 quo
1455 4614 1639 4662 sancta
1662 4609 1809 4667 cele-

232 4679 420 4737 bratur
447 4683 671 4749 oblatio.

231 4785 382 4861 Quod
409 4808 469 4845 ea
498 4810 612 4863 qua:
636 4797 693 4848 in
748 4798 978 4877 ecclesiis
1010 4804 1205 4877 omni
1233 4822 1336 4859 non
1364 4818 1597 4877 possunt,
1626 4811 1697 4867 ad
1720 4813 1809 4871 do-

455 4880 565 4917 mus
585 4868 908 4933 sacerdotum
932 4890 965 4925 a
987 4868 1228 4941 ﬁdelibus
1255 4868 1573 4945 deférantur,

299 4950 364 5007 γ.
398 4952 619 5029 Reliqua
643 4975 797 5026 poma
824 4965 1003 5018 omnia
1046 4966 1114 5023 ad
1148 4967 1367 5023 domum
1414 4971 1661 5041 primitiae
1688 4972 1806 5049 cpio

229 5054 396 5110 scopo
434 5050 491 5103 et
530 5049 853 5119 presbyteris
895 5053 1212 5123 dirigantur,
1267 5074 1367 5119 nec
1414 5059 1706 5118 offerantur
1752 5065 1802 5119 in

227 5130 402 5193 altari.
428 5130 656 5190 .ﬂertum
682 5146 768 5193 est
816 5149 997 5204 autem
1025 5147 1170 5213 quod
1201 5147 1467 5217 episcopis
1500 5159 1555 5212 et
1582 5153 1805 5224 presby-

232 5221 359 5281 teris
388 5222 651 5294 dividant,
680 5238 736 5283 et
764 5231 1025 5303 diaconis,
1052 5244 1107 5289 et
1137 5238 1354 5308 reliquis
1383 5242 1613 5297 clericis.

224 5329 297 5392 Ut
320 5336 610 5409 episcopus,
650 5352 742 5426 aut
778 5345 1041 5417 presbyter
1060 5365 1273 5426 mrem
1291 5368 1458 5418 suam,
1483 5373 1635 5426 quam
1657 5358 1801 5417 debet

608 5423 749 5467 caste
779 5431 972 5485 regere,
1005 5436 1107 5473 non
1129 5422 1405 5491 relinquat.

293 5492 376 5555 VL
430 5495 760 5572 Episcopus,
792 5516 885 5563 aut
929 5510 1210 5580 presbyter
1262 5528 1483 5567 uxorem
1523 5518 1797 5587 propriam

218 5594 553 5655 nequaquam
590 5594 693 5649 sub
723 5595 945 5659 obtentu
977 5601 1245 5669 religionis
1289 5602 1542 5673 abjiciat:
1598 5608 1642 5663 si
1671 5625 1798 5667 vero

219 5679 482 5744 reiecerit,
515 5689 1031 5758 excommunicetur,
1058 5692 1150 5748 sed
1179 5701 1234 5748 et
1263 5694 1305 5747 si
1342 5699 1791 5767 perseveraverit,

216 5759 513 5830 deiiciatur.
1343 5759 1373 5791 ’⁷

1934 3264 2274 3334 dejiciantur.

2246 3382 2362 3451 Quo
2393 3391 2620 3456 tempore
2645 3385 2856 3443 Pascha
2882 3391 3184 3449 calcaretur.

1998 3489 2130 3544 Ylll.
2165 3492 2218 3545 Si
2247 3494 2366 3562 quis
2394 3496 2698 3567 episcopus,
2729 3509 2823 3554 aut
2850 3504 3150 3575 presbyter,
3184 3516 3279 3562 aut
3317 3510 3504 3581 diacoe-

1926 3593 2026 3633 nus
2052 3590 2293 3637 sanctum
2324 3582 2541 3640 Pascha:
2567 3588 2709 3643 diem
2736 3598 2863 3646 ante
2889 3594 3107 3649 vernale
3124 3600 3503 3668 aequinoctium

1924 3683 2047 3722 cum
2075 3668 2270 3726 Judteis
2295 3675 2669 3741 celebravcrlt,
2702 3680 3003 3750 abjiciatur.

1926 3775 2075 3841 Quod
2112 3782 2336 3837 ministri
2378 3785 2598 3854 altaris,
2641 3788 2902 3871 oblatione
2947 3794 3226 3865 celebrata,
3277 3802 3501 3860 debeant

2495 3873 2898 3916 communicare.
3480 3896 3483 3901 '

1989 3959 2093 4016 lX..
2110 3961 2169 4017 Si
2196 3967 2316 4033 quis
2336 3966 2640 4038 episcopus,
2670 3979 2762 4024 aut
2784 3975 3082 4046 presbyter,
3107 3988 3201 4034 aut
3218 3981 3499 4053 diaconus,

1919 4052 2005 4109 vel
2031 4054 2258 4121 quilibet
2280 4072 2352 4114 ex
2379 4061 2700 4115 sacerdotali
2728 4066 2995 4135 catalogo,
3029 4069 3167 4125 facta
3196 4052 3494 4144 oblatione,

1919 4158 2028 4197 non
2053 4147 2531 4203 communieaverit
2556 4167 2571 4203 :
2602 4160 2696 4211 aut
2716 4168 2932 4210 caussm
2961 4158 3121 4226 dicat,
3155 4169 3234 4229 ut,
3264 4166 3309 4218 si
3333 4169 3498 4233 ratio-

1918 4235 2111 4293 nabilis
2140 4237 2321 4305 fuerit,
2374 4241 2581 4297 veniam
2609 4257 3007 4315 consequatur;
3058 4262 3151 4306 aut
3192 4256 3237 4308 si
3276 4272 3382 4311 non
3412 4259 3494 4313 di-

1918 4325 2076 4388 serit,
2127 4330 2507 4387 communione
2548 4333 2812 4403 privetur,
2863 4346 3114 4410 tanquam
3162 4346 3253 4413 qui
3290 4350 3493 4418 pepnlo

1912 4428 2077 4468 causa
2122 4415 2354 4472 ltesionis
2379 4419 2663 4491 exstiterit,
2720 4422 2856 4481 dans
2892 4431 3256 4499 suspicionem
3290 4415 3379 4491 ﬁde
3423 4453 3492 4497 eo

1917 4504 2009 4571 qui
2037 4506 2371 4573 sacrilieavit,
2404 4511 2546 4578 quod
2572 4522 2719 4570 recte
2740 4531 2845 4570 non
2876 4518 3161 4577 obtulerit.

1918 4610 2068 4677 Quod
2104 4616 2283 4687 ﬁdeles
2314 4620 2467 4689 laici,
2511 4625 2852 4702 ingredientes
2879 4631 3168 4702 ecclesiam,
3197 4643 3484 4697 communi-

2498 4709 2620 4748 care
2640 4696 2880 4753 debeant.

1983 4794 2049 4859 Χ.
2095 4796 2292 4859 Omnes
2319 4800 2507 4860 ﬁdeles
2548 4808 2639 4875 qui
2688 4810 3054 4876 ingrediuntur
3096 4818 3403 4888 ecclesiam,
3432 4834 3488 4883 et

1908 4884 2213 4956 Scripturas
2236 4893 2531 4959 audientes,
2560 4914 2665 4950 non
2689 4910 2873 4963 autem
2900 4918 3250 4975 perseverant
3278 4911 3330 4965 in
3358 4928 3486 4983 ora-

1908 4978 2075 5045 tione,
2108 4998 2209 5037 nec
2247 4994 2485 5049 sanctam
2510 4993 2940 5051 communionem
2982 5000 3305 5069 percipiunt,
3336 5007 3486 5069 velut

1907 5069 2300 5140 inquietudincs
2323 5074 2571 5157 Ecclesia:
2600 5096 3021 5155 commoventes,
3054 5092 3305 5151 convenit
3331 5110 3483 5157 ευιιις

1905 5176 2161 5219 munione
2183 5176 2402 5234 privari.

2036 5274 2187 5345 Quod
2213 5295 2328 5335 cum
2353 5286 2811 5345 excommunicatis
2839 5307 2942 5345 non
2971 5294 3039 5347 sit
3064 5295 3339 5351 orandum.

1977 5384 2063 5441 XI.
2094 5386 2149 5441 Si
2177 5390 2297 5458 quis
2324 5406 2445 5445 cum
2474 5401 2965 5462 excommunicato,
3008 5404 3197 5459 saltem
3227 5406 3282 5460 in
3302 5407 3473 5479 nemo

1896 5475 2058 5533 simul
2080 5478 2331 5544 oraverit,
2365 5482 2467 5539 iste
2495 5488 2870 5545 communione
2899 5494 3156 5563 privetur.

2022 5570 2173 5659 Quod
2199 5608 2313 5671 cum
2334 5594 2601 5657 damnatis
2621 5599 2821 5665 clericis
2848 5619 2953 5660 non
2978 5608 3357 5669 sacrandum“

1973 5697 2085 5755 ΧΠ.
2118 5700 2173 5756 Si
2201 5703 2321 5772 quis
2342 5719 2462 5759 cum
2489 5706 2741 5765 damnato
2769 5712 2987 5785 clerico,
3017 5717 3181 5775 veluti
3206 5734 3331 5783 cum
3358 5720 3483 5787 cur
3518 5762 3527 5767 ι

1902 5791 2038 5863 rice,
2066 5792 2223 5854 simul
2248 5795 2503 5869 oraverit,
2534 5798 2635 5856 iste
2673 5801 2972 5869 damnetur,
