4128 6348
287 245 396 321 με

1247 236 1473 292 CODEX
1507 235 1831 292 CANONU)!
1868 234 2564 315 ECCLESIASTICORUM.

3438 240 3537 297 NG

286 328 467 424 suum,
517 371 759 413 seorsum
799 353 1092 422 collegerit,
1133 362 1187 406 et
1230 352 1398 406 altare
1426 348 1565 404 aliud
1594 347 1854 413 erexerit,
1889 352 1930 408 Α
1967 343 2034 400 [ἰ
2074 355 2270 401 tantum
2317 364 2497 403 curam
2544 350 3225 424 rerumecclesiasticarum
3272 352 3538 424 episcopus
3588 386 3607 397 ς

286 453 424 508 nihil
452 451 677 517 habens,
699 447 842 518 quod
866 444 1221 517 reprehendat
1247 428 1555 514 Episcopum
1597 442 1653 496 in
1693 455 1857 497 causa

287 543 508 616 pietatis
553 549 610 596 et
649 539 902 609 justitixe,
951 537 1275 606 deponatur,
1324 534 1476 602 quasi
1522 532 1858 603 principatus

290 645 505 690 amator
523 634 776 698 existens,
803 639 883 686 est
902 629 1043 687 enim
1068 638 1346 701 tyrannus;
1376 636 1431 681 et
1449 626 1628 681 caeteri
1650 625 1857 690 clerici,

274 724 602 795 quicunque
639 722 728 777 tali
771 718 1130 781 consentiunt,
1155 714 1513 786 deponantur,
1564 715 1687 770 laici
1729 729 1860 769 vero

294 824 663 884 segregentur.
714 811 840 866 Hatc
888 818 1067 864 autem
1095 818 1219 878 post
1246 824 1426 872 unam,
1476 816 1530 860 et
1554 804 1865 871 secundam,

295 916 353 961 et
382 906 591 962 tertiam
619 901 858 974 episcopi
886 899 1296 955 obtestationem
1325 897 1439 951 ﬁeri
1469 895 1777 951 conveniet.

370 1019 523 1085 Quod
549 1019 723 1073 clerici
751 1016 983 1071 damnati
1009 1031 1115 1069 non
1135 1012 1353 1067 debeant
1380 1012 1443 1066 ab
1465 1013 1585 1066 aliis
1613 1008 1790 1081 recipi.

369 1129 602 1186 XXXIII.
635 1130 692 1184 Si
721 1129 839 1197 quis
865 1128 1165 1199 presbyter,
1217 1133 1312 1180 aut
1350 1124 1611 1180 diaconus
1654 1124 1722 1178 ab
1758 1123 1874 1192 epi-

300 1234 473 1290 scupo
500 1236 597 1275 suo
624 1226 954 1289 segregetur,
978 1217 1121 1271 hunc
1145 1231 1252 1268 non
1276 1214 1439 1269 licere
1458 1213 1525 1268 ab
1554 1213 1661 1267 alio
1681 1213 1872 1282 recipi,

303 1313 397 1370 sed
425 1313 492 1366 ab
520 1312 657 1381 ipso,
703 1310 791 1380 qui
842 1325 964 1364 eum
1014 1314 1471 1376 sequestraverat,
1501 1305 1608 1361 nisi
1651 1305 1875 1361 forsitan

301 1404 505 1460 obierit
531 1403 814 1473 episcopus
843 1403 979 1471 ipse,
1028 1400 1120 1470 qui
1161 1415 1283 1453 eum
1329 1413 1640 1469 segregasse
1675 1412 1880 1468 cogno-

305 1494 496 1549 scitur.

311 1601 383 1660 Ut
407 1603 577 1657 nullus
605 1603 888 1670 episcopus,
915 1598 1197 1669 presbyter,
1219 1607 1308 1653 aut
1336 1599 1581 1653 diaconus
1604 1598 1714 1652 sine
1734 1615 1877 1654 com-

640 1672 952 1725 mendatitiis
977 1672 1288 1739 suscipiatur
1314 1671 1561 1737 epistolis.

380 1760 619 1839 XXXIV.
660 1783 844 1837 Nullus
881 1782 1255 1851 episcoporum
1299 1780 1762 1849 peregrinorum,-
1789 1788 1882 1835 aut

312 1880 770 1950 presbyterorum,
794 1884 885 1928 aut
908 1875 1281 1939 diaconorum,
1303 1872 1417 1926 sine
1435 1872 1886 1926 commendatitiis

313 1971 640 2038 suscipiatur
666 1967 927 2038 epistolis,
959 1975 1014 2020 et
1040 1980 1160 2020 cum
1183 1966 1385 2033 scripta
1424 1963 1733 2031 detulerint,
1771 1962 1885 2017 dis-

313 2062 587 2117 cutiantur
616 2060 890 2119 attentius,
923 2067 980 2112 et
1028 2058 1100 2111 ita
1130 2057 1510 2126 suscipiantur,
1556 2056 1600 2110 si
1629 2056 1889 2125 praedica-

317 2164 464 2208 tores
493 2152 707 2221 pietatis
752 2150 1056 2204 exstiterint
1102 2149 1297 2211 minus,
1348 2162 1450 2201 nec
1477 2162 1598 2215 qua:
1641 2156 1765 2201 sunt
1794 2162 1891 2201 ne-

316 2245 553 2301 cessaris
583 2242 1056 2297 subministrentur
1101 2239 1200 2303 eis,
1245 2247 1301 2294 et
1344 2238 1412 2293 ad
1456 2239 1887 2292 communionem

317 2333 623 2389 nullatenus
643 2331 1013 2401 admittantur,
1042 2331 1165 2401 quia
1190 2345 1286 2400 per
1304 2330 1704 2401 subreptionem
1724 2329 1890 2383 multa

319 2422 664 2494 proveniunt.

740 2536 813 2588 De
840 2535 1068 2605 primatu
1094 2534 1466 2603 episcoporum.

393 2648 601 2705 XXXV.
635 2647 930 2716 Episcopus
954 2643 1192 2712 gentium
1221 2642 1551 2709 singularum
1596 2642 1735 2696 scire
1764 2656 1895 2695 con-

323 2742 492 2807 venit,
522 2740 642 2807 quis
682 2738 824 2792 inter
855 2750 949 2789 eos
977 2735 1181 2803 primus
1226 2734 1507 2796 habeatur,
1558 2747 1721 2801 quem
1751 2732 1897 2786 velut

324 2840 489 2902 caput
526 2827 855 2892 existiment,
897 2832 953 2880 et
978 2824 1108 2878 nihil
1139 2823 1368 2892 amplius
1397 2831 1592 2891 prteter
1625 2821 1743 2889 ejus
1772 2837 1899 2876 con-

326 2922 606 2978 scientiam
632 2930 838 2987 gerant,
871 2933 1031 2986 quam
1061 2918 1149 2971 illa
1190 2918 1304 2971 sola
1348 2916 1560 2983 singuli,
1592 2930 1710 2983 quae
1739 2931 1900 2983 paro-

326 3013 465 3068 chia:
493 3012 737 3082 proprim,
781 3020 836 3063 et
865 3009 1005 3064 villis
1034 3025 1155 3077 quas
1176 3008 1273 3062 sub
1296 3023 1361 3063 ea
1388 3015 1530 3071 sunt,
1563 3015 1897 3075 competunt,

2650 418 2853 475 habeat.

2036 526 2272 583 XXXIX.
2304 527 2551 585 Omnium
2580 533 2915 600 negotiorum
2945 535 3428 593 ecclesiasticorum
3457 552 3541 593 cu-

1966 635 2080 674 ram
2111 621 2395 693 episcopus
2418 624 2637 691 habeat,
2667 634 2722 679 et
2749 641 2811 680 ea
2838 627 2984 682 velut
3005 628 3115 683 Deo
3142 629 3543 701 contemplante

1968 712 2259 782 dispenset,
2294 731 2393 770 nec
2428 716 2479 770 ei
2523 717 2684 771 liceat
2710 733 2777 773 ex
2812 720 2896 774 his
2937 721 3134 790 aliquid
3163 722 3383 778 omnino
3410 738 3544 779 eon-

1970 805 2197 874 tingere,
2225 815 2317 862 aut
2344 809 2657 879 parentibus
2683 811 2933 881 propriis,
2977 827 3097 881 quae
3122 811 3217 869 Dei
3245 822 3388 876 sunt,
3415 829 3545 869 conc

1972 898 2197 956 donare.
2230 900 2383 967 Quod
2411 901 2456 956 si
2485 916 2750 971 pauperes
2777 912 2921 968 sunt,
2944 912 3195 975 tanquam
3225 905 3546 976 pauperibus

1972 990 2360 1057 subministret,
2400 1006 2501 1047 nec
2526 1007 2713 1047 eorum
2751 994 3035 1049 occasione
3058 994 3310 1051 Ecclesia:
3333 997 3545 1065 negotia

1974 1081 2369 1151 depraidentur.

1978 1191 2057 1248 De
2085 1195 2336 1267 dignitate
2373 1197 2651 1266 pontiﬁcis,
2673 1200 2909 1321 lzthyod
2935 1216 3105 1253 rerum
3129 1216 3339 1256 suarum
3363 1199 3551 1255 habeat

2604 1285 2666 1321 no
2720 1286 2743 1317 s
2768 1288 2796 1321 υ
2823 1286 2921 1321 em.

2602 1285 2921 1337 potestatem.

2048 1371 2157 1426 XL.
2192 1372 2496 1445 Ptesbyteri
2526 1385 2581 1429 et
2607 1376 2819 1431 diaconi
2851 1389 3043 1447 praeter
3068 1380 3379 1449 episcopum
3421 1380 3552 1434 nihil

1978 1477 2139 1530 agere
2167 1471 2492 1533 pertentent.
2522 1465 2654 1519 Nam
2683 1466 2893 1522 Domini
2916 1469 3143 1539 populus
3168 1469 3269 1539 ipsi
3296 1469 3555 1524 commis-

1978 1570 2070 1609 sus
2091 1564 2194 1619 est,
2243 1564 2299 1611 et
2340 1571 2438 1625 pro
2466 1558 2746 1613 animabus
2785 1574 2972 1614 eorum
3009 1560 3099 1616 hic
3142 1560 3446 1616 redditurus
3475 1569 3554 1616 est

1980 1646 2267 1701 rationem.
2297 1645 2418 1701 Sint
2444 1656 2624 1703 autem
2648 1648 2945 1706 manifesta:
2963 1666 3050 1706 res
3071 1651 3299 1722 propriae
3318 1652 3555 1721 episcopi

1917 1722 1963 1781 Β
1993 1734 2060 1805 (si
2080 1741 2256 1788 tamen
2284 1734 2447 1789 habet
2474 1735 2760 1806 proprias),
2782 1744 2837 1790 et
2858 1737 3147 1792 manifesta:
3167 1738 3477 1802 Dominicw,
3499 1748 3558 1795 ut

1986 1832 2307 1895 potestatem
2347 1826 2560 1891 habeat,
2600 1826 2668 1882 de
2704 1828 2935 1898 propriis
2980 1830 3215 1884 moriens
3250 1828 3557 1901 episcopus,

1987 1915 2129 1969 sicut
2167 1915 2419 1979 voluerit,
2462 1923 2516 1970 et
2545 1917 2738 1985 quibus
2764 1918 2995 1972 voluerit
3032 1917 3423 1989 derelinquere.
3452 1916 3561 1972 Nec

1988 2006 2089 2059 sub
2116 2005 2400 2059 occasione
2427 2005 2908 2062 ecclesiasticarum
2939 2022 3137 2073 rerum,
3177 2023 3295 2077 qua:
3322 2006 3560 2077 episcopi

1989 2110 2109 2149 esse
2135 2095 2448 2164 probantur,
2483 2094 2832 2161 intercidant;
2880 2096 3123 2150 fortassis
3148 2097 3289 2151 enim
3316 2103 3408 2151 aut
3430 2112 3563 2150 uxo-

1992 2203 2105 2241 rem
2135 2187 2314 2251 habet,
2342 2196 2435 2241 aut
2465 2187 2619 2253 ﬁlios,
2653 2197 2745 2242 aut
2772 2188 3124 2259 propinquos,
3149 2197 3243 2244 aut
3269 2203 3474 2244 servos.
3499 2186 3565 2242 Et

1987 2277 2188 2345 justqu
2219 2286 2303 2332 est
2330 2277 2435 2333 hoc
2461 2278 2600 2348 apud
2645 2277 2812 2333 Deum
2844 2286 2897 2333 et
2935 2279 3201 2348 homines,
3238 2287 3297 2334 ut
3333 2293 3434 2333 nec
3460 2276 3565 2332 Ec-

1994 2370 2155 2424 clesia
2185 2368 2562 2424 detrimentum
2590 2370 2847 2440 patiatur,
2869 2370 3204 2437 ignoratione
3228 2384 3407 2424 rerum
3429 2382 3566 2439 pon-

1996 2460 2174 2524 titicis,
2208 2475 2304 2513 nec
2326 2459 2630 2528 episcopus,
2656 2459 2739 2512 vel
2767 2459 2882 2528 ejus
2910 2459 3192 2530 propinqui
3219 2459 3319 2514 sub
3346 2457 3568 2513 obtentu

1999 2550 2247 2604 Ecclesia:
2270 2549 2689 2618 proscribautur,
2719 2558 2774 2604 et
2799 2549 2852 2603 in
2878 2564 3071 2605 causas
3099 2547 3351 2614 incidant,
3382 2546 3475 2618 qui
3502 2546 3570 2602 ad

1997 2659 2118 2697 eum
2149 2644 2437 2712 pertinent,
2487 2656 2739 2713 morsque
2767 2640 2882 2711 ejus
2910 2641 3122 2713 injuriis
3157 2648 3212 2697 et
3239 2641 3391 2696 mala:
3418 2638 3572 2695 fama

2000 2736 2299 2805 sulijnccat.

2003 2845 2152 2910 Quod
2179 2848 2444 2916 episcopus
2475 2846 2937 2900 ecclesiasticarum
2986 2862 3156 2900 rerum
3183 2862 3277 2915 pro
3306 2844 3573 2915 dispensa-

2282 2919 2420 2969 tione
2449 2933 2726 2986 pauperum
2756 2916 2940 2969 habeat
2966 2925 3287 2986 potestatem.

2078 3025 2205 3079 XLI.
2237 3024 2581 3094 Prmcipimus
2628 3034 2685 3077 ut
2741 3026 2791 3077 in
2840 3031 3104 3093 potestate
3149 3039 3245 3077 sua
3291 3021 3573 3091 episcopus

298 3126 302 3129 ·
328 3103 423 3158 sed
449 3117 551 3157 nec
583 3102 672 3155 ille
700 3110 894 3170 prteter
919 3101 1158 3153 omnium
1205 3099 1590 3152 conscientiam
1620 3097 1779 3151 faciat
1804 3098 1897 3150 ali-

2004 3115 2255 3169 Ecclesiae
2292 3129 2380 3167 res
2417 3114 2631 3167 haheat.
2664 3113 2719 3167 Si
2755 3092 2896 3167 enim
2935 3112 3123 3167 anima:
3148 3112 3424 3167 hominum
3451 3125 3576 3181 pre-

329 3192 483 3264 quid,
508 3194 586 3247 sic
612 3193 752 3246 enim
775 3192 1096 3245 unanimitas
1117 3191 1238 3255 erit,
1266 3199 1319 3245 et
1344 3187 1735 3260 gloriﬁcabitur
1763 3188 1904 3243 Deus

332 3298 431 3353 per
456 3281 726 3337 Christum
754 3282 807 3335 in
835 3280 1039 3350 Spiritu
1066 3289 1275 3335 sancto.

334 3415 487 3481 Quod
515 3432 619 3470 non
648 3414 801 3468 liceat
827 3416 1119 3537 episcopudm
1141 3416 1193 3467 in
1214 3416 1385 3469 aliena
1410 3413 1672 3485 provincia
1693 3415 1904 3467 clericos

986 3503 1047 3537 or
1084 3501 1250 3537 mare.

986 3501 1250 3539 ordinare.

405 3596 645 3652 XXXVI.
676 3596 994 3668 Episcopum
1043 3614 1150 3651 non
1198 3597 1395 3652 audere
1440 3604 1594 3651 extra
1641 3598 1902 3652 terminos

338 3688 587 3760 proprios
614 3689 981 3743 ordinationes
1024 3686 1204 3743 facere
1244 3688 1296 3740 in
1337 3688 1647 3741 civitatibus
1690 3696 1744 3741 et
1774 3687 1910 3740 villis

337 3794 458 3851 qua:
482 3780 557 3834 illi
584 3780 729 3834 nullo
750 3780 870 3848 jure
896 3779 1151 3846 subjectae
1179 3787 1305 3833 sunt
1339 3800 1351 3830 :
1394 3778 1437 3833 si
1462 3794 1590 3833 vero
1621 3778 1905 3833 convictus

338 3871 500 3927 fuerit
530 3872 634 3926 boc
685 3869 878 3925 fecisse
907 3879 1102 3940 praeter
1148 3886 1334 3924 eorum
1382 3870 1769 3923 conscientiam
1817 3869 1907 3938 qui

338 3967 584 4022 civitates
609 3966 750 4035 ipsas
778 3974 831 4020 et
858 3965 1007 4018 villas
1052 3963 1314 4029 detinent,
1346 3969 1400 4016 et
1426 3963 1541 4032 ipse
1586 3962 1908 4032 deponatur,

338 4066 395 4114 et
421 4059 512 4128 qui
542 4059 608 4112 ab
638 4059 730 4112 illo
765 4066 886 4113 sunt
914 4057 1163 4112 ordinati.

588 4171 667 4225 De
695 4172 948 4226 ordinatis
976 4173 1251 4243 episcopis,
1292 4189 1384 4224 nec
1418 4171 1660 4241 receptis.

411 4284 664 4340 XXXVII.
688 4285 744 4341 Si
764 4286 884 4355 quis
903 4285 1185 4355 episcopus
1217 4300 1325 4339 non
1340 4284 1638 4352 susceperit
1654 4282 1911 4344 omcium.

339 4384 399 4431 et
422 4389 604 4429 curam
632 4374 814 4444 populi
856 4374 955 4428 sibi
985 4374 1329 4428 commissam
1353 4411 1368 4437 ,
1419 4374 1508 4426 hic
1535 4372 1913 4427 communione

340 4467 598 4537 privetur,
627 4466 977 4536 quoadusque
1017 4466 1321 4521 consentiat
1363 4465 1722 4520 obedientiam
1759 4480 1912 4519 com-
1945 4449 1992 4509 Ι)

342 4558 611 4624 modans;
640 4559 886 4613 similiter
922 4565 1100 4612 autem
1128 4565 1184 4611 et
1211 4558 1490 4627 presbyter
1525 4564 1581 4611 et
1632 4556 1910 4611 diaconus.

343 4650 402 4706 Si
430 4666 561 4705 vero
590 4651 907 4720 perrexerit,
937 4666 1039 4705 nec
1060 4658 1306 4720 receptus
1334 4648 1525 4716 fuerit,
1556 4664 1662 4703 non
1692 4664 1790 4718 pro
1818 4664 1913 4704 sua

342 4742 629 4805 sententia,
656 4742 751 4795 sed
777 4758 878 4812 pro
906 4741 1109 4795 malitia
1139 4742 1323 4812 populi
1348 4759 1359 4794 :
1406 4743 1520 4811 ipse
1547 4741 1763 4810 quidem
1796 4757 1913 4795 ma-

343 4842 472 4887 neat
498 4832 822 4901 episcopus;
868 4832 1051 4887 clerici
1086 4847 1217 4887 vero
1268 4832 1500 4886 civitatis
1538 4830 1916 4886 communione

344 4927 644 4999 priventur,
665 4943 730 4983 eo
749 4928 893 4997 quod
912 4927 1061 4983 crudi
1069 4935 1211 4982 tores
1233 4926 1588 4981 inobedientis
1605 4924 1788 4996 populi
1808 4940 1917 4978 non

346 5019 585 5076 fuerunt.

617 5130 685 5187 Ut
704 5132 779 5186 bis
806 5134 858 5186 in
886 5148 1027 5186 anno
1051 5131 1271 5185 concilia
1300 5129 1636 5184 celebrentur.

415 5242 693 5299 XXXVIII.
724 5244 814 5299 Bis
841 5244 894 5299 in
924 5260 1066 5299 anno
1104 5244 1481 5313 episcoporum
1509 5243 1734 5298 concilia
1773 5242 1919 5298 cele-

345 5336 603 5402 brentur;
631 5343 689 5390 ut
716 5335 856 5389 inter
879 5351 937 5389 se
966 5335 1192 5389 invicem
1217 5333 1464 5401 dogmata
1495 5333 1713 5402 pietatis
1736 5333 1925 5402 explo-

343 5434 487 5492 rent,
518 5435 572 5480 et
601 5434 936 5494 emergentes
963 5426 1350 5481 ecclesiasticas
1369 5426 1741 5480 contentiones
1770 5441 1922 5479 amo-

345 5524 510 5571 veant
533 5532 546 5568 :
570 5515 735 5571 semel
764 5514 977 5584 quidem
1007 5522 1194 5586 quarta
1214 5515 1509 5583 septimana
1539 5513 1882 5569 Pentecostes
1906 5533 1921 5578 ;

344 5605 583 5661 secundo
599 5621 729 5661 vero
749 5605 817 5659 12
835 5606 922 5662 die
948 5606 1147 5661 mensis
1165 5603 1587 5674 Ilyperberettei,
1608 5603 1657 5659 id
1680 5604 1922 5675 estjuxta

348 5696 621 5752 Romanos
644 5705 838 5767 quarto
869 5696 987 5751 idus
1015 5694 1279 5751 Octobris.

2006 3208 2158 3260 tiosae
2185 3204 2260 3258 illi
2290 3214 2414 3259 sunt
2434 3202 2667 3270 creditae,
2705 3203 2875 3257 multo
2902 3203 3069 3273 magis
3095 3210 3311 3272 oportet
3335 3216 3459 3256 eum
3485 3216 3576 3256 cu-

2006 3314 2119 3353 ram
2152 3297 2496 3364 pecuniarum
2525 3310 2733 3363 gerere,
2774 3296 2847 3350 ita
2887 3305 2945 3351 ut
2982 3304 3247 3366 potestate
3285 3296 3400 3361 ejus
3438 3293 3579 3350 indi-

2006 3387 2253 3456 gentibus
2295 3386 2475 3440 omnia
2538 3385 2913 3454 dispensentur
2971 3400 3068 3454 per
3120 3384 3464 3456 presbyteros
3526 3392 3580 3440 et

2006 3482 2287 3546 diaconos,
2314 3487 2366 3533 et
2396 3495 2514 3535 cum
2545 3482 2755 3541 timore,
2779 3478 3031 3547 omnique
3049 3476 3404 3533 sollicitudine
3424 3476 3579 3531 mini-

2006 3581 2260 3627 strentur.
2284 3570 2359 3624 Ex
2387 3571 2469 3624 his
2486 3578 2663 3625 autem
2687 3585 2807 3638 quae
2835 3570 3036 3637 indiget
3054 3570 3119 3633 (si
3148 3577 3326 3624 tamen
3358 3568 3580 3640 indiget)

2007 3663 2075 3717 ad
2090 3677 2215 3716 suas
2229 3660 2595 3724 necessitates,
2613 3668 2668 3713 et
2690 3660 2759 3713 ad
2785 3659 3189 3729 peregrinorum
3216 3657 3582 3714 fratrumusus

2010 3752 2125 3823 ipse
2148 3750 2430 3820 percipiat,
2456 3759 2515 3803 ut
2537 3750 2667 3804 nihil
2691 3750 2769 3804 eis
2794 3750 2963 3819 possit
2989 3750 3210 3804 omnino
3237 3749 3445 3804 deesse.
3470 3746 3583 3804 Lex

2011 3843 2153 3898 enim
2173 3840 2268 3896 Dei
2307 3841 2569 3911 praecipit,
2594 3850 2652 3895 ut
2678 3842 2769 3909 qui
2798 3839 2955 3894 altari
2978 3839 3305 3903 deserviunt,
3325 3836 3393 3892 de
3426 3836 3583 3891 altari

2012 3940 2320 4003 pascantur,
2374 3933 2498 4001 quia
2529 3947 2629 3987 nec
2654 3931 2807 3987 miles
2832 3929 3111 4002 stipendiis
3142 3928 3373 4001 propriis
3395 3936 3584 3985 contra

2016 4023 2197 4077 hostes
2224 4036 2373 4075 arma
2400 4021 2635 4077 sustulit.

2016 4129 2167 4193 Quod
2212 4135 2502 4200 episwpus,
2544 4133 2825 4200 presbyter,
2879 4138 2932 4184 et
2966 4146 3237 4193 usurarius,
3294 4132 3483 4185 alente:
3538 4141 3588 4185 et

2431 4199 2661 4253 ebriosus
2688 4199 2800 4253 esse
2826 4216 2930 4253 non
2959 4200 3159 4253 debeat.

2090 4310 2246 4365 XLII.
2302 4309 2622 4380 Episcopus,
2668 4318 2763 4364 aut
2815 4309 3133 4380 presbyter,
3186 4318 3279 4363 aut
3329 4308 3589 4364 diaconus

2019 4402 2152 4456 aleae
2198 4410 2358 4469 atque
2404 4400 2651 4454 ebrietati
2696 4399 3033 4465 deserviens,
3089 4407 3181 4453 aut
3217 4398 3455 4465 desinat,
3494 4407 3591 4454 aut

2018 4503 2165 4552 certe
2193 4495 2499 4549 damnetur.
2800 4508 2801 4511 η

2022 4605 2277 4661 Similiter
2303 4603 2479 4658 clerici
2498 4612 2547 4656 et
2576 4604 2713 4686 laici,
2735 4604 2782 4657 si
2804 4604 3178 4685 permanserint
3204 4603 3257 4658 in
3287 4603 3426 4669 alea,
3446 4618 3591 4660 cont-

2527 4684 2769 4728 munione
2790 4684 3069 4742 priuentur.

2090 4783 2270 4839 XLIII.
2304 4785 2695 4852 Subdiaconus,
2719 4794 2809 4839 aut
2837 4786 3024 4849 lector,
3054 4796 3146 4842 aut
3166 4797 3372 4855 cantor,
3397 4789 3592 4846 similia

2021 4872 2245 4942 faciens,
2267 4884 2357 4930 aut
2380 4876 2611 4945 desinat,
2632 4885 2725 4931 aut
2744 4882 3120 4934 communione
3146 4880 3411 4952 privetur;
3440 4883 3591 4940 simi-

2018 4967 2144 5021 liter
2170 4969 2329 5021 etiam
2359 4967 2504 5023 laici.

2023 5076 2174 5143 Quod
2200 5081 2486 5151 episcopus,
2516 5080 2799 5152 presbyter,
2840 5092 2930 5165 aut
2968 5083 3218 5139 diaconus
3245 5100 3349 5140 non
3376 5084 3596 5140 debeant

2578 5167 2764 5205 usuras
2792 5167 3040 5216 acapere.

2092 5239 2275 5295 XLIV.
2306 5238 2623 5310 Episcopus,
2647 5251 2742 5296 aut
2768 5244 3065 5315 presbyter,
3091 5252 3181 5297 aut
3200 5243 3456 5300 diaconus
3474 5259 3598 5300 usu-

2024 5347 2113 5388 ras
2154 5348 2185 5386 a
2212 5331 2543 5388 debitoribus
2588 5334 2828 5402 exigens,
2877 5345 2972 5391 aut
3016 5334 3262 5402 desinat,
3310 5344 3405 5393 aut
3448 5343 3598 5393 certe

2024 5425 2327 5480 damnetur.
3555 5430 3560 5436 '

2029 5534 2175 5600 Quod
2218 5551 2318 5588 non
2353 5535 2532 5589 debeat
2570 5536 2857 5607 episcopus,
2904 5536 3184 5607 presbyter,
3226 5547 3318 5595 aut
3348 5540 3598 5599 diaconus

2509 5622 2623 5658 cum
2651 5606 2903 5660 haereticis
2932 5606 3104 5662 orare.

2098 5692 2256 5749 XLV.
2287 5691 2609 5766 Episcopus,
2651 5692 2928 5767 presbyter
2952 5704 3011 5754 et
3036 5695 3309 5769 diaconus,
3358 5700 3449 5771 qui
3476 5711 3601 5756 eum
