4128 6348
604 300 701 361 ii?

1862 305 2213 391 monrsms
2250 278 2571 361 silanus.

3746 310 3856 363 “8

599 423 859 478 lucretius
888 428 1136 489 oraverit,
1171 422 1539 477 tanturnmodo
1578 426 1954 478 Cuttllnunione
1985 424 2160 492 prive-
2195 433 2237 478 Α
2272 417 2481 472 Laicum
2526 418 2801 485 pellentem
2845 429 2989 469 suam
3039 416 3304 492 coniugem
3352 418 3706 473 communione
3734 422 3851 490 pri-

587 515 724 573 tur:
756 515 802 567 si
854 529 981 568 vero
1031 524 1278 583 tanquam
1327 514 1551 569 clericos
1597 514 1840 570 hortatus
1878 528 1973 570 eos
2009 514 2168 567 {inerit

598 619 778 673 agere,
811 606 893 659 vel
921 620 1099 672 orare,
1123 605 1425 659 damnetur.
1492 664 1493 667 η

601 773 751 841 Quod
785 793 887 831 non
928 776 1143 831 debeant
1179 776 1532 898 haerezirorum
1585 774 1895 847 baptismata
1931 792 2169 835 compro-

1352 863 1451 898 an.

1352 863 1451 899 art.

668 978 849 1034 XLVI.
876 978 1220 1050 EpiscOpnm,
1268 988 1363 1033 aut
1398 979 1765 1049 presbyterum
1798 978 2165 1033 luereticorum

595 1073 975 1141 suscipientem
1026 1072 1288 1139 baptisma
1327 1070 1564 1124 damnari
1623 1071 1959 1139 pratcipimus
1999 1088 2012 1123 :
2048 1086 2167 1137 utra:

595 1163 738 1216 enim
756 1163 1039 1216 conventio
1056 1161 1252 1217 Christi
1282 1161 1347 1215 ad
1380 1161 1579 1215 Belial?
1608 1171 1700 1215 aut
1727 1176 1844 1230 qua:
1873 1177 1998 1231 pars
2026 1160 2166 1215 ﬁdeli

594 1270 718 1309 cum
749 1246 992 1309 inlideli?

578 1406 749 1473 Quod
797 1406 1044 1461 Ecclesia:
1080 1405 1384 1476 baptismate
1423 1406 1713 1473 baptizatus
1767 1404 1933 1458 denuo
1989 1398 2161 1473 bapti-

576 1502 579 1503 ν
666 1478 777 1531 uri
806 1490 907 1531 non
947 1476 1149 1543 debeat,
1186 1488 1235 1531 et
1273 1492 1376 1531 non
1410 1480 1485 1531 ita
1523 1478 1810 1547 baptizatus
1846 1476 2026 1530 debeat
2067 1477 2162 1529 θαι·

663 1548 875 1618 ptisari.

660 1670 861 1733 XLVII.
894 1670 1205 1749 Episcdpus,
1256 1688 1347 1732 aut
1373 1677 1670 1750 presbyter,
1708 1678 1751 1732 si
1782 1688 1926 1745 eum,
1957 1678 2047 1747 qui
2076 1693 2162 1732 se-

588 1765 822 1822 cundum
848 1770 1125 1822 veritatem
1157 1768 1402 1822 habuerit
1450 1770 1730 1837 baptisma,
1777 1770 1954 1822 denuo
1984 1769 2158 1837 bapti-

588 1859 811 1922 zat'crit,
853 1866 946 1912 aut
997 1860 1255 1928 pollutum
1302 1858 1368 1911 ab
1418 1859 1592 1927 impiis
1637 1872 1740 1911 non
1788 1858 2156 1927 baptizaverit,

591 1944 909 2017 deponatur,
938 1959 1187 2017 tanquam
1216 1949 1463 2002 deridens
1493 1966 1701 2003 crucem
1733 1959 1785 2002 et
1815 1952 2038 2002 mortem
2065 1949 2162 2002 Dm

590 2040 738 2103 niini,
760 2054 860 2097 nec
886 2040 1194 2096 sacerdotes
1222 2052 1250 2094 a
1282 2039 1427 2094 falsis
1452 2039 1815 2094 sacerdotibus
1832 2043 1950 2109 jure
1973 2041 2167 2094 discer-

588 2134 740 2185 neiis.

2930 485 3168 539 randum.

2342 570 2563 631 XLVIII.
2599 576 2655 630 Si
2696 579 2815 646 quis
2852 576 3021 630 laicus
3055 582 3277 630 uxorem
3322 578 3591 647 pr0priam
3637 577 3853 648 pellens

2271 670 2515 733 alterum,
2548 669 2629 722 vel
2656 668 2723 722 ab
2752 669 2857 722 alio
2900 667 3171 721 dimissam
3202 667 3435 736 duxerit,
3466 671 3851 726 communione

2269 764 2524 835 privetur.

2422 853 2571 918 Quod
2600 855 2651 907 in
2682 853 2886 908 nomine
2916 852 3187 907 Trinitatis
3207 851 3387 905 debeat
3413 851 3685 921 baptizari.

2337 933 2516 1001 XLIX.
2548 942 2604 1001 Si
2633 947 2752 1014 quis
2781 948 3083 1016 episcopus,
3114 951 3204 998 aut
3228 944 3505 1014 presbyter
3533 941 3684 1010 juxta
3704 952 3851 1011 pra:-

2266 1046 2477 1107 ceptdm
2509 1037 2718 1091 Domini
2762 1050 2865 1090 non
2897 1034 3246 1103 haptizaverit
3291 1034 3344 1087 in
3402 1031 3616 1086 nomine
3646 1029 3844 1094 Putris,

2264 1139 2320 1185 et
2350 1128 2486 1191 Filii,
2514 1137 2570 1182 et
2597 1126 2829 1196 Spiritus
2856 1127 3044 1189 sancti,
3090 1124 3185 1179 sed
3235 1124 3287 1177 in
3337 1123 3506 1177 tribus
3534 1126 3650 1176 sine
3686 1122 3846 1176 initio

2266 1217 2559 1288 principiis,
2591 1226 2683 1270 aut
2712 1217 2765 1270 in
2795 1216 2963 1269 tribus
2991 1214 3160 1278 Filiis,
3189 1220 3281 1267 aut
3310 1213 3363 1267 in
3394 1212 3560 1266 tribus
3588 1210 3844 1267 Paracle—

2266 1312 2352 1373 tis,
2384 1308 2686 1378 abjiciatur.

2252 1420 2416 1487 Quod
2454 1439 2556 1476 non
2588 1422 2766 1477 debeat
2792 1438 2895 1474 una
2937 1421 3121 1475 mersio
3152 1420 3204 1473 in
3234 1417 3562 1489 baptismate,
3603 1415 3755 1488 quasi
3787 1418 3847 1469 in

2678 1502 2841 1545 morte
2872 1491 3101 1554 Domini,
3137 1492 3421 1560 provenire.

2286 1642 2287 1645 η
2335 1582 2395 1637 ι.
2427 1583 2484 1638 Si
2532 1584 2650 1653 quis
2692 1584 3009 1652 episcopus,
3055 1590 3147 1634 aut
3191 1579 3468 1649 presbyter
3516 1592 3621 1631 non
3648 1577 3845 1631 trinam

2264 1675 2587 1729 nersionem
2617 1674 2775 1727 unius
2795 1674 3033 1745 mysterii
3056 1672 3310 1733 celebret,
3335 1670 3428 1723 sed
3448 1669 3614 1722 semel
3637 1676 3846 1738 mergat

2268 1768 2319 1822 in
2349 1767 2691 1836 baptismate.
2728 1766 2873 1836 quod
2912 1764 3031 1819 dari
3071 1765 3280 1818 videtur
3311 1764 3360 1817 in
3392 1762 3602 1817 Domini
3646 1770 3844 1823 morte,

2197 1839 2241 1894 Β
2269 1858 2588 1927 deponatur.
2622 1856 2737 1911 Non
2765 1857 2909 1910 enim
2936 1856 3072 1909 dixit
3100 1856 3253 1909 nobis
3286 1854 3557 1915 Dominus,
3582 1850 3639 1904 In
3672 1859 3844 1907 morte

2269 1964 2385 2003 mea
2415 1948 2705 2016 baptizata.
2734 1948 2852 2013 sed,
2882 1946 3083 2000 Euntes
3104 1944 3293 1998 docete
3321 1958 3506 1997 clunes
3526 1951 3734 2011 gentes,
3758 1940 3845 1994 ba-

2268 2042 2531 2109 ptizantes
2560 2053 2657 2093 eos
2684 2038 2737 2091 in
2767 2038 2985 2091 nomine
3020 2034 3212 2099 Patris,
3259 2042 3313 2088 et
3342 2032 3483 2099 Filii,
3531 2041 3587 2086 et
3613 2030 3845 2101 Spiritu!

2265 2131 2459 2184 sancH.

1919 2248 3845 2279 Μ

1568 2360 1929 2421 CANONES
1974 2356 2261 2417 NitlxliNl
2310 2353 2657 2416 ()ONClLil
2709 2352 2860 2414 XX.

795 2564 874 2625 De
901 2570 1163 2632 eunuchis,
1193 2570 1241 2623 et
1268 2571 1351 2638 qni
1382 2569 1574 2636 κάρδος
1604 2566 1951 2619 absciderunt.

558 2665 562 2669 ’
657 2656 697 2714 l.
729 2658 785 2715 Si
828 2661 946 2731 quis
974 2676 1004 2714 a
1032 2659 1253 2714 medicis
1282 2673 1377 2727 per
1405 2658 1715 2726 languorem
1763 2657 2008 2711 desectus
2054 2663 2155 2716 est,

585 2763 677 2807 aut
704 2769 734 2806 a
763 2754 1001 2807 barbaris
1027 2754 1287 2818 abscisus,
1339 2752 1424 2805 hic
1472 2752 1523 2803 in
1554 2751 1699 2805 clero
1742 2754 2070 2818 permaneat.
2100 2745 2156 2799 Si

554 2844 705 2909 quis
733 2846 912 2897 autem
946 2859 1005 2898 se
1030 2857 1190 2896 sanus
1213 2842 1455 2906 abscidit,
1488 2842 1649 2906 hunc,
1680 2850 1734 2894 et
1764 2841 1816 2893 in
1862 2839 2006 2893 clero
2029 2854 2157 2892 con-

584 2935 829 2989 stitutum
858 2934 1111 2990 abstineri
1142 2936 1448 3002 conveniet,
1478 2942 1532 2987 et
1560 2933 1810 3001 deinceps
1839 2933 2043 2985 nullum
2064 2928 2157 2983 de-

580 3024 709 3079 bere
733 3026 914 3079 talium
941 3027 1268 3095 promoveri.
1298 3026 1449 3079 Sicut
1469 3036 1649 3079 autem
1674 3026 1776 3079 hoc
1796 3024 1984 3086 claret,
2009 3020 2151 3091 quod

575 3118 645 3171 de
672 3118 754 3171 his
780 3119 873 3185 qui
902 3118 1039 3173 hanc
1066 3133 1180 3172 rem
1232 3116 1502 3179 affectant,
1552 3118 1633 3170 vel
1664 3115 1881 3180 audent,
1930 3131 2033 3184 qua
2063 3126 2153 3168 se-

2265 2560 2339 2615 De
2368 2563 2445 2615 his
2474 2564 2559 2631 qui
2588 2563 2657 2615 ad
2684 2568 3032 2631 episcopatum
3076 2564 3131 2616 in
3170 2559 3444 2631 provinciis
3474 2555 3840 2627 provehantur.

2333 2650 2418 2705 IV.
2452 2648 2770 2720 Episcopum
2801 2652 3057 2705 convenit
3082 2650 3313 2703 maxime
3334 2647 3549 2715 quidem
3578 2648 3647 2700 ab
3673 2648 3841 2700 ninni-

2262 2743 2359 2795 bus
2388 2742 2479 2808 qui
2500 2751 2626 2795 sunt
2656 2744 2706 2795 in
2730 2743 3002 2810 provincia
3025 2740 3292 2810 episcopis
3308 2736 3637 2793 ordinari.Si
3656 2751 3839 2791 autem

2263 2834 2363 2887 hoc
2388 2831 2602 2900 diﬂicile
2630 2833 2809 2897 fuerit,
2839 2841 2932 2885 aut
2971 2839 3194 2903 propter
3221 2832 3511 2883 instantem
3546 2829 3837 2883 necessita-

2261 2932 2387 2984 tem,
2420 2932 2511 2976 aut
2541 2931 2759 2991 propter
2780 2922 2985 2975 itineris
3012 2920 3417 2988 longitudinem,
3464 2917 3635 2972 tribus
3656 2925 3835 2971 tamen

2259 3014 2581 3068 omnimodis
2606 3015 2659 3067 in
2681 3014 2910 3082 idipsum
2953 3011 3416 3073 convenientibus,
3447 3018 3501 3063 et
3524 3008 3835 3063 absentibus

2259 3118 2477 3173 quoque
2505 3106 2618 3173 pari
2643 3104 2805 3158 modo
2829 3101 3257 3165 decernentibus,
3280 3107 3337 3153 et
3368 3115 3467 3169 per
3487 3098 3685 3167 scripta
3710 3113 3835 3151 con-

578 3210 837 3277 metipsos
860 3210 1137 3264 abscidere
1164 3208 1363 3262 dictum
1385 3210 1456 3262 sit
1479 3226 1492 3260 :
1519 3208 1598 3262 sic
1619 3223 1735 3273 eos,
1760 3222 1897 3275 quos
1917 3217 2009 3259 aut
2031 3206 2146 3257 bar-

2260 3194 2655 3258 sentientibus,
2708 3201 2836 3247 tunc
2884 3191 3151 3245 ordinatio
3215 3189 3535 3243 celebretur.
3587 3186 3834 3241 Fit-initas

576 3297 716 3362 ituri,
765 3307 857 3351 aut
900 3298 1101 3352 domini
1150 3308 1550 3355 castraverunt:
1601 3299 1944 3351 inveniuntur
1972 3305 2149 3350 autem

578 3391 710 3442 alias
737 3388 1053 3457 dignissimi,
1081 3390 1215 3443 tales
1243 3389 1308 3442 ad
1337 3389 1537 3443 clerum
1566 3388 1785 3457 suscipit
1809 3388 2007 3454 regula.

576 3500 653 3557 De
674 3502 774 3569 his,
799 3503 885 3575 qui
912 3518 980 3557 ea:
1001 3502 1294 3575 gentilibus,
1328 3513 1440 3571 post
1472 3500 1749 3571 baptisma,
1780 3501 1849 3553 ad
1876 3500 2148 3553 clericatus

1044 3574 1278 3626 ordinem
1306 3582 1687 3643 promoventur.

644 3662 707 3716 ll.
739 3662 1003 3728 Quoniam
1031 3662 1208 3732 plura,
1230 3672 1323 3716 aut
1351 3678 1445 3731 per
1471 3663 1866 3727 necessitatem,
1898 3670 1990 3715 aut
2014 3662 2149 3717 alios

564 3752 886 3821 cogentibus
913 3752 1247 3815 hominibus,
1280 3753 1536 3806 adversus
1564 3754 1979 3807 ecclesiasticam
2006 3752 2144 3807 facta

562 3850 694 3895 sum
716 3841 975 3909 regulam,
1001 3849 1063 3895 ut
1086 3843 1330 3897 homines
1356 3860 1424 3898 ex
1454 3844 1637 3911 gentili
1657 3847 1765 3899 vita
1799 3860 1970 3914 nuper
1993 3862 2148 3899 acce-

570 3931 758 3985 dentes
786 3930 853 3984 ad
880 3930 1057 3996 ﬁdem,
1105 3941 1162 3987 et
1202 3934 1490 3989 instructos
1510 3935 1666 3990 brevi
1710 3945 1969 4003 tempore,
2020 3952 2141 3989 mox

570 4022 637 4076 ad
678 4022 947 4077 lavacrum
974 4024 1215 4092 spiritale
1244 4026 1620 4094 perducerent,
1666 4025 1934 4092 simulque
1958 4034 2017 4078 ut
2047 4027 2141 4078 lia-

566 4112 753 4178 ptizati
781 4121 927 4173 sunt,
953 4114 1115 4167 etiam
1143 4113 1212 4167 ad
1234 4115 1619 4184 episcopatum,
1662 4116 1745 4168 vel
1774 4117 1842 4169 ad
1865 4116 2141 4186 presbyte-

566 4202 701 4255 rium
730 4214 1150 4271 promoverent:
1183 4206 1384 4275 optime
1412 4207 1632 4277 placuit,
1666 4206 1795 4260 nihil
1828 4208 1931 4262 tale
1961 4206 2029 4260 de
2058 4224 2142 4259 re-

538 4293 707 4361 liquo
732 4294 865 4349 lieri.
894 4294 1029 4365 Nam
1058 4304 1113 4350 et
1141 4304 1385 4366 tempore
1413 4314 1548 4365 Opus
1576 4307 1659 4352 e.t
1688 4299 1735 4352 ei
1782 4297 1874 4366 qui
1900 4297 2142 4352 catechi-

534 4390 737 4450 ‘zatur,
787 4392 843 4438 et
883 4394 1006 4453 post
1051 4387 1316 4455 baptisma
1358 4388 1679 4455 probatione
1724 4388 2137 4457 quamplurima.

560 4471 839 4525 Manifesta
869 4482 953 4527 est
991 4476 1134 4528 enim
1162 4476 1457 4545 apostolica
1488 4476 1763 4544 Scriptura
1783 4515 1797 4539 ,
1829 4493 1948 4546 qua:
1976 4477 2136 4529 dicit:

2256 3294 2435 3339 nutent
2464 3300 2649 3339 eorum
2679 3299 2796 3353 qua!
2826 3291 3081 3351 geruntur
3106 3297 3203 3351 per
3244 3288 3678 3349 unamquamque
3702 3292 3832 3348 ριόη

2259 3374 2505 3437 vinciam,
2538 3375 2949 3443 metropolitano
2972 3373 3235 3426 tribuatur
3258 3372 3531 3439 episcopo.

2757 3484 2836 3537 De
2865 3483 3336 3538 excommunicatis.

2327 3576 2387 3629 V.
2423 3576 2495 3631 De
2517 3577 2600 3631 his
2624 3577 2712 3645 qui
2747 3576 3122 3631 communione
3145 3575 3438 3644 privantur,
3456 3586 3550 3625 seu
3571 3585 3636 3623 ex
3654 3568 3823 3631 clero,

2251 3684 2347 3722 seu
2374 3684 2439 3721 ex
2467 3668 2600 3721 laico
2629 3668 2838 3732 ordine,
2869 3667 2937 3719 ab
2965 3665 3231 3733 episc0pis
3271 3677 3368 3732 per
3397 3672 3826 3729 unamquamque

2252 3762 2605 3828 provinciam,
2648 3759 2915 3813 sententia
2969 3756 3227 3822 regularis
3254 3754 3530 3809 obtineat:
3561 3762 3619 3805 ut
3650 3751 3701 3804 bi
3730 3752 3819 3820 qui

2249 3847 2571 3913 objiciuntur
2598 3847 2664 3900 ab
2703 3847 2839 3909 aliis,
2871 3846 2937 3898 ab
2966 3846 3084 3897 aliis
3113 3860 3217 3897 non
3249 3843 3593 3911 recipiantur.
3622 3838 3821 3907 Requi‘

2252 3945 2396 3989 ratur
2417 3946 2616 4001 autem,
2650 3951 2715 3989 ne
2745 3935 3200 4004 pusillanimitate,
3231 3940 3324 3985 aut
3351 3932 3716 3993 contentione,
3740 3926 3822 3981 vel

2249 4029 2354 4080 alio
2381 4027 2620 4095 quolibet
2655 4026 2891 4095 episcopi
2931 4025 3061 4078 vitio
3092 4023 3333 4075 videatur
3356 4036 3385 4074 a
3408 4018 3822 4088 congregatione

2247 4118 2502 4171 seclusus.
2532 4114 2599 4169 Ut
2627 4117 2729 4170 hoc
2750 4130 2877 4183 ergo
2898 4113 3176 4168 decentius
3202 4111 3518 4179 inquiratur,
3543 4110 3680 4163 bene
3704 4100 3820 4177 pla-

2244 4208 2375 4271 cuit,
2406 4208 2560 4260 annis
2588 4206 2829 4274 singulis,
2872 4215 2971 4273 per
3010 4214 3440 4270 unamquamque
3487 4201 3819 4270 provinciam

2242 4298 2325 4351 bis
2355 4298 2406 4350 in
2437 4313 2577 4351 anno
2621 4297 2851 4350 concilia
2892 4292 3192 4349 celebrari:
3235 4301 3290 4345 ut
3317 4291 3673 4345 communiter
3700 4306 3820 4345 om-

2247 4392 2399 4443 nibus
2427 4390 2583 4443 simul
2611 4389 2874 4458 episcopis
2902 4387 3193 4455 provineia:
3230 4385 3589 4452 congregatis,
3638 4382 3819 4437 discu-

2244 4482 2446 4534 [iamut-
2491 4480 2790 4547 hlijllslﬂttdl
2820 4479 3165 4547 quttestiones.
3206 4476 3273 4530 Et
3300 4478 3397 4543 sic,
3441 4476 3533 4546 qui
3560 4491 3659 4530 suo
3688 4488 3817 4544 pec-

536 4560 677 4641 _Non
708 4564 1060 4633 necphytum,
1090 4582 1158 4619 ne
1183 4567 1236 4619 in
1270 4567 1574 4635 superbiam
1603 4569 1776 4623 elatus
1799 4569 1849 4621 in
1876 4568 2131 4635 judicium
2171 4579 2219 4633 υ
2240 4580 2499 4623 caverunt
2518 4571 2794 4623 evidenter
2813 4569 3087 4638 episcopo,
3113 4565 3561 4620 exconununicali
3585 4565 3819 4619 rationa-

559 4652 776 4717 iucidat,
802 4664 856 4707 et
876 4652 1124 4723 laqueum
1142 4654 1359 4711 diaboli.
1376 4658 1431 4712 Si
1454 4673 1582 4711 vero
1600 4674 1853 4725 processu
1879 4650 2135 4727 tem—poris

536 4741 775 4817 aliquod
805 4742 1058 4797 delictum
1107 4745 1294 4798 anima:
1326 4747 1465 4799 circa
1511 4761 1796 4814 personam
1838 4748 2138 4816 reperiatur

554 4829 887 4899 liujusmodi,
921 4842 975 4885 et
1014 4849 1044 4886 a
1067 4834 1274 4888 duobus
1302 4836 1385 4888 vel
1418 4836 1583 4889 tribus
1612 4830 1833 4891 testibus
1861 4850 2134 4905 arguatur,

534 4916 587 4978 ia
617 4924 760 4979 clero
793 4920 911 4980 talis
940 4928 1221 4981 abstineat.
1256 4928 1311 4983 Si
1335 4931 1452 4996 quis
1486 4936 1661 4983 autem
1694 4940 1885 4999 praeter
1912 4933 2023 4984 haec
2056 4937 2132 4985 le-

554 5018 708 5081 cerit,
749 5019 899 5087 quasi
938 5028 1126 5073 contra
1168 5033 1415 5086 magnum
1454 5012 1737 5075 concilium
1767 5039 1826 5079 se
1863 5026 2090 5081 ellerens
2114 5062 2129 5090 ,

534 5111 672 5179 ipse
690 5108 761 5165 de
776 5107 1066 5165 clericatus
1097 5111 1302 5164 honore
1326 5112 1737 5181 periclitabitur.

922 5223 1001 5277 De
1025 5222 1429 5276 subintroductis
1457 5223 1773 5278 mulieribus.

527 5360 535 5371 ,
629 5312 714 5366 ill.
741 5313 1020 5367 lnterdixit
1046 5328 1144 5382 per
1173 5312 1349 5364 omnia
1376 5327 1565 5380 magna
1596 5312 1852 5383 synodus,
1885 5330 1993 5368 non
2016 5315 2131 5384 epia-

555 5418 740 5471 scopo,
774 5419 880 5456 non
913 5404 1246 5473 presbytero,
1278 5418 1387 5456 non
1416 5398 1662 5467 diacono,
1696 5420 1795 5458 nec
1822 5405 1978 5459 alicui
2006 5422 2124 5458 om—

552 5496 702 5555 nino,
730 5494 894 5561 quiin
921 5493 1064 5546 clero
1090 5502 1188 5556 est,
1223 5492 1382 5547 licere
1421 5494 1882 5549 subintroductam
1929 5496 2125 5549 habere

528 5578 834 5637 ‘nm’nerem
862 5601 875 5636 :
906 5584 1005 5637 nisi
1029 5582 1166 5638 forte
1196 5594 1446 5651 matrem,
1470 5595 1562 5638 aut
1590 5600 1853 5647 sororem,
1876 5593 1967 5637 aut
1994 5585 2126 5636 ami-

553 5678 684 5737 tam,
712 5677 797 5730 vel
823 5691 914 5731 eas
969 5686 1171 5731 tantum
1196 5692 1459 5747 personas
1485 5692 1604 5747 qum
1632 5677 1965 5746 suspiciones
1991 5674 2125 5729 ell‘u-

553 5772 723 5837 giunt.

2244 4660 2421 4713 lii‘liter
2457 4661 2524 4714 ab
2572 4662 2817 4714 munibus
2853 4658 3185 4711 testimentur
3224 4674 3241 4709 :
3283 4671 3585 4724 usquequo,
3640 4655 3726 4709 vel
3761 4655 3816 4709 in

2241 4752 2533 4815 conimuni,
2575 4752 2657 4803 vel
2696 4752 2866 4802 eidem
2905 4749 3159 4816 episcopo
3198 4747 3407 4816 pia'ceat
3442 4746 3810 4801 humaniorem

2242 4856 2336 4909 pro
2368 4842 2561 4895 talibus
2592 4844 2728 4894 ferre
2756 4841 3095 4894 sententiam.
3127 4837 3369 4892 Comilia
3391 4852 3522 4889 vero
3541 4837 3802 4890 celebren-

2240 4940 2341 4995 tur,
2375 4946 2535 4984 unum
2565 4931 2778 4998 quidem
2820 4937 2946 4982 ante
2971 4928 3445 4995 Quadragesimam
3476 4926 3693 4981 Pascha:
3717 4944 3731 4978 :
3756 4936 3803 4985 ιι

2236 5022 2381 5075 onmi
2404 5021 2735 5074 dissensione
2756 5020 2961 5072 sublata
2993 5035 3186 5073 munus
3215 5020 3470 5072 olieratur
3500 5020 3610 5073 Deo
3638 5020 3813 5088 puris-

2238 5114 2428 5166 simum
2456 5130 2469 5165 ι
2503 5113 2792 5167 secundum
2820 5127 2969 5175 vero,
2994 5112 3137 5166 circa
3168 5122 3373 5178 tempus
3399 5112 3660 5165 autumni.

2241 5225 2317 5278 De
2356 5225 2636 5294 privilegiis
2679 5239 2791 5293 qua:
2823 5223 3125 5294 quibusdam
3161 5223 3447 5277 civitatibus
3495 5231 3806 5291 competunt.

2308 5314 2394 5368 γι.
2436 5317 2665 5379 Antiqua
2712 5314 3041 5367 consuetudo
3084 5323 3327 5367 servetur
3370 5330 3469 5383 per
3497 5313 3806 5385 Aﬁgyptuul,

2203 5462 2208 5466 ,
2232 5403 2476 5476 Libyam,
2501 5414 2551 5457 et
2569 5402 2923 5472 Pentapolim,
2940 5404 3011 5456 ita
3037 5414 3091 5457 ut
3111 5403 3503 5459 Alexandrinus
3524 5407 3809 5475 episcopus

2232 5497 2422 5550 horum
2467 5497 2705 5551 omnium
2760 5497 2957 5551 habent
2995 5504 3336 5566 potestatem.
3387 5497 3520 5565 Quia
3568 5509 3624 5553 et
3661 5500 3807 5554 urbis

2234 5586 2417 5640 Romae
2442 5588 2695 5657 episcopo
2726 5588 2910 5656 parilis
2945 5603 3065 5642 mos
3092 5596 3193 5641 est.
3239 5587 3497 5644 Similiter
3533 5598 3712 5645 autem
3749 5596 3805 5646 et

2231 5675 2369 5742 apud
2398 5676 2756 5743 Antiochiam,
2784 5686 3113 5744 czcterasque
3143 5680 3464 5747 provincias,
3498 5680 3609 5735 suis
3635 5681 3803 5750 priri-

2232 5767 2369 5835 logia
2420 5780 2702 5821 serventur
2748 5767 3015 5822 Εριιυδὶλδ.
3069 5768 3199 5821 illud
3256 5781 3431 5826 autem
3480 5773 3800 5840 generaliter
