4128 6348
326 274 469 351 ,κθ

1328 275 1545 332 CODEX
1582 275 1909 339 CANONUXI
1948 274 2646 338 ECCLESIASTICORUM.

3514 280 3628 353 τίω

359 395 567 443 clarum
598 397 697 453 est,
741 391 884 459 quod
914 392 959 443 si
988 388 1107 456 quis
1146 398 1341 459 praeter
1382 390 1702 443 sententiam
1733 397 1937 463 metro-
1967 390 2012 448 Α
2043 387 2143 441 bus
2172 395 2353 442 autem
2383 387 2537 445 annis
2584 386 2701 441 sine
2748 385 3025 452 oblatione
3066 387 3269 461 populo
3299 388 3350 442 in
3382 390 3626 444 oratione

359 480 586 549 politani
618 478 775 533 fuerit
805 478 975 534 factus
997 479 1299 548 episcopus,
1325 478 1463 532 hunc
1490 493 1680 547 magna
1703 479 1939 551 synodus

360 569 603 624 deﬁnivit
639 571 949 639 episcopum
990 586 1109 624 esse
1154 586 1262 623 non
1301 579 1573 638 oportere.
1614 568 1706 623 Sin
1757 577 1939 622 autem

360 662 636 715 communi
665 670 981 715 cunctorum
1029 661 1246 716 decreto
1290 662 1612 725 rationabili,
1662 672 1717 716 et
1745 678 1939 715 secun-

360 753 491 805 dum
523 753 941 806 ecclesiasticam
989 752 1223 819 regulam
1268 755 1620 821 comprobato
1644 792 1659 815 ,
1711 752 1818 805 duo
1845 759 1941 805 aut

363 852 507 907 tres,
556 851 777 913 propter
813 845 1185 898 contentiones
1223 845 1486 913 proprias,
1525 844 1938 909 contradicunt,

363 936 423 991 0'.
440 936 607 991 tincat
633 936 898 991 sententia
929 935 1300 1005 plurimorum.
1923 924 1939 936 ⁸

526 1046 605 1101 De
623 1049 859 1118 episcopo
886 1047 1069 1115 Elite,
1098 1050 1154 1103 id
1173 1060 1248 1103 est
1274 1048 1768 1123 Hierosolymorum.

439 1160 550 1215 Vll.
578 1162 714 1226 Quia
742 1162 1074 1218 consuetudo
1106 1164 1356 1231 obtinuit,
1375 1172 1428 1219 et
1456 1165 1672 1233 antiqua
1704 1164 1939 1231 traditio,

368 1252 597 1307 utilia:
616 1255 899 1323 episcopus
927 1255 1241 1316 honoretur,
1285 1256 1479 1309 habeat
1504 1256 1723 1311 honoris
1746 1272 1941 1311 conse-

365 1344 664 1414 quentiam,
687 1345 831 1398 salva
858 1346 1144 1414 metropoli
1167 1346 1385 1415 propria
1412 1347 1690 1413 dignitate.

518 1453 598 1509 De
624 1455 705 1509 Itis
728 1457 815 1528 qui
853 1456 1093 1510 dicuntur
1132 1456 1364 1523 cat/rari,
1398 1456 1453 1510 id
1481 1465 1557 1510 est
1584 1458 1782 1514 mundi.

438 1565 573 1621 Vlll.
602 1566 677 1621 De
702 1566 783 1621 his
810 1567 901 1636 qui
945 1582 1004 1621 se
1052 1567 1433 1634 cognominant
1473 1568 1753 1629 catharos.
1783 1567 1834 1621 id
1858 1575 1946 1623 est

363 1658 614 1721 mundos,
643 1658 687 1713 si
716 1658 1003 1727 aliquando
1032 1658 1277 1712 venerint
1303 1657 1371 1713 ad
1397 1657 1688 1713 Ecclesiam
1718 1658 1947 1715 catholi-

2042 480 2459 533 communicent.

2040 592 2121 648 De
2148 595 2226 649 his
2273 597 2358 665 qui
2394 594 2901 658 abrenuntiaverunt.
2951 610 2999 651 et
3035 598 3217 651 iterum
3262 597 3332 652 ad
3379 599 3623 653 scendum

2631 678 2751 719 sunt
2784 670 3025 738 regressi.

2111 754 2224 811 ΧΠ.
2252 757 2569 827 Quicunque
2614 759 2792 812 vocati
2830 774 2931 830 per
2949 759 3199 827 gratiam,
3247 759 3476 828 primum
3502 758 3623 831 qui-

2040 847 2160 901 dem
2192 848 2447 917 impetum
2472 856 2909 902 monstraverunt
2929 847 3262 920 deponentes
3290 850 3490 904 militia
3516 850 3626 904 cin-

2040 939 2220 1007 gulum
2247 957 2260 992 :
2294 941 2637 1011 postmodum
2665 955 2799 995 vero
2824 940 2895 995 ad
2912 940 3188 1011 proprium
3218 941 3477 997 vomitum
3498 950 3625 996 sunt

2042 1029 2259 1097 relapsi,
2292 1028 2365 1083 ita
2398 1039 2456 1084 ut
2482 1029 2696 1099 quidam
2729 1038 2784 1085 et
2811 1031 3068 1100 pecunias
3096 1032 3414 1098 tribuerent,
3446 1041 3500 1086 et
3522 1031 3622 1086 be-

2042 1117 2247 1171 nelieiis
2284 1117 2528 1172 militiam
2567 1126 2911 1189 repeterent,
2982 1117 3036 1172 hi
3082 1119 3269 1174 decem
3307 1121 3463 1176 annis
3500 1127 3624 1192 post

2043 1206 2256 1260 triennii
2296 1215 2506 1277 tempus
2543 1209 2676 1279 (quo
2715 1208 2855 1264 inter
2882 1210 3159 1279 audientes
3195 1210 3376 1280 erunt)
3407 1210 3460 1265 in
3489 1210 3622 1264 allii-

2042 1297 2222 1351 ctione
2252 1308 2619 1365 permaneant.
2664 1298 2771 1354 Sed
2798 1300 2851 1354 in
2883 1300 2965 1354 his
3009 1299 3259 1354 omnibus
3286 1301 3620 1372 propositum

2044 1395 2097 1441 et
2116 1389 2351 1458 speciem
2381 1390 2710 1459 pmnitentize
2740 1391 2992 1446 convenit
3013 1391 3298 1461 explorare
3322 1409 3335 1446 :
3359 1400 3623 1462 quotquot

2042 1478 2185 1532 enim
2211 1489 2380 1545 metu,
2403 1488 2460 1533 et
2492 1480 2766 1552 iacrymis,
2808 1489 2968 1550 atque
3001 1482 3338 1551 pmnitentia,
3363 1483 3451 1537 vel
3472 1481 3626 1536 bonis

2043 1570 2298 1637 operibus
2322 1573 2486 1625 rebus
2515 1571 2646 1639 ipsis
2674 1572 3084 1626 conversionem
3113 1588 3292 1639 suam,
3321 1586 3430 1626 non
3458 1571 3625 1626 simu-

2045 1656 2264 1723 latione,
2289 1659 2659 1721 demonstrant
2683 1678 2697 1715 :
2726 1662 2779 1716 hi
2802 1660 3080 1718 deﬁnitum
3102 1670 3313 1735 tempus
3335 1660 3627 1717 auditionis

362 1766 508 1817 cam,
536 1753 740 1821 placuit
769 1760 955 1807 sancto
994 1760 1048 1805 et
1081 1765 1273 1819 magno
1302 1750 1533 1805 concilio
1563 1757 1618 1805 ut
1647 1751 1947 1821 impositio—
1978 1772 2017 1829 η
2050 1753 2348 1824 implentes,
2380 1764 2491 1809 tum
2520 1755 2733 1810 demum
2765 1756 3007 1812 fidelibus
3035 1758 3087 1812 in
3116 1760 3362 1814 oratione
3380 1775 3626 1815 commu-

364 1858 491 1898 nem
530 1859 718 1897 manus
755 1843 1118 1913 accipientes,
1163 1843 1241 1895 sic
1296 1842 1348 1895 in
1386 1842 1531 1895 clero
1567 1850 1937 1910 permaneant.

365 1934 492 1989 llarc
534 1942 712 1988 autem
744 1950 852 2003 pra:
882 1933 1128 1987 omnibus
1155 1948 1251 1988 eos
1280 1932 1491 2001 scriptis
1537 1932 1790 1986 convenit
1816 1948 1941 2001 pro-

365 2024 524 2087 ﬁteri,
558 2024 700 2092 quod
730 2024 1007 2077 catholica:
1050 2032 1106 2076 et
1154 2021 1462 2091 apostolicrc
1511 2020 1762 2075 Ecclesia:
1810 2021 1942 2090 dog-

365 2124 510 2169 mata
542 2115 855 2186 suscipiant,
899 2122 953 2167 et
978 2120 1271 2182 sequantur
1300 2130 1311 2163 :
1346 2111 1396 2164 id
1420 2119 1523 2176 est,
1545 2119 1600 2163 et
1626 2111 1851 2179 bigamis
1880 2127 1937 2165 se

362 2206 783 2270 communicare,
831 2214 885 2260 et
920 2205 1000 2259 bis
1042 2205 1132 2273 qui
1188 2204 1240 2256 in
1283 2203 1658 2272 persecutione
1704 2203 1936 2271 prolapsi

362 2306 512 2362 sunt,
537 2312 662 2365 erga
692 2313 828 2366 quos
855 2307 910 2351 et
935 2298 1106 2367 spatia
1137 2297 1428 2351 constituta
1456 2304 1599 2359 sunt,
1624 2303 1678 2349 et
1702 2306 1941 2364 tempora

364 2386 623 2442 definita:
681 2396 741 2440 ut
786 2389 857 2441 ita
904 2386 1153 2442 Ecclesia:
1192 2386 1472 2440 catholicas
1532 2394 1586 2440 et
1631 2387 1941 2455 apostolica:

363 2479 561 2549 placita
589 2486 881 2547 sequantur
925 2471 976 2531 in
1000 2476 1267 2543 omnibus.
1300 2464 1618 2547 Ubicunque
1648 2490 1795 2535 vero.
1829 2475 1943 2528 sive

366 2570 421 2624 in
447 2568 771 2637 municipiis,
803 2584 899 2622 seu
929 2567 981 2620 in
1011 2566 1316 2622 civitatibus
1342 2565 1443 2636 ipsi
1471 2565 1573 2619 soli
1602 2568 1800 2635 reperti
1831 2566 1943 2621 fue-

365 2662 473 2715 rint
501 2660 771 2723 ordinati,
800 2660 891 2728 qui
939 2660 1281 2713 inveniuntur
1326 2658 1379 2711 in
1424 2658 1570 2712 clero
1652 2658 1706 2712 in
1751 2660 1942 2713 eodem

366 2751 550 2805 habitu
599 2758 979 2821 perseverent:
1013 2750 1102 2802 ubi
1149 2757 1326 2803 autem
1369 2748 1647 2802 catholica:
1691 2746 1942 2803 Ecclesia:

366 2842 640 2913 cpisc0po,
686 2841 775 2903 vel
807 2839 1121 2911 presbytero
1151 2839 1443 2893 constituto
1467 2837 1682 2911 quidam
1726 2853 1792 2891 ex
1836 2838 1942 2892 illis

365 2932 673 2995 adveniunt,
704 2940 907 2985 certum
937 2938 1018 2984 est
1058 2929 1198 2999 quod
1227 2929 1511 2998 episcopus
1565 2926 1816 2982 Ecclesia:
1845 2928 1941 2981 ha-

368 3022 516 3075 bebit
545 3022 783 3091 episc0pi
815 3021 1147 3089 dignitatem.
1196 3018 1246 3072 Is
1287 3030 1465 3071 autem
1503 3018 1593 3085 qui
1640 3019 1944 3070 nominatur

368 3112 509 3181 apud
540 3128 635 3166 eos
663 3113 969 3181 episcopus,
997 3111 1257 3164 honorem
1280 3108 1596 3180 presbyterii
1627 3108 1939 3177 possidebit,
1972 3137 2008 3190 ιζ

366 3202 471 3255 nisi
517 3200 655 3254 forte
703 3201 962 3270 placuerit
998 3200 1253 3268 episcopo
1304 3197 1538 3252 nominis
1574 3212 1696 3251 eum
1735 3198 1943 3253 honore

364 3292 595 3347 censeri.
624 3292 680 3346 Si
711 3307 839 3346 vero
869 3293 973 3346 hoc
998 3292 1050 3345 ei
1082 3292 1299 3344 minime
1326 3290 1609 3358 placuerit,
1639 3289 1943 3359 providebit

365 3382 419 3435 ei
450 3390 540 3434 aut
565 3381 1064 3451 chorepiseopatus,
1096 3388 1188 3433 aut
1212 3378 1532 3449 presbyterii
1562 3378 1759 3443 locum,
1790 3386 1850 3431 ut
1887 3378 1938 3432 in

362 3469 512 3524 clero
540 3486 757 3539 prorsus
785 3486 904 3525 esse
932 3470 1204 3533 videatur,
1260 3486 1328 3523 ne
1356 3470 1408 3523 in
1446 3482 1553 3522 una
1586 3468 1806 3523 civitate
1833 3468 1940 3523 duo

364 3562 602 3632 episeOpi
633 3563 929 3631 probentur
953 3561 1206 3616 existere.

369 3674 449 3727 ne
476 3675 554 3728 his
582 3676 667 3746 qui
694 3674 763 3727 ad
790 3675 1033 3729 honorem
1061 3673 1359 3756 presbyterii
1397 3672 1509 3725 sine
1544 3675 1782 3726 examine
1818 3689 1940 3742 pro-

1002 3757 1124 3799 rect:
1154 3755 1291 3799 sunt.

434 3853 524 3908 IX.
556 3854 612 3909 Si
637 3856 725 3924 qui
752 3856 1047 3927 presbyteri
1093 3857 1207 3910 sine
1236 3859 1484 3913 examine
1526 3866 1651 3911 sunt
1676 3855 1935 3925 provecti,

363 3946 468 4008 vel,
510 3962 629 3999 cum
669 3947 1080 4010 discuzercntur,
1122 3958 1339 4016 peccata
1378 3964 1472 4001 sua
1523 3946 1751 4001 confessi
1790 3954 1938 4012 sunt,

362 4048 418 4090 et
448 4038 722 4101 homines,
774 4048 959 4091 contra
991 4054 1224 4092 canones
1270 4040 1546 4101 commoti,
1592 4053 1779 4091 ntanus
1805 4051 1938 4088 con-

361 4126 516 4181 fessis
547 4128 820 4197 imponere
848 4137 1211 4192 tentaverunt,
1237 4130 1369 4182 tales
1399 4129 1578 4196 regula
1610 4143 1713 4181 non
1746 4126 1938 4179 admit-

361 4218 449 4285 tit,
476 4219 596 4286 quia
624 4218 766 4285 quod
795 4218 1262 4287 irreprehensibile
1291 4226 1375 4272 est
1409 4217 1673 4271 catholica
1703 4217 1939 4270 defendit

361 4305 622 4362 Ecclesia.

363 4420 441 4475 De
469 4422 546 4475 his
581 4424 669 4492 qui
705 4423 757 4475 in
760 4412 1586 4544 fersecutionibusnegaverunt,
1629 4431 1676 4475 et
1705 4432 1935 4493 postmo-

796 4510 877 4544 um
903 4495 954 4544 in
986 4495 1120 4544 clero
1148 4495 1366 4544 promoti
1394 4503 1533 4544 sunt.

796 4510 877 4546 um
903 4495 954 4546 in
986 4495 1120 4546 clero
1146 4495 1366 4563 promoti
1394 4503 1533 4546 sunt.

324 4545 342 4703 ἱ
431 4606 495 4661 Χ.
529 4608 839 4677 Quicunque
868 4608 934 4662 de
982 4608 1144 4678 lapsis
1172 4608 1238 4660 ad
1269 4608 1508 4662 ordinem
1539 4608 1669 4663 cieri
1701 4606 1931 4677 promoti

331 4699 484 4787 gsunt
514 4717 610 4770 per
635 4702 1011 4768 ignorantiam,
1046 4701 1129 4754 vel
1160 4717 1258 4770 per
1296 4701 1659 4754 ordinantium
1686 4699 1935 4755 dissimu-

333 4794 636 4889 ‘lationem,
691 4794 793 4847 hoc
832 4793 1214 4847 ecclesiastica:
1245 4808 1353 4847 non
1380 4792 1685 4862 praeiudicat
1715 4792 1930 4860 regulae,

358 4886 559 4957 cogniti
590 4900 819 4954 namque
848 4883 1207 4957 deponantur.

332 5007 345 5058 i
774 4998 851 5052 De
878 4998 1023 5053 [uicis
1061 4999 1147 5069 qui
1187 5010 1519 5070 negauerunt.

333 5076 347 5150 ε
429 5105 520 5163 XI.
550 5107 628 5163 De
673 5108 756 5164 bis
799 5110 891 5177 qui
932 5118 1130 5178 praner
1174 5109 1551 5165 necessitatem
1599 5108 1932 5177 pnevaricati

353 5208 503 5264 sunt,
541 5210 635 5255 aut
668 5210 867 5269 praeter
902 5200 1228 5254 ablationem
1256 5196 1587 5266 facultatum,
1622 5206 1715 5251 aut
1736 5208 1934 5269 prmter

354 5291 675 5361 periculum,
716 5291 801 5345 vel
848 5290 1049 5359 aliquid
1080 5289 1403 5359 huiusmodi,
1450 5290 1591 5359 quod
1623 5288 1819 5344 factum
1850 5300 1933 5344 est

355 5381 454 5435 sub
486 5380 763 5451 tyrannide
786 5378 974 5434 Licinii
1002 5397 1015 5432 :
1051 5379 1248 5447 placuit
1276 5378 1504 5449 synodo,
1553 5395 1796 5450 quamvis
1826 5380 1929 5434 hu-

352 5471 614 5524 manitate
633 5470 930 5539 probentur
952 5470 1173 5539 indigni,
1197 5480 1374 5524 tamen
1404 5471 1481 5524 eis
1503 5471 1934 5527 benevolentiam

356 5562 710 5617 commodari.
754 5561 1067 5632 Quicunque
1097 5577 1224 5629 ergo
1252 5564 1516 5621 veraciter
1540 5562 1932 5633 pmnitudinem

348 5662 571 5722 gerunt,
619 5655 789 5715 tribus
815 5656 970 5715 annis
999 5653 1180 5711 fideles
1206 5656 1350 5717 inter
1384 5654 1664 5719 audiemes
1693 5656 1930 5712 habean-

358 5754 446 5801 tur
470 5762 483 5798 :
516 5756 570 5800 et
589 5760 683 5801 sex
708 5747 864 5802 annis
889 5748 1032 5801 omni
1063 5764 1120 5803 se
1142 5748 1466 5805 contritione
1494 5746 1765 5812 dejiciant,
1798 5749 1930 5803 duo-

2047 1844 2248 1910 nicent,
2277 1846 2619 1915 postmodum
2648 1862 2779 1901 vero
2821 1848 3003 1903 licebit
3040 1850 3297 1919 episcopo
3324 1849 3391 1904 de
3418 1850 3501 1909 his
3527 1850 3626 1904 ali-

2043 1933 2170 2001 quid
2192 1935 2473 1990 humanius
2495 1938 2751 2004 cogitare.
2777 1936 3092 2008 Quicunque
3111 1955 3240 1993 vero
3262 1938 3626 1995 indifferenter

2047 2025 2303 2091 tulerunt,
2340 2034 2399 2079 et
2445 2026 2646 2080 aditum
2687 2028 2988 2091 introeundi
3018 2027 3313 2093 Ecclesiam
3347 2031 3451 2095 sibi
3476 2031 3627 2087 urbi-

2046 2112 2168 2169 trati
2195 2122 2318 2169 sunt
2347 2114 2413 2169 ad
2443 2117 2852 2171 conversionem
2883 2133 3040 2187 posse
3060 2118 3330 2187 sufﬁcere,
3358 2120 3413 2177 bi
3438 2119 3627 2177 delini-

2044 2208 2155 2261 tum
2184 2203 2359 2263 modis
2384 2205 2629 2263 omnibus
2660 2216 2870 2276 tempus
2898 2208 3214 2278 implebunt.

2049 2310 2124 2364 De
2163 2312 2240 2367 his
2284 2314 2371 2383 qui
2400 2318 2806 2371 communionem
2861 2329 3086 2389 (corpore
3115 2322 3296 2376 mortis
3323 2332 3624 2394 exposcunt.

2116 2420 2248 2476 Xlll.
2292 2425 2365 2479 De
2405 2426 2488 2480 his
2527 2428 2617 2495 qui
2662 2427 2727 2481 ad
2768 2430 2971 2483 exitum
3019 2432 3259 2497 veniunt,
3293 2435 3454 2489 etiam
3484 2451 3627 2490 nunc

2043 2515 2130 2568 lex
2161 2518 2377 2585 antiqua
2421 2519 2786 2589 regularisque
2838 2523 3173 2590 servabitur,
3218 2524 3290 2578 ita
3338 2525 3467 2580 utsi
3508 2527 3628 2594 quis

2045 2608 2315 2673 egreditur
2342 2622 2373 2661 e
2401 2623 2651 2680 corpore,
2682 2610 2867 2664 ultimo
2897 2621 2952 2667 et
2979 2614 3287 2668 necessario
3315 2614 3512 2669 viatico
3536 2615 3626 2669 ini-

2044 2697 2187 2751 nime
2238 2697 2495 2766 privetur.
2551 2697 2703 2764 Quod
2752 2700 2796 2754 si
2841 2700 3175 2771 desperatus,
3221 2711 3275 2756 et
3304 2715 3627 2759 consecutus

2044 2790 2499 2855 communionem,
2525 2791 2917 2861 oblationisque
2941 2794 3208 2865 particeps
3234 2792 3405 2849 factus
3430 2795 3623 2850 iterum

2044 2880 2399 2944 convaluerit,
2447 2882 2517 2935 sit
2546 2883 2687 2937 inter
2733 2898 2827 2937 eos
2871 2884 2961 2953 qui
3010 2886 3444 2939 communionem
3495 2902 3622 2939 ora-

2046 2970 2205 3024 tionis
2234 2972 2600 3028 tantummodo
2629 2984 3048 3041 consequuntur.
3082 2972 3418 3029 Generaliter
3442 2986 3619 3029 autem

2048 3061 2194 3115 onmi
2224 3062 2443 3115 cuilibet
2483 3063 2534 3115 in
2562 3064 2709 3116 exitu
2747 3064 2939 3132 posito,
2975 3072 3029 3117 et
3056 3064 3297 3133 poscenti
3337 3064 3438 3119 sibi
3469 3080 3622 3119 com-

2047 3153 2313 3211 munionis
2336 3154 2563 3222 gratiam
2605 3154 2795 3220 tribui,
2838 3156 3124 3227 episc0pus
3164 3155 3514 3226 probabiliter
3554 3170 3624 3211 ex

2046 3244 2319 3301 oblatione
2346 3243 2475 3301 dare
2503 3245 2738 3303 debebit.

2481 3355 2562 3411 De
2586 3358 2963 3415 catechumenis
2990 3359 3172 3430 lapsis.

2117 3443 2251 3499 XIV.
2284 3446 2358 3501 De
2386 3448 2811 3514 catechumenis,
2851 3457 3040 3502 sancto
3082 3460 3137 3503 et
3166 3463 3359 3516 magno
3384 3449 3620 3507 concilio

2046 3538 2265 3608 placuit,
2297 3547 2351 3593 ut
2380 3540 2549 3605 tribus
2575 3541 2730 3595 annis
2773 3542 2882 3595 sint
2908 3541 3049 3597 inter
3076 3540 3354 3596 audientes
3382 3550 3620 3599 tantum-

2044 3630 2227 3695 modo,
2261 3631 2500 3701 posthmc
2528 3642 2705 3685 autem
2735 3647 2855 3687 cum
2880 3633 3280 3687 cateclmmenis
3304 3642 3480 3699 orent,

2400 3740 2550 3805 Quod
2581 3757 2681 3797 non
2704 3752 2937 3812 oporteat
2965 3743 3264 3815 demigrari.

2113 3831 2228 3888 XV.
2262 3832 2492 3902 Propter
2518 3834 2740 3888 multam
2771 3834 3247 3904 perturbationem,
3298 3843 3354 3888 et
3396 3832 3619 3889 seditio-

2042 3939 2158 3991 nes,
2206 3939 2325 3993 qum
2355 3921 2526 3977 ﬁunt:
2564 3925 2766 3993 placuit
2806 3924 3246 3979 consuetudinem
3292 3923 3618 3980 omnimodis

2043 4015 2330 4082 amputari,
2360 4028 2499 4082 quas,
2530 4022 2725 4083 praeter
2754 4014 3013 4082 regulam,
3066 4015 3118 4069 in
3147 4014 3465 4083 quibusdam
3490 4030 3619 4086 par-

2044 4108 2184 4159 tibus
2208 4106 2420 4160 videtur
2440 4104 2668 4159 admissa
2695 4122 2707 4157 :
2735 4105 2806 4158 ita
2830 4114 2889 4159 ut
2908 4105 2977 4159 de
3000 4106 3216 4160 civitate
3236 4105 3302 4159 ad
3322 4105 3616 4169 civitatem,

2043 4211 2149 4248 non
2180 4196 2484 4264 episcopus,
2539 4210 2647 4247 non
2684 4195 2980 4264 presbyter,
3016 4210 3121 4247 non
3150 4194 3407 4249 diaconus
3438 4202 3614 4247 trans-

2041 4285 2261 4339 feratur.
2308 4284 2365 4339 Si
2393 4286 2512 4353 quis
2544 4292 2743 4345 autem,
2784 4294 2906 4355 post
2950 4284 3313 4339 definitionem
3361 4285 3536 4339 sancti
3564 4295 3620 4338 ct

2042 4379 2217 4446 magni
2247 4377 2480 4443 concilii,
2514 4377 2621 4431 tale
2648 4377 2773 4445 quid
2805 4392 2965 4446 agere
3007 4376 3311 4443 tentaverit,
3342 4384 3398 4431 et
3426 4391 3485 4430 se
3514 4376 3616 4429 bu-

1968 4504 2017 4563 Β
2037 4470 2335 4539 juscemodi
2355 4470 2572 4537 negotio
2592 4469 2929 4539 manciparit,
2971 4470 3075 4525 hoc
3099 4468 3296 4524 factum
3326 4485 3544 4540 prorsus
3566 4470 3619 4523 in

2043 4563 2254 4617 irritum
2301 4563 2549 4627 ducatur,
2574 4570 2632 4616 et
2650 4562 2965 4616 restituatur
2992 4560 3244 4617 Ecclesia:
3272 4562 3359 4616 cui
3387 4560 3487 4615 fuit
3513 4562 3621 4631 epi-

2041 4671 2258 4726 scopus,
2286 4664 2378 4710 aut
2398 4656 2699 4726 presbyter,
2730 4662 2822 4708 aut
2845 4654 3103 4710 diaconus
3130 4654 3426 4710 ordinatus.

2041 4764 2121 4819 De
2148 4766 2226 4819 his
2262 4767 2347 4837 qui
2388 4767 2441 4820 in
2471 4763 2735 4827 Ecclesiis,
2774 4765 2828 4837 in
2854 4764 3032 4835 quibus
3056 4766 3279 4835 provecti
3299 4772 3440 4833 sunt,
3468 4764 3621 4817 mini-

2597 4851 2678 4888 me
2699 4834 3064 4904 perdurarunt.

2112 4927 2250 4983 ‘XVl.
2281 4927 2596 4996 Quicunque
2645 4936 2864 4993 temere,
2898 4942 2962 4981 ac
2988 4925 3305 4996 periculose,
3345 4940 3520 4995 neque
3547 4926 3617 4980 ti-

2043 5033 2248 5075 morem
2276 5018 2372 5072 Dei
2403 5034 2513 5087 pra:
2536 5018 2708 5072 oculis
2737 5017 2998 5071 habentes
3018 5056 3031 5080 ,
3074 5030 3174 5070 nec
3200 5016 3619 5071 ecclesiasticam

2040 5110 2276 5179 regulam
2306 5117 2676 5177 agnoscentes,
2725 5104 3006 5163 discedunt
3033 5108 3101 5161 ab
3134 5105 3370 5162 Ecclesia
3396 5105 3620 5176 presby-

2042 5200 2161 5264 teri,
2194 5208 2286 5257 aut
2313 5199 2544 5265 diaconi,
2595 5198 2681 5253 vel
2709 5198 3013 5271 quicunque
3056 5197 3154 5251 sub
3182 5196 3364 5271 regula
3395 5209 3616 5264 prorsus

2040 5291 2299 5357 existunt,
2348 5290 2401 5351 bi
2432 5304 2771 5360 nequaquam
2815 5289 3017 5344 debent
3058 5288 3111 5347 in
3139 5287 3300 5345 aliam
3324 5284 3614 5340 Ecclesiam

2038 5381 2226 5451 recipi,
2246 5380 2341 5435 sed
2363 5396 2577 5441 omnem
2608 5380 2983 5436 necessitatem
2999 5378 3250 5433 convenit
3270 5378 3372 5432 illis
3394 5378 3618 5447 imponi,

2040 5482 2098 5527 ut
2126 5474 2189 5526 ad
2220 5488 2344 5527 suas
2374 5473 2655 5542 parochias
2682 5480 3051 5533 revertantur;
3099 5470 3242 5537 quod
3271 5471 3314 5524 si
3339 5487 3446 5524 non
3472 5470 3619 5525 fece-

2036 5564 2162 5626 rint,
2189 5571 2403 5633 oportet
2427 5579 2523 5618 eos
2552 5562 2927 5619 communione
2963 5562 3181 5633 privari.
3211 5561 3269 5616 Si
3295 5564 3415 5631 quis
3440 5571 3619 5616 autem

2036 5656 2102 5709 ad
2129 5656 2289 5715 alium
2324 5656 2684 5726 pertinentem
2733 5653 2990 5707 audacter
3030 5653 3305 5717 invadere,
3353 5663 3409 5707 ct
3438 5654 3491 5707 in
3522 5668 3612 5705 sua

2038 5746 2273 5802 Ecclesia
2304 5744 2552 5802 ordinare
2600 5754 2902 5811 tentarent,
2934 5761 3041 5801 non
3085 5746 3460 5799 consentiente
3506 5746 3619 5811 epi-

2676 6011 2685 6019 ‘
2748 6004 2781 6031 ο
