4128 6348
554 321 645 387 131
1864 319 2211 385 DIONYSIUS
2249 319 2569 385 EXIGUUS.

3743 331 3847 388 I53

549 454 716 515 δεον)
762 459 793 498 a
834 459 942 515 quo
986 448 1233 498 discessit
1262 459 1306 496 IS
1353 444 1445 511 qui
1494 443 1692 512 regulae
1747 446 2121 514 mancipatur:
2161 453 2195 502 Λ
2232 444 2487 512 episcopo
2518 445 2615 509 eis,
2645 452 2737 497 aut
2765 444 3079 515 presbytero
3107 444 3431 516 porrigente.
3463 445 3564 501 Sed
3598 463 3716 504 nec
3745 464 3839 505 se-

549 534 817 589 ordinatio
844 532 1208 602 hujuscemodi
1240 533 1387 588 irrita
1414 535 1816 605 comprobetur.

881 648 957 701 De
978 648 1175 701 clericis
1205 664 1390 701 usurus
1420 648 1807 718 accipientibus.

619 737 774 793 XVII.
805 737 1067 805 Quoniam
1097 740 1270 799 multi.
1322 739 1421 795 sub
1453 740 1635 809 regula
1672 741 1970 805 constituti,
2002 756 2128 794 ava-

551 830 725 883 ritiam
768 838 822 881 et
872 828 1045 897 turpia
1093 828 1237 883 lucra
1280 838 1577 895 sectantur,
1629 831 1887 899 oblitique
1934 831 2126 885 divina:

549 919 857 988 Scriptum,
893 918 1125 972 dicentis
1153 937 1165 972 :
1199 918 1299 985 Qui
1339 922 1619 990 pecuniam
1649 937 1798 975 suam
1842 938 1949 975 non
1983 921 2131 976 dedit

548 1012 612 1064 ad
638 1026 870 1076 usuram,
889 1019 1131 1065 mutuum
1155 1011 1345 1067 dantes
1368 1014 1687 1066 centesimas
1710 1011 1931 1080 exigunt
1957 998 2129 1080 :justc

550 1104 758 1157 censuit
786 1111 970 1157 sancta
999 1111 1056 1156 et
1083 1115 1273 1169 magna
1303 1103 1563 1173 synodus,
1587 1114 1645 1156 ut
1664 1103 1707 1156 si
1737 1104 1855 1171 quis
1886 1103 2131 1156 inventus

549 1194 729 1255 fuerit,
762 1201 883 1261 post
908 1192 1045 1246 hanc
1075 1191 1463 1255 delinitionem,
1501 1209 1687 1246 usuras
1718 1194 2004 1262 accipiens,
2038 1200 2129 1246 aut

546 1298 615 1335 ex
643 1282 1021 1337 adinventione
1049 1283 1244 1351 aliqua,
1278 1282 1359 1336 vel
1389 1284 1634 1352 quolibet
1662 1284 1821 1338 modo
1851 1286 2125 1351 negotium

551 1374 874 1441 trausigens,
915 1382 1009 1427 aut
1044 1374 1317 1438 hemiolia,
1360 1375 1409 1428 id
1452 1384 1533 1429 est
1570 1376 1835 1444 sescupla,
1878 1377 2125 1441 exigens;

551 1468 637 1521 vel
666 1465 866 1536 aliquid
897 1468 1001 1523 tale
1036 1484 1254 1537 prorsus
1294 1468 1609 1536 excogitaus
1652 1468 1819 1537 turpis
1851 1467 1979 1523 lucri
2008 1482 2129 1535 gra-

550 1560 642 1621 tia,
668 1559 948 1627 dejiciatur
972 1574 1002 1612 a
1031 1560 1198 1621 clero,
1231 1567 1285 1612 et
1306 1559 1513 1612 alienus
1540 1560 1737 1613 existat
1761 1575 1790 1612 a
1820 1557 2019 1628 regula.

917 1670 998 1725 De
1025 1672 1305 1742 privilegiis
1333 1672 1763 1742 presbyterorum.

622 1762 802 1818 XVIII.
839 1762 1090 1818 Pervenit
1132 1762 1200 1815 ad
1238 1772 1482 1816 sanctum
1528 1776 1887 1831 magnumque
1941 1762 2126 1816 conci-

549 1950 753 2020 hyteris
780 1948 1005 2016 gratiam
1048 1962 1216 2000 SﬂCl‘tB
1254 1945 1652 1999 communionis
1696 1944 1906 1998 diaconi
1955 1945 2129 2013 porri-

549 2047 711 2106 gant;
742 2037 885 2107 quod
936 2052 1035 2091 nec
1065 2035 1271 2104 regula,
1316 2050 1415 2088 nec
1443 2033 1774 2105 consuetudo
1804 2033 2042 2111 tradidit,
2074 2042 2131 2086 ut

548 2135 617 2185 ab
642 2132 725 2185 his
748 2131 838 2200 qui
864 2138 1184 2199 potestatem
1222 2146 1327 2182 non
1369 2128 1569 2181 habent
1624 2126 1882 2181 ollerendi
1926 2126 2000 2179 illi
2038 2127 2126 2194 qui

553 2224 789 2278 nllerunt
818 2221 1013 2275 Christi
1058 2236 1255 2289 corpus
1294 2220 1574 2290 accipiant.
1608 2218 1716 2273 Nec
1766 2235 1873 2271 non
1919 2227 1974 2272 et
2002 2216 2129 2270 illud

549 2314 801 2377 i._.uotuit,
833 2314 977 2382 quod
1002 2312 1218 2381 quidam
1243 2311 1453 2366 diaconi
1494 2319 1620 2364 ante
1663 2310 1947 2379 episcopos
1974 2323 2127 2362 sacra

550 2407 729 2461 oblata
761 2410 1092 2476 contingant.
1134 2406 1259 2460 Haec
1308 2406 1467 2474 igitur
1506 2405 1684 2458 omnia
1715 2411 2043 2467 resecentur,
2075 2408 2129 2455 et

548 2502 603 2553 in
634 2516 728 2554 sua
758 2500 969 2555 diaconi
1025 2514 1273 2553 mensura
1317 2506 1662 2567 permaneant
1690 2513 1703 2549 :
1732 2496 1959 2549 scientes
1986 2493 2128 2562 quod

548 2591 925 2660 episcoporum
954 2590 1169 2658 quidem
1210 2588 1435 2643 ministri
1465 2588 1591 2652 sint,
1634 2586 1913 2641 inferiores
1948 2594 2125 2639 autem

552 2680 876 2749 presbyteris
904 2678 1203 2731 habeantur
1228 2693 1325 2747 per
1351 2677 1615 2731 ordinem.
1656 2675 1796 2744 Ergo
1826 2687 1945 2745 post
1973 2690 2125 2745 pres-

548 2769 769 2838 byteros
795 2770 1019 2837 gratiam
1066 2784 1234 2823 sacra:
1282 2768 1673 2823 communionis
1702 2769 1992 2838 accipiant,
2036 2775 2129 2819 aut

2235 534 2363 587 dere
2404 535 2455 587 in
2498 534 2673 587 medio
2703 536 3140 605 presbyterorum
3171 534 3414 591 diaconis
3442 537 3639 603 liceat;
3697 539 3835 609 quia

2234 630 2277 682 si
2311 631 2413 685 hoc
2441 629 2546 689 fiat.
2583 640 2773 699 pneter
2798 631 3036 698 regulam
3065 640 3119 683 et
3154 630 3393 685 ordinem
3418 632 3691 700 probatur
3714 635 3838 686 exi-

2234 734 2395 779 stere.
2428 724 2481 777 Si
2504 725 2622 792 quis
2645 732 2823 777 autem
2854 725 3017 777 etiam
3050 734 3169 795 post
3194 724 3289 777 has
3317 722 3669 781 definitiones
3693 726 3837 779 obes

2234 816 2349 872 dire
2382 818 2632 880 noluerit,
2664 833 2693 869 a
2725 817 3021 870 ministerio
3046 832 3259 871 cessare
3286 816 3517 871 debebit.

2235 964 2313 1017 De
2362 966 2442 1019 his
2498 967 2583 1037 qui
2629 982 2660 1017 a
2711 964 2875 1018 Paulo
2918 964 3257 1044 Sqmosateno
3296 966 3365 1019 ad
3402 965 3699 1020 Ecclesium
3744 984 3838 1020 YC'

2934 1046 3099 1088 munt.

2304 1148 2442 1202 XIX.
2510 1150 2581 1202 De
2628 1148 2968 1203 Paulianistis
3021 1150 3086 1201 ad
3145 1147 3435 1203 Ecclesium
3492 1150 3836 1202 cathmicain

2236 1243 2681 1309 confugientibus.
2716 1244 2954 1296 definitio
2988 1242 3191 1309 prolata
3223 1251 3325 1303 est,
3379 1251 3435 1293 ut
3477 1241 3837 1308 baptizentur

2235 1332 2579 1386 omnimodis.
2606 1334 2661 1385 Si
2703 1334 2789 1400 qui
2821 1344 2997 1385 autem
3028 1333 3094 1386 de
3135 1332 3217 1385 his
3257 1333 3529 1401 przcterito
3571 1340 3839 1398 tempore

2236 1422 2431 1476 fuerint
2484 1424 2533 1475 in
2563 1423 2730 1485 clero,
2771 1423 2813 1475 si
2843 1423 3057 1491 quidem
3108 1422 3431 1476 immaculati
3480 1432 3535 1473 et
3585 1424 3837 1490 irreprc-

2236 1516 2523 1569 hensibiles
2554 1516 2919 1584 apparuerint,
2947 1516 3196 1582 baptizati
3238 1513 3549 1567 ordinentur
3580 1513 3653 1566 ab
3707 1513 3833 1582 epi-

2233 1620 2397 1675 sc0po
2432 1605 2683 1660 Ecclesia!
2712 1606 2988 1659 catholica:
3027 1618 3039 1657 :
3085 1606 3226 1674 quod
3254 1606 3297 1657 si
3329 1604 3588 1658 discussit)
3632 1606 3835 1658 incon-

2234 1711 2396 1762 grnos
2423 1711 2517 1748 eos
2549 1696 2831 1757 invenerit,
2864 1694 3021 1762 abjici
3047 1697 3179 1748 tales
3213 1694 3518 1747 conveniet.
3554 1694 3836 1747 Similiter

2171 1836 2183 1849 ,
2235 1795 2411 1839 autem
2442 1786 2583 1841 etde
2622 1786 2952 1848 diaconiSsis,
2995 1794 3049 1839 et
3104 1786 3325 1839 omnino
3353 1784 3421 1838 de
3467 1785 3547 1837 his
3577 1786 3676 1851 qui
3727 1784 3831 1837 sub

548 1859 699 1921 lium,
726 1856 873 1927 quod
909 1856 961 1909 in
994 1853 1313 1923 quihusdam
1355 1854 1486 1907 locis
1525 1862 1579 1907 et
1625 1854 1947 1917 civitatibus,
1983 1869 2129 1922 pres-
2170 1852 2203 1888 εξ

2234 1879 2413 1945 regula
2445 1888 2742 1940 versantur,
2776 1878 2887 1931 brec
2925 1877 3091 1929 forma
3123 1876 3443 1929 servabitur.
3475 1874 3834 1927 Meminimus

2233 1977 2409 2021 autem
2435 1966 2503 2021 de
2530 1967 2866 2030 dini-onissis,
2896 1980 3015 2035 qua:
3042 1966 3094 2019 in
3117 1966 3306 2019 eodem
3334 1965 3515 2018 habitu
3546 1980 3673 2017 esse
3700 1979 3831 2031 pro-

2234 2064 2448 2127 bantur,
2479 2061 2620 2129 quod
2649 2076 2753 2115 non
2785 2060 3017 2114 habeant
3040 2059 3269 2127 aliquam
3298 2074 3485 2110 manus
3518 2056 3834 2125 impositiq-

2234 2168 2379 2217 nem,
2425 2161 2480 2206 et
2533 2152 2653 2207 ideo
2709 2152 2882 2207 modis
2919 2151 3168 2206 omnibus
3204 2166 3296 2205 eas
3336 2151 3475 2203 inter
3520 2150 3695 2202 laicos
3732 2147 3831 2201 de-

2232 2244 2427 2314 putari.

2756 2376 2836 2432 De
2871 2377 3124 2447 ﬂectendo
3152 2393 3306 2448 genu.

2305 2492 2424 2546 XX.
2465 2493 2727 2559 Quoniam
2750 2502 2870 2547 sunt
2900 2493 3115 2561 quidam
3144 2492 3195 2545 in
3238 2490 3324 2544 die
3364 2488 3640 2542 dominico
3676 2500 3823 2555 genu

2235 2585 2531 2646 ﬂectentes,
2582 2591 2637 2635 et
2671 2583 2723 2635 in
2748 2582 2936 2634 diebus
2980 2579 3324 2634 Pentecostes
3367 2596 3378 2630 :
3425 2586 3481 2629 ut
3531 2575 3717 2628 omnia
3768 2574 3822 2626 in

2238 2674 2503 2726 universis
2534 2672 2661 2725 locis
2685 2679 3046 2724 Consonanter
3064 2669 3432 2725 observentur,
3465 2665 3665 2734 placuit
3694 2675 3824 2718 San-

2237 2775 2326 2819 cto
2355 2764 2584 2819 concilio
2613 2771 2816 2817 stantes
2842 2762 3065 2815 Domino
3094 2769 3221 2814 Vota
3252 2758 3579 2829 persolvere.

1564 2984 1912 3045 REGUL/‘E
1970 2988 2232 3047 ANCYR
2248 2991 2371 3049 tNl
2429 2982 2800 3050 CONCILII.

619 3188 738 3251 Ista:
757 3194 953 3263 regulae
980 3192 1187 3262 priores
1207 3190 1419 3259 quidem
1450 3198 1574 3244 sunt
1599 3182 1860 3242 Niczenis:
1892 3185 1985 3241 sed
2008 3185 2129 3240 ideo
2159 3192 2199 3248 t‘,
2239 3188 2459 3245 funestis
2505 3189 2779 3245 sacriﬁciis
2825 3191 3193 3249 admoverent.
3239 3196 3331 3241 aut
3369 3186 3572 3255 aliquid
3625 3185 3819 3257 polluti

550 3287 776 3342 Nicmntn
823 3284 970 3354 prius
1022 3283 1232 3350 scripta:
1282 3288 1434 3341 sunt,
1485 3287 1706 3347 propter
1758 3277 2129 3331 auctoritatem

550 3376 789 3439 eiusdem
832 3374 1010 3442 magni
1057 3371 1336 3438 sanctique
1383 3370 1597 3424 concilii
1632 3367 1943 3436 congregati
1992 3366 2131 3436 apud

553 3470 807 3522 hiemant.

552 3571 948 3647 Depresbyteris
978 3577 1061 3646 qui
1094 3576 1483 3628 immolaverunt
1504 3575 1728 3643 tempere
1740 3568 2131 3643 persecutionis.

622 3684 763 3749 XXI.
807 3690 1154 3759 Presbyteros
1178 3688 1531 3749 immolantes,
1556 3697 1608 3740 et
1641 3687 1832 3741 iterum
1866 3687 2131 3740 luctamen

552 3786 852 3845 adeuntes,
884 3782 927 3835 si
963 3781 1066 3833 hoc
1110 3795 1217 3832 non
1250 3795 1345 3847 per
1384 3779 1683 3833 illusionem
1734 3779 1989 3846 aliquam,
2040 3777 2133 3829 sed

550 3894 619 3932 ex
645 3876 867 3931 veritate
898 3873 1140 3937 fecerint,
1175 3887 1271 3925 nec
1301 3880 1425 3925 ante
1454 3879 1721 3939 parentes,
1745 3878 1798 3923 et
1822 3870 2133 3923 alfectantes

554 3978 716 4040 atque
763 3968 1071 4033 suadentes,
1113 3976 1169 4018 ut
1213 3966 1542 4018 :cstimcntur
1587 3965 1801 4032 quidem
1855 3964 2134 4017 tormentis

551 4061 745 4130 aptari,
780 4060 873 4115 sed
911 4060 992 4111 his
1042 4059 1153 4111 visit
1188 4067 1389 4109 tantum
1431 4068 1484 4110 ct
1528 4058 1710 4110 habitu
1758 4057 1988 4125 subjici,
2036 4056 2135 4111 hos

553 4151 755 4221 placuit
778 4152 1039 4203 honorem
1067 4148 1280 4217 quidem
1312 4148 1541 4201 retinere
1572 4149 1799 4216 propria:
1828 4148 2007 4209 sedis;
2049 4148 2133 4200 of--

549 4236 691 4299 ferre
730 4259 865 4297 vero
915 4251 1008 4295 aut
1056 4241 1273 4310 alloqui,
1324 4246 1418 4294 aut
1446 4241 1665 4295 omnino
1710 4239 2134 4294 sacerdotalibus

547 4333 739 4388 ciliciis
764 4328 908 4403 fungi
940 4349 1045 4386 non
1079 4332 1262 4387 licere.

886 4444 965 4498 De
999 4446 1231 4498 diaconis
1257 4446 1343 4514 qui
1382 4446 1791 4499 immolaverunt.

622 4554 784 4609 XXII.
809 4555 1029 4609 Diaconi
1074 4556 1321 4610 similiter
1365 4557 1457 4623 qui
1496 4556 1926 4622 immolaverunt,
1955 4557 2129 4610 houo-
2160 4561 2203 4609 ii

546 4662 665 4700 rem
694 4644 915 4712 quidem
947 4643 1218 4699 habeant:
1263 4653 1477 4699 cessent
1506 4660 1634 4700 vero
1674 4645 1742 4698 ab
1790 4651 1933 4699 omni
1975 4662 2129 4701 sacro

549 4735 874 4799 ministerio,
906 4736 1019 4789 sive
1044 4751 1073 4788 a
1114 4751 1273 4804 pane,
1307 4737 1420 4789 sive
1442 4752 1470 4789 a
1501 4737 1667 4790 calice
1707 4735 2001 4800 offerendo,
2045 4737 2129 4791 vel

548 4826 909 4897 przedicando.
950 4825 1103 4892 Quod
1159 4828 1203 4881 si
1253 4826 1472 4895 quidam
1524 4828 1898 4896 episcoporqu
1932 4827 2132 4881 conscii

546 4926 675 4971 sunt
704 4916 910 4971 laboris
938 4934 1147 4982 eorum,
1172 4931 1222 4972 et
1246 4919 1579 4982 humilitatis,
1613 4927 1662 4971 et
1694 4918 2135 4985 mansuetudinis,

547 5018 603 5064 et
624 5009 897 5065 voluerint
923 5009 1001 5063 eis
1028 5010 1228 5078 aliquid
1258 5011 1485 5079 amplius
1507 5010 1743 5065 tribuere
1764 5009 1849 5063 vel
1873 5008 2131 5075 adimere,

549 5117 716 5171 penes
744 5102 891 5173 ipsos
917 5103 1022 5158 erit
1050 5111 1309 5172 potestas.

550 5238 626 5294 Ds
655 5239 735 5293 his
762 5238 848 5310 qui
889 5253 954 5292 ea:
985 5239 1109 5309 fuga
1139 5236 1491 5310 comprehensi
1524 5240 1661 5302 sunt,
1707 5247 1757 5291 et
1783 5248 1877 5309 per
1904 5236 2006 5293 vim
2033 5255 2133 5309 pae-

902 5311 1025 5379 gaui
1056 5310 1182 5360 ritus
1214 5308 1409 5377 aliquid
1437 5310 1774 5377 pertulerunt.

616 5416 805 5472 XXIII.
847 5417 946 5483 Qui
976 5417 1247 5485 fugientes
1276 5419 1649 5487 comprehensi
1679 5427 1836 5485 sunt,
1866 5420 2002 5474 vela
2030 5418 2130 5475 do-

550 5510 786 5565 mesticis
817 5509 1024 5574 traditi,
1052 5509 1135 5562 vel
1170 5510 1435 5579 ademptis
1460 5510 1803 5565 facultatibus
1831 5513 2133 5565 sustinuere

551 5610 838 5665 i-iruienta,
870 5608 961 5654 aut
992 5601 1044 5654 in
1082 5602 1383 5655 custodiam
1420 5603 1549 5655 trusi
1582 5604 2052 5671 proclamaverunt
2081 5618 2137 5656 se

549 5701 563 5743 εν
596 5696 884 5749 hristianos
906 5709 1045 5759 esse,
1079 5702 1134 5750 et
1160 5710 1397 5763 eousque
1441 5694 1647 5750 astricti
1674 5702 1818 5757 sunt,
1854 5704 1912 5747 ut
1949 5709 2137 5747 manus

549 5797 736 5843 eorum
805 5788 1325 5860 comprcliendcutes
1371 5789 1634 5843 violenter
1678 5786 2030 5846 attraherent,
2081 5794 2131 5837 et

2237 3302 2263 3329 συ
2290 3282 2339 3335 bi
2370 3298 2467 3351 per
2496 3284 2870 3338 necessitatem
2894 3297 3107 3336 sumere
3128 3290 3469 3350 cogerentur,
3495 3283 3823 3335 contuentes

2231 3373 2431 3440 j‘igiter
2457 3390 2516 3428 se
2543 3374 2875 3428 Christianos
2894 3390 3035 3439 esse,
3066 3382 3120 3427 et
3147 3374 3347 3427 luctum
3372 3373 3469 3433 rei,
3494 3388 3614 3439 qua:
3640 3368 3809 3425 conti:

2239 3466 2333 3527 uit.
2380 3465 2773 3521 incessabiliter
2816 3468 3159 3522 ostendentes
3195 3466 3339 3519 omni
3388 3466 3717 3532 dejectione,
3769 3468 3824 3515 et

2241 3555 2441 3618 habitu,
2471 3565 2525 3610 et
2553 3556 2854 3612 humilitate
2875 3559 2998 3610 vita:
3022 3575 3035 3609 :
3060 3558 3178 3620 hos,
3204 3557 3351 3611 velut
3379 3565 3529 3609 extra
3559 3555 3822 3608 delictum

2237 3648 2576 3711 constitutos,
2604 3663 2633 3701 a
2654 3650 3046 3703 communionis
3066 3651 3232 3716 gratia
3264 3664 3369 3703 non
3394 3647 3583 3700 vetari.
3609 3645 3664 3699 Si
3694 3658 3821 3696 vero

2240 3743 2490 3811 prohibiti
2513 3748 2639 3797 sunt
2676 3742 2742 3795 ab
2772 3744 3056 3811 aliquibus,
3101 3752 3321 3812 proriter
3348 3741 3660 3809 ampliorem
3695 3751 3823 3792 cau-

2240 3832 2422 3897 telam,
2452 3832 2536 3885 vel
2568 3842 2787 3901 propter
2814 3833 3167 3901 qnoruuidam
3214 3832 3604 3899 ignorantiam,
3638 3828 3821 3881 statim

2241 3925 2585 3994 recipiantur.
2619 3924 2733 3980 Iloc
2760 3934 2940 3979 autem
2971 3927 3215 3979 similiter
3245 3934 3297 3977 et
3326 3924 3393 3977 de
3420 3923 3652 3984 clericis,
3680 3919 3822 3974 etde

2237 4015 2445 4067 «ueteris
2476 4014 2626 4067 laicis
2655 4016 2944 4069 observare
2982 4017 3287 4069 conveniet.
3334 4013 3696 4082 Perquisitnm
3742 4018 3824 4064 est

2239 4113 2495 4159 autemet
2522 4106 2671 4167 illud,
2703 4107 2747 4159 si
2778 4115 3003 4175 possunt
3032 4108 3193 4159 etiam
3225 4106 3342 4158 laici
3378 4105 3469 4173 qui
3517 4104 3568 4157 in
3602 4104 3700 4155 has
3730 4114 3822 4154 ne-

2236 4197 2503 4252 cessitatis
2530 4199 2801 4265 angustias
2824 4197 3147 4263 inciderunt,
3170 4198 3233 4247 ad
3264 4196 3546 4250 clericatus
3576 4192 3820 4247 ordinem

2240 4289 2564 4358 promoveri.
2596 4287 2801 4343 Placuit
2847 4304 2974 4356 ergo
3003 4298 3057 4341 et
3097 4289 3213 4350 hos,
3251 4297 3502 4355 tanquam
3551 4287 3642 4356 qui
3692 4283 3820 4338 nihil

2237 4388 2614 4448 peccaverunt,
2648 4380 2690 4431 si
2715 4389 2769 4432 et
2817 4379 3123 4448 praem-dens
3166 4394 3349 4431 eorum
3381 4378 3487 4429 vita
3530 4374 3823 4446 probabilis

2237 4474 2325 4536 sit,
2357 4472 2424 4525 ad
2454 4472 2557 4525 hoc
2587 4470 2819 4525 officium
2844 4472 3087 4540 provehi.

2238 4585 2317 4638 lle
2364 4586 2443 4639 liis
2481 4586 2586 4656 qui,
2639 4584 2849 4638 diversis
2878 4587 3068 4645 causis,
3096 4583 3397 4653 gentilitatis
3440 4581 3569 4633 ritus
3624 4573 3821 4647 aliquid

2860 4658 3179 4724 peregerunt.

2312 4766 2496 4822 XXIV.
2538 4766 2614 4821 De
2666 4767 2749 4821 his
2777 4768 2865 4836 qui
2890 4766 3194 4819 sacriﬁcare
3220 4762 3393 4818 coacti
3435 4772 3577 4824 sunt,
3605 4761 3820 4827 insuper

2241 4870 2296 4915 et
2327 4868 2677 4916 cuinaverunt
2702 4861 2752 4913 in
2786 4860 2968 4919 idolio,
3001 4858 3308 4926 quicunque
3339 4869 3546 4916 eorum,
3592 4868 3710 4905 cum
3735 4849 3821 4901 du-

2244 4961 2513 5015 cerentur,
2546 4952 2747 5005 Imtiore
2779 4950 2960 5003 habitu
2994 4950 3225 5011 luerunt,
3260 4954 3315 4999 et
3343 4943 3676 4997 vestimentis
3705 4954 3822 5009 pre-

2240 5044 2545 5097 tiosioribus
2592 5043 2669 5096 usi
2699 5049 2843 5102 sunt,
2876 5048 2931 5092 et
2967 5047 3273 5108 prmpai'atte
3301 5051 3469 5089 emine
3518 5034 3819 5085 indill'ercn-

2243 5151 2323 5192 ter
2350 5139 2637 5208 participes
2658 5136 2975 5189 exstiterunt
2996 5176 3009 5199 ,
3037 5133 3232 5201 placuit
3255 5148 3349 5185 eos
3379 5130 3519 5183 inter
3546 5127 3818 5180 audientes

2244 5246 2350 5281 uno
2398 5245 2540 5281 anno
2578 5225 2855 5287 cuiistitui,
2889 5222 3236 5277 succumbere
3268 5236 3394 5273 vero
3429 5220 3600 5271 tribus
3648 5216 3816 5276 anuis,

2244 5322 2294 5373 in
2329 5319 2571 5373 oratione
2601 5324 2781 5369 autem
2812 5315 3213 5369 conuumicare
3244 5311 3487 5375 biennio,
3513 5316 3568 5362 et
3596 5318 3720 5359 tunc
3754 5302 3815 5354 ad

2243 5408 2587 5479 perfectionis
2641 5408 2869 5473 gratiam
2924 5405 3229 5473 pervenire.
3300 5401 3576 5466 Quotquot
3642 5404 3813 5446 autem

2241 5501 2596 5555 ascenderunt
2633 5498 2832 5568 templa
2876 5506 3024 5550 veste
3067 5494 3299 5561 lugubri,
3346 5501 3400 5545 et
3448 5490 3817 5544 recnuihentes

2242 5609 2335 5661 per
2364 5607 2523 5644 omne
2553 5601 2762 5660 tempus
2788 5586 2986 5641 ﬂevere
3011 5585 3322 5649 discubitus,
3350 5583 3393 5635 si
3418 5581 3819 5648 compleverunt

2244 5686 2609 5749 iiriiitentiam
2638 5680 2856 5737 triennii
2886 5678 3160 5746 temporis,
3191 5676 3309 5729 sine
3337 5672 3611 5725 oblatione
3649 5666 3815 5721 susci-

2246 5786 2473 5848 piantur.
2509 5776 2564 5831 Si
2597 5785 2773 5833 autem
2804 5788 2908 5828 non
2937 5770 3410 5826 niauducavcnmt,
3443 5760 3659 5816 biennio
3696 5758 3813 5812 sub-
