  <div class='ocr_page' id='page_1' title='image "/cluster/home/n/w/nwhite01/storage/ocr_20150623/67/hvd.32044015547185/082.png"; bbox 0 0 4128 6348; ppageno 0'>
   <div class='ocr_carea' id='block_1_1' title="bbox 379 322 486 380">
    <p class='ocr_par' dir='ltr' id='par_1_1' title="bbox 379 322 486 380">
     <span class='ocr_line' id='line_1_1' title="bbox 379 322 486 380; baseline -0.019 0"><span class='ocrx_word' id='word_1_1' title='bbox 379 322 486 380; x_wconf 69' lang='grc'><strong>153</strong></span> 
     </span>
    </p>
   </div>
   <div class='ocr_carea' id='block_1_2' title="bbox 1375 264 2666 365">
    <p class='ocr_par' dir='ltr' id='par_1_2' title="bbox 1375 264 2666 365">
     <span class='ocr_line' id='line_1_2' title="bbox 1375 264 2666 365; baseline -0.012 0"><span class='ocrx_word' id='word_1_2' title='bbox 1375 306 1598 365; x_wconf 75' lang='lat' dir='ltr'><strong>coacx</strong></span> <span class='ocrx_word' id='word_1_3' title='bbox 1626 297 1948 360; x_wconf 63' lang='lat' dir='ltr'><strong>cnosun</strong></span> <span class='ocrx_word' id='word_1_4' title='bbox 1979 264 2666 354; x_wconf 62' lang='lat' dir='ltr'><strong>tcewsusrtconun.</strong></span> 
     </span>
    </p>
   </div>
   <div class='ocr_carea' id='block_1_3' title="bbox 3532 296 3632 350">
    <p class='ocr_par' dir='ltr' id='par_1_3' title="bbox 3532 296 3632 350">
     <span class='ocr_line' id='line_1_3' title="bbox 3532 296 3632 350; baseline -0.02 0"><span class='ocrx_word' id='word_1_5' title='bbox 3532 296 3632 350; x_wconf 55' lang='lat'><strong>15%</strong></span> 
     </span>
    </p>
   </div>
   <div class='ocr_carea' id='block_1_4' title="bbox 373 412 3629 510">
    <p class='ocr_par' dir='ltr' id='par_1_4' title="bbox 373 412 3629 510">
     <span class='ocr_line' id='line_1_4' title="bbox 373 412 3629 510; baseline -0.01 -14"><span class='ocrx_word' id='word_1_6' title='bbox 373 441 504 510; x_wconf 70' lang='lat' dir='ltr'><strong>)ecti</strong></span> <span class='ocrx_word' id='word_1_7' title='bbox 537 434 883 509; x_wconf 68' lang='lat' dir='ltr'><strong>pmnitentite,</strong></span> <span class='ocrx_word' id='word_1_8' title='bbox 918 429 1076 486; x_wconf 87' lang='lat' dir='ltr'><strong>tertio</strong></span> <span class='ocrx_word' id='word_1_9' title='bbox 1104 443 1245 482; x_wconf 85' lang='lat' dir='ltr'><strong>anno</strong></span> <span class='ocrx_word' id='word_1_10' title='bbox 1272 427 1387 481; x_wconf 87' lang='lat' dir='ltr'><strong>sine</strong></span> <span class='ocrx_word' id='word_1_11' title='bbox 1415 426 1688 480; x_wconf 88' lang='lat' dir='ltr'><strong>oblatione</strong></span> <span class='ocrx_word' id='word_1_12' title='bbox 1709 437 1943 477; x_wconf 86' lang='lat' dir='ltr'><strong>commu-</strong></span> <span class='ocrx_word' id='word_1_13' title='bbox 1972 425 2016 479; x_wconf 81' lang='grc' dir='ltr'><strong>Α</strong></span> <span class='ocrx_word' id='word_1_14' title='bbox 2051 418 2410 488; x_wconf 77' lang='lat' dir='ltr'><strong>placuit&#39;crui,</strong></span> <span class='ocrx_word' id='word_1_15' title='bbox 2445 427 2499 472; x_wconf 90' lang='lat' dir='ltr'><strong>ct</strong></span> <span class='ocrx_word' id='word_1_16' title='bbox 2519 417 2596 470; x_wconf 79' lang='lat' dir='ltr'><strong>eis</strong></span> <span class='ocrx_word' id='word_1_17' title='bbox 2626 413 2769 469; x_wconf 86' lang='lat' dir='ltr'><strong>reddi</strong></span> <span class='ocrx_word' id='word_1_18' title='bbox 2801 415 2992 483; x_wconf 77' lang='lat' dir='ltr'><strong>quibus</strong></span> <span class='ocrx_word' id='word_1_19' title='bbox 3019 421 3144 466; x_wconf 84' lang='lat' dir='ltr'><strong>ante</strong></span> <span class='ocrx_word' id='word_1_20' title='bbox 3172 412 3382 467; x_wconf 63' lang='lat' dir='ltr'><strong>fuerant</strong></span> <span class='ocrx_word' id='word_1_21' title='bbox 3400 412 3629 482; x_wconf 77' lang='lat' dir='ltr'><strong>despor-</strong></span> 
     </span>
    </p>
   </div>
   <div class='ocr_carea' id='block_1_5' title="bbox 378 517 1944 597">
    <p class='ocr_par' dir='ltr' id='par_1_5' title="bbox 378 517 1944 597">
     <span class='ocr_line' id='line_1_5' title="bbox 378 517 1944 597; baseline -0.013 -11"><span class='ocrx_word' id='word_1_22' title='bbox 378 534 590 587; x_wconf 83' lang='lat' dir='ltr'><strong>uicem:</strong></span> <span class='ocrx_word' id='word_1_23' title='bbox 633 535 692 584; x_wconf 90' lang='lat' dir='ltr'><strong>ut</strong></span> <span class='ocrx_word' id='word_1_24' title='bbox 733 522 1112 597; x_wconf 73' lang='lat' dir='ltr'><strong>perfectionem</strong></span> <span class='ocrx_word' id='word_1_25' title='bbox 1141 517 1491 587; x_wconf 83' lang='lat' dir='ltr'><strong>quadriennio</strong></span> <span class='ocrx_word' id='word_1_26' title='bbox 1532 521 1944 583; x_wconf 70' lang='lat' dir='ltr'><strong>consequantur.</strong></span> 
     </span>
    </p>
   </div>
   <div class='ocr_carea' id='block_1_6' title="bbox 378 607 1948 687">
    <p class='ocr_par' dir='ltr' id='par_1_6' title="bbox 378 607 1948 687">
     <span class='ocr_line' id='line_1_6' title="bbox 378 607 1948 687; baseline -0.013 -10"><span class='ocrx_word' id='word_1_27' title='bbox 378 623 552 679; x_wconf 89' lang='lat' dir='ltr'><strong>Penes</strong></span> <span class='ocrx_word' id='word_1_28' title='bbox 576 628 755 676; x_wconf 88' lang='lat' dir='ltr'><strong>autem</strong></span> <span class='ocrx_word' id='word_1_29' title='bbox 776 617 1059 687; x_wconf 88' lang='lat' dir='ltr'><strong>episcopos</strong></span> <span class='ocrx_word' id='word_1_30' title='bbox 1083 612 1186 667; x_wconf 91' lang='lat' dir='ltr'><strong>erit</strong></span> <span class='ocrx_word' id='word_1_31' title='bbox 1204 619 1466 681; x_wconf 73' lang='lat' dir='ltr'><strong>potestas,</strong></span> <span class='ocrx_word' id='word_1_32' title='bbox 1487 607 1704 662; x_wconf 90' lang='lat' dir='ltr'><strong>modum</strong></span> <span class='ocrx_word' id='word_1_33' title='bbox 1732 620 1948 661; x_wconf 85' lang='lat' dir='ltr'><strong>conver-</strong></span> 
     </span>
    </p>
   </div>
   <div class='ocr_carea' id='block_1_7' title="bbox 373 700 1949 776">
    <p class='ocr_par' dir='ltr' id='par_1_7' title="bbox 373 700 1949 776">
     <span class='ocr_line' id='line_1_7' title="bbox 373 700 1949 776; baseline -0.013 -6"><span class='ocrx_word' id='word_1_34' title='bbox 373 715 544 770; x_wconf 81' lang='lat' dir='ltr'><strong>sionis</strong></span> <span class='ocrx_word' id='word_1_35' title='bbox 597 725 782 766; x_wconf 88' lang='lat' dir='ltr'><strong>eorum</strong></span> <span class='ocrx_word' id='word_1_36' title='bbox 838 707 1146 776; x_wconf 85' lang='lat' dir='ltr'><strong>probantes,</strong></span> <span class='ocrx_word' id='word_1_37' title='bbox 1201 703 1284 757; x_wconf 90' lang='lat' dir='ltr'><strong>vel</strong></span> <span class='ocrx_word' id='word_1_38' title='bbox 1334 700 1620 755; x_wconf 83' lang='lat' dir='ltr'><strong>humanius</strong></span> <span class='ocrx_word' id='word_1_39' title='bbox 1671 711 1798 765; x_wconf 82' lang='lat' dir='ltr'><strong>erga</strong></span> <span class='ocrx_word' id='word_1_40' title='bbox 1855 710 1949 750; x_wconf 89' lang='lat' dir='ltr'><strong>eos</strong></span> 
     </span>
    </p>
   </div>
   <div class='ocr_carea' id='block_1_8' title="bbox 376 792 1948 876">
    <p class='ocr_par' dir='ltr' id='par_1_8' title="bbox 376 792 1948 876">
     <span class='ocr_line' id='line_1_8' title="bbox 376 792 1948 876; baseline -0.011 -16"><span class='ocrx_word' id='word_1_41' title='bbox 376 817 558 876; x_wconf 80' lang='lat' dir='ltr'><strong>agere,</strong></span> <span class='ocrx_word' id='word_1_42' title='bbox 585 800 669 858; x_wconf 84' lang='lat' dir='ltr'><strong>vel</strong></span> <span class='ocrx_word' id='word_1_43' title='bbox 692 801 920 871; x_wconf 84' lang='lat' dir='ltr'><strong>amplius</strong></span> <span class='ocrx_word' id='word_1_44' title='bbox 943 809 1152 867; x_wconf 86' lang='lat' dir='ltr'><strong>tempus</strong></span> <span class='ocrx_word' id='word_1_45' title='bbox 1171 797 1436 850; x_wconf 85' lang='lat' dir='ltr'><strong>addicere.</strong></span> <span class='ocrx_word' id='word_1_46' title='bbox 1459 794 1595 847; x_wconf 77' lang='lat' dir='ltr'><strong>Ante</strong></span> <span class='ocrx_word' id='word_1_47' title='bbox 1619 792 1796 846; x_wconf 85' lang='lat' dir='ltr'><strong>omnia</strong></span> <span class='ocrx_word' id='word_1_48' title='bbox 1821 804 1948 844; x_wconf 87' lang='lat' dir='ltr'><strong>vero</strong></span> 
     </span>
    </p>
   </div>
   <div class='ocr_carea' id='block_1_9' title="bbox 375 881 1947 968">
    <p class='ocr_par' dir='ltr' id='par_1_9' title="bbox 375 881 1947 968">
     <span class='ocr_line' id='line_1_9' title="bbox 375 881 1947 968; baseline -0.011 -15"><span class='ocrx_word' id='word_1_49' title='bbox 375 896 684 968; x_wconf 71' lang='lat' dir='ltr'><strong>prmcedens</strong></span> <span class='ocrx_word' id='word_1_50' title='bbox 713 908 895 948; x_wconf 89' lang='lat' dir='ltr'><strong>corum</strong></span> <span class='ocrx_word' id='word_1_51' title='bbox 927 892 1030 943; x_wconf 88' lang='lat' dir='ltr'><strong>vita</strong></span> <span class='ocrx_word' id='word_1_52' title='bbox 1057 899 1112 942; x_wconf 89' lang='lat' dir='ltr'><strong>et</strong></span> <span class='ocrx_word' id='word_1_53' title='bbox 1141 887 1406 958; x_wconf 91' lang='lat' dir='ltr'><strong>posterior</strong></span> <span class='ocrx_word' id='word_1_54' title='bbox 1449 885 1763 956; x_wconf 85' lang='lat' dir='ltr'><strong>inquiratur,</strong></span> <span class='ocrx_word' id='word_1_55' title='bbox 1791 890 1846 937; x_wconf 84' lang='lat' dir='ltr'><strong>et</strong></span> <span class='ocrx_word' id='word_1_56' title='bbox 1874 881 1947 936; x_wconf 90' lang='lat' dir='ltr'><strong>ita</strong></span> 
     </span>
    </p>
   </div>
   <div class='ocr_carea' id='block_1_10' title="bbox 375 984 1157 1060">
    <p class='ocr_par' dir='ltr' id='par_1_10' title="bbox 375 984 1157 1060">
     <span class='ocr_line' id='line_1_10' title="bbox 375 984 1157 1060; baseline -0.018 -12"><span class='ocrx_word' id='word_1_57' title='bbox 375 996 454 1048; x_wconf 79' lang='lat' dir='ltr'><strong>eis</strong></span> <span class='ocrx_word' id='word_1_58' title='bbox 479 989 811 1060; x_wconf 84' lang='lat' dir='ltr'><strong>itnpertiatur</strong></span> <span class='ocrx_word' id='word_1_59' title='bbox 839 984 1157 1039; x_wconf 81' lang='lat' dir='ltr'><strong>humanitas.</strong></span> 
     </span>
    </p>
   </div>
   <div class='ocr_carea' id='block_1_11' title="bbox 520 1089 1801 1173">
    <p class='ocr_par' dir='ltr' id='par_1_11' title="bbox 520 1089 1801 1173">
     <span class='ocr_line' id='line_1_11' title="bbox 520 1089 1801 1173; baseline -0.013 -14"><span class='ocrx_word' id='word_1_60' title='bbox 520 1107 597 1159; x_wconf 80' lang='lat' dir='ltr'><strong>De</strong></span> <span class='ocrx_word' id='word_1_61' title='bbox 623 1104 700 1156; x_wconf 77' lang='lat' dir='ltr'><strong>liis</strong></span> <span class='ocrx_word' id='word_1_62' title='bbox 726 1102 810 1173; x_wconf 93' lang='lat' dir='ltr'><strong>qui</strong></span> <span class='ocrx_word' id='word_1_63' title='bbox 836 1100 1016 1152; x_wconf 80' lang='lat' dir='ltr'><strong>timore</strong></span> <span class='ocrx_word' id='word_1_64' title='bbox 1043 1099 1169 1150; x_wconf 85' lang='lat' dir='ltr'><strong>ritus</strong></span> <span class='ocrx_word' id='word_1_65' title='bbox 1199 1089 1458 1162; x_wconf 62' lang='lat' dir='ltr'><strong>gentilium</strong></span> <span class='ocrx_word' id='word_1_66' title='bbox 1480 1097 1801 1163; x_wconf 78' lang='lat' dir='ltr'><strong>peregerunt.</strong></span> 
     </span>
    </p>
   </div>
   <div class='ocr_carea' id='block_1_12' title="bbox 450 1207 1941 1278">
    <p class='ocr_par' dir='ltr' id='par_1_12' title="bbox 450 1207 1941 1278">
     <span class='ocr_line' id='line_1_12' title="bbox 450 1207 1941 1278; baseline -0.011 -8"><span class='ocrx_word' id='word_1_67' title='bbox 450 1215 613 1270; x_wconf 86' lang='lat' dir='ltr'><strong>XXV.</strong></span> <span class='ocrx_word' id='word_1_68' title='bbox 656 1213 732 1266; x_wconf 89' lang='lat' dir='ltr'><strong>De</strong></span> <span class='ocrx_word' id='word_1_69' title='bbox 753 1211 837 1265; x_wconf 89' lang='lat' dir='ltr'><strong>his</strong></span> <span class='ocrx_word' id='word_1_70' title='bbox 883 1209 972 1278; x_wconf 91' lang='lat' dir='ltr'><strong>qui</strong></span> <span class='ocrx_word' id='word_1_71' title='bbox 998 1207 1154 1260; x_wconf 89' lang='lat' dir='ltr'><strong>minis</strong></span> <span class='ocrx_word' id='word_1_72' title='bbox 1183 1214 1387 1258; x_wconf 90' lang='lat' dir='ltr'><strong>tantum</strong></span> <span class='ocrx_word' id='word_1_73' title='bbox 1409 1219 1620 1259; x_wconf 88' lang='lat' dir='ltr'><strong>cessere</strong></span> <span class='ocrx_word' id='word_1_74' title='bbox 1647 1215 1941 1270; x_wconf 74' lang='lat' dir='ltr'><strong>pmnarum,</strong></span> 
     </span>
    </p>
   </div>
   <div class='ocr_carea' id='block_1_13' title="bbox 375 1284 1941 1378">
    <p class='ocr_par' dir='ltr' id='par_1_13' title="bbox 375 1284 1941 1378">
     <span class='ocr_line' id='line_1_13' title="bbox 375 1284 1941 1378; baseline -0.012 -14"><span class='ocrx_word' id='word_1_75' title='bbox 375 1320 468 1364; x_wconf 76' lang='lat' dir='ltr'><strong>aut</strong></span> <span class='ocrx_word' id='word_1_76' title='bbox 498 1308 796 1378; x_wconf 82' lang='lat' dir='ltr'><strong>privatione</strong></span> <span class='ocrx_word' id='word_1_77' title='bbox 818 1284 1128 1357; x_wconf 67' lang='lat' dir='ltr'><strong>facultatum</strong></span> <span class='ocrx_word' id='word_1_78' title='bbox 1158 1298 1350 1362; x_wconf 87' lang='lat' dir='ltr'><strong>territi,</strong></span> <span class='ocrx_word' id='word_1_79' title='bbox 1400 1307 1492 1352; x_wconf 87' lang='lat' dir='ltr'><strong>aut</strong></span> <span class='ocrx_word' id='word_1_80' title='bbox 1535 1295 1941 1362; x_wconf 81' lang='lat' dir='ltr'><strong>demigratione,</strong></span> 
     </span>
    </p>
   </div>
   <div class='ocr_carea' id='block_1_14' title="bbox 374 1384 1940 1459">
    <p class='ocr_par' dir='ltr' id='par_1_14' title="bbox 374 1384 1940 1459">
     <span class='ocr_line' id='line_1_14' title="bbox 374 1384 1940 1459; baseline -0.008 -9"><span class='ocrx_word' id='word_1_81' title='bbox 374 1395 808 1450; x_wconf 80' lang='lat' dir='ltr'><strong>sacrificaverunt</strong></span> <span class='ocrx_word' id='word_1_82' title='bbox 831 1433 848 1459; x_wconf 88' lang='lat'><strong>,</strong></span> <span class='ocrx_word' id='word_1_83' title='bbox 870 1402 925 1447; x_wconf 91' lang='lat' dir='ltr'><strong>et</strong></span> <span class='ocrx_word' id='word_1_84' title='bbox 953 1394 1209 1448; x_wconf 87' lang='lat' dir='ltr'><strong>hactenus</strong></span> <span class='ocrx_word' id='word_1_85' title='bbox 1230 1387 1572 1458; x_wconf 72' lang='lat' dir='ltr'><strong>pmnitudinis</strong></span> <span class='ocrx_word' id='word_1_86' title='bbox 1595 1384 1940 1453; x_wconf 79' lang='lat' dir='ltr'><strong>negligentes,</strong></span> 
     </span>
    </p>
   </div>
   <div class='ocr_carea' id='block_1_15' title="bbox 376 1477 1946 1555">
    <p class='ocr_par' dir='ltr' id='par_1_15' title="bbox 376 1477 1946 1555">
     <span class='ocr_line' id='line_1_15' title="bbox 376 1477 1946 1555; baseline -0.009 -15"><span class='ocrx_word' id='word_1_87' title='bbox 376 1502 552 1555; x_wconf 88' lang='lat' dir='ltr'><strong>neque</strong></span> <span class='ocrx_word' id='word_1_88' title='bbox 578 1483 822 1541; x_wconf 82' lang='lat' dir='ltr'><strong>conversi</strong></span> <span class='ocrx_word' id='word_1_89' title='bbox 861 1492 1006 1547; x_wconf 89' lang='lat' dir='ltr'><strong>sunt,</strong></span> <span class='ocrx_word' id='word_1_90' title='bbox 1038 1481 1194 1548; x_wconf 86' lang='lat' dir='ltr'><strong>hujus</strong></span> <span class='ocrx_word' id='word_1_91' title='bbox 1229 1477 1440 1533; x_wconf 86' lang='lat' dir='ltr'><strong>concilii</strong></span> <span class='ocrx_word' id='word_1_92' title='bbox 1490 1485 1730 1543; x_wconf 91' lang='lat' dir='ltr'><strong>tempore</strong></span> <span class='ocrx_word' id='word_1_93' title='bbox 1775 1481 1946 1527; x_wconf 88' lang='lat' dir='ltr'><strong>semet</strong></span> 
     </span>
    </p>
   </div>
   <div class='ocr_carea' id='block_1_16' title="bbox 374 1565 1947 1638">
    <p class='ocr_par' dir='ltr' id='par_1_16' title="bbox 374 1565 1947 1638">
     <span class='ocr_line' id='line_1_16' title="bbox 374 1565 1947 1638; baseline -0.011 -6"><span class='ocrx_word' id='word_1_94' title='bbox 374 1577 704 1638; x_wconf 79' lang='lat' dir='ltr'><strong>obtulerunt,</strong></span> <span class='ocrx_word' id='word_1_95' title='bbox 736 1573 1102 1630; x_wconf 88' lang='lat' dir='ltr'><strong>conversionis</strong></span> <span class='ocrx_word' id='word_1_96' title='bbox 1129 1587 1238 1626; x_wconf 75' lang='lat' dir='ltr'><strong>sua:</strong></span> <span class='ocrx_word' id='word_1_97' title='bbox 1266 1568 1486 1624; x_wconf 87' lang='lat' dir='ltr'><strong>consilia</strong></span> <span class='ocrx_word' id='word_1_98' title='bbox 1515 1567 1806 1636; x_wconf 90' lang='lat' dir='ltr'><strong>capientes,</strong></span> <span class='ocrx_word' id='word_1_99' title='bbox 1838 1565 1947 1635; x_wconf 83' lang='lat' dir='ltr'><strong>pla-</strong></span> 
     </span>
    </p>
   </div>
   <div class='ocr_carea' id='block_1_17' title="bbox 373 1653 1943 1738">
    <p class='ocr_par' dir='ltr' id='par_1_17' title="bbox 373 1653 1943 1738">
     <span class='ocr_line' id='line_1_17' title="bbox 373 1653 1943 1738; baseline -0.011 -13"><span class='ocrx_word' id='word_1_100' title='bbox 373 1671 486 1726; x_wconf 87' lang='lat' dir='ltr'><strong>cuit</strong></span> <span class='ocrx_word' id='word_1_101' title='bbox 524 1683 692 1738; x_wconf 86' lang='lat' dir='ltr'><strong>nsque</strong></span> <span class='ocrx_word' id='word_1_102' title='bbox 740 1667 807 1721; x_wconf 88' lang='lat' dir='ltr'><strong>ad</strong></span> <span class='ocrx_word' id='word_1_103' title='bbox 853 1680 1100 1734; x_wconf 87' lang='lat' dir='ltr'><strong>magnum</strong></span> <span class='ocrx_word' id='word_1_104' title='bbox 1143 1664 1282 1717; x_wconf 90' lang='lat' dir='ltr'><strong>diem</strong></span> <span class='ocrx_word' id='word_1_105' title='bbox 1334 1677 1428 1716; x_wconf 91' lang='lat' dir='ltr'><strong>eos</strong></span> <span class='ocrx_word' id='word_1_106' title='bbox 1475 1653 1615 1714; x_wconf 83' lang='lat' dir='ltr'><strong>inter</strong></span> <span class='ocrx_word' id='word_1_107' title='bbox 1666 1658 1943 1712; x_wconf 85' lang='lat' dir='ltr'><strong>audientes</strong></span> 
     </span>
    </p>
   </div>
   <div class='ocr_carea' id='block_1_18' title="bbox 2051 504 3626 574">
    <p class='ocr_par' dir='ltr' id='par_1_18' title="bbox 2051 504 3626 574">
     <span class='ocr_line' id='line_1_18' title="bbox 2051 504 3626 574; baseline -0.003 -12"><span class='ocrx_word' id='word_1_108' title='bbox 2051 518 2202 571; x_wconf 63' lang='lat' dir='ltr'><strong>sane,</strong></span> <span class='ocrx_word' id='word_1_109' title='bbox 2239 508 2448 571; x_wconf 78' lang='lat' dir='ltr'><strong>etiamsi</strong></span> <span class='ocrx_word' id='word_1_110' title='bbox 2479 507 2557 561; x_wconf 88' lang='lat' dir='ltr'><strong>eis</strong></span> <span class='ocrx_word' id='word_1_111' title='bbox 2601 522 2630 559; x_wconf 85' lang='lat' dir='ltr'><strong>a</strong></span> <span class='ocrx_word' id='word_1_112' title='bbox 2679 505 2984 574; x_wconf 80' lang='lat' dir='ltr'><strong>raptoribus</strong></span> <span class='ocrx_word' id='word_1_113' title='bbox 3013 504 3091 556; x_wconf 72' lang='lat' dir='ltr'><strong>\‘is</strong></span> <span class='ocrx_word' id='word_1_114' title='bbox 3116 504 3259 558; x_wconf 88' lang='lat' dir='ltr'><strong>illata</strong></span> <span class='ocrx_word' id='word_1_115' title='bbox 3305 504 3626 558; x_wconf 82' lang='lat' dir='ltr'><strong>constiterit.</strong></span> 
     </span>
    </p>
   </div>
   <div class='ocr_carea' id='block_1_19' title="bbox 2052 615 3629 742">
    <p class='ocr_par' dir='ltr' id='par_1_19' title="bbox 2052 615 3629 742">
     <span class='ocr_line' id='line_1_19' title="bbox 2052 615 3629 742; baseline -0.004 -68"><span class='ocrx_word' id='word_1_116' title='bbox 2052 621 2130 675; x_wconf 87' lang='lat' dir='ltr'><strong>De</strong></span> <span class='ocrx_word' id='word_1_117' title='bbox 2176 622 2253 675; x_wconf 74' lang='lat' dir='ltr'><strong>Itis</strong></span> <span class='ocrx_word' id='word_1_118' title='bbox 2300 625 2404 692; x_wconf 86' lang='lat' dir='ltr'><strong>qui,</strong></span> <span class='ocrx_word' id='word_1_119' title='bbox 2445 638 2558 673; x_wconf 85' lang='lat' dir='ltr'><strong>cum</strong></span> <span class='ocrx_word' id='word_1_120' title='bbox 2613 630 2780 742; x_wconf 50' lang='lat' dir='ltr'><strong>essein:</strong></span> <span class='ocrx_word' id='word_1_121' title='bbox 2823 618 3187 680; x_wconf 73' lang='lat' dir='ltr'><strong>catecliunteui,</strong></span> <span class='ocrx_word' id='word_1_122' title='bbox 3244 616 3398 670; x_wconf 77' lang='lat' dir='ltr'><strong>idolis</strong></span> <span class='ocrx_word' id='word_1_123' title='bbox 3442 615 3629 670; x_wconf 75' lang='lat' dir='ltr'><strong>immo-</strong></span> 
     </span>
     <span class='ocr_line' id='line_1_20' title="bbox 2729 702 2959 742; baseline 0.004 -3"><span class='ocrx_word' id='word_1_124' title='bbox 2729 702 2959 742; x_wconf 71' lang='lat' dir='ltr'><strong>«rerum.</strong></span> 
     </span>
    </p>
   </div>
   <div class='ocr_carea' id='block_1_20' title="bbox 2729 702 2959 742">
    <p class='ocr_par' dir='ltr' id='par_1_20' title="bbox 2729 702 2959 742">
     <span class='ocr_line' id='line_1_21' title="bbox 2729 702 2959 742; baseline 0.004 -3"><span class='ocrx_word' id='word_1_125' title='bbox 2729 702 2959 742; x_wconf 64' lang='lat' dir='ltr'><strong>nuerunt.</strong></span> 
     </span>
    </p>
   </div>
   <div class='ocr_carea' id='block_1_21' title="bbox 2120 794 3628 868">
    <p class='ocr_par' dir='ltr' id='par_1_21' title="bbox 2120 794 3628 868">
     <span class='ocr_line' id='line_1_22' title="bbox 2120 794 3628 868; baseline -0.004 -14"><span class='ocrx_word' id='word_1_126' title='bbox 2120 799 2309 854; x_wconf 93' lang='lat' dir='ltr'><strong>XXXI.</strong></span> <span class='ocrx_word' id='word_1_127' title='bbox 2352 799 2455 854; x_wconf 82' lang='lat' dir='ltr'><strong>Eos</strong></span> <span class='ocrx_word' id='word_1_128' title='bbox 2483 799 2570 868; x_wconf 88' lang='lat' dir='ltr'><strong>qui</strong></span> <span class='ocrx_word' id='word_1_129' title='bbox 2621 808 2746 854; x_wconf 88' lang='lat' dir='ltr'><strong>ante</strong></span> <span class='ocrx_word' id='word_1_130' title='bbox 2769 799 3026 866; x_wconf 86' lang='lat' dir='ltr'><strong>baptisma</strong></span> <span class='ocrx_word' id='word_1_131' title='bbox 3058 794 3495 850; x_wconf 76' lang='lat' dir='ltr'><strong>sacriﬁcaverunt</strong></span> <span class='ocrx_word' id='word_1_132' title='bbox 3516 794 3628 849; x_wconf 83' lang='lat' dir='ltr'><strong>ido-</strong></span> 
     </span>
    </p>
   </div>
   <div class='ocr_carea' id='block_1_22' title="bbox 2051 885 3624 959">
    <p class='ocr_par' dir='ltr' id='par_1_22' title="bbox 2051 885 3624 959">
     <span class='ocr_line' id='line_1_23' title="bbox 2051 885 3624 959; baseline -0.004 -13"><span class='ocrx_word' id='word_1_133' title='bbox 2051 893 2132 955; x_wconf 86' lang='lat' dir='ltr'><strong>lis,</strong></span> <span class='ocrx_word' id='word_1_134' title='bbox 2168 901 2220 945; x_wconf 83' lang='lat' dir='ltr'><strong>et</strong></span> <span class='ocrx_word' id='word_1_135' title='bbox 2271 902 2452 959; x_wconf 88' lang='lat' dir='ltr'><strong>postea</strong></span> <span class='ocrx_word' id='word_1_136' title='bbox 2501 891 2758 958; x_wconf 84' lang='lat' dir='ltr'><strong>baptisma</strong></span> <span class='ocrx_word' id='word_1_137' title='bbox 2790 889 3066 943; x_wconf 83' lang='lat' dir='ltr'><strong>consecuti</strong></span> <span class='ocrx_word' id='word_1_138' title='bbox 3096 898 3256 949; x_wconf 89' lang='lat' dir='ltr'><strong>sunt,</strong></span> <span class='ocrx_word' id='word_1_139' title='bbox 3307 887 3509 956; x_wconf 81' lang='lat' dir='ltr'><strong>placuit</strong></span> <span class='ocrx_word' id='word_1_140' title='bbox 3555 885 3624 940; x_wconf 84' lang='lat' dir='ltr'><strong>ad</strong></span> 
     </span>
    </p>
   </div>
   <div class='ocr_carea' id='block_1_23' title="bbox 2050 979 3264 1053">
    <p class='ocr_par' dir='ltr' id='par_1_23' title="bbox 2050 979 3264 1053">
     <span class='ocr_line' id='line_1_24' title="bbox 2050 979 3264 1053; baseline -0.004 -16"><span class='ocrx_word' id='word_1_141' title='bbox 2050 984 2291 1037; x_wconf 84' lang='lat' dir='ltr'><strong>ordinem</strong></span> <span class='ocrx_word' id='word_1_142' title='bbox 2321 983 2560 1053; x_wconf 77' lang='lat' dir='ltr'><strong>provehi,</strong></span> <span class='ocrx_word' id='word_1_143' title='bbox 2587 980 2732 1049; x_wconf 65' lang='lat' dir='ltr'><strong>quod</strong></span> <span class='ocrx_word' id='word_1_144' title='bbox 2758 981 3048 1048; x_wconf 87' lang='lat' dir='ltr'><strong>probentur</strong></span> <span class='ocrx_word' id='word_1_145' title='bbox 3076 979 3264 1033; x_wconf 89' lang='lat' dir='ltr'><strong>abluti.</strong></span> 
     </span>
    </p>
   </div>
   <div class='ocr_carea' id='block_1_24' title="bbox 2052 1094 3617 1167">
    <p class='ocr_par' dir='ltr' id='par_1_24' title="bbox 2052 1094 3617 1167">
     <span class='ocr_line' id='line_1_25' title="bbox 2052 1094 3617 1167; baseline -0.003 -17"><span class='ocrx_word' id='word_1_146' title='bbox 2052 1098 2199 1162; x_wconf 81' lang='lat' dir='ltr'><strong>Quod</strong></span> <span class='ocrx_word' id='word_1_147' title='bbox 2236 1115 2338 1151; x_wconf 87' lang='lat' dir='ltr'><strong>non</strong></span> <span class='ocrx_word' id='word_1_148' title='bbox 2391 1105 2622 1167; x_wconf 77' lang='lat' dir='ltr'><strong>oporteat</strong></span> <span class='ocrx_word' id='word_1_149' title='bbox 2664 1095 3053 1167; x_wconf 81' lang='lat' dir='ltr'><strong>cliorepiscopos</strong></span> <span class='ocrx_word' id='word_1_150' title='bbox 3090 1094 3306 1167; x_wconf 14' lang='lat' dir='ltr'><strong>rclericos</strong></span> <span class='ocrx_word' id='word_1_151' title='bbox 3355 1095 3617 1159; x_wconf 81' lang='lat' dir='ltr'><strong>ordinare,</strong></span> 
     </span>
    </p>
   </div>
   <div class='ocr_carea' id='block_1_25' title="bbox 2506 1165 3177 1234">
    <p class='ocr_par' dir='ltr' id='par_1_25' title="bbox 2506 1165 3177 1234">
     <span class='ocr_line' id='line_1_26' title="bbox 2506 1165 3177 1234; baseline -0.001 -17"><span class='ocrx_word' id='word_1_152' title='bbox 2506 1167 2604 1219; x_wconf 88' lang='lat' dir='ltr'><strong>nisi</strong></span> <span class='ocrx_word' id='word_1_153' title='bbox 2633 1167 2687 1218; x_wconf 85' lang='lat' dir='ltr'><strong>in</strong></span> <span class='ocrx_word' id='word_1_154' title='bbox 2717 1165 2858 1234; x_wconf 82' lang='lat' dir='ltr'><strong>agris</strong></span> <span class='ocrx_word' id='word_1_155' title='bbox 2885 1175 2934 1217; x_wconf 86' lang='lat' dir='ltr'><strong>et</strong></span> <span class='ocrx_word' id='word_1_156' title='bbox 2955 1166 3177 1227; x_wconf 80' lang='lat' dir='ltr'><strong>rillulis._</strong></span> 
     </span>
    </p>
   </div>
   <div class='ocr_carea' id='block_1_26' title="bbox 2116 1274 3614 1348">
    <p class='ocr_par' dir='ltr' id='par_1_26' title="bbox 2116 1274 3614 1348">
     <span class='ocr_line' id='line_1_27' title="bbox 2116 1274 3614 1348; baseline -0.006 -13"><span class='ocrx_word' id='word_1_157' title='bbox 2116 1279 2328 1335; x_wconf 89' lang='lat' dir='ltr'><strong>XXXII.</strong></span> <span class='ocrx_word' id='word_1_158' title='bbox 2367 1277 2781 1348; x_wconf 87' lang='lat' dir='ltr'><strong>Chorepiscopis</strong></span> <span class='ocrx_word' id='word_1_159' title='bbox 2803 1291 2908 1330; x_wconf 91' lang='lat' dir='ltr'><strong>non</strong></span> <span class='ocrx_word' id='word_1_160' title='bbox 2939 1275 3100 1330; x_wconf 87' lang='lat' dir='ltr'><strong>licere</strong></span> <span class='ocrx_word' id='word_1_161' title='bbox 3129 1274 3488 1344; x_wconf 84' lang='lat' dir='ltr'><strong>presbyteros,</strong></span> <span class='ocrx_word' id='word_1_162' title='bbox 3522 1282 3614 1327; x_wconf 87' lang='lat' dir='ltr'><strong>aut</strong></span> 
     </span>
    </p>
   </div>
   <div class='ocr_carea' id='block_1_27' title="bbox 2046 1365 3620 1436">
    <p class='ocr_par' dir='ltr' id='par_1_27' title="bbox 2046 1365 3620 1436">
     <span class='ocr_line' id='line_1_28' title="bbox 2046 1365 3620 1436; baseline -0.006 -8"><span class='ocrx_word' id='word_1_163' title='bbox 2046 1375 2304 1428; x_wconf 89' lang='lat' dir='ltr'><strong>diaconos</strong></span> <span class='ocrx_word' id='word_1_164' title='bbox 2332 1371 2598 1434; x_wconf 89' lang='lat' dir='ltr'><strong>ordinare,</strong></span> <span class='ocrx_word' id='word_1_165' title='bbox 2631 1369 2724 1424; x_wconf 91' lang='lat' dir='ltr'><strong>sed</strong></span> <span class='ocrx_word' id='word_1_166' title='bbox 2755 1383 2855 1422; x_wconf 93' lang='lat' dir='ltr'><strong>nec</strong></span> <span class='ocrx_word' id='word_1_167' title='bbox 2878 1366 3201 1436; x_wconf 84' lang='lat' dir='ltr'><strong>presbyteris</strong></span> <span class='ocrx_word' id='word_1_168' title='bbox 3229 1365 3482 1432; x_wconf 86' lang='lat' dir='ltr'><strong>civitatis,</strong></span> <span class='ocrx_word' id='word_1_169' title='bbox 3504 1365 3620 1418; x_wconf 88' lang='lat' dir='ltr'><strong>sine</strong></span> 
     </span>
    </p>
   </div>
   <div class='ocr_carea' id='block_1_28' title="bbox 2046 1457 3619 1535">
    <p class='ocr_par' dir='ltr' id='par_1_28' title="bbox 2046 1457 3619 1535">
     <span class='ocr_line' id='line_1_29' title="bbox 2046 1457 3619 1535; baseline -0.007 -16"><span class='ocrx_word' id='word_1_170' title='bbox 2046 1472 2312 1535; x_wconf 61' lang='lat' dir='ltr'><strong>praecepto</strong></span> <span class='ocrx_word' id='word_1_171' title='bbox 2350 1461 2618 1532; x_wconf 89' lang='lat' dir='ltr'><strong>episcopi,</strong></span> <span class='ocrx_word' id='word_1_172' title='bbox 2661 1459 2748 1514; x_wconf 85' lang='lat' dir='ltr'><strong>vel</strong></span> <span class='ocrx_word' id='word_1_173' title='bbox 2787 1458 2996 1523; x_wconf 71' lang='lat' dir='ltr'><strong>litteris,</strong></span> <span class='ocrx_word' id='word_1_174' title='bbox 3044 1457 3098 1511; x_wconf 91' lang='lat' dir='ltr'><strong>in</strong></span> <span class='ocrx_word' id='word_1_175' title='bbox 3153 1469 3473 1524; x_wconf 87' lang='lat' dir='ltr'><strong>unaquaque</strong></span> <span class='ocrx_word' id='word_1_176' title='bbox 3523 1471 3619 1525; x_wconf 81' lang='lat' dir='ltr'><strong>pa-</strong></span> 
     </span>
    </p>
   </div>
   <div class='ocr_carea' id='block_1_29' title="bbox 2047 1555 2252 1609">
    <p class='ocr_par' dir='ltr' id='par_1_29' title="bbox 2047 1555 2252 1609">
     <span class='ocr_line' id='line_1_30' title="bbox 2047 1555 2252 1609; baseline -0.01 0"><span class='ocrx_word' id='word_1_177' title='bbox 2047 1555 2252 1609; x_wconf 86' lang='lat' dir='ltr'><strong>rochia.</strong></span> 
     </span>
    </p>
   </div>
   <div class='ocr_carea' id='block_1_30' title="bbox 2051 1656 3618 1734">
    <p class='ocr_par' dir='ltr' id='par_1_30' title="bbox 2051 1656 3618 1734">
     <span class='ocr_line' id='line_1_31' title="bbox 2051 1656 3618 1734; baseline -0.004 -17"><span class='ocrx_word' id='word_1_178' title='bbox 2051 1664 2126 1717; x_wconf 88' lang='lat' dir='ltr'><strong>De</strong></span> <span class='ocrx_word' id='word_1_179' title='bbox 2149 1664 2228 1716; x_wconf 79' lang='lat' dir='ltr'><strong>Itis</strong></span> <span class='ocrx_word' id='word_1_180' title='bbox 2256 1666 2340 1734; x_wconf 87' lang='lat' dir='ltr'><strong>qui</strong></span> <span class='ocrx_word' id='word_1_181' title='bbox 2363 1678 2502 1716; x_wconf 88' lang='lat' dir='ltr'><strong>esum</strong></span> <span class='ocrx_word' id='word_1_182' title='bbox 2527 1660 2842 1724; x_wconf 82' lang='lat' dir='ltr'><strong>carniumin</strong></span> <span class='ocrx_word' id='word_1_183' title='bbox 2865 1659 2998 1712; x_wconf 88' lang='lat' dir='ltr'><strong>clero</strong></span> <span class='ocrx_word' id='word_1_184' title='bbox 3029 1656 3290 1712; x_wconf 76' lang='lat' dir='ltr'><strong>constituti</strong></span> <span class='ocrx_word' id='word_1_185' title='bbox 3321 1656 3618 1727; x_wconf 73' lang='lat' dir='ltr'><strong>diffugiunt.</strong></span> 
     </span>
    </p>
   </div>
   <div class='ocr_carea' id='block_1_31' title="bbox 373 1750 3618 1847">
    <p class='ocr_par' dir='ltr' id='par_1_31' title="bbox 373 1750 3618 1847">
     <span class='ocr_line' id='line_1_32' title="bbox 373 1750 3618 1847; baseline -0.011 -30"><span class='ocrx_word' id='word_1_186' title='bbox 373 1762 594 1830; x_wconf 80' lang='lat' dir='ltr'><strong>suscipi,</strong></span> <span class='ocrx_word' id='word_1_187' title='bbox 623 1769 678 1815; x_wconf 87' lang='lat' dir='ltr'><strong>et</strong></span> <span class='ocrx_word' id='word_1_188' title='bbox 702 1767 822 1830; x_wconf 89' lang='lat' dir='ltr'><strong>post</strong></span> <span class='ocrx_word' id='word_1_189' title='bbox 850 1771 1100 1825; x_wconf 87' lang='lat' dir='ltr'><strong>magnum</strong></span> <span class='ocrx_word' id='word_1_190' title='bbox 1131 1753 1273 1847; x_wconf 81' lang='lat' dir='ltr'><strong>diem</strong></span> <span class='ocrx_word' id='word_1_191' title='bbox 1304 1750 1938 1847; x_wconf 77' lang='lat' dir='ltr'><strong>trienniopaenitentiam</strong></span> <span class='ocrx_word' id='word_1_192' title='bbox 1977 1789 2018 1847; x_wconf 68' lang='grc' dir='ltr'><strong><em>Β</em></strong></span> <span class='ocrx_word' id='word_1_193' title='bbox 2116 1771 2350 1828; x_wconf 48' lang='grc' dir='ltr'>χχχιιι.</span> <span class='ocrx_word' id='word_1_194' title='bbox 2393 1773 2455 1826; x_wconf 65' lang='lat' dir='ltr'><strong>Hi</strong></span> <span class='ocrx_word' id='word_1_195' title='bbox 2484 1773 2575 1842; x_wconf 64' lang='lat' dir='ltr'><strong>qui</strong></span> <span class='ocrx_word' id='word_1_196' title='bbox 2603 1773 2655 1826; x_wconf 69' lang='lat' dir='ltr'><strong>in</strong></span> <span class='ocrx_word' id='word_1_197' title='bbox 2701 1772 2847 1826; x_wconf 68' lang='lat' dir='ltr'><strong>clem</strong></span> <span class='ocrx_word' id='word_1_198' title='bbox 2867 1779 2991 1825; x_wconf 66' lang='lat' dir='ltr'><strong>sum</strong></span> <span class='ocrx_word' id='word_1_199' title='bbox 3034 1769 3362 1840; x_wconf 53' lang='lat' dir='ltr'><strong>presbyteri,</strong></span> <span class='ocrx_word' id='word_1_200' title='bbox 3402 1779 3457 1823; x_wconf 51' lang='lat' dir='ltr'><strong>et</strong></span> <span class='ocrx_word' id='word_1_201' title='bbox 3503 1766 3618 1822; x_wconf 35' lang='lat' dir='ltr'><strong>(na;</strong></span> 
     </span>
    </p>
   </div>
   <div class='ocr_carea' id='block_1_32' title="bbox 374 1841 1944 1920">
    <p class='ocr_par' dir='ltr' id='par_1_32' title="bbox 374 1841 1944 1920">
     <span class='ocr_line' id='line_1_33' title="bbox 374 1841 1944 1920; baseline -0.009 -14"><span class='ocrx_word' id='word_1_202' title='bbox 374 1865 552 1920; x_wconf 87' lang='lat' dir='ltr'><strong>agere,</strong></span> <span class='ocrx_word' id='word_1_203' title='bbox 584 1859 638 1904; x_wconf 90' lang='lat' dir='ltr'><strong>et</strong></span> <span class='ocrx_word' id='word_1_204' title='bbox 676 1848 1020 1918; x_wconf 88' lang='lat' dir='ltr'><strong>postmodum</strong></span> <span class='ocrx_word' id='word_1_205' title='bbox 1066 1843 1274 1900; x_wconf 90' lang='lat' dir='ltr'><strong>duobus</strong></span> <span class='ocrx_word' id='word_1_206' title='bbox 1323 1844 1479 1897; x_wconf 91' lang='lat' dir='ltr'><strong>annis</strong></span> <span class='ocrx_word' id='word_1_207' title='bbox 1518 1843 1633 1896; x_wconf 89' lang='lat' dir='ltr'><strong>sine</strong></span> <span class='ocrx_word' id='word_1_208' title='bbox 1675 1841 1944 1895; x_wconf 88' lang='lat' dir='ltr'><strong>oblatione</strong></span> 
     </span>
    </p>
   </div>
   <div class='ocr_carea' id='block_1_33' title="bbox 374 1928 1941 1998">
    <p class='ocr_par' dir='ltr' id='par_1_33' title="bbox 374 1928 1941 1998">
     <span class='ocr_line' id='line_1_34' title="bbox 374 1928 1941 1998; baseline -0.008 -4"><span class='ocrx_word' id='word_1_209' title='bbox 374 1938 774 1994; x_wconf 90' lang='lat' dir='ltr'><strong>communicare</strong></span> <span class='ocrx_word' id='word_1_210' title='bbox 799 1954 811 1988; x_wconf 92' lang='lat'>:</span> <span class='ocrx_word' id='word_1_211' title='bbox 844 1943 899 1989; x_wconf 90' lang='lat' dir='ltr'><strong>et</strong></span> <span class='ocrx_word' id='word_1_212' title='bbox 932 1942 1061 1988; x_wconf 88' lang='lat' dir='ltr'><strong>tunc</strong></span> <span class='ocrx_word' id='word_1_213' title='bbox 1089 1933 1323 1997; x_wconf 91' lang='lat' dir='ltr'><strong>demum,</strong></span> <span class='ocrx_word' id='word_1_214' title='bbox 1347 1948 1440 1987; x_wconf 90' lang='lat' dir='ltr'><strong>sex</strong></span> <span class='ocrx_word' id='word_1_215' title='bbox 1467 1932 1619 1986; x_wconf 87' lang='lat' dir='ltr'><strong>annis</strong></span> <span class='ocrx_word' id='word_1_216' title='bbox 1641 1928 1941 1998; x_wconf 88' lang='lat' dir='ltr'><strong>completis,</strong></span> 
     </span>
    </p>
   </div>
   <div class='ocr_carea' id='block_1_34' title="bbox 374 2018 1941 2096">
    <p class='ocr_par' dir='ltr' id='par_1_34' title="bbox 374 2018 1941 2096">
     <span class='ocr_line' id='line_1_35' title="bbox 374 2018 1941 2096; baseline -0.007 -15"><span class='ocrx_word' id='word_1_217' title='bbox 374 2028 442 2081; x_wconf 87' lang='lat' dir='ltr'><strong>ad</strong></span> <span class='ocrx_word' id='word_1_218' title='bbox 489 2024 831 2096; x_wconf 80' lang='lat' dir='ltr'><strong>perfectionis</strong></span> <span class='ocrx_word' id='word_1_219' title='bbox 872 2023 1098 2090; x_wconf 81' lang='lat' dir='ltr'><strong>gratiam</strong></span> <span class='ocrx_word' id='word_1_220' title='bbox 1141 2021 1440 2090; x_wconf 86' lang='lat' dir='ltr'><strong>pervenire.</strong></span> <span class='ocrx_word' id='word_1_221' title='bbox 1473 2020 1528 2074; x_wconf 91' lang='lat' dir='ltr'><strong>Si</strong></span> <span class='ocrx_word' id='word_1_222' title='bbox 1558 2035 1685 2073; x_wconf 89' lang='lat' dir='ltr'><strong>vero</strong></span> <span class='ocrx_word' id='word_1_223' title='bbox 1729 2018 1941 2087; x_wconf 89' lang='lat' dir='ltr'><strong>quidam</strong></span> 
     </span>
    </p>
   </div>
   <div class='ocr_carea' id='block_1_35' title="bbox 371 2110 1942 2186">
    <p class='ocr_par' dir='ltr' id='par_1_35' title="bbox 371 2110 1942 2186">
     <span class='ocr_line' id='line_1_36' title="bbox 371 2110 1942 2186; baseline -0.005 -15"><span class='ocrx_word' id='word_1_224' title='bbox 371 2127 501 2173; x_wconf 85' lang='lat' dir='ltr'><strong>ante</strong></span> <span class='ocrx_word' id='word_1_225' title='bbox 529 2119 668 2172; x_wconf 89' lang='lat' dir='ltr'><strong>hanc</strong></span> <span class='ocrx_word' id='word_1_226' title='bbox 689 2114 954 2186; x_wconf 82' lang='lat' dir='ltr'><strong>synodum</strong></span> <span class='ocrx_word' id='word_1_227' title='bbox 981 2113 1212 2182; x_wconf 72' lang='lat' dir='ltr'><strong>suscrpti</strong></span> <span class='ocrx_word' id='word_1_228' title='bbox 1234 2118 1356 2166; x_wconf 90' lang='lat' dir='ltr'><strong>sunt</strong></span> <span class='ocrx_word' id='word_1_229' title='bbox 1376 2112 1441 2164; x_wconf 90' lang='lat' dir='ltr'><strong>ad</strong></span> <span class='ocrx_word' id='word_1_230' title='bbox 1465 2110 1852 2180; x_wconf 69' lang='lat' dir='ltr'><strong>pmnitentiam,</strong></span> <span class='ocrx_word' id='word_1_231' title='bbox 1877 2123 1942 2163; x_wconf 76' lang='lat' dir='ltr'><strong>ex</strong></span> 
     </span>
    </p>
   </div>
   <div class='ocr_carea' id='block_1_36' title="bbox 373 2201 1944 2278">
    <p class='ocr_par' dir='ltr' id='par_1_36' title="bbox 373 2201 1944 2278">
     <span class='ocr_line' id='line_1_37' title="bbox 373 2201 1944 2278; baseline -0.006 -15"><span class='ocrx_word' id='word_1_232' title='bbox 373 2210 468 2264; x_wconf 90' lang='lat' dir='ltr'><strong>illo</strong></span> <span class='ocrx_word' id='word_1_233' title='bbox 490 2217 730 2278; x_wconf 90' lang='lat' dir='ltr'><strong>tempore</strong></span> <span class='ocrx_word' id='word_1_234' title='bbox 751 2207 954 2260; x_wconf 91' lang='lat' dir='ltr'><strong>initium</strong></span> <span class='ocrx_word' id='word_1_235' title='bbox 976 2205 1055 2259; x_wconf 89' lang='lat' dir='ltr'><strong>eis</strong></span> <span class='ocrx_word' id='word_1_236' title='bbox 1074 2203 1312 2258; x_wconf 86' lang='lat' dir='ltr'><strong>sexennii</strong></span> <span class='ocrx_word' id='word_1_237' title='bbox 1341 2211 1700 2271; x_wconf 86' lang='lat' dir='ltr'><strong>computetur.</strong></span> <span class='ocrx_word' id='word_1_238' title='bbox 1725 2201 1780 2255; x_wconf 91' lang='lat' dir='ltr'><strong>Si</strong></span> <span class='ocrx_word' id='word_1_239' title='bbox 1800 2201 1944 2268; x_wconf 89' lang='lat' dir='ltr'><strong>quod</strong></span> 
     </span>
    </p>
   </div>
   <div class='ocr_carea' id='block_1_37' title="bbox 373 2294 1942 2370">
    <p class='ocr_par' dir='ltr' id='par_1_37' title="bbox 373 2294 1942 2370">
     <span class='ocr_line' id='line_1_38' title="bbox 373 2294 1942 2370; baseline -0.006 -16"><span class='ocrx_word' id='word_1_240' title='bbox 373 2311 552 2355; x_wconf 89' lang='lat' dir='ltr'><strong>autem</strong></span> <span class='ocrx_word' id='word_1_241' title='bbox 579 2299 895 2370; x_wconf 89' lang='lat' dir='ltr'><strong>periculum,</strong></span> <span class='ocrx_word' id='word_1_242' title='bbox 924 2297 1003 2350; x_wconf 90' lang='lat' dir='ltr'><strong>vel</strong></span> <span class='ocrx_word' id='word_1_243' title='bbox 1030 2295 1218 2349; x_wconf 88' lang='lat' dir='ltr'><strong>mortis</strong></span> <span class='ocrx_word' id='word_1_244' title='bbox 1246 2295 1599 2363; x_wconf 83' lang='lat' dir='ltr'><strong>exspectatio,</strong></span> <span class='ocrx_word' id='word_1_245' title='bbox 1637 2300 1730 2345; x_wconf 90' lang='lat' dir='ltr'><strong>aut</strong></span> <span class='ocrx_word' id='word_1_246' title='bbox 1762 2307 1828 2346; x_wconf 89' lang='lat' dir='ltr'><strong>ex</strong></span> <span class='ocrx_word' id='word_1_247' title='bbox 1859 2294 1942 2344; x_wconf 88' lang='lat' dir='ltr'><strong>in-</strong></span> 
     </span>
    </p>
   </div>
   <div class='ocr_carea' id='block_1_38' title="bbox 374 2384 1943 2457">
    <p class='ocr_par' dir='ltr' id='par_1_38' title="bbox 374 2384 1943 2457">
     <span class='ocr_line' id='line_1_39' title="bbox 374 2384 1943 2457; baseline -0.004 -12"><span class='ocrx_word' id='word_1_248' title='bbox 374 2393 641 2456; x_wconf 82' lang='lat' dir='ltr'><strong>ﬁrmitate,</strong></span> <span class='ocrx_word' id='word_1_249' title='bbox 665 2399 758 2444; x_wconf 92' lang='lat' dir='ltr'><strong>aut</strong></span> <span class='ocrx_word' id='word_1_250' title='bbox 781 2405 845 2443; x_wconf 89' lang='lat' dir='ltr'><strong>ex</strong></span> <span class='ocrx_word' id='word_1_251' title='bbox 871 2390 1045 2457; x_wconf 87' lang='lat' dir='ltr'><strong>aliqua</strong></span> <span class='ocrx_word' id='word_1_252' title='bbox 1075 2387 1361 2441; x_wconf 89' lang='lat' dir='ltr'><strong>occasione</strong></span> <span class='ocrx_word' id='word_1_253' title='bbox 1386 2385 1706 2451; x_wconf 86' lang='lat' dir='ltr'><strong>contigerit,</strong></span> <span class='ocrx_word' id='word_1_254' title='bbox 1736 2384 1817 2438; x_wconf 92' lang='lat' dir='ltr'><strong>his</strong></span> <span class='ocrx_word' id='word_1_255' title='bbox 1845 2384 1943 2439; x_wconf 90' lang='lat' dir='ltr'><strong>sub</strong></span> 
     </span>
    </p>
   </div>
   <div class='ocr_carea' id='block_1_39' title="bbox 371 2478 1638 2543">
    <p class='ocr_par' dir='ltr' id='par_1_39' title="bbox 371 2478 1638 2543">
     <span class='ocr_line' id='line_1_40' title="bbox 371 2478 1638 2543; baseline -0.007 -5"><span class='ocrx_word' id='word_1_256' title='bbox 371 2483 682 2538; x_wconf 74' lang='lat' dir='ltr'><strong>definitione</strong></span> <span class='ocrx_word' id='word_1_257' title='bbox 704 2489 901 2535; x_wconf 86' lang='lat' dir='ltr'><strong>statuta</strong></span> <span class='ocrx_word' id='word_1_258' title='bbox 931 2478 1236 2534; x_wconf 90' lang='lat' dir='ltr'><strong>communio</strong></span> <span class='ocrx_word' id='word_1_259' title='bbox 1263 2493 1368 2532; x_wconf 88' lang='lat' dir='ltr'><strong>non</strong></span> <span class='ocrx_word' id='word_1_260' title='bbox 1395 2484 1638 2543; x_wconf 78' lang='lat' dir='ltr'><strong>negetur.</strong></span> 
     </span>
    </p>
   </div>
   <div class='ocr_carea' id='block_1_40' title="bbox 519 2589 1776 2664">
    <p class='ocr_par' dir='ltr' id='par_1_40' title="bbox 519 2589 1776 2664">
     <span class='ocr_line' id='line_1_41' title="bbox 519 2589 1776 2664; baseline -0.006 -16"><span class='ocrx_word' id='word_1_261' title='bbox 519 2594 594 2648; x_wconf 88' lang='lat' dir='ltr'><strong>De</strong></span> <span class='ocrx_word' id='word_1_262' title='bbox 615 2595 692 2648; x_wconf 81' lang='lat' dir='ltr'><strong>his</strong></span> <span class='ocrx_word' id='word_1_263' title='bbox 711 2593 795 2664; x_wconf 86' lang='lat' dir='ltr'><strong>qui</strong></span> <span class='ocrx_word' id='word_1_264' title='bbox 824 2593 876 2645; x_wconf 89' lang='lat' dir='ltr'><strong>in</strong></span> <span class='ocrx_word' id='word_1_265' title='bbox 896 2592 1021 2645; x_wconf 86' lang='lat' dir='ltr'><strong>locis</strong></span> <span class='ocrx_word' id='word_1_266' title='bbox 1049 2591 1302 2645; x_wconf 80' lang='lat' dir='ltr'><strong>idolorum</strong></span> <span class='ocrx_word' id='word_1_267' title='bbox 1330 2589 1776 2642; x_wconf 81' lang='lat' dir='ltr'><strong>manducarerunt.</strong></span> 
     </span>
    </p>
   </div>
   <div class='ocr_carea' id='block_1_41' title="bbox 445 2698 1940 2775">
    <p class='ocr_par' dir='ltr' id='par_1_41' title="bbox 445 2698 1940 2775">
     <span class='ocr_line' id='line_1_42' title="bbox 445 2698 1940 2775; baseline -0.007 -8"><span class='ocrx_word' id='word_1_268' title='bbox 445 2709 634 2767; x_wconf 87' lang='lat' dir='ltr'><strong>XXVI.</strong></span> <span class='ocrx_word' id='word_1_269' title='bbox 673 2707 750 2763; x_wconf 89' lang='lat' dir='ltr'><strong>De</strong></span> <span class='ocrx_word' id='word_1_270' title='bbox 793 2707 874 2762; x_wconf 90' lang='lat' dir='ltr'><strong>his</strong></span> <span class='ocrx_word' id='word_1_271' title='bbox 919 2706 1008 2775; x_wconf 90' lang='lat' dir='ltr'><strong>qui</strong></span> <span class='ocrx_word' id='word_1_272' title='bbox 1050 2705 1196 2759; x_wconf 82' lang='lat' dir='ltr'><strong>festis</strong></span> <span class='ocrx_word' id='word_1_273' title='bbox 1221 2699 1407 2758; x_wconf 87' lang='lat' dir='ltr'><strong>diebus</strong></span> <span class='ocrx_word' id='word_1_274' title='bbox 1437 2698 1713 2774; x_wconf 80' lang='lat' dir='ltr'><strong>gentilium</strong></span> <span class='ocrx_word' id='word_1_275' title='bbox 1756 2704 1806 2757; x_wconf 91' lang='lat' dir='ltr'><strong>in</strong></span> <span class='ocrx_word' id='word_1_276' title='bbox 1854 2717 1940 2756; x_wconf 84' lang='lat' dir='ltr'><strong>re-</strong></span> 
     </span>
    </p>
   </div>
   <div class='ocr_carea' id='block_1_42' title="bbox 372 2795 1942 2866">
    <p class='ocr_par' dir='ltr' id='par_1_42' title="bbox 372 2795 1942 2866">
     <span class='ocr_line' id='line_1_43' title="bbox 372 2795 1942 2866; baseline -0.006 -6"><span class='ocrx_word' id='word_1_277' title='bbox 372 2806 534 2861; x_wconf 86' lang='lat' dir='ltr'><strong>motis</strong></span> <span class='ocrx_word' id='word_1_278' title='bbox 580 2819 764 2859; x_wconf 89' lang='lat' dir='ltr'><strong>eorum</strong></span> <span class='ocrx_word' id='word_1_279' title='bbox 811 2801 943 2855; x_wconf 91' lang='lat' dir='ltr'><strong>locis</strong></span> <span class='ocrx_word' id='word_1_280' title='bbox 983 2799 1226 2854; x_wconf 89' lang='lat' dir='ltr'><strong>convivia</strong></span> <span class='ocrx_word' id='word_1_281' title='bbox 1271 2795 1628 2858; x_wconf 89' lang='lat' dir='ltr'><strong>celebrarunt,</strong></span> <span class='ocrx_word' id='word_1_282' title='bbox 1685 2797 1942 2866; x_wconf 86' lang='lat' dir='ltr'><strong>cibosque</strong></span> 
     </span>
    </p>
   </div>
   <div class='ocr_carea' id='block_1_43' title="bbox 373 2888 1941 2968">
    <p class='ocr_par' dir='ltr' id='par_1_43' title="bbox 373 2888 1941 2968">
     <span class='ocr_line' id='line_1_44' title="bbox 373 2888 1941 2968; baseline -0.008 -17"><span class='ocrx_word' id='word_1_283' title='bbox 373 2896 620 2968; x_wconf 86' lang='lat' dir='ltr'><strong>proprios</strong></span> <span class='ocrx_word' id='word_1_284' title='bbox 647 2893 949 2948; x_wconf 85' lang='lat' dir='ltr'><strong>deferentes</strong></span> <span class='ocrx_word' id='word_1_285' title='bbox 975 2890 1169 2944; x_wconf 88' lang='lat' dir='ltr'><strong>ibidem</strong></span> <span class='ocrx_word' id='word_1_286' title='bbox 1198 2888 1570 2954; x_wconf 85' lang='lat' dir='ltr'><strong>comederunt,</strong></span> <span class='ocrx_word' id='word_1_287' title='bbox 1599 2888 1799 2957; x_wconf 88' lang='lat' dir='ltr'><strong>placuit</strong></span> <span class='ocrx_word' id='word_1_288' title='bbox 1823 2896 1941 2956; x_wconf 90' lang='lat' dir='ltr'><strong>post</strong></span> 
     </span>
    </p>
   </div>
   <div class='ocr_carea' id='block_1_44' title="bbox 374 2979 1940 3058">
    <p class='ocr_par' dir='ltr' id='par_1_44' title="bbox 374 2979 1940 3058">
     <span class='ocr_line' id='line_1_45' title="bbox 374 2979 1940 3058; baseline -0.004 -22"><span class='ocrx_word' id='word_1_289' title='bbox 374 2985 740 3058; x_wconf 65' lang='lat' dir='ltr'><strong>paenitentiam</strong></span> <span class='ocrx_word' id='word_1_290' title='bbox 786 2982 984 3037; x_wconf 90' lang='lat' dir='ltr'><strong>biennii</strong></span> <span class='ocrx_word' id='word_1_291' title='bbox 1027 2997 1121 3036; x_wconf 92' lang='lat' dir='ltr'><strong>eos</strong></span> <span class='ocrx_word' id='word_1_292' title='bbox 1163 2979 1380 3049; x_wconf 87' lang='lat' dir='ltr'><strong>suscipi,</strong></span> <span class='ocrx_word' id='word_1_293' title='bbox 1426 2987 1601 3032; x_wconf 84' lang='lat' dir='ltr'><strong>utrum</strong></span> <span class='ocrx_word' id='word_1_294' title='bbox 1647 2994 1776 3032; x_wconf 91' lang='lat' dir='ltr'><strong>vero</strong></span> <span class='ocrx_word' id='word_1_295' title='bbox 1821 2993 1940 3033; x_wconf 89' lang='lat' dir='ltr'><strong>cum</strong></span> 
     </span>
    </p>
   </div>
   <div class='ocr_carea' id='block_1_45' title="bbox 373 3070 1942 3142">
    <p class='ocr_par' dir='ltr' id='par_1_45' title="bbox 373 3070 1942 3142">
     <span class='ocr_line' id='line_1_46' title="bbox 373 3070 1942 3142; baseline -0.003 -14"><span class='ocrx_word' id='word_1_296' title='bbox 373 3076 672 3142; x_wconf 83' lang='lat' dir='ltr'><strong>oblatione,</strong></span> <span class='ocrx_word' id='word_1_297' title='bbox 697 3073 890 3142; x_wconf 79' lang='lat' dir='ltr'><strong>singuli</strong></span> <span class='ocrx_word' id='word_1_298' title='bbox 920 3073 1314 3142; x_wconf 90' lang='lat' dir='ltr'><strong>episcoporum,</strong></span> <span class='ocrx_word' id='word_1_299' title='bbox 1347 3071 1636 3139; x_wconf 86' lang='lat' dir='ltr'><strong>probantes</strong></span> <span class='ocrx_word' id='word_1_300' title='bbox 1661 3070 1820 3124; x_wconf 89' lang='lat' dir='ltr'><strong>vitam</strong></span> <span class='ocrx_word' id='word_1_301' title='bbox 1848 3085 1942 3123; x_wconf 88' lang='lat' dir='ltr'><strong>eo-</strong></span> 
     </span>
    </p>
   </div>
   <div class='ocr_carea' id='block_1_46' title="bbox 374 3161 1418 3232">
    <p class='ocr_par' dir='ltr' id='par_1_46' title="bbox 374 3161 1418 3232">
     <span class='ocr_line' id='line_1_47' title="bbox 374 3161 1418 3232; baseline -0.009 -9"><span class='ocrx_word' id='word_1_302' title='bbox 374 3182 512 3232; x_wconf 83' lang='lat' dir='ltr'><strong>rum,</strong></span> <span class='ocrx_word' id='word_1_303' title='bbox 543 3175 598 3221; x_wconf 89' lang='lat' dir='ltr'><strong>et</strong></span> <span class='ocrx_word' id='word_1_304' title='bbox 623 3166 860 3232; x_wconf 85' lang='lat' dir='ltr'><strong>singulos</strong></span> <span class='ocrx_word' id='word_1_305' title='bbox 889 3172 1061 3224; x_wconf 86' lang='lat' dir='ltr'><strong>actus.</strong></span> <span class='ocrx_word' id='word_1_306' title='bbox 1090 3161 1418 3216; x_wconf 86' lang='lat' dir='ltr'><strong>cxaminent.</strong></span> 
     </span>
    </p>
   </div>
   <div class='ocr_carea' id='block_1_47' title="bbox 565 3275 1780 3349">
    <p class='ocr_par' dir='ltr' id='par_1_47' title="bbox 565 3275 1780 3349">
     <span class='ocr_line' id='line_1_48' title="bbox 565 3275 1780 3349; baseline -0.005 -16"><span class='ocrx_word' id='word_1_307' title='bbox 565 3279 645 3333; x_wconf 89' lang='lat' dir='ltr'><strong>De</strong></span> <span class='ocrx_word' id='word_1_308' title='bbox 666 3279 744 3332; x_wconf 83' lang='lat' dir='ltr'><strong>his</strong></span> <span class='ocrx_word' id='word_1_309' title='bbox 773 3279 858 3349; x_wconf 89' lang='lat' dir='ltr'><strong>qui</strong></span> <span class='ocrx_word' id='word_1_310' title='bbox 886 3279 1176 3348; x_wconf 76' lang='lat' dir='ltr'><strong>frequenter</strong></span> <span class='ocrx_word' id='word_1_311' title='bbox 1195 3276 1346 3329; x_wconf 83' lang='lat' dir='ltr'><strong>idolis</strong></span> <span class='ocrx_word' id='word_1_312' title='bbox 1375 3275 1780 3329; x_wconf 76' lang='lat' dir='ltr'><strong>immolaverunt.</strong></span> 
     </span>
    </p>
   </div>
   <div class='ocr_carea' id='block_1_48' title="bbox 444 3386 1946 3458">
    <p class='ocr_par' dir='ltr' id='par_1_48' title="bbox 444 3386 1946 3458">
     <span class='ocr_line' id='line_1_49' title="bbox 444 3386 1946 3458; baseline -0.003 -14"><span class='ocrx_word' id='word_1_313' title='bbox 444 3388 655 3444; x_wconf 87' lang='lat' dir='ltr'><strong>XXVII.</strong></span> <span class='ocrx_word' id='word_1_314' title='bbox 697 3388 762 3442; x_wconf 82' lang='lat' dir='ltr'><strong>Hi</strong></span> <span class='ocrx_word' id='word_1_315' title='bbox 792 3389 881 3458; x_wconf 88' lang='lat' dir='ltr'><strong>qui</strong></span> <span class='ocrx_word' id='word_1_316' title='bbox 938 3389 1174 3441; x_wconf 87' lang='lat' dir='ltr'><strong>secundo</strong></span> <span class='ocrx_word' id='word_1_317' title='bbox 1205 3396 1256 3441; x_wconf 93' lang='lat' dir='ltr'><strong>et</strong></span> <span class='ocrx_word' id='word_1_318' title='bbox 1305 3390 1465 3440; x_wconf 90' lang='lat' dir='ltr'><strong>tertio</strong></span> <span class='ocrx_word' id='word_1_319' title='bbox 1510 3386 1946 3440; x_wconf 79' lang='lat' dir='ltr'><strong>sacriﬁcaverunt</strong></span> 
     </span>
    </p>
   </div>
   <div class='ocr_carea' id='block_1_49' title="bbox 375 3478 1944 3549">
    <p class='ocr_par' dir='ltr' id='par_1_49' title="bbox 375 3478 1944 3549">
     <span class='ocr_line' id='line_1_50' title="bbox 375 3478 1944 3549; baseline -0.003 -15"><span class='ocrx_word' id='word_1_320' title='bbox 375 3482 567 3546; x_wconf 90' lang='lat' dir='ltr'><strong>coacti,</strong></span> <span class='ocrx_word' id='word_1_321' title='bbox 598 3488 830 3549; x_wconf 89' lang='lat' dir='ltr'><strong>quatuor</strong></span> <span class='ocrx_word' id='word_1_322' title='bbox 859 3479 1012 3532; x_wconf 88' lang='lat' dir='ltr'><strong>annis</strong></span> <span class='ocrx_word' id='word_1_323' title='bbox 1041 3479 1364 3548; x_wconf 62' lang='lat' dir='ltr'><strong>paenitentia!</strong></span> <span class='ocrx_word' id='word_1_324' title='bbox 1391 3478 1742 3545; x_wconf 86' lang='lat' dir='ltr'><strong>subjiciantur</strong></span> <span class='ocrx_word' id='word_1_325' title='bbox 1767 3494 1780 3529; x_wconf 88' lang='lat'>:</span> <span class='ocrx_word' id='word_1_326' title='bbox 1811 3478 1944 3530; x_wconf 84' lang='lat' dir='ltr'><strong>duo-</strong></span> 
     </span>
    </p>
   </div>
   <div class='ocr_carea' id='block_1_50' title="bbox 375 3567 1948 3632">
    <p class='ocr_par' dir='ltr' id='par_1_50' title="bbox 375 3567 1948 3632">
     <span class='ocr_line' id='line_1_51' title="bbox 375 3567 1948 3632; baseline -0.003 -9"><span class='ocrx_word' id='word_1_327' title='bbox 375 3572 473 3625; x_wconf 84' lang='lat' dir='ltr'><strong>bns</strong></span> <span class='ocrx_word' id='word_1_328' title='bbox 530 3579 708 3624; x_wconf 88' lang='lat' dir='ltr'><strong>autem</strong></span> <span class='ocrx_word' id='word_1_329' title='bbox 763 3569 918 3622; x_wconf 88' lang='lat' dir='ltr'><strong>annis</strong></span> <span class='ocrx_word' id='word_1_330' title='bbox 960 3570 1076 3622; x_wconf 90' lang='lat' dir='ltr'><strong>sine</strong></span> <span class='ocrx_word' id='word_1_331' title='bbox 1123 3567 1398 3621; x_wconf 83' lang='lat' dir='ltr'><strong>oblatiooe</strong></span> <span class='ocrx_word' id='word_1_332' title='bbox 1425 3567 1840 3632; x_wconf 88' lang='lat' dir='ltr'><strong>communicent,</strong></span> <span class='ocrx_word' id='word_1_333' title='bbox 1892 3575 1948 3619; x_wconf 93' lang='lat' dir='ltr'><strong>et</strong></span> 
     </span>
    </p>
   </div>
   <div class='ocr_carea' id='block_1_51' title="bbox 374 3657 1413 3729">
    <p class='ocr_par' dir='ltr' id='par_1_51' title="bbox 374 3657 1413 3729">
     <span class='ocr_line' id='line_1_52' title="bbox 374 3657 1413 3729; baseline -0.004 -16"><span class='ocrx_word' id='word_1_334' title='bbox 374 3661 602 3729; x_wconf 87' lang='lat' dir='ltr'><strong>septimo</strong></span> <span class='ocrx_word' id='word_1_335' title='bbox 632 3675 773 3713; x_wconf 90' lang='lat' dir='ltr'><strong>anno</strong></span> <span class='ocrx_word' id='word_1_336' title='bbox 802 3661 1035 3727; x_wconf 82' lang='lat' dir='ltr'><strong>perfecte</strong></span> <span class='ocrx_word' id='word_1_337' title='bbox 1069 3657 1413 3726; x_wconf 90' lang='lat' dir='ltr'><strong>recipiantur.</strong></span> 
     </span>
    </p>
   </div>
   <div class='ocr_carea' id='block_1_52' title="bbox 451 3768 1871 3839">
    <p class='ocr_par' dir='ltr' id='par_1_52' title="bbox 451 3768 1871 3839">
     <span class='ocr_line' id='line_1_53' title="bbox 451 3768 1871 3839; baseline -0.004 -16"><span class='ocrx_word' id='word_1_338' title='bbox 451 3771 522 3823; x_wconf 84' lang='lat' dir='ltr'><strong>De</strong></span> <span class='ocrx_word' id='word_1_339' title='bbox 549 3772 628 3824; x_wconf 80' lang='lat' dir='ltr'><strong>Itis</strong></span> <span class='ocrx_word' id='word_1_340' title='bbox 653 3773 737 3839; x_wconf 85' lang='lat' dir='ltr'><strong>qui</strong></span> <span class='ocrx_word' id='word_1_341' title='bbox 777 3781 826 3825; x_wconf 89' lang='lat' dir='ltr'><strong>et</strong></span> <span class='ocrx_word' id='word_1_342' title='bbox 854 3771 972 3824; x_wconf 88' lang='lat' dir='ltr'><strong>aliis</strong></span> <span class='ocrx_word' id='word_1_343' title='bbox 999 3768 1331 3836; x_wconf 83' lang='lat' dir='ltr'><strong>sacriﬁcandi</strong></span> <span class='ocrx_word' id='word_1_344' title='bbox 1361 3784 1544 3821; x_wconf 85' lang='lat' dir='ltr'><strong>causas</strong></span> <span class='ocrx_word' id='word_1_345' title='bbox 1573 3768 1871 3820; x_wconf 85' lang='lat' dir='ltr'><strong>attulerunt.</strong></span> 
     </span>
    </p>
   </div>
   <div class='ocr_carea' id='block_1_53' title="bbox 445 3880 1949 3950">
    <p class='ocr_par' dir='ltr' id='par_1_53' title="bbox 445 3880 1949 3950">
     <span class='ocr_line' id='line_1_54' title="bbox 445 3880 1949 3950; baseline 0.001 -15"><span class='ocrx_word' id='word_1_346' title='bbox 445 3880 675 3936; x_wconf 83' lang='lat' dir='ltr'><strong>XXVIII.</strong></span> <span class='ocrx_word' id='word_1_347' title='bbox 718 3882 1188 3950; x_wconf 83' lang='lat' dir='ltr'><strong>Quotquotautem</strong></span> <span class='ocrx_word' id='word_1_348' title='bbox 1222 3897 1326 3935; x_wconf 93' lang='lat' dir='ltr'><strong>non</strong></span> <span class='ocrx_word' id='word_1_349' title='bbox 1350 3881 1522 3935; x_wconf 89' lang='lat' dir='ltr'><strong>solum</strong></span> <span class='ocrx_word' id='word_1_350' title='bbox 1559 3880 1656 3948; x_wconf 77' lang='lat' dir='ltr'><strong>ipsi</strong></span> <span class='ocrx_word' id='word_1_351' title='bbox 1701 3881 1949 3936; x_wconf 86' lang='lat' dir='ltr'><strong>deviave-</strong></span> 
     </span>
    </p>
   </div>
   <div class='ocr_carea' id='block_1_54' title="bbox 376 3971 1947 4039">
    <p class='ocr_par' dir='ltr' id='par_1_54' title="bbox 376 3971 1947 4039">
     <span class='ocr_line' id='line_1_55' title="bbox 376 3971 1947 4039; baseline -0.001 -15"><span class='ocrx_word' id='word_1_352' title='bbox 376 3981 521 4036; x_wconf 90' lang='lat' dir='ltr'><strong>runt,</strong></span> <span class='ocrx_word' id='word_1_353' title='bbox 551 3971 643 4026; x_wconf 87' lang='lat' dir='ltr'><strong>sed</strong></span> <span class='ocrx_word' id='word_1_354' title='bbox 667 3973 828 4026; x_wconf 87' lang='lat' dir='ltr'><strong>etiam</strong></span> <span class='ocrx_word' id='word_1_355' title='bbox 864 3972 1285 4035; x_wconf 83' lang='lat' dir='ltr'><strong>insurrexerunt,</strong></span> <span class='ocrx_word' id='word_1_356' title='bbox 1318 3979 1372 4025; x_wconf 89' lang='lat' dir='ltr'><strong>et</strong></span> <span class='ocrx_word' id='word_1_357' title='bbox 1417 3973 1792 4039; x_wconf 85' lang='lat' dir='ltr'><strong>compulerunt</strong></span> <span class='ocrx_word' id='word_1_358' title='bbox 1838 3972 1947 4024; x_wconf 83' lang='lat' dir='ltr'><strong>fra-</strong></span> 
     </span>
    </p>
   </div>
   <div class='ocr_carea' id='block_1_55' title="bbox 376 4063 1950 4131">
    <p class='ocr_par' dir='ltr' id='par_1_55' title="bbox 376 4063 1950 4131">
     <span class='ocr_line' id='line_1_56' title="bbox 376 4063 1950 4131; baseline 0.001 -16"><span class='ocrx_word' id='word_1_359' title='bbox 376 4073 504 4126; x_wconf 86' lang='lat' dir='ltr'><strong>tres,</strong></span> <span class='ocrx_word' id='word_1_360' title='bbox 536 4069 591 4116; x_wconf 90' lang='lat' dir='ltr'><strong>et</strong></span> <span class='ocrx_word' id='word_1_361' title='bbox 637 4077 826 4116; x_wconf 88' lang='lat' dir='ltr'><strong>causas</strong></span> <span class='ocrx_word' id='word_1_362' title='bbox 862 4063 1198 4131; x_wconf 57' lang='lat' dir='ltr'><strong>praebuerunt</strong></span> <span class='ocrx_word' id='word_1_363' title='bbox 1251 4070 1309 4115; x_wconf 93' lang='lat' dir='ltr'><strong>ut</strong></span> <span class='ocrx_word' id='word_1_364' title='bbox 1352 4072 1710 4128; x_wconf 86' lang='lat' dir='ltr'><strong>cogerentur,</strong></span> <span class='ocrx_word' id='word_1_365' title='bbox 1752 4063 1804 4116; x_wconf 92' lang='lat' dir='ltr'><strong>hi</strong></span> <span class='ocrx_word' id='word_1_366' title='bbox 1852 4078 1950 4130; x_wconf 72' lang='lat' dir='ltr'><strong>per</strong></span> 
     </span>
    </p>
   </div>
   <div class='ocr_carea' id='block_1_56' title="bbox 379 4153 1944 4222">
    <p class='ocr_par' dir='ltr' id='par_1_56' title="bbox 379 4153 1944 4222">
     <span class='ocr_line' id='line_1_57' title="bbox 379 4153 1944 4222; baseline -0.001 -17"><span class='ocrx_word' id='word_1_367' title='bbox 379 4154 665 4208; x_wconf 88' lang='lat' dir='ltr'><strong>triennium</strong></span> <span class='ocrx_word' id='word_1_368' title='bbox 703 4153 919 4222; x_wconf 87' lang='lat' dir='ltr'><strong>quidem</strong></span> <span class='ocrx_word' id='word_1_369' title='bbox 952 4155 1126 4208; x_wconf 91' lang='lat' dir='ltr'><strong>locum</strong></span> <span class='ocrx_word' id='word_1_370' title='bbox 1171 4155 1312 4207; x_wconf 87' lang='lat' dir='ltr'><strong>inter</strong></span> <span class='ocrx_word' id='word_1_371' title='bbox 1340 4153 1614 4206; x_wconf 87' lang='lat' dir='ltr'><strong>audientes</strong></span> <span class='ocrx_word' id='word_1_372' title='bbox 1660 4154 1944 4222; x_wconf 87' lang='lat' dir='ltr'><strong>accipiant,</strong></span> 
     </span>
    </p>
   </div>
   <div class='ocr_carea' id='block_1_57' title="bbox 377 4244 1951 4314">
    <p class='ocr_par' dir='ltr' id='par_1_57' title="bbox 377 4244 1951 4314">
     <span class='ocr_line' id='line_1_58' title="bbox 377 4244 1951 4314; baseline 0 -18"><span class='ocrx_word' id='word_1_373' title='bbox 377 4261 476 4314; x_wconf 86' lang='lat' dir='ltr'><strong>per</strong></span> <span class='ocrx_word' id='word_1_374' title='bbox 513 4247 656 4301; x_wconf 89' lang='lat' dir='ltr'><strong>aliud</strong></span> <span class='ocrx_word' id='word_1_375' title='bbox 692 4261 822 4300; x_wconf 88' lang='lat' dir='ltr'><strong>vero</strong></span> <span class='ocrx_word' id='word_1_376' title='bbox 867 4247 1178 4301; x_wconf 88' lang='lat' dir='ltr'><strong>sexennium</strong></span> <span class='ocrx_word' id='word_1_377' title='bbox 1228 4245 1552 4314; x_wconf 73' lang='lat' dir='ltr'><strong>pmnitentia:</strong></span> <span class='ocrx_word' id='word_1_378' title='bbox 1602 4244 1951 4312; x_wconf 89' lang='lat' dir='ltr'><strong>subjiciantur</strong></span> 
     </span>
    </p>
   </div>
   <div class='ocr_carea' id='block_1_58' title="bbox 375 4333 1949 4401">
    <p class='ocr_par' dir='ltr' id='par_1_58' title="bbox 375 4333 1949 4401">
     <span class='ocr_line' id='line_1_59' title="bbox 375 4333 1949 4401; baseline -0.002 -10"><span class='ocrx_word' id='word_1_379' title='bbox 375 4336 589 4401; x_wconf 75' lang='lat' dir='ltr'><strong>acriori,</strong></span> <span class='ocrx_word' id='word_1_380' title='bbox 629 4345 685 4392; x_wconf 91' lang='lat' dir='ltr'><strong>et</strong></span> <span class='ocrx_word' id='word_1_381' title='bbox 713 4336 818 4390; x_wconf 87' lang='lat' dir='ltr'><strong>alio</strong></span> <span class='ocrx_word' id='word_1_382' title='bbox 858 4351 1002 4390; x_wconf 88' lang='lat' dir='ltr'><strong>anno</strong></span> <span class='ocrx_word' id='word_1_383' title='bbox 1041 4333 1472 4390; x_wconf 84' lang='lat' dir='ltr'><strong>communionem</strong></span> <span class='ocrx_word' id='word_1_384' title='bbox 1514 4335 1630 4388; x_wconf 87' lang='lat' dir='ltr'><strong>sine</strong></span> <span class='ocrx_word' id='word_1_385' title='bbox 1675 4334 1949 4388; x_wconf 86' lang='lat' dir='ltr'><strong>oblatione</strong></span> 
     </span>
    </p>
   </div>
   <div class='ocr_carea' id='block_1_59' title="bbox 377 4423 1946 4495">
    <p class='ocr_par' dir='ltr' id='par_1_59' title="bbox 377 4423 1946 4495">
     <span class='ocr_line' id='line_1_60' title="bbox 377 4423 1946 4495; baseline 0.001 -18"><span class='ocrx_word' id='word_1_386' title='bbox 377 4425 694 4495; x_wconf 83' lang='lat' dir='ltr'><strong>percipiant,</strong></span> <span class='ocrx_word' id='word_1_387' title='bbox 726 4434 784 4479; x_wconf 87' lang='lat' dir='ltr'><strong>ut</strong></span> <span class='ocrx_word' id='word_1_388' title='bbox 806 4425 1208 4494; x_wconf 79' lang='lat' dir='ltr'><strong>perfectionem,</strong></span> <span class='ocrx_word' id='word_1_389' title='bbox 1251 4425 1468 4494; x_wconf 89' lang='lat' dir='ltr'><strong>expleto</strong></span> <span class='ocrx_word' id='word_1_390' title='bbox 1499 4423 1782 4490; x_wconf 89' lang='lat' dir='ltr'><strong>decennio,</strong></span> <span class='ocrx_word' id='word_1_391' title='bbox 1815 4440 1946 4479; x_wconf 90' lang='lat' dir='ltr'><strong>con—</strong></span> 
     </span>
    </p>
   </div>
   <div class='ocr_carea' id='block_1_60' title="bbox 2049 1859 3616 1930">
    <p class='ocr_par' dir='ltr' id='par_1_60' title="bbox 2049 1859 3616 1930">
     <span class='ocr_line' id='line_1_61' title="bbox 2049 1859 3616 1930; baseline -0.006 -9"><span class='ocrx_word' id='word_1_392' title='bbox 2049 1867 2191 1929; x_wconf 90' lang='lat' dir='ltr'><strong>coni,</strong></span> <span class='ocrx_word' id='word_1_393' title='bbox 2224 1873 2279 1920; x_wconf 85' lang='lat' dir='ltr'><strong>et</strong></span> <span class='ocrx_word' id='word_1_394' title='bbox 2307 1880 2336 1917; x_wconf 87' lang='lat' dir='ltr'><strong>a</strong></span> <span class='ocrx_word' id='word_1_395' title='bbox 2387 1863 2634 1918; x_wconf 90' lang='lat' dir='ltr'><strong>carnibus</strong></span> <span class='ocrx_word' id='word_1_396' title='bbox 2679 1862 2985 1925; x_wconf 88' lang='lat' dir='ltr'><strong>abstinent,</strong></span> <span class='ocrx_word' id='word_1_397' title='bbox 3028 1860 3227 1930; x_wconf 90' lang='lat' dir='ltr'><strong>placuit</strong></span> <span class='ocrx_word' id='word_1_398' title='bbox 3272 1873 3364 1912; x_wconf 85' lang='lat' dir='ltr'><strong>eas</strong></span> <span class='ocrx_word' id='word_1_399' title='bbox 3401 1859 3616 1928; x_wconf 86' lang='lat' dir='ltr'><strong>quidem</strong></span> 
     </span>
    </p>
   </div>
   <div class='ocr_carea' id='block_1_61' title="bbox 2047 1946 3614 2023">
    <p class='ocr_par' dir='ltr' id='par_1_61' title="bbox 2047 1946 3614 2023">
     <span class='ocr_line' id='line_1_62' title="bbox 2047 1946 3614 2023; baseline -0.006 -14"><span class='ocrx_word' id='word_1_400' title='bbox 2047 1957 2374 2023; x_wconf 83' lang='lat' dir='ltr'><strong>contingere,</strong></span> <span class='ocrx_word' id='word_1_401' title='bbox 2397 1963 2450 2008; x_wconf 88' lang='lat' dir='ltr'><strong>et</strong></span> <span class='ocrx_word' id='word_1_402' title='bbox 2482 1954 2573 2015; x_wconf 86' lang='lat' dir='ltr'><strong>ita,</strong></span> <span class='ocrx_word' id='word_1_403' title='bbox 2606 1952 2648 2005; x_wconf 89' lang='lat' dir='ltr'><strong>si</strong></span> <span class='ocrx_word' id='word_1_404' title='bbox 2677 1951 2959 2014; x_wconf 85' lang='lat' dir='ltr'><strong>voluerint,</strong></span> <span class='ocrx_word' id='word_1_405' title='bbox 2979 1949 3277 2003; x_wconf 91' lang='lat' dir='ltr'><strong>continere.</strong></span> <span class='ocrx_word' id='word_1_406' title='bbox 3298 1947 3447 2014; x_wconf 80' lang='lat' dir='ltr'><strong>Quod</strong></span> <span class='ocrx_word' id='word_1_407' title='bbox 3483 1946 3530 1998; x_wconf 89' lang='lat' dir='ltr'><strong>si</strong></span> <span class='ocrx_word' id='word_1_408' title='bbox 3562 1963 3614 1999; x_wconf 80' lang='grc' dir='ltr'><strong>ιη</strong></span> 
     </span>
    </p>
   </div>
   <div class='ocr_carea' id='block_1_62' title="bbox 2048 2037 3619 2107">
    <p class='ocr_par' dir='ltr' id='par_1_62' title="bbox 2048 2037 3619 2107">
     <span class='ocr_line' id='line_1_63' title="bbox 2048 2037 3619 2107; baseline -0.006 -8"><span class='ocrx_word' id='word_1_409' title='bbox 2048 2056 2249 2099; x_wconf 91' lang='lat' dir='ltr'><strong>tantum</strong></span> <span class='ocrx_word' id='word_1_410' title='bbox 2280 2060 2372 2098; x_wconf 84' lang='lat' dir='ltr'><strong>eas</strong></span> <span class='ocrx_word' id='word_1_411' title='bbox 2401 2045 2796 2107; x_wconf 88' lang='lat' dir='ltr'><strong>abominantur,</strong></span> <span class='ocrx_word' id='word_1_412' title='bbox 2828 2049 2885 2093; x_wconf 89' lang='lat' dir='ltr'><strong>ut</strong></span> <span class='ocrx_word' id='word_1_413' title='bbox 2909 2055 3008 2094; x_wconf 86' lang='lat' dir='ltr'><strong>nec</strong></span> <span class='ocrx_word' id='word_1_414' title='bbox 3032 2038 3197 2103; x_wconf 84' lang='lat' dir='ltr'><strong>olera,</strong></span> <span class='ocrx_word' id='word_1_415' title='bbox 3229 2053 3346 2107; x_wconf 75' lang='lat' dir='ltr'><strong>qua:</strong></span> <span class='ocrx_word' id='word_1_416' title='bbox 3384 2053 3504 2090; x_wconf 84' lang='lat' dir='ltr'><strong>cum</strong></span> <span class='ocrx_word' id='word_1_417' title='bbox 3541 2037 3619 2091; x_wconf 88' lang='lat' dir='ltr'><strong>cis</strong></span> 
     </span>
    </p>
   </div>
   <div class='ocr_carea' id='block_1_63' title="bbox 2046 2128 3616 2206">
    <p class='ocr_par' dir='ltr' id='par_1_63' title="bbox 2046 2128 3616 2206">
     <span class='ocr_line' id='line_1_64' title="bbox 2046 2128 3616 2206; baseline -0.008 -15"><span class='ocrx_word' id='word_1_418' title='bbox 2046 2145 2376 2206; x_wconf 89' lang='lat' dir='ltr'><strong>coquuntur,</strong></span> <span class='ocrx_word' id='word_1_419' title='bbox 2427 2133 2736 2188; x_wconf 78' lang='lat' dir='ltr'><strong>existiment</strong></span> <span class='ocrx_word' id='word_1_420' title='bbox 2783 2128 3150 2194; x_wconf 85' lang='lat' dir='ltr'><strong>comedenda,</strong></span> <span class='ocrx_word' id='word_1_421' title='bbox 3209 2137 3459 2195; x_wconf 87' lang='lat' dir='ltr'><strong>tanquam</strong></span> <span class='ocrx_word' id='word_1_422' title='bbox 3509 2141 3616 2178; x_wconf 88' lang='lat' dir='ltr'><strong>non</strong></span> 
     </span>
    </p>
   </div>
   <div class='ocr_carea' id='block_1_64' title="bbox 2045 2214 3616 2290">
    <p class='ocr_par' dir='ltr' id='par_1_64' title="bbox 2045 2214 3616 2290">
     <span class='ocr_line' id='line_1_65' title="bbox 2045 2214 3616 2290; baseline -0.008 -10"><span class='ocrx_word' id='word_1_423' title='bbox 2045 2225 2446 2280; x_wconf 87' lang='lat' dir='ltr'><strong>consentientes</strong></span> <span class='ocrx_word' id='word_1_424' title='bbox 2488 2222 2703 2290; x_wconf 62' lang='lat' dir='ltr'><strong>regulae,</strong></span> <span class='ocrx_word' id='word_1_425' title='bbox 2738 2220 2806 2273; x_wconf 87' lang='lat' dir='ltr'><strong>ab</strong></span> <span class='ocrx_word' id='word_1_426' title='bbox 2845 2217 3031 2272; x_wconf 88' lang='lat' dir='ltr'><strong>ordine</strong></span> <span class='ocrx_word' id='word_1_427' title='bbox 3077 2228 3290 2270; x_wconf 87' lang='lat' dir='ltr'><strong>cessare</strong></span> <span class='ocrx_word' id='word_1_428' title='bbox 3327 2214 3616 2268; x_wconf 89' lang='lat' dir='ltr'><strong>debebunt.</strong></span> 
     </span>
    </p>
   </div>
   <div class='ocr_carea' id='block_1_65' title="bbox 2049 2328 3619 2400">
    <p class='ocr_par' dir='ltr' id='par_1_65' title="bbox 2049 2328 3619 2400">
     <span class='ocr_line' id='line_1_66' title="bbox 2049 2328 3619 2400; baseline -0.01 -5"><span class='ocrx_word' id='word_1_429' title='bbox 2049 2337 2125 2394; x_wconf 87' lang='lat' dir='ltr'><strong>De</strong></span> <span class='ocrx_word' id='word_1_430' title='bbox 2153 2339 2300 2394; x_wconf 80' lang='lat' dir='ltr'><strong>rebus</strong></span> <span class='ocrx_word' id='word_1_431' title='bbox 2325 2335 2680 2391; x_wconf 80' lang='lat' dir='ltr'><strong>ecclesiasticis</strong></span> <span class='ocrx_word' id='word_1_432' title='bbox 2703 2350 2761 2386; x_wconf 88' lang='lat' dir='ltr'><strong>eo</strong></span> <span class='ocrx_word' id='word_1_433' title='bbox 2802 2343 3024 2400; x_wconf 80' lang='lat' dir='ltr'><strong>tempore</strong></span> <span class='ocrx_word' id='word_1_434' title='bbox 3053 2329 3332 2396; x_wconf 85' lang='lat' dir='ltr'><strong>distractis,</strong></span> <span class='ocrx_word' id='word_1_435' title='bbox 3365 2344 3462 2398; x_wconf 80' lang='lat' dir='ltr'><strong>quo</strong></span> <span class='ocrx_word' id='word_1_436' title='bbox 3492 2328 3619 2397; x_wconf 73' lang='lat' dir='ltr'><strong>ipsa:</strong></span> 
     </span>
    </p>
   </div>
   <div class='ocr_carea' id='block_1_66' title="bbox 2415 2399 3247 2471">
    <p class='ocr_par' dir='ltr' id='par_1_66' title="bbox 2415 2399 3247 2471">
     <span class='ocr_line' id='line_1_67' title="bbox 2415 2399 3247 2471; baseline -0.01 -12"><span class='ocrx_word' id='word_1_437' title='bbox 2415 2405 2662 2459; x_wconf 71' lang='lat' dir='ltr'><strong>Ecclesiae</strong></span> <span class='ocrx_word' id='word_1_438' title='bbox 2684 2399 2953 2457; x_wconf 67' lang='lat' dir='ltr'><strong>viduantur</strong></span> <span class='ocrx_word' id='word_1_439' title='bbox 2977 2402 3247 2471; x_wconf 85' lang='lat' dir='ltr'><strong>episcopis.</strong></span> 
     </span>
    </p>
   </div>
   <div class='ocr_carea' id='block_1_67' title="bbox 2117 2507 3621 2581">
    <p class='ocr_par' dir='ltr' id='par_1_67' title="bbox 2117 2507 3621 2581">
     <span class='ocr_line' id='line_1_68' title="bbox 2117 2507 3621 2581; baseline -0.008 -9"><span class='ocrx_word' id='word_1_440' title='bbox 2117 2515 2352 2572; x_wconf 82' lang='lat' dir='ltr'><strong>XXXIV.</strong></span> <span class='ocrx_word' id='word_1_441' title='bbox 2395 2515 2470 2569; x_wconf 88' lang='lat' dir='ltr'><strong>De</strong></span> <span class='ocrx_word' id='word_1_442' title='bbox 2494 2515 2574 2567; x_wconf 89' lang='lat' dir='ltr'><strong>his</strong></span> <span class='ocrx_word' id='word_1_443' title='bbox 2603 2527 2721 2581; x_wconf 67' lang='lat' dir='ltr'><strong>qua:</strong></span> <span class='ocrx_word' id='word_1_444' title='bbox 2763 2511 3033 2581; x_wconf 89' lang='lat' dir='ltr'><strong>pertinent</strong></span> <span class='ocrx_word' id='word_1_445' title='bbox 3054 2509 3118 2562; x_wconf 90' lang='lat' dir='ltr'><strong>ad</strong></span> <span class='ocrx_word' id='word_1_446' title='bbox 3141 2507 3453 2571; x_wconf 80' lang='lat' dir='ltr'><strong>Ecclesiam,</strong></span> <span class='ocrx_word' id='word_1_447' title='bbox 3479 2520 3621 2574; x_wconf 63' lang='lat' dir='ltr'><strong>qum-</strong></span> 
     </span>
    </p>
   </div>
   <div class='ocr_carea' id='block_1_68' title="bbox 2045 2596 3622 2679">
    <p class='ocr_par' dir='ltr' id='par_1_68' title="bbox 2045 2596 3622 2679">
     <span class='ocr_line' id='line_1_69' title="bbox 2045 2596 3622 2679; baseline -0.01 -15"><span class='ocrx_word' id='word_1_448' title='bbox 2045 2627 2273 2679; x_wconf 84' lang='lat' dir='ltr'><strong>cunque,</strong></span> <span class='ocrx_word' id='word_1_449' title='bbox 2307 2623 2426 2662; x_wconf 79' lang='lat' dir='ltr'><strong>cum</strong></span> <span class='ocrx_word' id='word_1_450' title='bbox 2461 2621 2564 2659; x_wconf 88' lang='lat' dir='ltr'><strong>non</strong></span> <span class='ocrx_word' id='word_1_451' title='bbox 2595 2612 2738 2658; x_wconf 85' lang='lat' dir='ltr'><strong>esset</strong></span> <span class='ocrx_word' id='word_1_452' title='bbox 2772 2602 3076 2671; x_wconf 82' lang='lat' dir='ltr'><strong>cpiscopus,</strong></span> <span class='ocrx_word' id='word_1_453' title='bbox 3123 2599 3416 2669; x_wconf 75' lang='lat' dir='ltr'><strong>presbyteri</strong></span> <span class='ocrx_word' id='word_1_454' title='bbox 3445 2596 3622 2650; x_wconf 77' lang='lat' dir='ltr'><strong>vcndi~</strong></span> 
     </span>
    </p>
   </div>
   <div class='ocr_carea' id='block_1_69' title="bbox 2045 2687 3622 2768">
    <p class='ocr_par' dir='ltr' id='par_1_69' title="bbox 2045 2687 3622 2768">
     <span class='ocr_line' id='line_1_70' title="bbox 2045 2687 3622 2768; baseline -0.01 -13"><span class='ocrx_word' id='word_1_455' title='bbox 2045 2705 2230 2755; x_wconf 75' lang='lat' dir='ltr'><strong>derunt</strong></span> <span class='ocrx_word' id='word_1_456' title='bbox 2259 2741 2273 2762; x_wconf 94' lang='lat'><strong>,</strong></span> <span class='ocrx_word' id='word_1_457' title='bbox 2308 2698 2525 2768; x_wconf 86' lang='lat' dir='ltr'><strong>placuit,</strong></span> <span class='ocrx_word' id='word_1_458' title='bbox 2558 2695 2784 2748; x_wconf 87' lang='lat' dir='ltr'><strong>rescisso</strong></span> <span class='ocrx_word' id='word_1_459' title='bbox 2834 2699 3136 2756; x_wconf 89' lang='lat' dir='ltr'><strong>contractu,</strong></span> <span class='ocrx_word' id='word_1_460' title='bbox 3183 2689 3250 2742; x_wconf 90' lang='lat' dir='ltr'><strong>ad</strong></span> <span class='ocrx_word' id='word_1_461' title='bbox 3283 2689 3402 2757; x_wconf 80' lang='lat' dir='ltr'><strong>jura</strong></span> <span class='ocrx_word' id='word_1_462' title='bbox 3448 2687 3622 2740; x_wconf 70' lang='lat' dir='ltr'><strong>eccle-</strong></span> 
     </span>
    </p>
   </div>
   <div class='ocr_carea' id='block_1_70' title="bbox 2046 2777 3620 2854">
    <p class='ocr_par' dir='ltr' id='par_1_70' title="bbox 2046 2777 3620 2854">
     <span class='ocr_line' id='line_1_71' title="bbox 2046 2777 3620 2854; baseline -0.012 -6"><span class='ocrx_word' id='word_1_463' title='bbox 2046 2795 2260 2848; x_wconf 78' lang='lat' dir='ltr'><strong>Siastit&#39;a</strong></span> <span class='ocrx_word' id='word_1_464' title='bbox 2294 2781 2556 2844; x_wconf 52' lang='lat' dir='ltr'><strong>rev/cari.</strong></span> <span class='ocrx_word' id='word_1_465' title='bbox 2585 2783 2862 2854; x_wconf 87' lang='lat' dir='ltr'><strong>Injudicio</strong></span> <span class='ocrx_word' id='word_1_466' title='bbox 2905 2792 3082 2835; x_wconf 87' lang='lat' dir='ltr'><strong>autem</strong></span> <span class='ocrx_word' id='word_1_467' title='bbox 3112 2781 3214 2834; x_wconf 90' lang='lat' dir='ltr'><strong>erit</strong></span> <span class='ocrx_word' id='word_1_468' title='bbox 3266 2778 3521 2849; x_wconf 83' lang='lat' dir='ltr'><strong>episcopi,</strong></span> <span class='ocrx_word' id='word_1_469' title='bbox 3575 2777 3620 2831; x_wconf 77' lang='lat' dir='ltr'><strong>si</strong></span> 
     </span>
    </p>
   </div>
   <div class='ocr_carea' id='block_1_71' title="bbox 2045 2872 3615 2952">
    <p class='ocr_par' dir='ltr' id='par_1_71' title="bbox 2045 2872 3615 2952">
     <span class='ocr_line' id='line_1_72' title="bbox 2045 2872 3615 2952; baseline -0.009 -19"><span class='ocrx_word' id='word_1_470' title='bbox 2045 2883 2269 2952; x_wconf 84' lang='lat' dir='ltr'><strong>pretium</strong></span> <span class='ocrx_word' id='word_1_471' title='bbox 2296 2881 2488 2933; x_wconf 81' lang='lat' dir='ltr'><strong>debeat</strong></span> <span class='ocrx_word' id='word_1_472' title='bbox 2507 2877 2689 2946; x_wconf 89' lang='lat' dir='ltr'><strong>recipi,</strong></span> <span class='ocrx_word' id='word_1_473' title='bbox 2723 2888 2894 2928; x_wconf 89' lang='lat' dir='ltr'><strong>necne</strong></span> <span class='ocrx_word' id='word_1_474' title='bbox 2917 2888 2930 2923; x_wconf 85' lang='lat'><strong>:</strong></span> <span class='ocrx_word' id='word_1_475' title='bbox 2956 2873 3078 2942; x_wconf 91' lang='lat' dir='ltr'><strong>quia</strong></span> <span class='ocrx_word' id='word_1_476' title='bbox 3102 2872 3412 2940; x_wconf 90' lang='lat' dir='ltr'><strong>plerumque</strong></span> <span class='ocrx_word' id='word_1_477' title='bbox 3438 2879 3615 2921; x_wconf 69' lang='lat' dir='ltr'><strong>rerum</strong></span> 
     </span>
    </p>
   </div>
   <div class='ocr_carea' id='block_1_72' title="bbox 2045 2958 3616 3034">
    <p class='ocr_par' dir='ltr' id='par_1_72' title="bbox 2045 2958 3616 3034">
     <span class='ocr_line' id='line_1_73' title="bbox 2045 2958 3616 3034; baseline -0.009 -9"><span class='ocrx_word' id='word_1_478' title='bbox 2045 2975 2422 3026; x_wconf 73' lang='lat' dir='ltr'><strong>distractaztnn</strong></span> <span class='ocrx_word' id='word_1_479' title='bbox 2449 2969 2646 3022; x_wconf 90' lang='lat' dir='ltr'><strong>reditus</strong></span> <span class='ocrx_word' id='word_1_480' title='bbox 2671 2965 2985 3034; x_wconf 88' lang='lat' dir='ltr'><strong>ampliorem</strong></span> <span class='ocrx_word' id='word_1_481' title='bbox 3013 2976 3275 3014; x_wconf 88' lang='lat' dir='ltr'><strong>summam</strong></span> <span class='ocrx_word' id='word_1_482' title='bbox 3303 2975 3401 3028; x_wconf 88' lang='lat' dir='ltr'><strong>pro</strong></span> <span class='ocrx_word' id='word_1_483' title='bbox 3444 2958 3616 3027; x_wconf 81' lang='lat' dir='ltr'><strong>pretio</strong></span> 
     </span>
    </p>
   </div>
   <div class='ocr_carea' id='block_1_73' title="bbox 2043 3059 2502 3116">
    <p class='ocr_par' dir='ltr' id='par_1_73' title="bbox 2043 3059 2502 3116">
     <span class='ocr_line' id='line_1_74' title="bbox 2043 3059 2502 3116; baseline -0.009 -2"><span class='ocrx_word' id='word_1_484' title='bbox 2043 3063 2168 3116; x_wconf 85' lang='lat' dir='ltr'><strong>dato</strong></span> <span class='ocrx_word' id='word_1_485' title='bbox 2197 3059 2502 3114; x_wconf 85' lang='lat' dir='ltr'><strong>reddiderit.</strong></span> 
     </span>
    </p>
   </div>
   <div class='ocr_carea' id='block_1_74' title="bbox 1967 3156 3615 3241">
    <p class='ocr_par' dir='ltr' id='par_1_74' title="bbox 1967 3156 3615 3241">
     <span class='ocr_line' id='line_1_75' title="bbox 1967 3156 3615 3241; baseline -0.008 -15"><span class='ocrx_word' id='word_1_486' title='bbox 1967 3156 2011 3215; x_wconf 59' lang='grc' dir='ltr'><strong>(λ</strong></span> <span class='ocrx_word' id='word_1_487' title='bbox 2045 3173 2124 3226; x_wconf 83' lang='lat' dir='ltr'><strong>De</strong></span> <span class='ocrx_word' id='word_1_488' title='bbox 2183 3172 2262 3225; x_wconf 83' lang='lat' dir='ltr'><strong>his</strong></span> <span class='ocrx_word' id='word_1_489' title='bbox 2300 3172 2384 3240; x_wconf 88' lang='lat' dir='ltr'><strong>qui</strong></span> <span class='ocrx_word' id='word_1_490' title='bbox 2429 3169 2749 3241; x_wconf 77' lang='lat' dir='ltr'><strong>forn’cantur</strong></span> <span class='ocrx_word' id='word_1_491' title='bbox 2795 3163 3238 3241; x_wconf 75' lang='lat' dir='ltr'><strong>irrationabiliter,</strong></span> <span class='ocrx_word' id='word_1_492' title='bbox 3379 3169 3455 3214; x_wconf 86' lang='lat' dir='ltr'><strong>est</strong></span> <span class='ocrx_word' id='word_1_493' title='bbox 3528 3159 3615 3233; x_wconf 84' lang='lat' dir='ltr'><strong>qui</strong></span> 
     </span>
    </p>
   </div>
   <div class='ocr_carea' id='block_1_75' title="bbox 2115 3232 3542 3311">
    <p class='ocr_par' dir='ltr' id='par_1_75' title="bbox 2115 3232 3542 3311">
     <span class='ocr_line' id='line_1_76' title="bbox 2115 3232 3542 3311; baseline -0.008 -15"><span class='ocrx_word' id='word_1_494' title='bbox 2115 3232 2388 3296; x_wconf 77' lang='lat' dir='ltr'><strong>miscentur</strong></span> <span class='ocrx_word' id='word_1_495' title='bbox 2406 3232 2690 3311; x_wconf 75' lang='lat' dir='ltr'><strong>pecoribus,</strong></span> <span class='ocrx_word' id='word_1_496' title='bbox 2721 3245 2810 3290; x_wconf 90' lang='lat' dir='ltr'><strong>aut</strong></span> <span class='ocrx_word' id='word_1_497' title='bbox 2835 3252 2948 3289; x_wconf 89' lang='lat' dir='ltr'><strong>cum</strong></span> <span class='ocrx_word' id='word_1_498' title='bbox 2969 3235 3209 3288; x_wconf 86' lang='lat' dir='ltr'><strong>masculis</strong></span> <span class='ocrx_word' id='word_1_499' title='bbox 3228 3232 3542 3304; x_wconf 86' lang='lat' dir='ltr'><strong>polluuntur.</strong></span> 
     </span>
    </p>
   </div>
   <div class='ocr_carea' id='block_1_76' title="bbox 2113 3332 3614 3418">
    <p class='ocr_par' dir='ltr' id='par_1_76' title="bbox 2113 3332 3614 3418">
     <span class='ocr_line' id='line_1_77' title="bbox 2113 3332 3614 3418; baseline -0.008 -9"><span class='ocrx_word' id='word_1_500' title='bbox 2113 3353 2328 3409; x_wconf 87' lang='lat' dir='ltr'><strong>XXXV.</strong></span> <span class='ocrx_word' id='word_1_501' title='bbox 2368 3353 2445 3407; x_wconf 88' lang='lat' dir='ltr'><strong>De</strong></span> <span class='ocrx_word' id='word_1_502' title='bbox 2482 3352 2566 3406; x_wconf 89' lang='lat' dir='ltr'><strong>his</strong></span> <span class='ocrx_word' id='word_1_503' title='bbox 2609 3350 2698 3418; x_wconf 91' lang='lat' dir='ltr'><strong>qui</strong></span> <span class='ocrx_word' id='word_1_504' title='bbox 2745 3346 3182 3403; x_wconf 89' lang='lat' dir='ltr'><strong>irrationabiliter</strong></span> <span class='ocrx_word' id='word_1_505' title='bbox 3225 3332 3420 3399; x_wconf 72' lang='lat' dir='ltr'><strong>versati</strong></span> <span class='ocrx_word' id='word_1_506' title='bbox 3473 3353 3614 3410; x_wconf 87' lang='lat' dir='ltr'><strong>sunt,</strong></span> 
     </span>
    </p>
   </div>
   <div class='ocr_carea' id='block_1_77' title="bbox 2045 3433 3616 3510">
    <p class='ocr_par' dir='ltr' id='par_1_77' title="bbox 2045 3433 3616 3510">
     <span class='ocr_line' id='line_1_78' title="bbox 2045 3433 3616 3510; baseline -0.01 -8"><span class='ocrx_word' id='word_1_507' title='bbox 2045 3447 2158 3502; x_wconf 85' lang='lat' dir='ltr'><strong>sive</strong></span> <span class='ocrx_word' id='word_1_508' title='bbox 2188 3451 2489 3508; x_wconf 87' lang='lat' dir='ltr'><strong>versantur,</strong></span> <span class='ocrx_word' id='word_1_509' title='bbox 2515 3448 2781 3510; x_wconf 88' lang='lat' dir='ltr'><strong>quotquot</strong></span> <span class='ocrx_word' id='word_1_510' title='bbox 2807 3447 2932 3492; x_wconf 88' lang='lat' dir='ltr'><strong>ante</strong></span> <span class='ocrx_word' id='word_1_511' title='bbox 2960 3437 3268 3492; x_wconf 88' lang='lat' dir='ltr'><strong>vicesimum</strong></span> <span class='ocrx_word' id='word_1_512' title='bbox 3292 3449 3488 3487; x_wconf 89' lang='lat' dir='ltr'><strong>annum</strong></span> <span class='ocrx_word' id='word_1_513' title='bbox 3511 3433 3616 3486; x_wconf 85' lang='lat' dir='ltr'><strong>tale</strong></span> 
     </span>
    </p>
   </div>
   <div class='ocr_carea' id='block_1_78' title="bbox 2046 3524 3619 3599">
    <p class='ocr_par' dir='ltr' id='par_1_78' title="bbox 2046 3524 3619 3599">
     <span class='ocr_line' id='line_1_79' title="bbox 2046 3524 3619 3599; baseline -0.008 -9"><span class='ocrx_word' id='word_1_514' title='bbox 2046 3538 2247 3590; x_wconf 84' lang='lat' dir='ltr'><strong>crimen</strong></span> <span class='ocrx_word' id='word_1_515' title='bbox 2273 3532 2657 3592; x_wconf 85' lang='lat' dir='ltr'><strong>commiserint,</strong></span> <span class='ocrx_word' id='word_1_516' title='bbox 2691 3528 2994 3599; x_wconf 89' lang='lat' dir='ltr'><strong>quindecim</strong></span> <span class='ocrx_word' id='word_1_517' title='bbox 3023 3525 3174 3580; x_wconf 89' lang='lat' dir='ltr'><strong>annis</strong></span> <span class='ocrx_word' id='word_1_518' title='bbox 3202 3524 3401 3579; x_wconf 84' lang='lat' dir='ltr'><strong>exactis</strong></span> <span class='ocrx_word' id='word_1_519' title='bbox 3430 3524 3482 3578; x_wconf 92' lang='lat' dir='ltr'><strong>in</strong></span> <span class='ocrx_word' id='word_1_520' title='bbox 3510 3539 3619 3594; x_wconf 77' lang='lat' dir='ltr'><strong>pm-</strong></span> 
     </span>
    </p>
   </div>
   <div class='ocr_carea' id='block_1_79' title="bbox 2047 3613 3620 3690">
    <p class='ocr_par' dir='ltr' id='par_1_79' title="bbox 2047 3613 3620 3690">
     <span class='ocr_line' id='line_1_80' title="bbox 2047 3613 3620 3690; baseline -0.008 -10"><span class='ocrx_word' id='word_1_521' title='bbox 2047 3627 2290 3690; x_wconf 86' lang='lat' dir='ltr'><strong>nitcntia,</strong></span> <span class='ocrx_word' id='word_1_522' title='bbox 2313 3623 2743 3678; x_wconf 88' lang='lat' dir='ltr'><strong>communionem</strong></span> <span class='ocrx_word' id='word_1_523' title='bbox 2761 3626 3064 3672; x_wconf 88' lang='lat' dir='ltr'><strong>mereantur</strong></span> <span class='ocrx_word' id='word_1_524' title='bbox 3076 3616 3374 3670; x_wconf 89' lang='lat' dir='ltr'><strong>orationum</strong></span> <span class='ocrx_word' id='word_1_525' title='bbox 3398 3613 3620 3667; x_wconf 83' lang='lat' dir='ltr'><strong>:deinde</strong></span> 
     </span>
    </p>
   </div>
   <div class='ocr_carea' id='block_1_80' title="bbox 2047 3704 3620 3787">
    <p class='ocr_par' dir='ltr' id='par_1_80' title="bbox 2047 3704 3620 3787">
     <span class='ocr_line' id='line_1_81' title="bbox 2047 3704 3620 3787; baseline -0.006 -19"><span class='ocrx_word' id='word_1_526' title='bbox 2047 3715 2410 3787; x_wconf 87' lang='lat' dir='ltr'><strong>quinquennio</strong></span> <span class='ocrx_word' id='word_1_527' title='bbox 2438 3710 2488 3765; x_wconf 93' lang='lat' dir='ltr'><strong>iu</strong></span> <span class='ocrx_word' id='word_1_528' title='bbox 2521 3713 2621 3766; x_wconf 89' lang='lat' dir='ltr'><strong>hac</strong></span> <span class='ocrx_word' id='word_1_529' title='bbox 2653 3711 3031 3766; x_wconf 89' lang='lat' dir='ltr'><strong>connnunione</strong></span> <span class='ocrx_word' id='word_1_530' title='bbox 3069 3707 3340 3769; x_wconf 89' lang='lat' dir='ltr'><strong>durantcs,</strong></span> <span class='ocrx_word' id='word_1_531' title='bbox 3374 3715 3500 3759; x_wconf 90' lang='lat' dir='ltr'><strong>tunc</strong></span> <span class='ocrx_word' id='word_1_532' title='bbox 3525 3704 3620 3759; x_wconf 85' lang='lat' dir='ltr'><strong>de-</strong></span> 
     </span>
    </p>
   </div>
   <div class='ocr_carea' id='block_1_81' title="bbox 2049 3794 3621 3864">
    <p class='ocr_par' dir='ltr' id='par_1_81' title="bbox 2049 3794 3621 3864">
     <span class='ocr_line' id='line_1_82' title="bbox 2049 3794 3621 3864; baseline -0.009 -4"><span class='ocrx_word' id='word_1_533' title='bbox 2049 3824 2192 3862; x_wconf 85' lang='lat' dir='ltr'><strong>mum</strong></span> <span class='ocrx_word' id='word_1_534' title='bbox 2221 3805 2506 3861; x_wconf 88' lang='lat' dir='ltr'><strong>oblationis</strong></span> <span class='ocrx_word' id='word_1_535' title='bbox 2541 3811 2880 3857; x_wconf 88' lang='lat' dir='ltr'><strong>sacramenta</strong></span> <span class='ocrx_word' id='word_1_536' title='bbox 2923 3799 3254 3864; x_wconf 83' lang='lat' dir='ltr'><strong>contingant.</strong></span> <span class='ocrx_word' id='word_1_537' title='bbox 3299 3794 3621 3849; x_wconf 89' lang='lat' dir='ltr'><strong>Discutiatur</strong></span> 
     </span>
    </p>
   </div>
   <div class='ocr_carea' id='block_1_82' title="bbox 2050 3887 3620 3964">
    <p class='ocr_par' dir='ltr' id='par_1_82' title="bbox 2050 3887 3620 3964">
     <span class='ocr_line' id='line_1_83' title="bbox 2050 3887 3620 3964; baseline -0.008 -11"><span class='ocrx_word' id='word_1_538' title='bbox 2050 3913 2228 3954; x_wconf 84' lang='lat' dir='ltr'><strong>autem</strong></span> <span class='ocrx_word' id='word_1_539' title='bbox 2275 3906 2331 3951; x_wconf 89' lang='lat' dir='ltr'><strong>et</strong></span> <span class='ocrx_word' id='word_1_540' title='bbox 2371 3897 2476 3950; x_wconf 86' lang='lat' dir='ltr'><strong>vita</strong></span> <span class='ocrx_word' id='word_1_541' title='bbox 2507 3910 2718 3959; x_wconf 81' lang='lat' dir='ltr'><strong>eorum,</strong></span> <span class='ocrx_word' id='word_1_542' title='bbox 2764 3893 2937 3964; x_wconf 86' lang='lat' dir='ltr'><strong>qualis</strong></span> <span class='ocrx_word' id='word_1_543' title='bbox 2984 3901 3224 3960; x_wconf 85' lang='lat' dir='ltr'><strong>tempore</strong></span> <span class='ocrx_word' id='word_1_544' title='bbox 3277 3887 3620 3958; x_wconf 64' lang='lat' dir='ltr'><strong>paenitudinis</strong></span> 
     </span>
    </p>
   </div>
   <div class='ocr_carea' id='block_1_83' title="bbox 2048 3974 3621 4053">
    <p class='ocr_par' dir='ltr' id='par_1_83' title="bbox 2048 3974 3621 4053">
     <span class='ocr_line' id='line_1_84' title="bbox 2048 3974 3621 4053; baseline -0.011 -8"><span class='ocrx_word' id='word_1_545' title='bbox 2048 3988 2331 4053; x_wconf 79' lang='lat' dir='ltr'><strong>exstiterit,</strong></span> <span class='ocrx_word' id='word_1_546' title='bbox 2362 3995 2417 4040; x_wconf 85' lang='lat' dir='ltr'><strong>et</strong></span> <span class='ocrx_word' id='word_1_547' title='bbox 2443 3987 2513 4038; x_wconf 89' lang='lat' dir='ltr'><strong>ita</strong></span> <span class='ocrx_word' id='word_1_548' title='bbox 2561 3983 2976 4038; x_wconf 85' lang='lat' dir='ltr'><strong>misericordiam</strong></span> <span class='ocrx_word' id='word_1_549' title='bbox 3019 3987 3435 4047; x_wconf 88' lang='lat' dir='ltr'><strong>consequantur.</strong></span> <span class='ocrx_word' id='word_1_550' title='bbox 3467 3974 3621 4041; x_wconf 86' lang='lat' dir='ltr'><strong>Quod</strong></span> 
     </span>
    </p>
   </div>
   <div class='ocr_carea' id='block_1_84' title="bbox 2049 4067 3619 4149">
    <p class='ocr_par' dir='ltr' id='par_1_84' title="bbox 2049 4067 3619 4149">
     <span class='ocr_line' id='line_1_85' title="bbox 2049 4067 3619 4149; baseline -0.01 -14"><span class='ocrx_word' id='word_1_551' title='bbox 2049 4085 2092 4136; x_wconf 89' lang='lat' dir='ltr'><strong>si</strong></span> <span class='ocrx_word' id='word_1_552' title='bbox 2128 4079 2521 4149; x_wconf 82' lang='lat' dir='ltr'><strong>inexplebiliter</strong></span> <span class='ocrx_word' id='word_1_553' title='bbox 2549 4077 2629 4129; x_wconf 91' lang='lat' dir='ltr'><strong>his</strong></span> <span class='ocrx_word' id='word_1_554' title='bbox 2657 4076 2861 4128; x_wconf 63' lang='lat' dir='ltr'><strong>haesere</strong></span> <span class='ocrx_word' id='word_1_555' title='bbox 2903 4073 3234 4133; x_wconf 85' lang='lat' dir='ltr'><strong>criminibus,</strong></span> <span class='ocrx_word' id='word_1_556' title='bbox 3264 4070 3328 4122; x_wconf 90' lang='lat' dir='ltr'><strong>ad</strong></span> <span class='ocrx_word' id='word_1_557' title='bbox 3359 4067 3619 4134; x_wconf 83' lang='lat' dir='ltr'><strong>agendam</strong></span> 
     </span>
    </p>
   </div>
   <div class='ocr_carea' id='block_1_85' title="bbox 2051 4158 3624 4242">
    <p class='ocr_par' dir='ltr' id='par_1_85' title="bbox 2051 4158 3624 4242">
     <span class='ocr_line' id='line_1_86' title="bbox 2051 4158 3624 4242; baseline -0.01 -16"><span class='ocrx_word' id='word_1_558' title='bbox 2051 4170 2414 4242; x_wconf 76' lang='lat' dir='ltr'><strong>pcnnitentiam</strong></span> <span class='ocrx_word' id='word_1_559' title='bbox 2458 4165 2718 4236; x_wconf 81' lang='lat' dir='ltr'><strong>prolixius</strong></span> <span class='ocrx_word' id='word_1_560' title='bbox 2767 4172 2973 4231; x_wconf 88' lang='lat' dir='ltr'><strong>tempus</strong></span> <span class='ocrx_word' id='word_1_561' title='bbox 3022 4163 3308 4213; x_wconf 81' lang='lat' dir='ltr'><strong>insumunt.</strong></span> <span class='ocrx_word' id='word_1_562' title='bbox 3349 4158 3624 4224; x_wconf 79' lang='lat' dir='ltr'><strong>Quotquot</strong></span> 
     </span>
    </p>
   </div>
   <div class='ocr_carea' id='block_1_86' title="bbox 2051 4245 3620 4328">
    <p class='ocr_par' dir='ltr' id='par_1_86' title="bbox 2051 4245 3620 4328">
     <span class='ocr_line' id='line_1_87' title="bbox 2051 4245 3620 4328; baseline -0.013 -13"><span class='ocrx_word' id='word_1_563' title='bbox 2051 4272 2229 4314; x_wconf 88' lang='lat' dir='ltr'><strong>autem</strong></span> <span class='ocrx_word' id='word_1_564' title='bbox 2251 4267 2464 4328; x_wconf 86' lang='lat' dir='ltr'><strong>peracta</strong></span> <span class='ocrx_word' id='word_1_565' title='bbox 2487 4270 2556 4308; x_wconf 85' lang='lat' dir='ltr'><strong>xx</strong></span> <span class='ocrx_word' id='word_1_566' title='bbox 2579 4267 2838 4306; x_wconf 88' lang='lat' dir='ltr'><strong>annorum</strong></span> <span class='ocrx_word' id='word_1_567' title='bbox 2858 4257 3034 4309; x_wconf 64' lang='lat' dir='ltr'><strong>actate,</strong></span> <span class='ocrx_word' id='word_1_568' title='bbox 3059 4256 3112 4300; x_wconf 88' lang='lat' dir='ltr'><strong>et</strong></span> <span class='ocrx_word' id='word_1_569' title='bbox 3133 4260 3326 4299; x_wconf 89' lang='lat' dir='ltr'><strong>uxores</strong></span> <span class='ocrx_word' id='word_1_570' title='bbox 3343 4245 3620 4307; x_wconf 86' lang='lat' dir='ltr'><strong>habentes,</strong></span> 
     </span>
    </p>
   </div>
   <div class='ocr_carea' id='block_1_87' title="bbox 2052 4333 3622 4421">
    <p class='ocr_par' dir='ltr' id='par_1_87' title="bbox 2052 4333 3622 4421">
     <span class='ocr_line' id='line_1_88' title="bbox 2052 4333 3622 4421; baseline -0.014 -13"><span class='ocrx_word' id='word_1_571' title='bbox 2052 4355 2155 4408; x_wconf 88' lang='lat' dir='ltr'><strong>hoc</strong></span> <span class='ocrx_word' id='word_1_572' title='bbox 2184 4359 2405 4421; x_wconf 57' lang='lat' dir='ltr'><strong>pecoato</strong></span> <span class='ocrx_word' id='word_1_573' title='bbox 2435 4345 2667 4418; x_wconf 88' lang='lat' dir='ltr'><strong>prolapsi</strong></span> <span class='ocrx_word' id='word_1_574' title='bbox 2708 4353 2850 4403; x_wconf 87' lang='lat' dir='ltr'><strong>sunt.</strong></span> <span class='ocrx_word' id='word_1_575' title='bbox 2894 4355 3000 4394; x_wconf 83' lang='lat' dir='ltr'><strong>xxv</strong></span> <span class='ocrx_word' id='word_1_576' title='bbox 3039 4338 3191 4392; x_wconf 88' lang='lat' dir='ltr'><strong>annis</strong></span> <span class='ocrx_word' id='word_1_577' title='bbox 3239 4333 3622 4405; x_wconf 80' lang='lat' dir='ltr'><strong>pamitudinem</strong></span> 
     </span>
    </p>
   </div>
   <div class='ocr_carea' id='block_1_88' title="bbox 2052 4424 3620 4511">
    <p class='ocr_par' dir='ltr' id='par_1_88' title="bbox 2052 4424 3620 4511">
     <span class='ocr_line' id='line_1_89' title="bbox 2052 4424 3620 4511; baseline -0.015 -13"><span class='ocrx_word' id='word_1_578' title='bbox 2052 4452 2299 4511; x_wconf 83' lang='lat' dir='ltr'><strong>gerentes</strong></span> <span class='ocrx_word' id='word_1_579' title='bbox 2325 4441 2377 4494; x_wconf 91' lang='lat' dir='ltr'><strong>in</strong></span> <span class='ocrx_word' id='word_1_580' title='bbox 2407 4434 2835 4494; x_wconf 89' lang='lat' dir='ltr'><strong>communionem</strong></span> <span class='ocrx_word' id='word_1_581' title='bbox 2880 4429 3233 4498; x_wconf 87' lang='lat' dir='ltr'><strong>suscipiantur</strong></span> <span class='ocrx_word' id='word_1_582' title='bbox 3277 4424 3620 4479; x_wconf 88' lang='lat' dir='ltr'><strong>orationum:</strong></span> 
     </span>
    </p>
   </div>
   <div class='ocr_carea' id='block_1_89' title="bbox 374 4513 1945 4604">
    <p class='ocr_par' dir='ltr' id='par_1_89' title="bbox 374 4517 1945 4587">
     <span class='ocr_line' id='line_1_90' title="bbox 374 4517 1945 4587; baseline 0.001 -17"><span class='ocrx_word' id='word_1_583' title='bbox 374 4526 685 4585; x_wconf 86' lang='lat' dir='ltr'><strong>sequantur.</strong></span> <span class='ocrx_word' id='word_1_584' title='bbox 739 4517 882 4573; x_wconf 90' lang='lat' dir='ltr'><strong>Inter</strong></span> <span class='ocrx_word' id='word_1_585' title='bbox 925 4519 1037 4573; x_wconf 76' lang='lat' dir='ltr'><strong>lucc</strong></span> <span class='ocrx_word' id='word_1_586' title='bbox 1087 4527 1265 4572; x_wconf 89' lang='lat' dir='ltr'><strong>autem</strong></span> <span class='ocrx_word' id='word_1_587' title='bbox 1304 4526 1360 4572; x_wconf 91' lang='lat' dir='ltr'><strong>et</strong></span> <span class='ocrx_word' id='word_1_588' title='bbox 1406 4533 1592 4573; x_wconf 90' lang='lat' dir='ltr'><strong>eorum</strong></span> <span class='ocrx_word' id='word_1_589' title='bbox 1645 4517 1756 4572; x_wconf 90' lang='lat' dir='ltr'><strong>vita</strong></span> <span class='ocrx_word' id='word_1_590' title='bbox 1817 4532 1945 4587; x_wconf 90' lang='lat' dir='ltr'><strong>pen-</strong></span> 
     </span>
    </p>
   </div>
   <div class='ocr_carea' id='block_1_90' title="bbox 2047 4513 3625 4604">
    <p class='ocr_par' dir='ltr' id='par_1_90' title="bbox 2054 4513 3625 4604">
     <span class='ocr_line' id='line_1_91' title="bbox 2054 4513 3625 4604; baseline -0.015 -15"><span class='ocrx_word' id='word_1_591' title='bbox 2054 4538 2106 4590; x_wconf 88' lang='lat' dir='ltr'><strong>in</strong></span> <span class='ocrx_word' id='word_1_592' title='bbox 2134 4548 2237 4604; x_wconf 90' lang='lat' dir='ltr'><strong>qua</strong></span> <span class='ocrx_word' id='word_1_593' title='bbox 2267 4528 2631 4600; x_wconf 90' lang='lat' dir='ltr'><strong>quinquennio</strong></span> <span class='ocrx_word' id='word_1_594' title='bbox 2657 4525 3029 4595; x_wconf 84' lang='lat' dir='ltr'><strong>perdurantes,</strong></span> <span class='ocrx_word' id='word_1_595' title='bbox 3057 4527 3184 4572; x_wconf 90' lang='lat' dir='ltr'><strong>tunc</strong></span> <span class='ocrx_word' id='word_1_596' title='bbox 3215 4517 3429 4570; x_wconf 90' lang='lat' dir='ltr'><strong>demum</strong></span> <span class='ocrx_word' id='word_1_597' title='bbox 3471 4513 3625 4567; x_wconf 89' lang='lat' dir='ltr'><strong>obla-</strong></span> 
     </span>
    </p>
   </div>
   <div class='ocr_carea' id='block_1_91' title="bbox 375 4606 676 4662">
    <p class='ocr_par' dir='ltr' id='par_1_91' title="bbox 375 4606 676 4662">
     <span class='ocr_line' id='line_1_92' title="bbox 375 4606 676 4662; baseline 0.017 -5"><span class='ocrx_word' id='word_1_598' title='bbox 375 4606 542 4660; x_wconf 77' lang='lat' dir='ltr'><strong>sanda</strong></span> <span class='ocrx_word' id='word_1_599' title='bbox 571 4616 676 4662; x_wconf 89' lang='lat' dir='ltr'><strong>est.</strong></span> 
     </span>
    </p>
   </div>
   <div class='ocr_carea' id='block_1_92' title="bbox 377 4719 1953 4804">
    <p class='ocr_par' dir='ltr' id='par_1_92' title="bbox 377 4719 1953 4804">
     <span class='ocr_line' id='line_1_93' title="bbox 377 4719 1953 4804; baseline -0.001 -31"><span class='ocrx_word' id='word_1_600' title='bbox 377 4719 455 4774; x_wconf 85' lang='lat' dir='ltr'><strong>De</strong></span> <span class='ocrx_word' id='word_1_601' title='bbox 482 4720 713 4775; x_wconf 85' lang='lat' dir='ltr'><strong>diaconis</strong></span> <span class='ocrx_word' id='word_1_602' title='bbox 760 4723 845 4793; x_wconf 78' lang='lat' dir='ltr'><strong>qui</strong></span> <span class='ocrx_word' id='word_1_603' title='bbox 875 4731 1099 4792; x_wconf 86' lang='lat' dir='ltr'><strong>tempore</strong></span> <span class='ocrx_word' id='word_1_604' title='bbox 1126 4721 1478 4804; x_wconf 69' lang='lat' dir='ltr'><strong>ordinationis</strong></span> <span class='ocrx_word' id='word_1_605' title='bbox 1503 4721 1567 4775; x_wconf 87' lang='lat' dir='ltr'><strong>de</strong></span> <span class='ocrx_word' id='word_1_606' title='bbox 1594 4721 1782 4790; x_wconf 87' lang='lat' dir='ltr'><strong>nuptiis</strong></span> <span class='ocrx_word' id='word_1_607' title='bbox 1820 4729 1953 4774; x_wconf 88' lang='lat' dir='ltr'><strong>atte-</strong></span> 
     </span>
    </p>
   </div>
   <div class='ocr_carea' id='block_1_93' title="bbox 1014 4800 1301 4845">
    <p class='ocr_par' dir='ltr' id='par_1_93' title="bbox 1014 4800 1301 4845">
     <span class='ocr_line' id='line_1_94' title="bbox 1014 4800 1301 4845; baseline 0 -1"><span class='ocrx_word' id='word_1_608' title='bbox 1014 4800 1136 4845; x_wconf 83' lang='lat' dir='ltr'><strong>stati</strong></span> <span class='ocrx_word' id='word_1_609' title='bbox 1162 4800 1301 4845; x_wconf 86' lang='lat' dir='ltr'><strong>sunt.</strong></span> 
     </span>
    </p>
   </div>
   <div class='ocr_carea' id='block_1_94' title="bbox 447 4901 1949 4973">
    <p class='ocr_par' dir='ltr' id='par_1_94' title="bbox 447 4901 1949 4973">
     <span class='ocr_line' id='line_1_95' title="bbox 447 4901 1949 4973; baseline 0.001 -16"><span class='ocrx_word' id='word_1_610' title='bbox 447 4901 637 4958; x_wconf 87' lang='lat' dir='ltr'><strong>XXIX.</strong></span> <span class='ocrx_word' id='word_1_611' title='bbox 677 4905 920 4972; x_wconf 88' lang='lat' dir='ltr'><strong>Diaconi,</strong></span> <span class='ocrx_word' id='word_1_612' title='bbox 960 4905 1266 4973; x_wconf 88' lang='lat' dir='ltr'><strong>quicunque</strong></span> <span class='ocrx_word' id='word_1_613' title='bbox 1311 4903 1643 4969; x_wconf 90' lang='lat' dir='ltr'><strong>ordinantur,</strong></span> <span class='ocrx_word' id='word_1_614' title='bbox 1673 4903 1716 4957; x_wconf 90' lang='lat' dir='ltr'><strong>si</strong></span> <span class='ocrx_word' id='word_1_615' title='bbox 1757 4903 1808 4956; x_wconf 94' lang='lat' dir='ltr'><strong>in</strong></span> <span class='ocrx_word' id='word_1_616' title='bbox 1839 4903 1949 4972; x_wconf 89' lang='lat' dir='ltr'><strong>ipsa</strong></span> 
     </span>
    </p>
   </div>
   <div class='ocr_carea' id='block_1_95' title="bbox 379 4994 1950 5066">
    <p class='ocr_par' dir='ltr' id='par_1_95' title="bbox 379 4994 1950 5066">
     <span class='ocr_line' id='line_1_96' title="bbox 379 4994 1950 5066; baseline -0.001 -17"><span class='ocrx_word' id='word_1_617' title='bbox 379 4995 715 5051; x_wconf 88' lang='lat' dir='ltr'><strong>ordinatione</strong></span> <span class='ocrx_word' id='word_1_618' title='bbox 735 4997 1014 5066; x_wconf 90' lang='lat' dir='ltr'><strong>protestati</strong></span> <span class='ocrx_word' id='word_1_619' title='bbox 1042 5003 1186 5062; x_wconf 87' lang='lat' dir='ltr'><strong>sunt,</strong></span> <span class='ocrx_word' id='word_1_620' title='bbox 1215 5004 1268 5050; x_wconf 92' lang='lat' dir='ltr'><strong>et</strong></span> <span class='ocrx_word' id='word_1_621' title='bbox 1297 4995 1548 5049; x_wconf 89' lang='lat' dir='ltr'><strong>dixerunt</strong></span> <span class='ocrx_word' id='word_1_622' title='bbox 1573 4994 1710 5047; x_wconf 87' lang='lat' dir='ltr'><strong>velle</strong></span> <span class='ocrx_word' id='word_1_623' title='bbox 1738 5009 1795 5048; x_wconf 90' lang='lat' dir='ltr'><strong>se</strong></span> <span class='ocrx_word' id='word_1_624' title='bbox 1821 5009 1950 5048; x_wconf 89' lang='lat' dir='ltr'><strong>con-</strong></span> 
     </span>
    </p>
   </div>
   <div class='ocr_carea' id='block_1_96' title="bbox 375 5085 1948 5156">
    <p class='ocr_par' dir='ltr' id='par_1_96' title="bbox 375 5085 1948 5156">
     <span class='ocr_line' id='line_1_97' title="bbox 375 5085 1948 5156; baseline 0.001 -17"><span class='ocrx_word' id='word_1_625' title='bbox 375 5087 526 5155; x_wconf 79' lang='lat' dir='ltr'><strong>jugio</strong></span> <span class='ocrx_word' id='word_1_626' title='bbox 550 5087 806 5156; x_wconf 86' lang='lat' dir='ltr'><strong>copulari,</strong></span> <span class='ocrx_word' id='word_1_627' title='bbox 839 5089 964 5156; x_wconf 87' lang='lat' dir='ltr'><strong>quia</strong></span> <span class='ocrx_word' id='word_1_628' title='bbox 1002 5088 1081 5142; x_wconf 91' lang='lat' dir='ltr'><strong>sic</strong></span> <span class='ocrx_word' id='word_1_629' title='bbox 1124 5101 1342 5141; x_wconf 86' lang='lat' dir='ltr'><strong>manere</strong></span> <span class='ocrx_word' id='word_1_630' title='bbox 1391 5102 1498 5140; x_wconf 91' lang='lat' dir='ltr'><strong>non</strong></span> <span class='ocrx_word' id='word_1_631' title='bbox 1549 5093 1790 5156; x_wconf 89' lang='lat' dir='ltr'><strong>possunt,</strong></span> <span class='ocrx_word' id='word_1_632' title='bbox 1816 5085 1869 5139; x_wconf 92' lang='lat' dir='ltr'><strong>hi</strong></span> <span class='ocrx_word' id='word_1_633' title='bbox 1905 5085 1948 5140; x_wconf 90' lang='lat' dir='ltr'><strong>si</strong></span> 
     </span>
    </p>
   </div>
   <div class='ocr_carea' id='block_1_97' title="bbox 377 5177 1946 5249">
    <p class='ocr_par' dir='ltr' id='par_1_97' title="bbox 377 5177 1946 5249">
     <span class='ocr_line' id='line_1_98' title="bbox 377 5177 1946 5249; baseline -0.001 -19"><span class='ocrx_word' id='word_1_634' title='bbox 377 5179 720 5249; x_wconf 83' lang='lat' dir='ltr'><strong>postmodum</strong></span> <span class='ocrx_word' id='word_1_635' title='bbox 751 5193 948 5232; x_wconf 82' lang='lat' dir='ltr'><strong>uxores</strong></span> <span class='ocrx_word' id='word_1_636' title='bbox 969 5177 1237 5239; x_wconf 83' lang='lat' dir='ltr'><strong>duxerint,</strong></span> <span class='ocrx_word' id='word_1_637' title='bbox 1267 5178 1319 5231; x_wconf 90' lang='lat' dir='ltr'><strong>in</strong></span> <span class='ocrx_word' id='word_1_638' title='bbox 1347 5177 1640 5231; x_wconf 89' lang='lat' dir='ltr'><strong>ministerio</strong></span> <span class='ocrx_word' id='word_1_639' title='bbox 1670 5185 1946 5240; x_wconf 89' lang='lat' dir='ltr'><strong>maneant,</strong></span> 
     </span>
    </p>
   </div>
   <div class='ocr_carea' id='block_1_98' title="bbox 376 5267 1950 5341">
    <p class='ocr_par' dir='ltr' id='par_1_98' title="bbox 376 5267 1950 5341">
     <span class='ocr_line' id='line_1_99' title="bbox 376 5267 1950 5341; baseline -0.002 -18"><span class='ocrx_word' id='word_1_640' title='bbox 376 5279 661 5341; x_wconf 84' lang='lat' dir='ltr'><strong>propterea</strong></span> <span class='ocrx_word' id='word_1_641' title='bbox 683 5271 830 5340; x_wconf 92' lang='lat' dir='ltr'><strong>quod</strong></span> <span class='ocrx_word' id='word_1_642' title='bbox 860 5271 936 5324; x_wconf 91' lang='lat' dir='ltr'><strong>eis</strong></span> <span class='ocrx_word' id='word_1_643' title='bbox 957 5271 1243 5340; x_wconf 87' lang='lat' dir='ltr'><strong>episcopus</strong></span> <span class='ocrx_word' id='word_1_644' title='bbox 1272 5269 1537 5323; x_wconf 89' lang='lat' dir='ltr'><strong>licentiam</strong></span> <span class='ocrx_word' id='word_1_645' title='bbox 1568 5267 1794 5322; x_wconf 89' lang='lat' dir='ltr'><strong>dederit.</strong></span> <span class='ocrx_word' id='word_1_646' title='bbox 1819 5267 1950 5333; x_wconf 86' lang='lat' dir='ltr'><strong>Qui-</strong></span> 
     </span>
    </p>
   </div>
   <div class='ocr_carea' id='block_1_99' title="bbox 376 5359 1954 5433">
    <p class='ocr_par' dir='ltr' id='par_1_99' title="bbox 376 5359 1954 5433">
     <span class='ocr_line' id='line_1_100' title="bbox 376 5359 1954 5433; baseline -0.003 -15"><span class='ocrx_word' id='word_1_647' title='bbox 376 5379 588 5433; x_wconf 88' lang='lat' dir='ltr'><strong>cunque</strong></span> <span class='ocrx_word' id='word_1_648' title='bbox 615 5379 746 5419; x_wconf 90' lang='lat' dir='ltr'><strong>sane</strong></span> <span class='ocrx_word' id='word_1_649' title='bbox 771 5371 1074 5425; x_wconf 88' lang='lat' dir='ltr'><strong>tacuerunt,</strong></span> <span class='ocrx_word' id='word_1_650' title='bbox 1107 5373 1160 5416; x_wconf 90' lang='lat' dir='ltr'><strong>et</strong></span> <span class='ocrx_word' id='word_1_651' title='bbox 1185 5370 1537 5430; x_wconf 81' lang='lat' dir='ltr'><strong>susceperunt</strong></span> <span class='ocrx_word' id='word_1_652' title='bbox 1563 5375 1751 5414; x_wconf 86' lang='lat' dir='ltr'><strong>manus</strong></span> <span class='ocrx_word' id='word_1_653' title='bbox 1779 5359 1954 5427; x_wconf 85' lang='lat' dir='ltr'><strong>impo-</strong></span> 
     </span>
    </p>
   </div>
   <div class='ocr_carea' id='block_1_100' title="bbox 374 5449 1954 5524">
    <p class='ocr_par' dir='ltr' id='par_1_100' title="bbox 374 5449 1954 5524">
     <span class='ocr_line' id='line_1_101' title="bbox 374 5449 1954 5524; baseline -0.003 -17"><span class='ocrx_word' id='word_1_654' title='bbox 374 5456 644 5518; x_wconf 87' lang='lat' dir='ltr'><strong>sitionem,</strong></span> <span class='ocrx_word' id='word_1_655' title='bbox 689 5453 915 5524; x_wconf 89' lang='lat' dir='ltr'><strong>professi</strong></span> <span class='ocrx_word' id='word_1_656' title='bbox 956 5453 1365 5513; x_wconf 86' lang='lat' dir='ltr'><strong>continentiam,</strong></span> <span class='ocrx_word' id='word_1_657' title='bbox 1416 5458 1470 5504; x_wconf 90' lang='lat' dir='ltr'><strong>et</strong></span> <span class='ocrx_word' id='word_1_658' title='bbox 1519 5459 1706 5520; x_wconf 89' lang='lat' dir='ltr'><strong>postea</strong></span> <span class='ocrx_word' id='word_1_659' title='bbox 1753 5449 1954 5520; x_wconf 86' lang='lat' dir='ltr'><strong>nuptiis</strong></span> 
     </span>
    </p>
   </div>
   <div class='ocr_carea' id='block_1_101' title="bbox 375 5539 1690 5614">
    <p class='ocr_par' dir='ltr' id='par_1_101' title="bbox 375 5539 1690 5614">
     <span class='ocr_line' id='line_1_102' title="bbox 375 5539 1690 5614; baseline -0.005 -17"><span class='ocrx_word' id='word_1_660' title='bbox 375 5545 595 5614; x_wconf 77' lang='lat' dir='ltr'><strong>obligati</strong></span> <span class='ocrx_word' id='word_1_661' title='bbox 621 5555 764 5610; x_wconf 88' lang='lat' dir='ltr'><strong>sunt,</strong></span> <span class='ocrx_word' id='word_1_662' title='bbox 788 5559 819 5598; x_wconf 90' lang='lat' dir='ltr'><strong>a</strong></span> <span class='ocrx_word' id='word_1_663' title='bbox 847 5544 1140 5598; x_wconf 90' lang='lat' dir='ltr'><strong>ministerio</strong></span> <span class='ocrx_word' id='word_1_664' title='bbox 1164 5555 1376 5595; x_wconf 86' lang='lat' dir='ltr'><strong>cessare</strong></span> <span class='ocrx_word' id='word_1_665' title='bbox 1403 5539 1690 5593; x_wconf 85' lang='lat' dir='ltr'><strong>debebunt.</strong></span> 
     </span>
    </p>
   </div>
   <div class='ocr_carea' id='block_1_102' title="bbox 542 5650 1785 5726">
    <p class='ocr_par' dir='ltr' id='par_1_102' title="bbox 542 5650 1785 5726">
     <span class='ocr_line' id='line_1_103' title="bbox 542 5650 1785 5726; baseline -0.008 -15"><span class='ocrx_word' id='word_1_666' title='bbox 542 5656 618 5710; x_wconf 85' lang='lat' dir='ltr'><strong>De</strong></span> <span class='ocrx_word' id='word_1_667' title='bbox 636 5657 959 5726; x_wconf 86' lang='lat' dir='ltr'><strong>desponsutis</strong></span> <span class='ocrx_word' id='word_1_668' title='bbox 985 5655 1186 5726; x_wconf 85' lang='lat' dir='ltr'><strong>puellis,</strong></span> <span class='ocrx_word' id='word_1_669' title='bbox 1211 5661 1258 5706; x_wconf 90' lang='lat' dir='ltr'><strong>et</strong></span> <span class='ocrx_word' id='word_1_670' title='bbox 1281 5652 1343 5704; x_wconf 84' lang='lat' dir='ltr'><strong>ab</strong></span> <span class='ocrx_word' id='word_1_671' title='bbox 1372 5651 1488 5705; x_wconf 88' lang='lat' dir='ltr'><strong>aliis</strong></span> <span class='ocrx_word' id='word_1_672' title='bbox 1517 5650 1785 5720; x_wconf 87' lang='lat' dir='ltr'><strong>corruptis.</strong></span> 
     </span>
    </p>
   </div>
   <div class='ocr_carea' id='block_1_103' title="bbox 449 5761 1948 5838">
    <p class='ocr_par' dir='ltr' id='par_1_103' title="bbox 449 5761 1948 5838">
     <span class='ocr_line' id='line_1_104' title="bbox 449 5761 1948 5838; baseline -0.001 -20"><span class='ocrx_word' id='word_1_673' title='bbox 449 5765 616 5821; x_wconf 77' lang='lat' dir='ltr'><strong>XXX.</strong></span> <span class='ocrx_word' id='word_1_674' title='bbox 660 5767 1017 5838; x_wconf 80' lang='lat' dir='ltr'><strong>Desponsatas</strong></span> <span class='ocrx_word' id='word_1_675' title='bbox 1043 5765 1264 5836; x_wconf 79' lang='lat' dir='ltr'><strong>puellas,</strong></span> <span class='ocrx_word' id='word_1_676' title='bbox 1295 5772 1346 5818; x_wconf 88' lang='lat' dir='ltr'><strong>et</strong></span> <span class='ocrx_word' id='word_1_677' title='bbox 1372 5770 1493 5833; x_wconf 87' lang='lat' dir='ltr'><strong>post</strong></span> <span class='ocrx_word' id='word_1_678' title='bbox 1513 5762 1580 5816; x_wconf 82' lang='lat' dir='ltr'><strong>ab</strong></span> <span class='ocrx_word' id='word_1_679' title='bbox 1608 5761 1724 5816; x_wconf 86' lang='lat' dir='ltr'><strong>aliis</strong></span> <span class='ocrx_word' id='word_1_680' title='bbox 1750 5768 1948 5833; x_wconf 80' lang='lat' dir='ltr'><strong>raptas,</strong></span> 
     </span>
    </p>
   </div>
   <div class='ocr_carea' id='block_1_104' title="bbox 2057 4605 3628 4685">
    <p class='ocr_par' dir='ltr' id='par_1_104' title="bbox 2057 4605 3628 4685">
     <span class='ocr_line' id='line_1_105' title="bbox 2057 4605 3628 4685; baseline -0.015 -7"><span class='ocrx_word' id='word_1_681' title='bbox 2057 4625 2215 4678; x_wconf 89' lang='lat' dir='ltr'><strong>tionis</strong></span> <span class='ocrx_word' id='word_1_682' title='bbox 2241 4627 2575 4676; x_wconf 84' lang='lat' dir='ltr'><strong>sacramenta</strong></span> <span class='ocrx_word' id='word_1_683' title='bbox 2607 4613 2923 4685; x_wconf 82' lang='lat' dir='ltr'><strong>percipiant.</strong></span> <span class='ocrx_word' id='word_1_684' title='bbox 2956 4608 3108 4675; x_wconf 86' lang='lat' dir='ltr'><strong>Quod</strong></span> <span class='ocrx_word' id='word_1_685' title='bbox 3133 4606 3176 4659; x_wconf 88' lang='lat' dir='ltr'><strong>si</strong></span> <span class='ocrx_word' id='word_1_686' title='bbox 3205 4605 3296 4674; x_wconf 92' lang='lat' dir='ltr'><strong>qui</strong></span> <span class='ocrx_word' id='word_1_687' title='bbox 3339 4611 3393 4658; x_wconf 89' lang='lat' dir='ltr'><strong>et</strong></span> <span class='ocrx_word' id='word_1_688' title='bbox 3431 4615 3628 4657; x_wconf 83' lang='lat' dir='ltr'><strong>uxores</strong></span> 
     </span>
    </p>
   </div>
   <div class='ocr_carea' id='block_1_105' title="bbox 2053 4696 3626 4773">
    <p class='ocr_par' dir='ltr' id='par_1_105' title="bbox 2053 4696 3626 4773">
     <span class='ocr_line' id='line_1_106' title="bbox 2053 4696 3626 4773; baseline -0.013 -6"><span class='ocrx_word' id='word_1_689' title='bbox 2053 4713 2334 4773; x_wconf 89' lang='lat' dir='ltr'><strong>habentes,</strong></span> <span class='ocrx_word' id='word_1_690' title='bbox 2364 4715 2420 4761; x_wconf 90' lang='lat' dir='ltr'><strong>et</strong></span> <span class='ocrx_word' id='word_1_691' title='bbox 2443 4702 2883 4759; x_wconf 86' lang='lat' dir='ltr'><strong>transcendentes</strong></span> <span class='ocrx_word' id='word_1_692' title='bbox 2911 4696 3404 4768; x_wconf 80' lang='lat' dir='ltr'><strong>quinquagesimum</strong></span> <span class='ocrx_word' id='word_1_693' title='bbox 3430 4708 3626 4746; x_wconf 88' lang='lat' dir='ltr'><strong>annum</strong></span> 
     </span>
    </p>
   </div>
   <div class='ocr_carea' id='block_1_106' title="bbox 2053 4781 3630 4863">
    <p class='ocr_par' dir='ltr' id='par_1_106' title="bbox 2053 4781 3630 4863">
     <span class='ocr_line' id='line_1_107' title="bbox 2053 4781 3630 4863; baseline -0.014 -7"><span class='ocrx_word' id='word_1_694' title='bbox 2053 4812 2240 4863; x_wconf 73' lang='lat' dir='ltr'><strong>anatis,</strong></span> <span class='ocrx_word' id='word_1_695' title='bbox 2274 4801 2345 4852; x_wconf 90' lang='lat' dir='ltr'><strong>ita</strong></span> <span class='ocrx_word' id='word_1_696' title='bbox 2369 4795 2732 4863; x_wconf 82' lang='lat' dir='ltr'><strong>deliquerint,</strong></span> <span class='ocrx_word' id='word_1_697' title='bbox 2766 4792 2832 4845; x_wconf 86' lang='lat' dir='ltr'><strong>ad</strong></span> <span class='ocrx_word' id='word_1_698' title='bbox 2863 4791 3064 4844; x_wconf 81' lang='lat' dir='ltr'><strong>exitum</strong></span> <span class='ocrx_word' id='word_1_699' title='bbox 3089 4788 3208 4841; x_wconf 75' lang='lat' dir='ltr'><strong>vita:</strong></span> <span class='ocrx_word' id='word_1_700' title='bbox 3239 4781 3630 4840; x_wconf 89' lang='lat' dir='ltr'><strong>communionis</strong></span> 
     </span>
    </p>
   </div>
   <div class='ocr_carea' id='block_1_107' title="bbox 2055 4893 2722 4962">
    <p class='ocr_par' dir='ltr' id='par_1_107' title="bbox 2055 4893 2722 4962">
     <span class='ocr_line' id='line_1_108' title="bbox 2055 4893 2722 4962; baseline -0.019 -15"><span class='ocrx_word' id='word_1_701' title='bbox 2055 4893 2278 4962; x_wconf 87' lang='lat' dir='ltr'><strong>gratiam</strong></span> <span class='ocrx_word' id='word_1_702' title='bbox 2309 4893 2722 4954; x_wconf 85' lang='lat' dir='ltr'><strong>consequantur.</strong></span> 
     </span>
    </p>
   </div>
   <div class='ocr_carea' id='block_1_108' title="bbox 2056 4982 3630 5075">
    <p class='ocr_par' dir='ltr' id='par_1_108' title="bbox 2056 4982 3630 5075">
     <span class='ocr_line' id='line_1_109' title="bbox 2056 4982 3630 5075; baseline -0.018 -14"><span class='ocrx_word' id='word_1_703' title='bbox 2056 5007 2136 5062; x_wconf 81' lang='lat' dir='ltr'><strong>De</strong></span> <span class='ocrx_word' id='word_1_704' title='bbox 2161 5007 2241 5058; x_wconf 81' lang='lat' dir='ltr'><strong>liis</strong></span> <span class='ocrx_word' id='word_1_705' title='bbox 2269 5005 2353 5075; x_wconf 85' lang='lat' dir='ltr'><strong>qui</strong></span> <span class='ocrx_word' id='word_1_706' title='bbox 2375 5004 2428 5056; x_wconf 88' lang='lat' dir='ltr'><strong>in</strong></span> <span class='ocrx_word' id='word_1_707' title='bbox 2455 4999 2690 5075; x_wconf 79' lang='lat' dir='ltr'><strong>pecudes,</strong></span> <span class='ocrx_word' id='word_1_708' title='bbox 2718 4998 2794 5050; x_wconf 83' lang='lat' dir='ltr'><strong>rel</strong></span> <span class='ocrx_word' id='word_1_709' title='bbox 2822 5001 2876 5075; x_wconf 78' lang='lat' dir='ltr'><strong>in</strong></span> <span class='ocrx_word' id='word_1_710' title='bbox 2897 4996 3177 5075; x_wconf 51' lang='lat' dir='ltr'><strong>masculos...</strong></span> <span class='ocrx_word' id='word_1_711' title='bbox 3200 5001 3290 5042; x_wconf 88' lang='lat' dir='ltr'><strong>aut</strong></span> <span class='ocrx_word' id='word_1_712' title='bbox 3307 4988 3428 5075; x_wconf 74' lang='lat' dir='ltr'><strong>olim</strong></span> <span class='ocrx_word' id='word_1_713' title='bbox 3447 4982 3630 5056; x_wconf 83' lang='lat' dir='ltr'><strong>polluti</strong></span> 
     </span>
    </p>
   </div>
   <div class='ocr_carea' id='block_1_109' title="bbox 2287 5061 3387 5134">
    <p class='ocr_par' dir='ltr' id='par_1_109' title="bbox 2287 5061 3387 5134">
     <span class='ocr_line' id='line_1_110' title="bbox 2287 5061 3387 5134; baseline -0.015 -8"><span class='ocrx_word' id='word_1_714' title='bbox 2287 5061 2426 5134; x_wconf 72' lang='lat' dir='ltr'><strong>sunt,</strong></span> <span class='ocrx_word' id='word_1_715' title='bbox 2454 5061 2541 5122; x_wconf 73' lang='lat' dir='ltr'><strong>aut</strong></span> <span class='ocrx_word' id='word_1_716' title='bbox 2569 5071 2814 5122; x_wconf 79' lang='lat' dir='ltr'><strong>hactenus</strong></span> <span class='ocrx_word' id='word_1_717' title='bbox 2844 5067 2936 5118; x_wconf 80' lang='lat' dir='ltr'><strong>hoc</strong></span> <span class='ocrx_word' id='word_1_718' title='bbox 2965 5066 3082 5118; x_wconf 76' lang='lat' dir='ltr'><strong>vitio</strong></span> <span class='ocrx_word' id='word_1_719' title='bbox 3107 5061 3387 5114; x_wconf 82' lang='lat' dir='ltr'><strong>tabescunt.</strong></span> 
     </span>
    </p>
   </div>
   <div class='ocr_carea' id='block_1_110' title="bbox 2128 5172 3628 5251">
    <p class='ocr_par' dir='ltr' id='par_1_110' title="bbox 2128 5172 3628 5251">
     <span class='ocr_line' id='line_1_111' title="bbox 2128 5172 3628 5251; baseline -0.016 -8"><span class='ocrx_word' id='word_1_720' title='bbox 2128 5186 2364 5243; x_wconf 87' lang='lat' dir='ltr'><strong>XXXVI.</strong></span> <span class='ocrx_word' id='word_1_721' title='bbox 2430 5183 2539 5237; x_wconf 83' lang='lat' dir='ltr'><strong>Eos</strong></span> <span class='ocrx_word' id='word_1_722' title='bbox 2592 5182 2682 5251; x_wconf 91' lang='lat' dir='ltr'><strong>qui</strong></span> <span class='ocrx_word' id='word_1_723' title='bbox 2746 5176 3182 5235; x_wconf 86' lang='lat' dir='ltr'><strong>irrationabiliter</strong></span> <span class='ocrx_word' id='word_1_724' title='bbox 3235 5172 3520 5234; x_wconf 85' lang='lat' dir='ltr'><strong>vixerunt,</strong></span> <span class='ocrx_word' id='word_1_725' title='bbox 3575 5175 3628 5220; x_wconf 91' lang='lat' dir='ltr'><strong>et</strong></span> 
     </span>
    </p>
   </div>
   <div class='ocr_carea' id='block_1_111' title="bbox 2053 5257 3634 5351">
    <p class='ocr_par' dir='ltr' id='par_1_111' title="bbox 2053 5257 3634 5351">
     <span class='ocr_line' id='line_1_112' title="bbox 2053 5257 3634 5351; baseline -0.016 -14"><span class='ocrx_word' id='word_1_726' title='bbox 2053 5284 2200 5351; x_wconf 89' lang='lat' dir='ltr'><strong>lepra</strong></span> <span class='ocrx_word' id='word_1_727' title='bbox 2251 5278 2430 5347; x_wconf 86' lang='lat' dir='ltr'><strong>injusti</strong></span> <span class='ocrx_word' id='word_1_728' title='bbox 2486 5275 2726 5330; x_wconf 89' lang='lat' dir='ltr'><strong>criminis</strong></span> <span class='ocrx_word' id='word_1_729' title='bbox 2773 5273 2907 5325; x_wconf 91' lang='lat' dir='ltr'><strong>alios</strong></span> <span class='ocrx_word' id='word_1_730' title='bbox 2971 5268 3312 5337; x_wconf 87' lang='lat' dir='ltr'><strong>polluerunt,</strong></span> <span class='ocrx_word' id='word_1_731' title='bbox 3379 5257 3634 5330; x_wconf 71' lang='lat' dir='ltr'><strong>prmcepit</strong></span> 
     </span>
    </p>
   </div>
   <div class='ocr_carea' id='block_1_112' title="bbox 2055 5349 3630 5442">
    <p class='ocr_par' dir='ltr' id='par_1_112' title="bbox 2055 5349 3630 5442">
     <span class='ocr_line' id='line_1_113' title="bbox 2055 5349 3630 5442; baseline -0.017 -13"><span class='ocrx_word' id='word_1_732' title='bbox 2055 5383 2240 5430; x_wconf 89' lang='lat' dir='ltr'><strong>sancta</strong></span> <span class='ocrx_word' id='word_1_733' title='bbox 2263 5369 2501 5442; x_wconf 84' lang='lat' dir='ltr'><strong>synodus</strong></span> <span class='ocrx_word' id='word_1_734' title='bbox 2530 5369 2672 5422; x_wconf 89' lang='lat' dir='ltr'><strong>inter</strong></span> <span class='ocrx_word' id='word_1_735' title='bbox 2709 5380 2802 5420; x_wconf 85' lang='lat' dir='ltr'><strong>eos</strong></span> <span class='ocrx_word' id='word_1_736' title='bbox 2829 5376 3007 5425; x_wconf 87' lang='lat' dir='ltr'><strong>orare,</strong></span> <span class='ocrx_word' id='word_1_737' title='bbox 3050 5356 3139 5425; x_wconf 90' lang='lat' dir='ltr'><strong>qui</strong></span> <span class='ocrx_word' id='word_1_738' title='bbox 3176 5353 3365 5422; x_wconf 86' lang='lat' dir='ltr'><strong>spiritu</strong></span> <span class='ocrx_word' id='word_1_739' title='bbox 3411 5349 3630 5422; x_wconf 89' lang='lat' dir='ltr'><strong>pericli-</strong></span> 
     </span>
    </p>
   </div>
   <div class='ocr_carea' id='block_1_113' title="bbox 2058 5462 2562 5520">
    <p class='ocr_par' dir='ltr' id='par_1_113' title="bbox 2058 5462 2562 5520">
     <span class='ocr_line' id='line_1_114' title="bbox 2058 5462 2562 5520; baseline -0.012 0"><span class='ocrx_word' id='word_1_740' title='bbox 2058 5476 2239 5520; x_wconf 86' lang='lat' dir='ltr'><strong>tantur</strong></span> <span class='ocrx_word' id='word_1_741' title='bbox 2268 5462 2562 5518; x_wconf 87' lang='lat' dir='ltr'><strong>immundo.</strong></span> 
     </span>
    </p>
   </div>
   <div class='ocr_carea' id='block_1_114' title="bbox 2060 5555 3629 5648">
    <p class='ocr_par' dir='ltr' id='par_1_114' title="bbox 2060 5555 3629 5648">
     <span class='ocr_line' id='line_1_115' title="bbox 2060 5555 3629 5648; baseline -0.016 -15"><span class='ocrx_word' id='word_1_742' title='bbox 2060 5578 2138 5633; x_wconf 86' lang='lat' dir='ltr'><strong>De</strong></span> <span class='ocrx_word' id='word_1_743' title='bbox 2162 5578 2241 5631; x_wconf 83' lang='lat' dir='ltr'><strong>Itis</strong></span> <span class='ocrx_word' id='word_1_744' title='bbox 2272 5577 2358 5648; x_wconf 88' lang='lat' dir='ltr'><strong>qui</strong></span> <span class='ocrx_word' id='word_1_745' title='bbox 2387 5574 2456 5627; x_wconf 90' lang='lat' dir='ltr'><strong>ad</strong></span> <span class='ocrx_word' id='word_1_746' title='bbox 2483 5574 2830 5641; x_wconf 83' lang='lat' dir='ltr'><strong>episcopatum</strong></span> <span class='ocrx_word' id='word_1_747' title='bbox 2865 5562 3089 5634; x_wconf 86' lang='lat' dir='ltr'><strong>promoti</strong></span> <span class='ocrx_word' id='word_1_748' title='bbox 3124 5567 3261 5621; x_wconf 88' lang='lat' dir='ltr'><strong>sunt,</strong></span> <span class='ocrx_word' id='word_1_749' title='bbox 3291 5572 3382 5612; x_wconf 87' lang='lat' dir='ltr'><strong>nec</strong></span> <span class='ocrx_word' id='word_1_750' title='bbox 3420 5555 3629 5624; x_wconf 89' lang='lat' dir='ltr'><strong>recepti.</strong></span> 
     </span>
    </p>
   </div>
   <div class='ocr_carea' id='block_1_115' title="bbox 2129 5645 3630 5732">
    <p class='ocr_par' dir='ltr' id='par_1_115' title="bbox 2129 5645 3630 5732">
     <span class='ocr_line' id='line_1_116' title="bbox 2129 5645 3630 5732; baseline -0.016 -8"><span class='ocrx_word' id='word_1_751' title='bbox 2129 5645 2387 5724; x_wconf 83' lang='lat' dir='ltr'><strong>XXXVII.</strong></span> <span class='ocrx_word' id='word_1_752' title='bbox 2428 5665 2484 5718; x_wconf 86' lang='lat' dir='ltr'><strong>Si</strong></span> <span class='ocrx_word' id='word_1_753' title='bbox 2511 5664 2602 5732; x_wconf 91' lang='lat' dir='ltr'><strong>qui</strong></span> <span class='ocrx_word' id='word_1_754' title='bbox 2625 5658 2864 5731; x_wconf 86' lang='lat' dir='ltr'><strong>episcopi</strong></span> <span class='ocrx_word' id='word_1_755' title='bbox 2891 5655 3117 5712; x_wconf 89' lang='lat' dir='ltr'><strong>ordinati</strong></span> <span class='ocrx_word' id='word_1_756' title='bbox 3146 5661 3287 5716; x_wconf 84' lang='lat' dir='ltr'><strong>sunt,</strong></span> <span class='ocrx_word' id='word_1_757' title='bbox 3312 5667 3411 5706; x_wconf 89' lang='lat' dir='ltr'><strong>nec</strong></span> <span class='ocrx_word' id='word_1_758' title='bbox 3430 5645 3630 5716; x_wconf 77' lang='lat' dir='ltr'><strong>recepti</strong></span> 
     </span>
    </p>
   </div>
   <div class='ocr_carea' id='block_1_116' title="bbox 2057 5738 3626 5832">
    <p class='ocr_par' dir='ltr' id='par_1_116' title="bbox 2057 5738 3626 5832">
     <span class='ocr_line' id='line_1_117' title="bbox 2057 5738 3626 5832; baseline -0.015 -15"><span class='ocrx_word' id='word_1_759' title='bbox 2057 5761 2124 5817; x_wconf 78' lang='lat' dir='ltr'><strong>ab</strong></span> <span class='ocrx_word' id='word_1_760' title='bbox 2155 5759 2240 5816; x_wconf 88' lang='lat' dir='ltr'><strong>illa</strong></span> <span class='ocrx_word' id='word_1_761' title='bbox 2267 5755 2526 5832; x_wconf 34' lang='lat' dir='ltr'><strong>oparocbia</strong></span> <span class='ocrx_word' id='word_1_762' title='bbox 2559 5755 2614 5810; x_wconf 91' lang='lat' dir='ltr'><strong>in</strong></span> <span class='ocrx_word' id='word_1_763' title='bbox 2653 5765 2756 5824; x_wconf 83' lang='lat' dir='ltr'><strong>qua</strong></span> <span class='ocrx_word' id='word_1_764' title='bbox 2786 5751 2995 5806; x_wconf 88' lang='lat' dir='ltr'><strong>fuerant</strong></span> <span class='ocrx_word' id='word_1_765' title='bbox 3038 5743 3389 5812; x_wconf 81' lang='lat' dir='ltr'><strong>denominati,</strong></span> <span class='ocrx_word' id='word_1_766' title='bbox 3440 5738 3626 5795; x_wconf 72' lang='lat' dir='ltr'><strong>volue-</strong></span> 
     </span>
    </p>
   </div>
  </div>
