4128 6348
415 294 514 354 I5?

1404 295 1628 351 CODEX
1662 295 1987 352 CANONUM
2025 295 2718 358 ECCLESHSTICORUM.

3558 308 3658 364 £53

410 413 526 484 ipse
552 411 852 477 conlessns,
876 421 935 466 et
969 411 1117 479 argui
1154 408 1431 467 manifeste
1468 411 1785 480 nequiverit,
1818 416 1974 480 pote-
2009 413 2052 470 A
2082 412 2180 467 nisi
2222 411 2360 468 forte
2388 412 2609 484 propter
2632 430 2866 485 sequens
2906 420 3142 476 studium
3178 421 3325 490 ejus,
3374 431 3430 479 et
3471 422 3656 491 ﬁdem,

411 505 561 559 statis
588 518 699 558 sua:
714 503 913 573 judicio
936 504 1285 572 relinquatur.

895 608 975 665 De
1001 611 1231 665 diaconis
1258 610 1511 664 similiter.

480 724 611 779 LIV.
652 724 821 780 Simili
850 724 1009 777 modo
1037 725 1199 778 etiam
1220 724 1493 789 diaconus,
1530 726 1573 779 si
1611 726 1804 781 eodem
1852 739 1977 795 pec-

408 824 531 873 cato
556 816 914 877 succubuerit.
944 816 1013 869 ah
1037 815 1224 870 ordine
1249 815 1525 870 ministerii
1544 816 1909 885 subtrahatug.

538 926 651 992 Quo
673 938 896 994 temmre
921 925 1267 998 presbyterum
1290 927 1554 981 conveniat
1583 927 1849 982 ordinare.

478 1033 587 1090 LV.
630 1035 917 1106 Presbyter
939 1044 1063 1090 ante
1093 1035 1415 1090 tricesimum
1444 1036 1615 1090 aetatis
1638 1052 1747 1091 sua:
1775 1052 1973 1090 annum

409 1127 711 1181 nullatenus
732 1126 1027 1187 ordinetur,
1058 1127 1180 1181 licet
1204 1127 1357 1182 valde
1394 1129 1465 1181 sit
1487 1128 1675 1195 dignus
1706 1147 1719 1181 :
1752 1129 1844 1182 sed
1879 1128 1980 1184 hoc

410 1226 621 1287 tempus
669 1218 936 1273 observet.
984 1217 1116 1272 Nam
1174 1216 1427 1272 Dominus
1474 1228 1656 1273 noster
1709 1218 1979 1272 tricesimo

408 1311 581 1365 matis
607 1326 715 1365 suae
743 1312 883 1365 anno
911 1309 1211 1379 baptizatus
1234 1319 1336 1373 est,
1376 1318 1433 1365 et
1458 1312 1536 1366 sic
1579 1311 1744 1380 cmpit
1764 1311 1979 1366 docere.

490 1420 573 1476 De
598 1421 677 1475 his
703 1422 789 1493 qui
808 1422 861 1475 in
887 1421 1191 1492 tegritudiue
1214 1424 1472 1491 baptisma
1497 1432 1896 1493 consequuntur.

396 1552 399 1559 λ
480 1532 613 1587 LVI.
659 1531 717 1588 Si
756 1533 877 1600 quis
905 1532 958 1586 in
988 1533 1305 1600 aegritudine
1349 1533 1506 1587 fuerit
1535 1534 1872 1603 baptizatus,
1914 1534 1981 1587 ad

408 1624 669 1678 honorem
690 1624 1008 1694 presbyterii
1029 1639 1136 1677 non
1161 1632 1341 1693 potest
1362 1626 1689 1693 promoveri,
1709 1625 1853 1695 quod
1874 1640 1980 1680 non

400 1728 475 1769 ex
500 1714 776 1783 proposito
797 1714 926 1768 lides
949 1713 1083 1781 ejus,
1109 1714 1205 1767 sed
1236 1728 1304 1767 es
1324 1715 1644 1769 necessitate
1665 1714 1977 1770 descendit:

404 1832 727 1859 υ...-

2082 510 2243 571 atque
2271 504 2544 558 hominum
2577 507 2849 563 raritatem
2878 508 2997 565 talis
3025 512 3195 581 possit
3215 513 3447 569 admitti.

2092 694 2099 697 Δ
2513 616 2593 671 De
2619 618 2927 690 presbyteris
2950 640 3211 693 agrorum.

2153 702 2306 762 LVII.
2325 705 2625 779 Presbyteri
2641 712 2778 764 ruris
2799 712 2849 765 in
2863 710 3101 768 Ecclesia
3124 714 3377 781 civitatis,
3400 714 3654 787 episcopo

2082 805 2379 865 praesente,
2411 798 2492 850 vel
2534 799 2857 869 presbyteris
2884 803 3032 856 urbis
3060 803 3260 872 ipsius,
3307 806 3499 859 olTerre
3546 821 3655 861 non

2085 894 2326 955 possunt,
2374 902 2473 941 nec
2497 902 2687 956 panem
2718 888 3111 946 sanctiﬁcatum
3140 892 3288 959 dare,
3325 893 3656 964 calicemque

2084 976 2376 1043 porrigere.
2407 975 2464 1030 Si
2495 992 2628 1032 vero
2646 978 2894 1033 absentes
2915 979 2969 1033 hi
3000 979 3229 1048 fuerint,
3257 990 3312 1036 et
3333 982 3398 1036 ad
3426 981 3657 1037 dandam

2084 1067 2383 1120 orationem
2400 1076 2678 1130 vocentur,
2696 1068 2796 1122 soli
2818 1068 2949 1124 dare
2969 1070 3256 1125 debebunt.
3274 1071 3657 1143 Chorepiscopi

2085 1172 2298 1227 quoque
2317 1159 2383 1211 ad
2403 1160 2705 1229 exemplum
2732 1161 2966 1229 quidem,
2991 1168 3046 1215 et
3065 1161 3288 1216 formam
3317 1164 3659 1233 septuaginta

2086 1248 2333 1302 videntur
2357 1262 2478 1303 esse
2510 1267 2523 1301 :
2556 1258 2614 1303 ut
2658 1250 3010 1307 comministri
3039 1259 3220 1307 autem
3240 1294 3256 1319 ,
3296 1262 3520 1322 propter
3537 1262 3656 1308 stu-

2084 1336 2231 1391 dium
2257 1337 2402 1406 quod
2430 1352 2557 1406 erga
2584 1353 2853 1408 pauperes
2882 1340 3171 1408 exhibent,
3201 1341 3550 1397 honorentur.

2441 1445 2521 1500 De
2542 1464 2752 1501 numero
2779 1458 2918 1503 certo
2941 1450 3297 1507 diaconorum.

2156 1532 2329 1589 LVIII.
2352 1533 2572 1589 Diaconi
2592 1545 2798 1606 septem
2822 1537 3021 1607 debent
3048 1554 3190 1609 esse,
3216 1540 3369 1610 juxta
3391 1541 3655 1609 regulam,

2080 1622 2210 1677 licet
2238 1632 2289 1677 et
2328 1625 2482 1679 valde
2521 1641 2711 1694 magna
2749 1628 2819 1681 sit
2860 1628 3065 1685 civitas.
3115 1631 3347 1703 Idipsum
3387 1642 3565 1688 autem
3602 1641 3660 1688 et

2089 1716 2312 1770 Actuum
2337 1716 2702 1785 apostolorum
2729 1718 2863 1773 liber
2890 1720 3142 1775 insinuat.

2084 1845 3647 1873 ____________________.

409 1909 771 2007 unumne
829 1945 1348 2039 enuntiemus
1378 1946 1525 2019 xx,
1563 1946 1745 2019 QU/E
1804 1947 1979 2007 P051

2080 1948 2427 2010 ~IC/ENUJI
2466 1951 2899 2015 CONCILIUM
2958 1956 3378 2017 EXPOSITE
3429 1958 3655 2023 SUNT.

721 2176 803 2233 De
830 2178 908 2233 his
929 2177 1013 2250 qui
1041 2177 1248 2249 nuptias
1292 2187 1648 2234 exsecrantur.

479 2270 608 2327 LIX.
624 2269 687 2326 Si
707 2272 824 2339 quis
856 2272 1121 2341 vituperat
1149 2272 1379 2340 nuptias,
1406 2280 1461 2325 et
1481 2271 1835 2325 dormientem
1859 2284 1978 2322 cum

403 2363 521 2418 viro
566 2374 665 2417 suo
706 2361 914 2416 lidelem
943 2376 1007 2415 ac
1035 2360 1335 2429 religiosam
1384 2358 1704 2423 detestatur,
1739 2366 1830 2410 aut
1868 2358 1982 2411 cul-

403 2449 610 2521 pabiles
637 2451 896 2516 aestimat,
948 2451 1094 2504 velut
1124 2450 1215 2519 qui
1256 2451 1309 2505 in
1355 2464 1579 2519 regnum
1616 2449 1709 2503 Dei
1757 2447 1979 2501 introire

402 2558 512 2598 non
540 2541 747 2613 possint
774 2559 788 2594 :
813 2542 1098 2595 anathema
1128 2527 1218 2595 sit.

441 2677 522 2731 De
550 2679 630 2733 his
657 2681 741 2749 qui
772 2678 1135 2732 abominantur
1161 2694 1247 2731 eos
1278 2679 1362 2748 qui
1389 2675 1629 2731 carnibus
1655 2686 1943 2730 vescuntur.

472 2789 585 2846 LX.
635 2790 692 2846 Si
735 2793 855 2860 quis
879 2806 1069 2845 carnes
1095 2789 1372 2856 edentem,
1423 2798 1617 2858 praeter
1644 2788 1976 2855 sanguinem,
2070 2848 2073 2851 ὗ

387 2893 461 2939 et
487 2882 641 2937 idolis
669 2882 1020 2946 immolatum,
1054 2890 1108 2934 et
1150 2881 1500 2947 sull'ocatum,
1546 2895 1669 2933 cum
1698 2879 1978 2947 religione,

402 2986 462 3030 et
500 2975 624 3037 ﬁde,
656 2975 1007 3040 condemnat,
1038 2974 1182 3028 velut
1210 2990 1389 3042 spem,
1435 2982 1655 3043 propter
1678 2970 1980 3040 hujusmodi

404 3065 822 3137 perceptionem,
858 3083 963 3119 non
992 3067 1280 3119 habentem
1311 3080 1323 3117 :
1353 3065 1638 3119 anathema
1660 3065 1749 3117 sit.

380 3185 386 3189 ί
407 3199 485 3256 De
503 3202 658 3255 servis
682 3201 769 3272 qui
782 3201 962 3270 jugum
992 3198 1273 3271 famulatus
1296 3199 1358 3250 ab
1357 3198 1545 3268 jiciunt
1575 3194 1979 3250 Christianitatis

382 3292 383 3295 “
568 3298 569 3301 ‘
1074 3279 1299 3322 ουιεηιιι.

472 3381 602 3437 LXI.
645 3382 702 3437 Si
744 3382 864 3452 quis
905 3397 1140 3439 servum.
1175 3387 1434 3449 pnctextu
1466 3377 1627 3432 divini
1650 3377 1844 3441 cultus,
1876 3375 1977 3429 do-

406 3480 524 3524 ceat
549 3471 821 3526 dominum
852 3478 1197 3523 contemnere
1224 3467 1495 3536 promium
1522 3483 1534 3518 ε
1570 3472 1627 3519 ut
1651 3462 1888 3517 discedat
1909 3463 1977 3516 ab

2249 2175 2323 2229 De
2349 2175 2427 2229 his
2454 2173 2577 2250 qua:~
2594 2179 2647 2232 in
2676 2195 2798 2234 usus
2820 2197 3101 2252 pauperum
3129 2185 3484 2254 conferuntur.

2154 2262 2333 2321 LXVI.
2364 2267 2419 2321 Si
2441 2269 2559 2338 quis
2588 2268 2813 2337 dederit,
2846 2272 2929 2324 vel
2960 2274 3228 2343 acceperit
3262 2274 3442 2328 oblata
3468 2282 3663 2344 pneter

2082 2358 2396 2428 episcopum
2414 2397 2428 2420 ,
2469 2359 2554 2413 vel
2583 2374 2705 2412 eum
2745 2360 2835 2429 qui
2881 2362 3204 2417 constitutus
3228 2370 3313 2416 est
3357 2361 3427 2416 ab
3455 2376 3562 2430 eo,
3592 2363 3662 2417 ad

2083 2450 2488 2520 dispensandam
2519 2452 2939 2507 misericordiam
2964 2453 3286 2524 pauperibus
3310 2470 3323 2506 :
3348 2460 3408 2508 et
3428 2453 3519 2524 qui
3543 2453 3660 2523 dat,

2083 2552 2139 2597 et
2164 2544 2254 2611 qui
2289 2543 2504 2613 accipit,
2537 2544 2824 2597 anathema
2857 2544 2946 2597 sit.

2136 2652 2216 2707 De
2244 2655 2323 2707 his
2350 2656 2434 2726 qui
2456 2655 2509 2707 in
2538 2654 2828 2724 virginitate
2855 2655 3270 2726 continentiaque
3286 2653 3594 2725 persistunt.

2154 2764 2353 2820 LXVII.
2373 2766 2686 2834 Quicunque
2705 2765 3057 2833 virginitatem
3073 2765 3396 2829 custodiens,
3416 2774 3507 2819 aut
3523 2780 3658 2821 con-

2086 2856 2317 2909 liuentia:
2341 2860 2587 2920 studens,
2622 2858 2768 2909 velut
2811 2857 3129 2911 horrescens
3165 2857 3379 2925 nuptias
3411 2863 3656 2921 temerat,

2084 2964 2183 3003 nec
2212 2958 2429 3018 propter
2467 2947 2589 3011 hoc,
2621 2947 2761 3015 quod
2788 2947 2988 2999 bonum
3034 2956 3091 3000 et
3138 2956 3385 3000 sanctum
3411 2956 3526 3010 est,
3559 2959 3657 2999 no-

2083 3056 2204 3096 men
2233 3038 2548 3109 virginitatis
2569 3037 2791 3093 assumit
2822 3055 2834 3089 :
2867 3038 3151 3091 anathema
3173 3038 3260 3091 sit.

2330 3149 2409 3203 De
2434 3150 2513 3203 his
2539 3151 2623 3221 qui
2648 3166 2741 3218 pro
2770 3149 3060 3219 virginitate
3083 3146 3400 3202 superbiant.

2153 3266 2379 3321 LXVIII.
2419 3266 2474 3320 Si
2503 3267 2622 3334 quis
2664 3282 2732 3320 ex
2785 3265 2868 3320 his
2913 3266 3003 3333 qui
3052 3264 3405 3333 virginitatem
3434 3274 3658 3335 propter

2083 3361 2364 3413 Dominum
2405 3367 2648 3422 servant,
2707 3358 2980 3412 extollitur
3004 3357 3287 3413 adversum
3316 3360 3651 3427 conjugatos,

2081 3451 2367 3505 anathema
2394 3450 2485 3503 sit.

403 3564 523 3629 ejus
544 3562 826 3631 obsequio,
854 3576 957 3614 nec
981 3561 1030 3614 ei
1060 3575 1182 3613 cum
1227 3558 1602 3613 benevolentia
1630 3565 1686 3611 et
1706 3555 1853 3610 omni
1872 3554 1974 3609 1ιο-
2003 3558 2047 3616 C
2084 3559 2162 3614 De
2190 3561 2271 3614 his
2310 3559 2397 3631 qui
2423 3575 2649 3630 agapas,
2692 3559 2748 3610 id
2765 3567 2850 3631 est
2876 3558 3139 3627 pastiones
3164 3572 3481 3629 pauperum,
3523 3559 3653 3614 risus

402 3667 537 3707 more
562 3644 828 3707 deserviat
848 3669 861 3703 :
881 3651 1162 3703 anathema
1183 3649 1270 3703 sit.

660 3786 739 3842 De
767 3786 1074 3859 presbyteris
1103 3787 1188 3856 qui
1219 3783 1439 3837 habuere
1463 3783 1726 3853 conjugia.

474 3890 626 3951 LXII.
658 3898 970 3965 Quicunque
996 3895 1249 3949 discernit
1276 3910 1305 3947 a
1334 3894 1680 3964 presbytero,
1727 3888 1817 3958 qui
1840 3904 1976 3942 uxo-

404 4005 515 4045 rem
547 3988 747 4051 habuit,
791 3987 933 4057 quod
966 4002 1071 4039 non
1104 3993 1374 4063 oporteat,
1402 3999 1467 4036 eo
1493 3981 1861 4044 ministrante,
1910 3977 1979 4032 dc

402 4080 675 4134 oblatione
699 4077 977 4148 percipere
1006 4094 1019 4128 :
1052 4075 1335 4128 anathema
1365 4073 1451 4125 sit.

403 4211 481 4266 De
508 4213 586 4266 his
612 4213 697 4283 qui
724 4209 971 4263 Ecclesia:
998 4214 1271 4262 conventus
1299 4204 1615 4274 spernendos
1652 4204 1972 4256 existimant.

476 4316 649 4378 LXiIl.
691 4320 747 4376 Si
785 4321 903 4390 quis
942 4319 1100 4375 docet
1131 4316 1348 4371 domum
1381 4315 1473 4369 Dei
1523 4313 1977 4383 contemptibilem

402 4428 548 4477 esse,
574 4420 631 4467 et
673 4421 970 4466 conventus
1012 4406 1104 4476 qui
1134 4406 1185 4459 in
1208 4421 1271 4459 ea
1299 4404 1661 4467 celebrantur,
1694 4403 1976 4456 anathema

400 4515 492 4560 Sil.

404 4617 481 4669 De
508 4616 585 4670 his
625 4617 709 4686 qui
752 4613 1103 4753 ecclesiastici;
1138 4610 1423 4692 ministeria
1449 4618 1635 4679 praeter
1680 4605 1972 4659 Ecclesium

1100 4690 1292 4733 aczuut.

1100 4690 1292 4733 aciunt.

472 4794 647 4855 LXIV.
673 4796 728 4853 Si
759 4797 876 4868 quis
905 4805 1055 4851 extra
1086 4794 1381 4849 Ecclesiam
1412 4805 1653 4845 seorsum
1679 4796 1976 4843 conventus

2737 3629 3003 3698 deputant.

2151 3740 2332 3797 LXIX.
2359 3742 2413 3797 Si
2442 3742 2561 3812 quis
2588 3741 2812 3810 despicit
2855 3756 2952 3795 eos
2979 3741 3067 3811 qui
3100 3740 3327 3795 ﬁdeliter
3354 3755 3570 3812 agapss,
3595 3741 3653 3797 id

2079 3844 2160 3891 est
2179 3836 2439 3899 convivia,
2458 3834 2779 3904 pauperibus
2795 3833 3066 3898 exhibent,
3086 3843 3137 3887 et
3158 3842 3376 3904 pr0pter
3391 3834 3650 3889 honorem

2082 3927 2286 3980 Domini
2316 3934 2618 3981 convnizazt
2646 3923 2868 3989 fratres,
2901 3936 2955 3978 et
2992 3924 3225 3978 noluerit
3258 3926 3655 3980 communicare

2062 4017 2447 4087 hujuscemodi
2477 4016 2867 4079 vocationibus,
2917 4014 3307 4084 parvipendens
3334 4016 3477 4083 quod
3517 4016 3655 4083 geri—

2080 4122 2183 4177 tur,
2217 4112 2497 4163 anathema
2529 4110 2617 4162 sit.

2167 4219 2245 4272 De
2274 4220 2351 4272 his
2380 4220 2465 4288 qui
2492 4217 2667 4288 palliis
2694 4224 2925 4278 utuntur,
2954 4223 3002 4267 et
3024 4214 3220 4266 idcirco
3245 4213 3562 4283 superbiant.

2149 4326 2308 4382 LXX.
2342 4328 2397 4381 Si
2424 4327 2545 4395 quis
2574 4326 2808 4379 virorum
2839 4334 3062 4394 propter
3088 4323 3470 4378 continentiam
3488 4365 3504 4387 ,
3531 4338 3653 4392 quae

2080 4428 2297 4491 putatur
2319 4460 2333 4485 ,
2378 4417 2577 4471 amictu
2610 4414 2751 4485 pallii
2786 4416 2980 4477 utitur,
3012 4414 3163 4484 quasi
3192 4429 3288 4483 per
3320 4414 3424 4468 hoc
3452 4414 3650 4471 habere

2078 4524 2136 4565 se
2156 4509 2413 4577 justitiam
2445 4507 2687 4569 credens,
2744 4514 2798 4558 et
2823 4505 3048 4574 despicit
3076 4519 3170 4558 eos
3210 4504 3300 4573 qui
3348 4520 3468 4559 cum
3500 4520 3653 4561 reve-

2078 4600 2248 4654 rentia
2291 4599 2447 4653 birris
2501 4607 2555 4652 et
2581 4595 2697 4650 aliis
2725 4596 3098 4650 communibus
3124 4604 3179 4649 et
3207 4594 3377 4650 solitis
3407 4602 3648 4661 utuntur,

2080 4687 2361 4744 anathema
2387 4688 2472 4743 sit.

2186 4801 2264 4853 De
2286 4798 2581 4853 mulieribus
2601 4814 2712 4868 qua:
2731 4806 2941 4850 utuntur
2960 4795 3186 4851 virilibus
3214 4797 3542 4851 indumentis.

399 4890 650 4953 celebrat,
668 4897 723 4941 et
745 4887 1041 4956 despiciens
1063 4884 1375 4947 Ecclesium,
1401 4898 1468 4977 ea
1486 4896 1605 4951 qua:
1634 4888 1766 4977 sunt
1787 4877 1971 4932 Eccle-
2006 4920 2050 4976 υ
2146 4908 2327 4964 Μαι,
2379 4908 2435 4962 Si
2476 4924 2581 4977 qua
2611 4907 2804 4960 mulier
2831 4915 3053 4975 propter
3098 4905 3501 4970 commemini,
3529 4919 3651 4974 qua

400 4980 493 5033 sia:
528 4979 755 5033 voluerit
785 4992 1074 5047 usurpare,
1112 4992 1218 5030 non
1249 4974 1602 5029 conveniente
1626 4972 1965 5043 presbytero,

394 5070 548 5143 juxta
573 5070 843 5125 decretum
871 5067 1125 5140 episcopi,
1160 5065 1446 5120 anathema
1476 5063 1563 5117 sit.

392 5204 474 5259 De
500 5207 754 5276 fructuum
774 5200 1134 5343 oblationibifts,
1156 5216 1271 5271 quin
1295 5199 1547 5254 ministris
1577 5195 1822 5250 Ecclesia:
1843 5211 1973 5248 cou-

1080 5281 1312 5324 eruatur.

1080 5281 1312 5324 'eruntttr.

369 5453 373 5455 λ
456 5389 618 5446 LXV.
658 5389 717 5445 Si
744 5390 863 5459 quis
891 5389 1191 5445 oblationes
1216 5385 1464 5442 Ecclesia:
1491 5398 1644 5440 extra
1674 5382 1967 5438 Ecclesium

390 5485 634 5556 accipere
658 5484 743 5539 vel
790 5483 918 5538 dare
943 5481 1188 5545 voluerit,
1213 5490 1407 5549 prmter
1435 5475 1815 5533 conscientiam
1856 5474 1968 5543 epi~

388 5577 576 5645 accpi,
622 5575 710 5631 vel
753 5573 869 5644 ejus
917 5573 1003 5628 cui
1042 5569 1411 5640 hujuscemodi
1460 5566 1636 5622 ol‘licia
1683 5565 1969 5620 commissa

388 5676 545 5732 sunt,
598 5682 700 5723 nec
741 5681 863 5723 cum
903 5664 1017 5736 ejus
1043 5661 1273 5721 voluen't
1302 5672 1468 5731 agerc
1516 5657 1742 5715 consilio
1775 5674 1788 5711 :
1831 5670 1967 5713 ana-

364 5760 573 5813 “thcma
596 5758 684 5814 sit.

2076 5010 2312 5072 putatur,
2336 4998 2571 5053 habitum
2594 5005 2781 5062 mutat,
2815 5006 2890 5064 et,
2917 5013 3013 5066 pro
3035 4996 3195 5051 solito
3220 4995 3489 5061 muliebri,
3516 4994 3650 5050 ami-

2076 5102 2221 5149 ctum
2246 5090 2449 5144 virilem
2476 5090 2656 5156 sumit,
2685 5088 2970 5142 anathema
2991 5088 3078 5141 sit.

2080 5224 2157 5279 De
2166 5225 2243 5278 his
2255 5224 2338 5296 qui
2345 5223 2503 5285 ,velut
2520 5229 2802 5293 peccatum,
2815 5220 3051 5287 copulam
3071 5218 3313 5270 deserunt
3328 5214 3643 5285 nuptiarum.

2148 5334 2347 5390 LXXII.
2380 5335 2434 5390 Si
2465 5350 2568 5405 qua
2598 5332 2788 5387 mulier
2816 5332 2988 5384 virum
3012 5328 3286 5399 proprium
3316 5300 3679 5396 relinquens,r

2076 5426 2354 5484 discedere
2385 5423 2630 5489 voluerit,
2664 5423 2874 5491 nuptias
2902 5434 3214 5483 exsecraris,
3245 5420 3528 5474 anathema
3558 5419 3647 5475 sit.
3695 5414 3703 5422 ’

2076 5544 2155 5598 De
2191 5543 2272 5596 his
2311 5541 2395 5612 qui
2414 5581 2429 5607 ,
2458 5534 2863 5593 Christianitatis
2892 5532 3093 5588 obtentu
3112 5573 3128 5598 ,
3162 5533 3446 5603 despiciunt
3490 5533 3650 5603 ﬁlios.

2145 5653 2371 5709 LXXIII.
2395 5652 2450 5706 Si
2474 5651 2594 5720 quis
2616 5647 2757 5702 ﬁlios
2770 5660 2905 5701 suos
2925 5645 3253 5717 relinquens,
3276 5660 3382 5699 non
3403 5658 3498 5697 eos
3516 5656 3649 5695 etin-

2075 5750 2191 5818 trit,
2216 5758 2272 5803 et
2299 5745 2443 5817 quod
2471 5743 2537 5800 ad
2561 5758 2623 5798 se
2644 5740 2897 5813 pertinet,
2916 5738 2992 5795 ad
3017 5739 3273 5809 pietatem
3295 5734 3457 5793 divini
3475 5732 3654 5790 cultus
