4128 6348
471 328 494 382 l
507 328 576 384 59
1750 301 2105 362 DIONYSIUS

2205 296 2456 356 HGUUS.
3676 277 3790 332 ἰω

467 438 752 504 niformat,
804 432 898 488 sed
927 447 1023 502 per
1065 427 1401 486 occasionem
1431 417 1779 476 continentia:
1809 414 2048 483 negligit,
2081 417 2105 473 Α

2205 426 2232 464 e
2261 409 2342 462 his
2365 409 2448 479 qui
2479 402 2737 458 uouuuico
2781 400 2865 452 die
2885 398 3148 520 j‘qtunaul,
3181 409 3452 465 utiquam
3505 388 3651 444 nihil
3681 404 3794 458 pro:

2693 471 2891 524 ceteris
2952 466 3201 535 afferente.

467 525 758 583 anathema
782 523 870 579 sit.
2231 569 2249 583 .
2273 565 2433 583 ην.
2489 565 2542 583 η.
2583 504 3201 583 μ,,,,“’ῘζῖΪῘζἚῙᾎῖζῖἶῖζῖ

2231 565 2454 622 LXXVI.
2489 565 2544 619 Si
2575 563 2694 633 quis
2723 568 2943 630 prepter
2969 555 3371 612 continentiam
3392 593 3410 615 ,
3466 565 3602 620 qua:
3633 559 3794 618 puta-

2158 671 2267 728 tur,
2298 668 2388 712 aut
2411 642 2824 716 contumaciam,
2862 650 2914 703 in
2943 649 3030 702 die
3059 646 3336 701 dominico
3366 641 3625 712 jejunat,
3661 655 3793 693 ana-

2159 752 2338 804 thema
2370 749 2458 804 sit.

2162 843 2238 894 De
2265 842 2344 893 his
2373 840 2457 910 qui
2493 835 2844 891 ecclesiastica
2863 830 3066 902 jejunia
3087 828 3274 898 absque
3307 824 3655 878 necessitate
3675 821 3787 873 dis-

2833 910 3054 956 solvunt.

2235 997 2484 1052 LXXVII.
2533 997 2590 1050 Si
2631 995 2752 1064 quis
2780 1007 2969 1047 eorum
2999 989 3088 1058 qui
3119 984 3492 1042 continentiae
3535 979 3782 1043 student,

2162 1092 2366 1160 absque
2394 1089 2714 1143 necessitate
2742 1097 3028 1152 corporea,
3063 1081 3252 1135 tradita
3275 1080 3333 1131 in
3362 1089 3683 1131 commune
3708 1071 3793 1138 je-

2157 1159 2326 1252 junia,
2373 1190 2426 1235 ct
2455 1181 2521 1233 ab
2561 1177 2800 1233 Ecclesia
2829 1172 3133 1234 custodita,
3165 1164 3559 1238 superbiendo
3591 1159 3790 1217 dissol-

2164 1273 2258 1337 vit,
2285 1271 2498 1326 stimulo
2524 1284 2634 1324 sua:
2657 1265 2999 1336 cogitationis
3029 1261 3290 1330 impulsus
3307 1297 3326 1324 ,
3361 1256 3682 1311 anathema
3700 1254 3790 1305 sit.

2168 1362 2246 1417 De
2274 1364 2354 1416 his
2383 1363 2467 1430 qui
2517 1362 2757 1414 collectas
2798 1374 2910 1430 quia
2940 1356 3070 1426 ﬁunt
3109 1355 3164 1407 in
3193 1361 3507 1420 martyrum
3553 1360 3788 1400 comme-

2563 1427 2959 1491 moratiouibus,
2984 1433 3341 1479 exsecrantur.

475 688 553 741 De
590 687 671 741 his
699 686 784 740 aui
813 691 1050 755 parentes
1073 721 1088 746 ,
1141 672 1548 733 Christianitatis
1578 671 1878 733 occasione,
1926 683 2052 721 cou-

1136 755 1364 801 temnunt
1371 784 1384 796 .

545 886 770 942 LXXIV.
798 883 1114 953 Quicunque
1134 880 1228 933 lilii
1253 895 1280 933 a
1310 875 1641 947 parentibus,
1665 872 1764 927 sub
1790 877 2052 940 pnetextu

476 979 639 1034 divini
668 979 871 1040 cultus,
921 973 1248 1037 abscedunt,
1295 984 1396 1023 nec
1431 967 1672 1039 debitam
1702 963 2057 1018 reverentiam

477 1069 790 1138 dependunt
813 1068 938 1133 illis,
967 1066 1058 1133 qui
1088 1063 1322 1116 divinum
1345 1060 1547 1112 cultum
1579 1057 1678 1112 s.bi
1707 1051 2058 1125 proculdubio

479 1159 788 1232 pmferunt,
821 1158 1108 1210 anathema
1139 1154 1227 1208 sit.

482 1332 564 1387 De
597 1331 895 1410 mulieribus
931 1346 1045 1400 qua!
1073 1345 1127 1382 se
1167 1325 1475 1392 attondent,
1522 1322 1927 1378 Christianitatis
1970 1319 2062 1373 ob-

1192 1406 1352 1449 lentu.

2240 1522 2519 1578 LXXVIII.
2550 1521 2606 1575 Si
2634 1521 2754 1588 quis
2780 1517 3042 1586 superbia:
3071 1530 3198 1568 usus
3221 1509 3436 1566 all‘ectu
3480 1509 3795 1560 conventus

2169 1619 2528 1681 abominatur,
2551 1615 2644 1686 qui
2665 1613 2734 1668 ad
2764 1613 3134 1668 confessiones
3155 1615 3473 1676 martyrum
3495 1597 3796 1654 celebran-

488 1716 573 1770 nis
594 1714 908 1770 memoriam
938 1712 1406 1778 tribuit,tanquam
1421 1716 1746 1778 praeceptum
1773 1704 2070 1758 dissolvens
2172 1719 2281 1777 iur,
2304 1717 2360 1764 ει
2383 1707 2677 1762 ministeria
2700 1720 2818 1774 qua;
2845 1704 2899 1757 in
2929 1702 3008 1757 eis
3037 1699 3193 1762 ﬁunt,
3221 1694 3393 1752 simul
3425 1707 3569 1748 cum
3599 1699 3793 1744 eorum

490 1809 832 1875 obedientim,
863 1807 1144 1860 anathema
1175 1805 1262 1858 sit.
2179 1799 2470 1863 memoriis,
2495 1804 2826 1860 exsecratur,
2847 1792 3132 1847 anathema
3151 1789 3239 1843 sit.

485 1893 3779 1942 __________________________________________——

887 1981 1226 2043 BEGULE
1279 1977 1695 2038 EXI‘OSI'I‘JE
1755 1976 1958 2036 APUD
2022 1973 2525 2037 AN'I‘IOCHIAM
2586 1973 2670 2033 IN
2724 1969 3114 2033 ENCENIIS
3161 1960 3376 2028 XXV.

559 1534 764 1590 LXXV.
795 1533 848 1589 Si
873 1549 979 1602 qua
1005 1533 1214 1596 mulier,
1245 1537 1468 1600 propter
1492 1527 1726 1581 divinum
1756 1525 1980 1586 cultum,
2009 1530 2067 1577 ut

485 1629 748 1688 mstimat,
777 1625 959 1679 crines
987 1623 1252 1686 attondet,
1284 1634 1422 1689 quos
1447 1619 1497 1672 ei
1530 1618 1668 1672 Deus
1690 1617 1754 1670 ad
1786 1614 2072 1683 subjectio-

500 2169 583 2226 De
624 2169 703 2224 his
733 2170 817 2234 qui
848 2167 1110 2221 contraria
1153 2171 1334 2234 gerunt
1383 2162 1462 2234 his
1501 2176 1616 2230 qua:
1661 2159 1970 2234 regulariter
2011 2157 2074 2209 de
2111 2166 2146 2218 lt
2181 2156 2257 2211 De
2284 2159 2361 2212 his
2390 2159 2474 2227 qui
2507 2157 2570 2210 ab
2601 2157 2708 2209 alia
2734 2155 2983 2234 parochia
3026 2163 3216 2234 praeter
3243 2150 3642 2206 conscientiam
3684 2149 3793 2218 epic

757 2239 913 2291 asc/ta
934 2245 1126 2289 statuta
1153 2230 1274 2287 sunt
1303 2234 1356 2286 in
1387 2230 1607 2286 Nicwno
1632 2230 1868 2283 concilio.

533 2411 536 2414 ι
575 2375 804 2430 LXXIX.
831 2373 1030 2429 Omnes
1059 2373 1148 2441 qui
1190 2371 1307 2426 ausi
1351 2369 1548 2424 fuerint
1575 2368 1868 2423 dissolvere
1894 2365 2084 2420 delini-

510 2468 712 2523 tionem
734 2467 904 2520 sancti
937 2475 994 2518 et
1021 2428 1195 2531 magni
1237 2461 1453 2526 concilii
1487 2460 1631 2528 quod
1686 2459 1825 2528 apud
1854 2458 2083 2512 Nicmam
2184 2428 2409 2531 (Ῑξξίηδθί
2437 2443 2504 2481 θΧ

2187 2516 2345 2570 aliam
2379 2517 2749 2586 properaverit
2783 2534 2796 2569 :
2828 2517 2950 2571 dein
2981 2516 3200 2570 omnino
3229 2512 3572 2581 demigrans,
3604 2512 3660 2567 in
3689 2507 3789 2563 alia

505 2567 891 2627 congregatum
915 2565 1020 2622 est,
1038 2557 1137 2610 sub
1165 2554 1450 2624 prtesentia
1479 2552 1700 2621 piissimi
1723 2561 1777 2604 et
1799 2547 2084 2603 venerandi

509 2647 767 2718 principis
787 2645 1143 2707 Constantini,
1166 2645 1234 2698 de
1261 2641 1532 2697 salutifera
1557 2641 1897 2694 solemnitate
1916 2653 2091 2692 sacra-

512 2739 730 2792 tissimze
760 2735 996 2800 Paschar,
1033 2733 1605 2793 excommunicandos,
1647 2739 1702 2784 et
1753 2729 1820 2783 de
1851 2729 2088 2783 ECClCria

514 2827 792 2901 pellendos
807 2845 929 2884 esse
964 2843 1266 2892 censemus,
1299 2827 1343 2880 si
1372 2835 1548 2880 tamen
1581 2822 1970 2878 contentiosius
1999 2821 2094 2874 ad-

511 2933 701 2974 versus
752 2935 812 2974 ea
862 2934 982 2988 qua:
1031 2918 1168 2973 bene
1208 2925 1332 2972 sunt
1361 2915 1577 2970 decreta
1619 2913 1996 2984 perstiterint:
2039 2920 2096 2966 et

516 3012 631 3067 haec
650 3011 862 3080 quidem
886 3010 952 3064 de
975 3009 1124 3064 laicis
1145 3009 1285 3063 dicta
1309 3008 1435 3061 sint.
1481 3007 1534 3061 Si
1565 3007 1684 3074 quis
1705 3013 1884 3060 autem
1909 3018 2094 3058 eorum

515 3103 608 3170 qui
636 3116 864 3170 praeesse
890 3110 1184 3154 noscuntur
1212 3098 1491 3162 Ecclesia),
1527 3110 1618 3153 aut
1656 3099 1972 3168 episcopus,
2005 3105 2100 3150 aut

519 3193 817 3262 presbyter,
850 3199 944 3244 aut
972 3190 1250 3254 diaconus,
1276 3199 1395 3259 post
1419 3191 1558 3243 hanc
1586 3189 1949 3243 definitionem
1982 3197 2101 3241 ten-

525 3283 720 3347 taverit
747 3282 814 3335 ad
843 3283 1244 3336 subversionem
1269 3281 1609 3349 populorum,
1635 3279 2101 3344 Ecclesiarumque

528 3371 1025 3440 perturbationem,
1066 3385 1306 3424 seorsum
1336 3370 1611 3438 colligere,
1663 3377 1718 3422 et
1759 3383 1879 3422 cum
1905 3366 2104 3422 Judzeis

530 3460 735 3516 Pascha
766 3461 1041 3515 celebrare
1067 3480 1080 3514 :
1103 3470 1288 3516 sancta
1319 3460 1554 3531 synodus
1583 3461 1725 3514 hunc
1743 3461 1974 3514 alienum
1992 3457 2104 3527 jam

533 3553 659 3607 hinc
689 3552 754 3604 ab
785 3551 1026 3606 Ecclesia
1051 3551 1323 3620 judicavit,
1348 3551 1490 3620 quod
1521 3567 1629 3605 non
1659 3551 1830 3605 solum
1861 3550 1984 3616 sibi,
2008 3548 2103 3604 sed
2135 3538 2176 3595 C

527 3653 586 3698 ct
615 3643 856 3712 plurimis
887 3656 1047 3695 causa
1092 3641 1453 3710 corruptionis
1481 3650 1538 3696 et
1565 3641 1981 3711 perturbationis
2008 3655 2106 3693 ex-

529 3733 747 3787 stiterit.
791 3731 899 3786 Nec
927 3731 1099 3784 solum
1137 3731 1273 3786 tales
1301 3747 1329 3784 a
1360 3731 1658 3786 ministerio
1707 3738 1969 3794 removet,
2015 3729 2107 3784 sed

531 3825 695 3880 etiam
743 3824 864 3877 illos
900 3823 990 3892 qui
1033 3831 1159 3892 post
1183 3822 1580 3877 damnationem
1611 3821 1914 3890 huiusmodi
1961 3835 2112 3874 com-

533 3915 810 3968 municare
861 3914 1184 3967 tentaverint
1213 3931 1225 3965 :
1259 3913 1536 3966 damnatos
1564 3922 1743 3966 autem
1787 3912 1932 3966 omni
1978 3925 2113 3979 quo-

532 4017 638 4070 que
666 4002 1000 4056 extrinsecus
1030 4003 1234 4056 honore
1263 4002 1477 4071 privari,
1506 4017 1666 4071 quem
1693 4011 1877 4056 sancta
1908 4001 2110 4070 regula,

532 4101 590 4146 et
617 4090 978 4146 sacerdotium
1009 4090 1102 4145 Dei
1132 4091 1445 4162 promeruit.

534 4223 614 4278 De
641 4225 720 4278 his
748 4225 836 4297 qui
870 4241 924 4279 se
949 4243 980 4279 a
1003 4225 1328 4297 perceptione
1348 4232 1542 4297 sanctae
1570 4223 1942 4297 communionis
1963 4237 2115 4297 arer_~

609 4291 831 4362 tunt,'et
859 4298 944 4366 qui
984 4291 1436 4349 excommunicatis
1466 4311 1557 4364 per
1597 4294 1775 4346 domos
1829 4291 2116 4345 communi—-

607 4373 747 4420 cant.

609 4474 768 4529 XXC.
812 4473 1010 4528 Omnes
1047 4475 1138 4543 qui
1191 4472 1561 4544 ingrediuntur
1590 4471 1884 4526 Ecdesiam
1916 4471 2032 4538 Dei,
2065 4478 2121 4524 et

537 4564 844 4632 Scripturas
871 4578 1052 4616 sacras
1077 4563 1314 4626 audiunt,
1360 4577 1460 4616 nec
1487 4561 1888 4616 communicant
1916 4561 1969 4612 in
1992 4574 2120 4612 ora-

540 4657 689 4710 tione
717 4670 838 4708 cum
871 4653 1093 4723 populo,
1119 4654 1212 4708 sed
1238 4670 1334 4723 pro
1362 4653 1590 4721 quadam
1621 4651 2033 4719 intemperantia
2063 4665 2123 4703 se

544 4763 573 4800 a
603 4747 946 4816 perceptione
976 4754 1173 4799 sancte
1214 4744 1608 4803 communionis
1637 4749 1887 4796 avertunt
1919 4759 1931 4793 :
1966 4741 2018 4794 hi
2057 4740 2125 4794 de

545 4838 781 4895 Ecclesia
808 4849 1204 4902 removeantur,
1229 4839 1464 4907 quandiu
1491 4853 1586 4907 per
1607 4834 1999 4891 confessionem
2018 4849 2127 4903 pa:-

2383 2223 2655 2298 scoporum
2686 2223 2914 2290 suorum,
2947 2225 3000 2278 in
3028 2224 3147 2277 aliis
3170 2223 3552 2276 immorantur.

2253 2335 2434 2393 XXCI.
2468 2337 2523 2392 Si
2553 2337 2670 2406 quis
2701 2337 2998 2407 presbyter,
3027 2343 3118 2388 aut
3142 2333 3429 2397 diaconus,
3477 2339 3536 2385 et
3567 2327 3789 2383 omnino

2537 2429 2700 2490 clero,
2737 2427 3043 2495 parochiam
3077 2425 3346 2493 propriam
3379 2423 3679 2488 deserens,
3726 2417 3790 2472 ad

2190 2609 2442 2678 parochia
2469 2623 2563 2676 per
2594 2607 2758 2661 multa
2793 2617 3032 2675 tempora
3081 2606 3266 2658 nititur
3296 2602 3626 2664 immorari,
3659 2599 3792 2652 ulte-

2191 2701 2298 2754 rius
2340 2700 2534 2754 ibidem
2566 2714 2671 2752 non
2705 2698 2970 2751 ministret
3001 2714 3015 2748 :
3047 2695 3298 2758 maxime,
3341 2694 3386 2746 si
3422 2689 3654 2746 vocanti
3695 2702 3793 2742 suo

2193 2791 2466 2859 episcopo,
2493 2797 2546 2842 et
2571 2787 2780 2855 regredi
2805 2786 2870 2840 ad
2902 2785 3170 2854 propriam
3195 2783 3516 2852 parochiam
3545 2792 3789 2835 commo-

2193 2881 2339 2934 nenti
2362 2881 2576 2934 obedire
2599 2878 2998 2946 contempserit.
3021 2874 3176 2942 Quod
3202 2875 3244 2928 si
3275 2874 3327 2928 in
3359 2875 3467 2929 hac
3495 2869 3788 2940 indiscipli-

2197 2971 2413 3024 natione
2443 2971 2717 3039 perdurat,
2752 2984 2781 3022 a
2814 2967 3111 3020 ministerio
3140 2965 3313 3019 modis
3335 2964 3601 3016 omnibus
3624 2975 3790 3015 remo-

2197 3068 2388 3113 veatur
2419 3077 2432 3112 :
2465 3061 2535 3114 ita
2568 3067 2626 3112 ut
2677 3072 3015 3126 nequaquam
3050 3056 3224 3109 locum
3253 3052 3619 3107 restitutionis
3650 3051 3790 3102 inve-

2199 3153 2328 3206 niat.
2361 3151 2418 3206 Si
2445 3168 2574 3206 vero
2609 3168 2705 3220 pro
2750 3152 2848 3203 hac
2878 3164 3036 3204 causa
3066 3149 3373 3202 damnatum
3407 3145 3556 3200 alter
3584 3143 3790 3213 episco-

2203 3264 2301 3316 pus
2315 3246 2588 3314 suscipiat,
2603 3245 2689 3298 bic
2704 3245 2862 3296 etiam
2880 3259 2910 3295 a
2932 3240 3200 3296 cmnmuni
3219 3247 3552 3293 coerceatur
3567 3231 3790 3308 synodo,

2203 3341 2352 3396 velut
2378 3340 2466 3408 qui
2496 3338 2858 3394 ecclesiastica
2882 3337 3171 3392 constituta
3202 3331 3489 3386 dissolvat.

2420 3447 2498 3500 De
2521 3447 2802 3508 damnatis,
2835 3456 2882 3498 et
2913 3445 3210 3497 ministrare
3239 3436 3588 3494 teutantibus.

2279 3559 2482 3614 XXCII.
2513 3557 2570 3613 Si
2599 3558 2719 3626 quis
2746 3558 3030 3627 episcopus
3055 3555 3339 3607 damnatus
3367 3567 3397 3604 a
3435 3545 3684 3622 synodo,
3715 3541 3792 3596 vel

2214 3652 2522 3722 presbyter,
2554 3658 2646 3702 aut
2672 3648 2952 3714 diaconus,
2983 3662 3013 3700 a
3040 3663 3138 3701 suo
3167 3646 3422 3715 episcopo
3446 3641 3566 3696 ausi
3605 3636 3795 3693 fuerint

2213 3741 2408 3810 aliquid
2434 3740 2500 3794 de
2529 3739 2825 3793 ministerio
2848 3753 3002 3791 sacro
3030 3736 3343 3802 contingere
3384 3751 3398 3785 :
3446 3734 3564 3788 sive
3592 3727 3793 3799 episco-

2215 3848 2334 3901 pus,
2372 3829 2524 3899 juxta
2557 3828 2942 3897 praecedentem
2974 3826 3440 3889 consuetudinem,
3500 3824 3618 3878 sive
3646 3831 3792 3890 pres-

2217 3922 2389 3992 byter,
2422 3929 2517 3973 aut.
2544 3918 2822 3979 diaconus,
2854 3919 3001 3972 nullo
3019 3919 3178 3972 modo
3211 3917 3368 3970 liceat
3389 3917 3462 3984 ei,
3493 3931 3595 3970 nec
3623 3913 3674 3967 iit
3697 3908 3792 3963 alia

2218 4010 2445 4083 synodo,
2479 4010 2832 4065 restitutionis
2860 4024 3009 4077 spem
3057 4016 3150 4062 aut
3202 4007 3377 4061 locum
3409 4008 3612 4061 habere
3642 3999 3793 4056 satis-

2220 4103 2463 4158 factionis
2492 4122 2503 4156 :
2535 4103 2629 4160 sed
2662 4111 2716 4156 et
2745 4101 3206 4155 couununicantes
3246 4098 3294 4152 ei
3325 4113 3517 4152 omnes
3546 4091 3700 4162 abjici
3729 4088 3793 4142 de

2221 4193 2478 4261 Ecclesia,
2509 4202 2565 4248 et
2593 4192 2823 4246 maxime
2847 4192 2889 4244 si
2917 4198 3264 4260 posteaquam
3304 4188 3588 4242 didicerint
3612 4182 3793 4238 adver-

2222 4302 2340 4339 sum
2371 4293 2698 4339 memoratos
2730 4283 2991 4351 prolatam
3023 4281 3182 4334 fuisse
3208 4279 3560 4342 sententiam,
3597 4269 3792 4330 eisdem

2222 4375 2620 4428 coin.i.unicare
2649 4372 2992 4425 tentavcrint.

2227 4484 2304 4538 De
2331 4485 2408 4538 his
2437 4484 2524 4554 qui
2551 4499 2606 4536 se
2633 4499 2665 4534 a
2691 4482 2976 4534 ministerio
3005 4480 3352 4554 ecclesiastico
3377 4476 3713 4536 subtrahunt,
3747 4474 3793 4520 el

2746 4568 2974 4604 seorsum
3002 4551 3272 4620 colligunt.

2295 4660 2519 4716 XXCIII.
2549 4662 2603 4716 Si
2630 4663 2750 4732 quis
2791 4662 3097 4733 presbyter,
3139 4667 3232 4713 aut
3260 4659 3551 4723 diaconus,
3599 4652 3793 4723 episcoc

2229 4773 2352 4826 pum
2375 4757 2648 4826 pr0prium
2677 4764 3047 4818 contemnens,
3075 4769 3135 4808 se
3164 4755 3231 4807 ab
3253 4752 3487 4806 Ecclesia
3511 4750 3794 4818 sequestra-

2229 4851 2325 4917 vit,
2354 4857 2410 4904 et
2436 4863 2676 4904 seorsum
2720 4847 2978 4913 colligens
3019 4847 3188 4899 altare
3219 4845 3527 4908 constituit,
3575 4850 3628 4895 et
3654 4848 3784 4892 com-

544 4933 784 4987 nitentia:
816 4931 1016 4986 fructus
1045 4933 1358 4999 ostendant,
1389 4940 1444 4986 et
1465 4929 1713 5001 precibus
1738 4927 2121 4996 indulgentiam
2155 4917 2201 4975 υ
2228 4940 2466 4994 monenti
2505 4942 2759 5008 episcopo
2797 4953 2903 4992 non
2959 4935 3322 5004 acquieverit,
3376 4952 3475 4990 nec
3502 4924 3792 4989 consentire

543 5039 958 5099 consequantur.
985 5027 1116 5080 Cum
1139 5025 1612 5082 exconunuuicatis
1634 5033 1811 5076 autem
1833 5037 1939 5074 non
1959 5020 2122 5074 licere

543 5125 978 5188 communicare;
1030 5139 1130 5177 nec
1158 5137 1279 5177 cum
1324 5121 1405 5174 his
1455 5120 1546 5189 qui
1579 5135 1676 5188 per
1703 5118 1893 5170 domos
1922 5128 2124 5169 conve-

546 5216 720 5282 niunt,
752 5214 1052 5267 devitantes
1074 5213 1345 5264 orationes
1374 5208 1646 5269 Ecclesizn,
1679 5205 1834 5260 simul
1864 5201 2124 5258 orandum

549 5314 632 5358 est
665 5330 676 5356 ς
707 5305 773 5357 ab
803 5305 904 5358 alia
932 5319 1146 5372 quoque
1174 5302 1411 5355 Ecclesia
1443 5315 1548 5352 non
1578 5296 2000 5366 suscipiendum,
2033 5293 2128 5362 qui

555 5395 608 5448 in
639 5395 740 5448 alia
767 5397 983 5449 minime
1011 5402 1384 5462 congregatur.
1412 5391 1465 5446 Si
1487 5393 1606 5460 quis
1636 5400 1814 5444 autem
1837 5389 1904 5442 de
1926 5388 2132 5458 episco-

558 5486 668 5556 pis,
708 5496 799 5538 aut
830 5487 1152 5556 presbyteris
1176 5522 1190 5545 ,
1234 5483 1319 5537 vel
1349 5482 1608 5549 diaconis,
1658 5496 1753 5535 seu
1794 5479 2020 5549 quilibet
2059 5494 2131 5534 ex

556 5575 704 5630 clero
733 5577 1099 5646 deprehensus
1127 5575 1285 5630 fuerit
1312 5590 1433 5630 cum
1461 5573 1940 5629 excommunicatis
1983 5586 2134 5627 com-

554 5666 849 5732 municare,
880 5667 1041 5720 etiam
1069 5665 1169 5720 iste
1191 5667 1426 5735 privetur
1452 5664 1856 5732 communione,
1877 5671 2131 5734 tanquam

555 5761 647 5830 qui
672 5758 906 5831 regulam
937 5757 1228 5815 confundat
1255 5755 1529 5814 Ecclesiae.

2231 5035 2311 5088 vel
2342 5035 2560 5089 obedire
2582 5031 3009 5092 volueritsemel,
3030 5039 3084 5083 et
3113 5032 3305 5084 iterum
3334 5022 3650 5083 convocanti
3675 5038 3686 5072 :
3715 5016 3792 5070 hic

2230 5125 2511 5180 damnetur
2532 5123 2864 5185 omnimodo,
2890 5138 2988 5177 nec
3012 5122 3151 5176 ultra
3182 5123 3474 5176 remedium
3505 5126 3788 5182 consequa-

2233 5227 2336 5283 tur,
2363 5219 2487 5288 quia
2514 5231 2664 5270 suam
2687 5215 2930 5282 recipere
2959 5229 3064 5267 non
3096 5222 3273 5283 potest
3293 5213 3622 5281 dignitatem.
3656 5197 3792 5270 Quod

2233 5315 2276 5369 si
2305 5311 2598 5368 Ecclesiam
2629 5307 2952 5362 conturbare
2976 5315 3032 5361 et
3079 5307 3371 5361 sollicitare
3399 5306 3664 5375 persistat,
3688 5303 3794 5350 tan—

2233 5420 2392 5476 quam
2420 5403 2738 5467 seditiosus,
2776 5417 2871 5471 per
2890 5409 3191 5472 potestates
3221 5409 3434 5456 exteras
3460 5397 3788 5471 opprimatur-

2500 5515 2575 5572 De
2594 5516 2797 5571 clericis
2826 5517 3286 5569 excommunicatis
3315 5521 3363 5568 et
3393 5514 3561 5568 laicis.

2305 5626 2530 5684 XXCIV.
2571 5626 2628 5682 Si
2665 5628 2785 5698 quis
2813 5643 2843 5680 a
2871 5626 3094 5698 pr0prio
3141 5627 3395 5696 episcopo
3443 5620 3791 5705 communione

2235 5724 2477 5798 privatus
2497 5729 2602 5793 est,
2630 5735 2743 5780 non
2770 5727 2897 5777 ante
2923 5718 3250 5802 suscipiatur
3274 5717 3342 5774 ab
3362 5715 3506 5802 aliis,
3530 5722 3684 5786 quam
3707 5711 3793 5760 suo
