4128 6348
398 323 494 379 161

1385 325 1604 384 CODI‘LX
1644 329 1968 385 CANONL’SI
2014 331 2580 392 ECCIESIASTICOB
2592 337 2710 398 ΠΜ.

3567 312 3672 395 is:

398 437 774 493 reconcilietur
812 439 1099 510 episcopo,
1134 447 1226 492 aut
1258 449 1404 495 certe
1433 441 1499 494 ad
1530 443 1827 512 synodum,
1861 459 1978 513 quzc
2010 453 2053 508 Α
2083 447 2173 515 qui
2197 449 2248 501 in
2272 448 2459 502 eadem
2483 449 2757 518 provincia
2780 458 3217 516 commorantur,
3240 450 3331 521 qui
3357 452 3520 507 etiam
3544 438 3686 523 pro—ﬁ

396 538 773 595 congregatur,
800 545 1091 584 occurrens
1117 544 1213 598 pro
1236 544 1294 583 se
1320 530 1644 595 satisfaciat,
1677 542 1731 588 et
1757 549 1981 604 persua-

398 620 533 672 dens
545 619 772 673 concilio
789 622 1108 673 sententiam
1126 621 1382 690 suscipiat
1400 623 1641 675 alteram.
1658 622 1783 678 Ilaec
1798 635 1978 679 auten:

400 709 641 764 delinitio
668 722 886 765 maneat
915 712 1054 765 circa
1088 712 1272 774 laieos,
1305 724 1359 766 et
1388 715 1748 785 presbyteros,
1780 726 1835 770 et
1864 717 1980 770 dia-

401 815 602 867 conos,
647 816 943 871 omuesque
970 802 1061 871 qui
1091 803 1189 856 sub
1220 802 1406 871 regula
1435 819 1554 858 esse
1594 815 1978 860 monstrantur.

764 913 846 968 De
864 917 1249 987 peregrinorum
1278 920 1617 987 susceptione.

444 1025 683 1083 αχεν.
716 1028 902 1083 Nullus
929 1032 1335 1101 peregrinorum
1363 1032 1477 1086 sine
1509 1032 1762 1102 pacilicis,
1795 1030 1846 1084 id
1878 1042 1980 1092 est,

404 1119 858 1175 commendatitiis
882 1122 1203 1192 suscipiatur
1228 1122 1487 1190 epistolis.

405 1228 487 1284 De
500 1232 730 1301 paciﬁcis
741 1234 1148 1302 peregrinorum,
1160 1233 1215 1285 id
1234 1242 1310 1287 est
1325 1235 1756 1291 commendatitiis
1776 1237 1982 1292 litteris.

480 1338 709 1395 XXCVI.
754 1339 1058 1413 Presbyteri
1096 1343 1186 1411 qui
1229 1352 1355 1397 sunt
1399 1344 1453 1397 in
1511 1345 1651 1411 agris
1697 1346 1986 1401 canonicas

407 1431 666 1501 epistolas
694 1432 824 1487 dare
850 1448 958 1487 non
997 1441 1240 1501 possunt,
1273 1434 1338 1487 ad
1378 1435 1524 1488 solos
1552 1443 1756 1488 tantum
1786 1436 1987 1492 vicinos

408 1523 691 1593 episcopos
735 1523 943 1579 litteras
982 1523 1342 1578 destinabnnt.
1394 1525 1774 1594 Chorepiscopi
1806 1537 1985 1581 autem

410 1613 503 1684 qui
527 1622 650 1668 sunt
679 1615 1197 1683 irrepreheusibiles,
1227 1616 1357 1670 dare
1385 1626 1609 1686 possunt
1635 1616 1900 1686 paciﬁcas,
1936 1619 1986 1672 id

404 1712 495 1759 est
523 1706 801 1775 generales
827 1706 1107 1774 epistolas.

558 1816 634 1872 De
659 1819 1067 1888 metropolitanis
1092 1819 1413 1890 singularum
1438 1821 1835 1889 provinciarum.

483 1928 733 1985 XXCVII.
767 1929 869 1983 Per
894 1930 1132 1998 singulas
1161 1932 1408 1999 regiones
1431 1933 1716 2001 episcopos
1741 1935 1994 1987 convenit

414 2038 594 2087 nosse,
623 2023 1094 2091 metropolitanum
1126 2024 1435 2093 episcopum
1462 2024 1872 2079 sollicitudinem
1906 2036 1991 2080 to—

416 2115 523 2169 tius
549 2114 836 2185 provineizc
861 2128 1049 2182 gerere
1075 2132 1087 2167 :
1120 2123 1345 2186 propter
1371 2116 1513 2185 quod
1544 2115 1610 2168 ad
1652 2118 1990 2187 melropolim

414 2220 604 2261 omnes
630 2205 864 2273 undique
893 2205 984 2273 qui
1012 2207 1227 2273 negotia
1255 2205 1504 2259 videntur
1526 2207 1744 2270 habere,
1770 2224 1995 2262 concur-

413 2303 559 2349 runt.
586 2293 737 2349 Unde
756 2294 959 2363 placuit
980 2310 1102 2349 eum
1129 2303 1185 2349 et
1206 2296 1412 2350 honore
1434 2299 1759 2366 praecellere,
1791 2309 1846 2353 et
1868 2302 1992 2354 nihil

413 2385 642 2454 amplius
662 2395 856 2455 praeter
875 2401 996 2439 eum
1024 2395 1249 2441 ceteros
1276 2388 1562 2457 epise0pos
1593 2405 1771 2456 agere,
1798 2407 1993 2446 secun-

416 2475 545 2530 dum
576 2476 849 2543 antiquam
883 2492 913 2530 a
948 2477 1190 2546 patribus
1221 2479 1419 2532 nostris
1465 2481 1702 2547 regulam
1732 2484 1994 2536 constitu-

426 2576 534 2620 tam
568 2584 581 2619 :
611 2567 711 2621 nisi
733 2582 795 2621 ea
823 2575 1032 2621 tantum
1083 2584 1202 2637 qua:
1251 2570 1317 2623 ad
1347 2587 1497 2625 suam
1526 2574 1802 2627 dimeesim
1835 2578 1995 2643 perti-

419 2667 577 2722 nent,
609 2659 1082 2727 possessionesque
1108 2660 1396 2730 subjectas.
1446 2662 1817 2734 Unusquisque
1855 2667 1995 2720 enim

417 2748 707 2817 episcopus
732 2748 929 2802 habeat
954 2765 1067 2803 suae
1094 2751 1361 2819 parochias
1387 2762 1727 2820 potestatem,
1763 2763 1818 2807 ut
1850 2763 1999 2822 regat

419 2838 566 2907 juxta
595 2840 950 2892 reverentiam
981 2840 1201 2907 singulis
1244 2853 1660 2911 competentem,
1712 2853 1766 2898 et
1815 2848 1997 2913 provi-

420 2929 655 2982 dentiam
682 2937 835 2995 gerat
863 2929 1039 2982 omnis
1078 2931 1436 2998 possessionis
1472 2946 1591 2999 qua:
1629 2934 1727 3008 sub
1776 2936 1890 2999 ejus
1920 2944 2000 2987 est

421 3022 639 3076 civitate
666 3039 679 3073 :
712 3021 783 3075 ita
815 3028 872 3074 ut
898 3022 1241 3093 presbyteros
1270 3032 1323 3076 et
1352 3023 1612 3078 diaconos
1657 3024 1893 3089 ordinet,
1946 3034 1999 3079 et

422 3113 627 3181 singula
656 3128 754 3167 suo
792 3111 996 3182 judicio
1033 3102 1475 3183 comprehendat.
1527 3115 1769 3183 Amplius
1815 3125 1995 3168 autem

2086 537 2409 592 lleiscentem
2440 540 2551 593 suis
2582 549 2974 609 prosequantur
2997 542 3257 612 epistolis.

2085 647 2165 701 De
2189 650 2451 703 damnatis
2473 652 2746 721 cpisc0pis,
2779 646 2865 705 aut
2891 655 3090 709 clericis
3119 657 3424 712 adeuntibus
3449 659 3670 729 impera-

2784 734 2967 777 torem.

2159 808 2266 862 XC.
2301 808 2357 863 Si
2387 811 2509 878 quis
2540 828 2568 865 a
2600 812 2820 881 proprio
2852 815 3108 883 episcopo
3139 818 3420 886 presbyter
3442 824 3536 870 aut
3563 817 3672 872 dia-

2088 914 2274 963 conus,
2307 909 2397 953 aut
2426 918 2455 953 a
2486 903 2691 971 synodo
2714 901 2872 955 fuerit
2894 903 3177 973 episc0pus
3203 905 3338 959 forte
3360 905 3668 971 damnatus,

2090 997 2143 1039 et
2161 988 2499 1057 imperatoris
2520 992 2737 1045 auribus
2758 992 3015 1047 molestus
3036 996 3299 1049 exstiterit
3325 1014 3337 1048 ς
3366 1007 3578 1065 oportet
3599 999 3667 1052 ad

2091 1078 2263 1146 majus
2292 1080 2665 1149 episcoporum
2689 1084 2932 1136 converti
2962 1085 3268 1152 concilium,
3300 1096 3353 1140 et
3380 1103 3499 1154 qum
3520 1096 3672 1156 puta-

2088 1170 2264 1222 verint
2304 1170 2503 1224 habere
2529 1182 2707 1239 justa,
2761 1173 3002 1241 plurimis
3041 1175 3308 1244 episc0pis
3353 1185 3665 1245 suggerant,

2088 1274 2383 1326 eorumque
2397 1261 2759 1316 discussioncs
2772 1261 3041 1330 acjudicia
3061 1266 3456 1333 prmstolentur.
3473 1267 3526 1319 Si
3544 1283 3671 1323 vero

2091 1350 2203 1403 haec
2234 1353 2681 1421 parvipeudentcs
2710 1355 2921 1409 molesti
2951 1354 3146 1409 fuerint
3190 1357 3526 1426 imperatori,
3570 1359 3671 1413 hos

2090 1439 2232 1492 nulla
2258 1443 2411 1494 venia
2442 1444 2632 1512 dignos
2658 1460 2796 1508 esse,
2828 1461 2927 1499 nec
2962 1446 3137 1499 locum
3160 1447 3544 1504 satisfactionis
3570 1450 3672 1503 ha-

2089 1529 2235 1593 bere,
2266 1548 2364 1585 nec
2385 1549 2535 1602 spem
2566 1535 2754 1589 futurae
2780 1536 3134 1591 restitutionis
3162 1539 3374 1606 penitus
3403 1541 3662 1609 Opperiri.

2092 1640 2169 1695 De
2199 1643 2278 1695 Itis
2306 1646 2390 1715 qni
2419 1662 2532 1698 cum
2562 1656 2680 1698 sunt
2701 1663 2763 1699 ea:
2796 1649 2902 1700 alia
2932 1651 3213 1717 provincia,
3245 1652 3298 1704 in
3328 1652 3446 1705 aliis
3476 1654 3669 1706 audent

2584 1718 2940 1771 ordinationes
2966 1720 3044 1787 e/ﬁ
3050 1736 3179 1772 cere.

2016 1823 2059 1879 Β
2162 1804 2290 1859 XCI.
2325 1807 2510 1861 Nullus
2541 1811 2822 1879 episcopus
2849 1828 2914 1864 ex
2946 1814 3049 1864 alia
3082 1813 3355 1881 provincia
3384 1814 3579 1869 audeat
3606 1815 3672 1871 ad

2095 1899 2255 1951 aliam
2289 1901 2616 1967 transgredi,
2662 1911 2716 1955 et
2746 1902 2813 1955 ad
2844 1905 3237 1971 promotionem
3265 1907 3548 1960 ministerii
3579 1907 3685 1961 ali~-

2094 2004 2233 2058 quos
2264 1989 2315 2043 in
2344 1990 2599 2046 Ecclesiis
2627 1991 2903 2055 ordinare,
2938 1994 3063 2048 licet
3091 2009 3413 2050 consensum
3452 1997 3669 2050 videan-

2095 2091 2181 2134 tur
2210 2082 2450 2151 pncbcre
2478 2084 2717 2136 nonnulli
2745 2102 2755 2135 :
2786 2085 2887 2137 nisi
2914 2086 3104 2140 litteris
3123 2096 3228 2139 tam
3249 2088 3675 2157 metropolitani,

2095 2187 2252 2239 quam
2298 2181 2648 2235 cancrorum,
2700 2175 2940 2240 quicum
2971 2192 3038 2228 eo
3077 2187 3227 2241 sunt,
3276 2177 3674 2246 episcoporum,

2099 2270 2313 2327 rogatus
2360 2263 2646 2326 alveniat,
2698 2272 2753 2317 et
2798 2265 2875 2318 sic
2919 2265 2985 2318 ad
3014 2267 3278 2320 actionem
3319 2268 3677 2323 ordinationis

2097 2355 2338 2408 accedat.
2367 2354 2421 2408 Si
2454 2371 2584 2409 vero
2617 2356 2762 2409 nullo
2791 2367 3035 2419 vocante,
3075 2359 3380 2413 inordinate
3405 2375 3558 2414 more
3584 2358 3677 2415 δρα

2101 2453 2351 2512 properet
2373 2460 2536 2511 super
2561 2446 2830 2513 aliquibus
2864 2448 3291 2503 ordinationibus
3319 2458 3374 2502 et
3419 2451 3683 2505 ecelesia-.

2099 2532 2248 2585 sticis
2278 2535 2525 2599 negotiis,
2576 2535 2641 2588 ad
2674 2550 2796 2589 cum
2848 2552 2954 2589 non
2996 2537 3408 2605 pertinentibus,
3458 2554 3679 2608 compo-

2102 2623 2321 2686 nendis,
2350 2624 2499 2677 irrita
2547 2624 2763 2692 quidem
2803 2641 2924 2694 qua:
2947 2626 3014 2681 ab
3044 2642 3110 2680 eo
3135 2638 3395 2694 geruntur
3421 2629 3677 2692 existant,

2103 2713 2216 2780 ipse
2272 2730 2399 2767 vero
2459 2714 2799 2784 incompositi
2850 2728 3029 2773 motus
3072 2720 3154 2773 sui
3197 2730 3252 2773 et
3300 2720 3680 2775 irrationabilis

2099 2805 2337 2858 audacia:
2380 2806 2570 2860 subeat
2600 2808 2855 2863 ultionem
2877 2850 2892 2875 ,
2942 2824 3009 2863 ex
3056 2811 3159 2864 hoc
3199 2810 3309 2879 jam
3340 2811 3624 2865 damnatus
3648 2827 3679 2865 a

2101 2903 2286 2948 sancto
2316 2896 2568 2949 concilio.

2104 3006 2183 3060 De
2205 3009 2527 3085 dissensione
2573 3027 2685 3085 quis
2724 3029 2877 3080 super
2904 3015 3257 3083 episcoporum
3310 3016 3682 3085 dijudicatione

2209 3081 2483 3149 contingit,
2516 3083 2889 3151 appellantium
2915 3081 3256 3152 provinciales
3296 3081 3571 3141 antistites.

424 3202 553 3254 nihil
578 3214 737 3268 agere
759 3209 949 3264 tentet,
966 3210 1163 3270 pmter
1185 3202 1478 3255 antistitem
1506 3203 1999 3271 metropolitanum,

2174 3187 2332 3242 XCII.
2364 3188 2419 3243 Si
2440 3191 2560 3259 quis
2586 3192 2868 3259 episcopus
2897 3192 2965 3246 de
2993 3194 3155 3247 certis
3195 3194 3506 3250 criminibus
3539 3194 3682 3265 judi-

425 3308 526 3347 nec
570 3291 1017 3360 metropolitanus
1052 3293 1169 3346 sine
1216 3302 1533 3347 cieterorum
1583 3302 1737 3363 gerat
1780 3295 2005 3348 consilio

425 3382 789 3438 sacerdotum.

728 3490 807 3544 De
834 3492 911 3553 his
942 3492 1027 3562 qui
1047 3501 1293 3546 vocantur
1319 3492 1690 3562 cliorepiswpi.

452 3588 457 3605 ⁵
502 3578 776 3635 XXCVIII.
807 3580 909 3646 Qui
964 3581 1017 3634 in
1073 3582 1205 3635 vicis
1250 3582 1331 3635 vel
1375 3584 1803 3651 possessionibus
1849 3584 2009 3639 chor-

419 3672 667 3742 episcopi
714 3673 1079 3737 nominantur,
1118 3676 1361 3743 quamvis
1391 3691 1580 3729 manus
1609 3676 2005 3745 impositionem

431 3764 806 3834 episcoporum
851 3767 1217 3834 perceperint,
1271 3775 1325 3820 et
1357 3774 1416 3819 ut
1445 3769 1681 3837 episcopi
1708 3772 2008 3824 consecrati

432 3859 539 3913 sint
568 3899 584 3924 ,
632 3865 809 3912 tamen
839 3872 1039 3913 saneta:
1067 3864 1273 3930 synodo
1302 3861 1518 3928 placuit,
1552 3868 1612 3914 ut
1640 3861 1855 3915 modum
1881 3877 2009 3931 pro-

433 3946 606 4015 prium
651 3956 1078 4015 recognoscant,
1139 3956 1196 4000 ut
1245 3948 1545 4016 gubernem
1590 3949 1861 4018 subjectos
1910 3952 2009 4004 sibi

432 4033 722 4102 Ecelesias,
755 4051 1047 4106 earumque
1105 4038 1472 4093 moderamine
1507 4054 1742 4109 curaque
1769 4042 2010 4096 contenti

434 4124 559 4177 sint.
597 4122 860 4179 Ordinent
888 4127 1049 4179 etiam
1096 4126 1325 4181 lectores
1362 4137 1414 4181 et
1445 4129 1803 4185 subdiaconos
1850 4140 2012 4199 atque

433 4214 766 4280 exorcistas;
811 4216 1005 4285 quibus
1041 4218 1414 4285 promotiones
1441 4219 1553 4271 istae
1581 4219 1868 4274 sufﬁciant.
1902 4223 2013 4277 Nec

436 4304 809 4375 presbyterum
837 4320 965 4360 vero
986 4347 1002 4373 ,
1033 4321 1134 4361 nec
1160 4307 1446 4361 diaconum
1477 4308 1712 4362 audeant
1740 4311 2011 4377 ordinare,

436 4405 633 4465 prteter
651 4396 885 4452 civitatis
912 4398 1244 4468 episcopum,
1275 4399 1360 4452 cui
1390 4399 1504 4468 ipse
1531 4415 1651 4454 cum
1673 4403 2014 4471 possessione

440 4486 711 4554 subjectus
735 4497 839 4543 eet.
869 4487 927 4543 Si
960 4489 1079 4557 quis
1113 4497 1293 4543 autem
1324 4493 1619 4559 transgredi
1655 4500 1854 4548 statuta
1894 4504 2012 4550 ten-

2108 3289 2280 3345 cetur,
2310 3288 2365 3335 et
2393 3282 2668 3348 contingat
2692 3282 2759 3335 de
2784 3298 2851 3335 eo
2879 3284 3236 3351 provinciales
3267 3287 3550 3355 episcopos
3575 3288 3681 3342 dis-

2108 3373 2283 3427 sidere
2309 3413 2325 3438 ,
2359 3388 2481 3427 cum
2529 3373 2797 3442 judicatus
2840 3375 2907 3428 ab
2955 3375 3072 3428 aliis
3120 3376 3380 3431 innocens
3424 3378 3680 3443 creditur,

2110 3482 2232 3519 reus
2262 3465 2329 3519 ab
2371 3466 2489 3519 aliis
2524 3483 2536 3518 :
2571 3482 2668 3535 pro
2722 3470 2885 3521 totius
2936 3469 3297 3536 atnliiguLtatis
3326 3470 3683 3534 absolutione,

2109 3566 2309 3610 sancta:
2340 3556 2546 3627 synodo
2587 3558 2805 3626 placuit,
2840 3566 2899 3611 ut
2925 3560 3370 3627 metrOpolitanus
3399 3562 3685 3631 episcopus

2111 3661 2141 3699 a
2170 3648 2344 3701 vicina
2374 3648 2649 3716 provincia
2701 3647 2910 3716 jndices
2940 3648 3075 3702 alios
3120 3659 3403 3716 convocet,
3431 3652 3522 3720 qui
3550 3666 3683 3706 con-

2112 3741 2425 3795 troversiam
2451 3741 2640 3795 tollant
2664 3783 2678 3807 ,
2712 3751 2771 3824 ut
2810 3756 2908 3809 per
2945 3756 3039 3796 eos
3065 3742 3224 3795 simul
3254 3752 3310 3796 et
3344 3758 3441 3810 per
3469 3744 3687 3812 provin-

2111 3830 2274 3883 ciales
2318 3830 2619 3899 episcopos,
2652 3829 2797 3899 quod
2843 3830 3044 3899 justum
3075 3831 3244 3885 visum
3279 3829 3686 3900 luerit,~appro-

2110 3920 2285 3974 betur.

2112 4026 2191 4080 De
2218 4029 2466 4097 episcopis
2513 4027 2577 4080 ab
2606 4028 2831 4098 ejusdem
2880 4028 3153 4097 provincia:
3180 4027 3530 4082 sacerdotibus
3556 4044 3683 4081 con-

2655 4108 2898 4151 sonanter
2921 4098 3163 4151 exclusis.

2183 4206 2360 4259 XCIII.
2394 4206 2450 4260 Si
2479 4207 2598 4273 quis
2621 4208 2905 4275 episcopus
2924 4206 2991 4259 de
3016 4209 3179 4260 certis
3199 4206 3510 4260 criminibus
3536 4222 3690 4261 accu-

2113 4307 2259 4352 satus
2299 4298 2685 4350 condemnetur
2730 4296 2798 4349 ab
2842 4296 3088 4348 omnibus
3138 4296 3404 4364 episcopis
3448 4294 3687 4363 ejusdem

2115 4388 2438 4458 provinciae,
2470 4387 2755 4454 cunctique
2803 4400 3163 4439 consonanter
3210 4387 3455 4440 eamdem
3498 4396 3689 4439 contra

2115 4494 2237 4533 eum
2268 4477 2492 4530 formam
2544 4477 2744 4530 decreti
2803 4476 3120 4545 protulerint
3149 4476 3307 4539 hunc,
3365 4477 3507 4546 apud
3556 4476 3692 4530 alios

440 4578 633 4633 lavem
655 4619 670 4644 ν
715 4578 1025 4648 depositus,
1077 4594 1187 4648 quo
1224 4581 1477 4635 utebatur
1518 4583 1724 4638 honore
1750 4585 2008 4653 privetur.
2042 4559 2091 4617 D
2118 4571 2264 4623 nullo
2290 4570 2448 4621 modo
2466 4566 2716 4635 judicari,
2743 4568 2841 4621 sed
2878 4566 3081 4620 ﬁrmam
3108 4568 3548 4622 concordantium
3572 4566 3693 4636 epi-

438 4666 894 4738 Chorepiseopum
924 4685 1054 4725 vero
1082 4671 1314 4726 civitatis
1342 4673 1625 4743 episcopus
1653 4676 1896 4740 ordinet,
1926 4678 2012 4731 cui

442 4757 532 4813 ille
549 4758 819 4826 subjectus
840 4768 943 4813 est.

551 4868 630 4923 De
646 4871 895 4942 episcopis
916 4880 966 4925 et
985 4874 1183 4927 clericis
1205 4874 1508 4929 adeuntibus
1526 4877 1906 4946 imperatorem.

466 4978 473 4981 ·
516 4957 741 5015 XXCIX.
772 4962 829 5017 Si
857 4965 976 5032 quis
997 4965 1297 5035 episcopus,
1330 4974 1425 5019 aut
1452 4968 1749 5039 presbyter,
1783 4978 1875 5023 aut
1898 4972 2017 5039 qui-

447 5048 579 5103 libet
600 5053 793 5120 regulte
819 5055 1091 5123 subjectus
1112 5055 1381 5123 Ecclesize,
1410 5069 1605 5127 praeter
1644 5062 1925 5115 consilium
1961 5072 2016 5117 et

447 5140 652 5194 litteras
679 5144 1053 5213 episcoporum
1077 5148 1394 5214 provinciae,
1437 5158 1491 5204 et
1517 5151 1785 5220 prmcipue
1813 5162 2019 5208 metro-

448 5231 700 5299 politani,
742 5232 935 5287 adierit
995 5235 1376 5305 imperatorem
1400 5278 1416 5303 ,
1456 5239 1600 5295 hunc
1648 5242 1928 5311 reprobari
1966 5254 2022 5299 et

449 5321 607 5389 sbjici
639 5332 914 5392 oportere,
943 5340 1051 5380 non
1080 5325 1254 5380 solum
1276 5343 1307 5382 a
1330 5332 1727 5398 communione,
1751 5349 1936 5390 verum
1965 5346 2019 5391 et

449 5414 516 5466 ab
570 5415 775 5470 honore
819 5415 972 5484 cujus
1011 5417 1280 5488 particeps
1325 5419 1538 5476 videtur
1581 5424 1833 5479 existere.
1883 5425 2017 5492 Quia

449 5505 741 5560 venerandi
770 5506 1023 5577 principis
1064 5507 1282 5563 auribus
1319 5510 1625 5565 molestiam
1670 5516 1895 5569 tentavit
1939 5517 2020 5571 in-

452 5595 613 5662 ferre,
638 5606 827 5653 contra
855 5599 997 5667 leges
1011 5596 1280 5655 Ecelesim.
1303 5598 1359 5653 Si
1382 5601 1544 5670 igitur
1563 5602 1711 5658 adire
1731 5606 2025 5677 principem

454 5693 756 5748 necessaria
793 5710 951 5750 causa
981 5695 1250 5765 deposcit,
1284 5695 1388 5754 hoc
1434 5708 1621 5767 agatur
1647 5717 1768 5757 cum
1799 5713 2027 5758 tractatu

456 5794 513 5838 et
532 5786 753 5843 consilio
774 5789 1195 5862 metropolitani,
1217 5802 1272 5849 et
1291 5803 1606 5849 cancrorum
1654 5798 2025 5868 episcoporum

2116 4676 2399 4731 scaporum
2430 4659 2717 4730 provinciae
2748 4674 2964 4713 manere
2995 4659 3337 4714 sententiam.

2557 4769 2635 4823 De
2661 4769 2959 4823 vacantibus
2987 4771 3261 4836 episc0pis.

2190 4862 2369 4917 XCIV.
2415 4861 2472 4915 Si
2501 4866 2621 4931 quis
2646 4862 2931 4930 cpiscopus
2968 4878 3164 4916 vacans
3191 4862 3243 4915 in
3274 4858 3568 4915 Ecclesiam
3600 4874 3668 4913 va

2120 4965 2332 5009 cantem
2357 4958 2618 5024 prosiliat,
2645 4956 2934 5023 sedemque
2984 4958 3238 5025 pervadat
3260 4958 3460 5024 absque
3489 4957 3697 5020 integro

2127 5044 2474 5113 perfectoque
2513 5046 2763 5109 concilio,
2807 5046 2893 5100 hic
2922 5046 3205 5114 abjiciatur
3229 5060 3447 5099 necesse
3469 5052 3569 5102 est,
3596 5042 3697 5096 etsi

2127 5148 2352 5192 cunctus
2391 5140 2638 5206 populus,
2661 5154 2818 5205 quem
2849 5138 3086 5207 diripuit.
3112 5154 3232 5193 eum
3264 5138 3459 5190 habere
3487 5135 3698 5200 delege-

2128 5231 2216 5280 rit.
2251 5227 2548 5281 l'erleetnm
2580 5244 2709 5281 vero
2737 5229 3021 5282 concilium
3048 5231 3175 5280 illud
3205 5237 3307 5291 est,
3334 5228 3421 5278 ubi
3448 5226 3701 5278 interfue-

2130 5321 2201 5373 rit
2226 5322 2669 5391 metropolitanus
2689 5322 2931 5375 antistes.

2204 5435 2377 5489 Deliis
2398 5437 2501 5504 qui,
2535 5451 2648 5488 cum
2677 5435 2745 5486 ad
2764 5436 3109 5504 episcopatum
3134 5441 3395 5491 rocantnr,
3418 5432 3626 5484 evitant.

2204 5524 2359 5579 XCV.
2387 5525 2442 5580 Si
2472 5527 2590 5595 quis
2616 5525 2901 5593 episcopus
2948 5538 3137 5577 manus
3160 5522 3554 5591 impositionem
3588 5523 3699 5592 rpi-

2131 5628 2382 5686 scopatus
2410 5618 2696 5686 acceperit,
2730 5626 2803 5678 et,
2856 5631 3085 5684 prmesse
3114 5616 3311 5686 populo
3343 5617 3664 5670 constitutus
3685 5657 3700 5681 ,

2132 5712 2482 5765 ministerium
2506 5711 2685 5763 subire
2711 5711 3021 5777 neglexerit,
3056 5726 3156 5765 nec
3179 5708 3505 5778 acquicvcrit
3530 5708 3604 5758 ire
3635 5709 3700 5759 ad

2136 5800 2426 5855 Ecclesiam
2477 5801 2574 5854 sibi
2628 5802 2965 5855 commissam
3003 5820 3015 5855 :
3048 5802 3187 5856 hunc
3225 5806 3440 5867 oportet
3464 5812 3706 5851 commu-
