4128 6348
464 330 483 385 Ι
496 329 577 389 65,
1775 315 2068 374 αοΝινειυ

2169 313 2467 371 SXIGUUS.
3674 314 3783 371 ηὗ

464 444 626 498 nione
645 438 864 511 privari,
897 436 1071 493 donec
1098 432 1393 502 susceperit
1419 440 1638 487 coactus
1664 428 1925 493 cilicium,
1948 438 2043 484 aut
2072 439 2116 492 Α
2146 443 2245 483 nec
2276 428 2571 483 constituat
2624 423 2967 495 presbyteros
2996 433 3091 479 aut
3115 425 3398 480 diaconos
3435 422 3610 479 alteri
3640 429 3778 483 sub—

463 542 612 589 certe
635 533 702 586 de
744 547 812 585 eo
840 528 1040 601 aliquid
1071 529 1274 595 integra
1304 522 1609 580 decreverit
1634 521 1875 591 ejusdem
1916 538 2043 592 pro-
2141 517 2320 587 jectos
2347 517 2627 587 episcopo,
2678 514 2781 569 nisi
2822 513 2963 570 forte
3014 529 3136 570 cum
3177 515 3430 579 consilio
3462 524 3528 571 et
3575 515 3777 569 volun-

465 624 654 678 vincize
683 622 922 694 synodus
949 620 1303 675 sacerdotum.
2148 614 2257 660 tate
2300 606 2532 674 regionis
2578 605 2841 675 episcOpi.
2888 604 2947 659 Si
2986 606 3107 673 quis
3151 616 3346 663 autem
3386 606 3510 662 tale
3558 606 3774 676 aliquid

2146 695 2325 752 facere
2355 697 2658 758 teutaverit,
2710 696 2859 749 irrita
2886 696 2956 750 sit
3001 695 3115 763 ejus
3151 697 3489 758 ordinatio.
3547 705 3610 750 et
3654 697 3776 765 ipse

2148 798 2463 843 coercentur
2486 803 2516 841 a
2547 788 2773 858 synodo,
2804 802 2928 841 nam
2958 787 3003 841 si
3031 788 3281 847 ordinare
3330 802 3461 844 non
3496 788 3770 859 potuerit,
3802 822 3803 825 η

2150 881 2453 934 nullatenus
2475 880 2755 948 judicabit.

474 734 551 790 De
596 736 675 791 his
712 736 796 807 qui
853 740 1213 811 promoventur
1250 728 1318 781 ad
1356 728 1727 796 episcopatum,
1773 742 1867 779 nec
1908 724 2043 779 reci-

1145 808 1375 871 piuntur.

539 898 720 955 XCVI.
751 897 805 952 Si
833 897 952 968 quis
989 895 1271 964 episcopus
1313 890 1590 944 ordinatus
1631 889 1695 942 ad
1738 886 2048 957 parochiam

469 990 690 1044 minime
725 988 809 1042 cui
854 993 937 1041 est
976 985 1182 1038 electus
1232 981 1550 1043 accesserit,
1594 995 1700 1033 non
1747 994 1845 1031 suo
1886 978 2046 1036 vitio.

471 1082 568 1139 sed
592 1080 737 1148 quod
773 1094 896 1133 eum
928 1085 1020 1130 aut
1068 1075 1296 1144 populus
1337 1074 1488 1135 vitet,
1514 1080 1607 1124 aut
1648 1077 1865 1138 propter
1891 1068 2049 1121 aliam

472 1188 709 1235 causam,
738 1187 842 1224 non
898 1178 1076 1222 tamen
1103 1166 1219 1234 ejus
1266 1166 1397 1218 vitio
1452 1168 1814 1233 perpetratum
1844 1177 1856 1213 :
1891 1160 1976 1213 hic
1997 1168 2055 1212 et
2222 1168 2305 1222 CL
2340 1167 2604 1238 Episcopo
2636 1184 2742 1223 non
2774 1168 2938 1222 licere
2965 1184 3063 1237 pm
3108 1184 3167 1222 se
3194 1169 3441 1223 auem,“
3477 1183 3775 1225 successio.

473 1264 697 1318 honoris
723 1263 813 1322 sit,
837 1270 892 1313 et
918 1257 1195 1312 ministerii
1224 1256 1507 1325 particeps,
1526 1251 1813 1307 dummodo
1838 1250 1909 1305 nil
1940 1265 2058 1302 Ino-

2169 1276 2268 1313 rem
2298 1260 2398 1313 sibi
2424 1260 2771 1325 constituere,
2798 1259 2922 1313 licet
2949 1258 3013 1312 ad
3042 1260 3243 1313 exitum
3268 1261 3404 1313 vitae
3438 1259 3771 1328 perveniat:

474 1353 643 1407 Iestus
667 1352 921 1406 Ecclesia!
951 1349 1109 1402 rebus
1157 1348 1371 1407 cxistat,
1405 1345 1493 1397 ubi
1524 1343 1826 1397 ministrare
1856 1354 2052 1408 cogno-
2157 1351 2298 1419 quod
2320 1350 2365 1403 si
2394 1352 2500 1404 me
2546 1351 2743 1417 aliquid
2777 1352 2968 1405 factum
2998 1349 3191 1416 fuerit,
3224 1352 3454 1405 ίιτίιυηι
3490 1365 3623 1405 esse
3672 1350 3775 1406 hu-

476 1447 663 1501 scitur.
696 1445 866 1510 Quem
897 1442 1057 1496 etiam
1112 1441 1400 1492 observare
1455 1434 1740 1488 conveniet
1797 1430 2053 1500 quidquid
2152 1442 2444 1511 juscemod;
2473 1443 2841 1497 consumtum.
2881 1444 3135 1496 servem,
3161 1452 3344 1497 autem
3385 1442 3487 1510 jus
3511 1443 3775 1496 ecclesia.

478 1536 716 1611 synodus
747 1532 981 1604 perfecta
1013 1528 1321 1600 provinciaz,
1348 1525 1490 1596 quod
1520 1525 1691 1578 visum
1720 1521 1897 1584 fuerit,
1916 1518 2058 1588 judi-

2169 1534 2370 1595 uicum,
2395 1532 2447 1587 id
2469 1534 2755 1587 continens
2768 1543 3021 1602 oportere
3042 1550 3147 1588 non
3162 1534 3319 1589 aliter
3330 1535 3485 1593 ﬁeri.
3509 1534 3618 1587 nisi
3648 1548 3772 1587 cum

2156 988 2225 1044 Ut
2255 990 2427 1044 nullus
2476 990 2545 1043 ad
2590 989 2948 1109 episcopatu";
2974 1004 3067 1056 pro
3120 1004 3173 1040 se
3205 988 3519 1041 constituat
3544 1003 3771 1061 prm-

2822 1074 2908 1109 ren
2950 1074 3055 1109 um.

2822 1074 3055 1111 rendam.

480 1623 656 1678 cando
677 1621 996 1676 decreverit.

606 1736 683 1790 De
706 1730 1082 1805 episcopalibus
1108 1732 1161 1783 in
1189 1726 1465 1799 provinciis
1494 1719 1931 1779 ordinationibus.

549 1847 756 1903 XCVII.
788 1845 1081 1916 Episcopus
1112 1850 1305 1910 pneter
1329 1837 1590 1909 synodum
1639 1844 1694 1888 et
1721 1828 2055 1902 pncsentiam
2089 1806 2136 1867 Β

482 1937 886 2007 metropolitani
910 1934 1214 1988 nullatenus
1236 1930 1533 1983 ordinetur.
1555 1925 1667 1979 Hoc
1689 1932 1866 1978 autem
1891 1918 2062 1973 modis

484 2029 733 2085 omnibus
761 2041 940 2079 coram
970 2024 1145 2093 posito
1176 2021 1364 2074 melius
1405 2016 1618 2085 quidem
1646 2023 1748 2071 est.
1780 2020 1841 2066 ut
1876 2024 2062 2063 omnes

485 2116 643 2181 simul
688 2114 867 2168 adsint
916 2111 1155 2180 ejusdem
1210 2107 1495 2179 provincia:
1545 2102 1895 2157 sacerdotes:
1928 2112 2064 2166 quos

485 2205 935 2275 metrupol'nauus
982 2202 1267 2274 episcopus
1316 2199 1581 2251 advocare
1625 2194 1860 2249 debebit.
1902 2190 1965 2243 Et
2017 2190 2060 2243 si

486 2297 703 2366 quidem
726 2310 916 2347 onmes
945 2291 1300 2358 ocemrerint,
1333 2288 1560 2359 optime;
1593 2286 1736 2354 quod
1765 2284 1808 2337 si
1836 2284 1937 2336 hoc
1965 2278 2066 2333 dif-

487 2387 628 2442 Iicile
655 2386 834 2447 fuerit,
861 2383 1050 2437 saltem
1080 2382 1262 2452 plures
1283 2379 1470 2432 adesse
1509 2375 1821 2431 omnimodo
1861 2386 2061 2426 conve-

488 2481 568 2533 nit
599 2496 613 2531 :
646 2484 738 2538 aut
787 2485 935 2531 certe
981 2474 1193 2542 scriptis
1221 2470 1461 2539 ejusdem
1495 2468 1774 2521 sentt-ntim
1818 2478 2067 2531 compro-

488 2570 626 2636 bari,
656 2577 711 2622 et
766 2569 836 2621 ita
885 2568 983 2620 sub
1031 2565 1379 2634 plurimorum
1410 2560 1497 2613 vel
1546 2557 1825 2627 pnescutia
1854 2556 1940 2607 vel
1968 2553 2069 2607 de—

488 2668 639 2713 creto
676 2657 953 2717 ordinatio
975 2655 1294 2708 celebretur.
1325 2650 1479 2716 Quod
1505 2650 1547 2702 si
1577 2663 1733 2701 secus
1760 2654 1943 2699 contra
1973 2643 2069 2697 de-

489 2747 639 2801 ﬁnita
667 2746 864 2801 factum
891 2744 1066 2805 fuerit,
1094 2742 1267 2795 nullas
1288 2739 1557 2793 ordinatio
1587 2737 1728 2789 vires
1758 2734 1953 2787 habeat
1978 2749 1994 2799 ;
2021 2732 2064 2785 si

487 2853 620 2893 vero
660 2838 811 2907 juxta
854 2834 1128 2889 deﬁnitam
1159 2832 1395 2899 regulam
1429 2829 1543 2895 liat,
1585 2835 1640 2880 et
1683 2824 1920 2879 nonnulli
1969 2838 2067 2892 pro

488 2934 835 2988 contentione
863 2926 1082 2999 propria
1115 2924 1508 2987 contradicaut,
1540 2920 1781 2975 obtineat
1801 2917 2067 2972 sententia

486 3024 857 3095 plurimorum.

486 3137 566 3191 De
590 3136 799 3207 synodis
821 3148 932 3206 qua:
954 3128 1175 3207 debent.
1200 3124 1264 3207 alr
1293 3123 1543 3207 episcopis
1563 3161 1584 3204 ,ι
1600 3121 1708 3176 suis
1732 3118 2062 3188 temporibus,

946 3203 1000 3255 in
1033 3197 1297 3271 provincia
1322 3193 1605 3248 celebrari.

554 3314 785 3371 XCVIII.
808 3314 1037 3382 Propter
1079 3309 1336 3364 utilitates
1376 3302 1800 3365 ecclesiasticas,
1830 3310 1891 3355 et
1910 3300 2071 3354 abso—

486 3408 722 3463 lutiones
750 3418 935 3459 earum
960 3415 1133 3456 rerum
1163 3412 1281 3467 qua:
1321 3394 1707 3450 dubitationem
1754 3400 2074 3445 controver-

483 3500 726 3567 siamque
776 3493 1062 3562 recipiunt,
1112 3489 1314 3558 optime
1366 3484 1569 3556 placuit
1595 3492 1655 3537 ut
1696 3497 1793 3551 per
1838 3479 2072 3548 singulas

484 3602 726 3657 quasque
748 3581 1055 3654 provincias
1084 3580 1164 3634 bis
1194 3580 1244 3632 in
1275 3593 1418 3630 anno
1443 3575 1821 3645 episcoporum
1842 3570 2070 3626 concilia

489 3682 851 3737 celebrentur.
880 3675 1057 3730 Semel
1079 3674 1295 3742 quidem
1326 3679 1449 3740 post
1478 3670 1690 3723 tertiam
1715 3666 2070 3736 septimanam

494 3774 614 3828 testi
646 3771 958 3825 Paschalis:
994 3769 1065 3823 ita
1084 3773 1369 3834 utquarta
1396 3763 1695 3834 septimana
1725 3757 2072 3814 Pentecostes

486 3864 779 3918 conveniat
833 3860 1098 3932 synodus,
1130 3854 1546 3924 metropolitano
1576 3850 1934 3922 provinciales
1960 3849 2075 3917 epi-

485 3970 684 4025 scopos
732 3952 1078 4007 admonente.
1112 3945 1365 4003 Secunda
1396 3960 1525 3999 vero
1573 3942 1807 4013 synodus
1838 3939 1929 3994 liat
1957 3940 2075 3993 idus

482 4044 757 4109 Octobris,
790 4044 841 4097 id
873 4052 974 4106 est,
998 4042 1187 4110 quinto
1227 4038 1442 4093 decimo
1470 4036 1557 4090 die
1586 4034 1784 4088 mensis
1802 4030 2070 4094 Octobris,

481 4151 642 4203 quem
694 4133 1147 4206 Ilyperbereueou
1192 4128 1365 4185 Graeci
1412 4124 1813 4195 cognominant.
1844 4120 1902 4174 In
1945 4121 2073 4191 ipsis

485 4238 666 4285 autem
690 4226 936 4281 conciliis
964 4224 1140 4280 adsint
1161 4218 1483 4293 presbyteri,
1513 4228 1569 4273 et
1593 4214 1828 4279 diaconi,
1860 4223 1917 4269 et
1953 4229 2071 4269 om-

490 4336 588 4375 nes
616 4320 708 4389 qui
736 4334 797 4373 se
839 4319 997 4373 lassos
1030 4316 1337 4370 existimant
1366 4329 1380 4365 :
1412 4319 1467 4365 et
1495 4307 1684 4381 synodi
1727 4304 2073 4376 experiantur

479 4426 728 4469 examen.
761 4408 930 4463 Nullis
964 4422 1095 4461 vero
1126 4407 1286 4459 liceat
1326 4402 1469 4476 apud
1496 4417 1554 4455 se
1577 4398 1857 4453 celebrare
1884 4395 2073 4451 conci»

483 4502 573 4564 lia,
604 4510 799 4569 praeter
821 4514 915 4552 eos
953 4496 1149 4565 quibus
1170 4509 1199 4546 a
1226 4489 1655 4562 metropolitanis
1678 4486 1926 4542 videntur
1952 4498 2072 4539 esse

479 4592 599 4665 jura
620 4589 931 4646 commiSSa.

489 4700 559 4757 Ut
584 4700 727 4755 nullo
748 4698 899 4753 modo
930 4698 994 4752 de
1012 4695 1261 4767 parochia
1300 4693 1370 4746 ad
1410 4694 1571 4746 aliam
1614 4688 1917 4761 parochiam
1954 4687 2066 4759 epi-

1048 4782 1233 4837 scopus
1261 4773 1512 4819 transeat.

553 4877 713 4935 XCIX
760 4878 1056 4950 EpiscOpus
1081 4878 1150 4931 ab
1175 4877 1279 4929 alia
1308 4872 1568 4947 paron-hia
1598 4883 1936 4941 nequaquam
1967 4867 2068 4921 mi-

480 4983 600 5042 gret
626 4973 692 5027 ad
732 4971 913 5037 aliam,
941 4985 1044 5023 nec
1073 4977 1264 5039 sponte
1292 4982 1389 5021 sua
1420 4960 1931 5034 prorsus'insilicns,
1964 4973 2066 5013 nec

482 5066 534 5119 vi
564 5072 788 5119 coactus
815 5077 845 5115 a
876 5060 1120 5130 pupulis,
1160 5072 1262 5111 nec
1315 5057 1383 5110 ab
1435 5054 1694 5124 episcopo
1740 5048 2067 5123 necessitate

481 5155 792 5224 compulsus
821 5170 836 5207 :
865 5157 1083 5206 maneat
1128 5156 1309 5203 autem
1354 5147 1414 5200 in
1458 5144 1700 5200 Ecclesia
1742 5156 1903 5210 quam
1960 5138 2068 5208 pri-

483 5247 644 5303 tuitus
665 5262 697 5301 ιι
727 5246 837 5301 Deo
883 5244 1106 5299 sortitus
1132 5251 1235 5305 est,
1290 5254 1391 5294 nec
1420 5237 1546 5292 inde
1578 5234 1935 5301 transmigret,
1973 5245 2063 5285 se-

485 5335 718 5403 cundum
742 5334 1023 5404 pristinum
1054 5331 1121 5385 de
1148 5331 1252 5384 hac
1286 5344 1346 5384 re
1378 5326 1664 5383 terminum
1690 5322 2064 5379 constitutum.

488 5443 557 5499 Ut
583 5446 639 5501 in
661 5445 822 5499 altera
850 5445 1094 5515 parochia
1115 5444 1326 5497 clericos
1348 5439 1564 5515 alterius
1588 5436 1849 5507 parochias
1871 5433 2073 5505 episco-

952 5532 1045 5586 pus
1067 5515 1357 5568 nullatenus
1379 5512 1604 5566 ordinet.

554 5608 615 5664 C.
646 5581 961 5675 Episcopus
987 5607 1219 5660 alienam
1268 5605 1566 5665 civitatem,
1598 5613 1718 5668 qua:
1752 5581 1862 5652 non
1887 5604 1971 5651 est
1996 5594 2070 5649 illi

479 5692 745 5768 subjecta,
771 5710 879 5751 non
908 5697 1065 5751 adeat
1095 5712 1109 5749 :
1140 5710 1241 5749 nec
1297 5693 1364 5748 ad
1410 5690 1814 5764 possessionem
1845 5685 2072 5742 accedat

484 5802 603 5861 qua:
615 5788 682 5845 ad
700 5802 825 5846 eum
835 5801 943 5845 non
962 5786 1194 5863 pertinet
1203 5797 1365 5855 super
1377 5779 1718 5839 ordinatione
1729 5778 2068 5851 cujusquam,

2058 1663 2063 1668 η
2159 1623 2366 1693 synodo
2411 1632 2466 1677 et
2505 1623 2706 1691 judicio
2748 1624 3159 1693 episcoporum,
3211 1626 3301 1695 qui
3362 1634 3507 1694 post
3556 1624 3772 1677 obitum

2160 1715 2486 1784 quiescentis
2516 1724 2837 1784 potestatem
2865 1714 3089 1781 habent,
3118 1732 3263 1782 eum,
3294 1717 3397 1785 qui
3432 1716 3644 1784 dignus
3670 1722 3793 1769 εκεῖ

2162 1805 2377 1869 stiterit,
2398 1820 2740 1875 promowre.

2162 1916 2242 1971 De
2278 1918 2428 1974 rebus
2462 1919 2532 1972 ad
2582 1918 2873 2000 Ecclesium
2912 1920 3317 2001 pertinatihts,
3350 1927 3409 1973 et
3452 1920 3526 1973 de
3552 1920 3773 1990 Ιιὶιφιω

2473 2006 2685 2058 propna
2715 2006 2939 2060 episcopi
2969 2007 3079 2044 esse
3110 2001 3427 2046 noscuntur.

2232 2096 2341 2153 CII.
2364 2098 2490 2166 Qua:
2519 2107 2643 2153 sunt
2676 2099 2943 2164 Ecclesia»
2975 2101 3074 2155 sub
3099 2100 3245 2155 omni
3277 2099 3685 2164 sollicitudine,
3716 2106 3770 2156 et

2162 2190 2491 2244 conscientia
2515 2191 2673 2251 bona,
2691 2199 2748 2243 et
2770 2190 2869 2245 lidc
2894 2206 3013 2260 qua:
3045 2192 3096 2244 iu
3120 2190 3285 2249 Deum
3309 2198 3423 2254 est,
3447 2190 3550 2258 qui
3572 2196 3769 2244 cuncta

2163 2281 2486 2343 considerat,
2512 2279 2855 2349 judicatque,
2896 2289 3196 2345 serventur,
3240 2295 3363 2349 quas
3422 2280 3607 2335 etiam
3654 2279 3771 2334 dis-

2166 2372 2436 2442 pensanda
2486 2382 2612 2427 sunt
2649 2372 2853 2442 judicio
2900 2381 2955 2427 et
3020 2380 3286 2441 potestate
3332 2372 3631 2442 pontiﬁcis
3681 2370 3766 2426 cui

2167 2465 2484 2519 commissus
2511 2473 2593 2519 est
2621 2464 2872 2534 populus,
2902 2471 2957 2535 et
3007 2464 3198 2520 auiam
3224 2477 3343 2533 qua:
3388 2463 3545 2519 intra
3578 2460 3767 2516 Eccle-

2166 2554 2300 2608 siam
2345 2564 2761 2624 congregantur.
2791 2553 3068 2609 Manifesta
3095 2569 3224 2611 vero
3265 2554 3402 2620 sint,
3431 2567 3564 2621 qua
3593 2552 3762 2623 perti-

2164 2659 2297 2699 nere
2322 2644 2569 2699 videntur
2597 2645 2663 2699 ad
2693 2642 3010 2712 Ecclesium,
3037 2658 3160 2699 cum
3185 2642 3379 2698 riotitia
3402 2642 3765 2715 presbytero—

2166 2749 2283 2788 rum
2330 2743 2386 2790 et
2426 2734 2775 2791 diaconorum
2826 2735 2919 2803 qui
2964 2735 3105 2789 circa
3156 2733 3326 2803 ipsum
3362 2744 3549 2789 sunt:
3581 2732 3658 2787 ita
3703 2738 3759 2784 ut

2167 2832 2479 2894 agnoscant,
2506 2840 2607 2880 nec
2636 2826 2903 2893 ignorent,
2936 2840 3055 2893 qua:
3090 2824 3199 2879 sint
3225 2822 3487 2881 Ecclesiae
3514 2821 3757 2893 propria,

2166 2930 2269 2971 nec
2320 2930 2415 2970 eos
2444 2916 2643 2985 aliquid
2692 2916 2876 2970 lateat.
2913 2912 2984 2970 Ut
3022 2915 3066 2969 si
3094 2914 3384 2980 contigerit
3435 2913 3759 2983 episcopum

2167 3005 2396 3073 migrare
2432 3005 2501 3060 de
2551 3004 2767 3071 saeculo,
2798 3004 2961 3062 certis
3008 3004 3366 3061 existentibus
3416 3003 3611 3069 rebus,
3640 3014 3758 3072 qum

2168 3109 2291 3152 sunt
2320 3098 2588 3163 Ecclesim,
2620 3115 2721 3154 nec
2757 3100 2886 3169 ipsa:
2908 3100 3157 3169 collapsa:
3177 3098 3499 3169 depereant,
3520 3111 3627 3154 nec
3640 3107 3758 3166 qua

2171 3190 2385 3261 propria
2435 3189 2731 3260 probantur
2776 3190 3032 3261 episcopi,
3077 3190 3181 3244 sub
3230 3188 3527 3245 occasione
3576 3200 3757 3243 rerum

2175 3278 2538 3347 pervadantur
2565 3277 2831 3334 Ecclesiae.
2861 3277 3070 3332 Justum
3112 3292 3363 3346 namque,
3385 3285 3445 3332 et
3472 3285 3754 3346 acceptum

2170 3377 2252 3420 est
2280 3382 2459 3422 coram
2489 3367 2601 3424 Deo
2629 3375 2686 3422 et
2728 3367 3062 3434 hominibus,
3093 3376 3152 3419 ut
3193 3382 3287 3420 sua
3317 3366 3615 3435 episcopus
3637 3363 3768 3433 quiq»;

2171 3459 2272 3513 bus
2296 3460 2544 3523 voluerit,
2577 3459 2948 3527 derelinquat,
2979 3466 3034 3511 et
3061 3473 3180 3529 qum
3207 3456 3470 3513 Ecclesiae
3500 3463 3650 3515 sunt,
3680 3452 3755 3507 ei-

2170 3556 2290 3611 dem
2318 3560 2706 3608 conserventur
2734 3551 3007 3616 Ecclesia),
3036 3558 3094 3604 ut
3126 3566 3224 3605 nec
3261 3549 3506 3605 Ecclesia
3537 3544 3753 3618 aliquod

2173 3648 2407 3715 patiatur
2436 3643 2833 3699 incommodum
2855 3680 2870 3705 ,
2899 3656 2997 3696 nec
3027 3641 3311 3711 episcopus
3335 3641 3437 3695 sub
3468 3638 3762 3695 occasione.

2172 3735 2536 3809 proscribatur
2562 3733 2833 3793 Ecclesirc,
2866 3742 2921 3786 et
2964 3731 3017 3785 in
3042 3745 3232 3785 causas
3276 3729 3543 3797 incidant,
3565 3727 3657 3798 qui
3687 3723 3752 3781 ad

2173 3845 2294 3884 eum
2327 3828 2482 3897 perti.
2506 3834 2627 3889 ent,
2670 3832 2726 3879 et
2752 3825 2869 3893 ipse
2897 3830 3019 3894 post
3048 3822 3252 3876 obitum
3280 3818 3753 3878 maledictiouibtts

2174 3922 2500 3989 ingravetur.

2178 4032 2246 4090 Ut
2269 4034 2534 4105 episcopus
2564 4031 2900 4102 dispensandi
2931 4046 3011 4083 res
3038 4028 3415 4083 ecclesiasticas
3444 4027 3635 4082 habent
3658 4040 3751 4097 pce

2830 4108 3084 4154 testatent.

2242 4214 2374 4275 CIII.
2401 4214 2697 4286 Episcopus
2723 4210 3208 4268 ecclesiasticarum
3230 4225 3413 4269 rerum
3435 4208 3635 4265 habeat
3650 4218 3751 4275 po-

2177 4316 2446 4371 testatem,
2479 4305 2550 4361 ad
2596 4303 3013 4374 dispensandum
3068 4316 3198 4371 erga
3240 4316 3441 4357 .onines
3493 4300 3587 4371 qui
3610 4295 3747 4352 indi-

2175 4408 2322 4466 gent,
2353 4413 2476 4453 cum
2516 4410 2725 4452 summa
2779 4392 3082 4451 reverentia
3110 4401 3167 4447 et
3206 4392 3403 4446 timore
3428 4392 3548 4447 Dei.
3574 4386 3751 4449 Ρπιίσ

2179 4488 2321 4557 cipet
2349 4497 2529 4542 autem
2558 4493 2613 4539 et
2668 4485 2783 4553 ipse
2828 4483 3027 4553 quibus
3052 4482 3274 4549 indiget,
3324 4482 3374 4536 si
3404 4491 3587 4537 tunc:
3615 4475 3747 4533 indi-

2178 4588 2288 4647 get,
2320 4587 2428 4634 tam
2468 4579 2596 4642 suis,
2620 4592 2781 4647 quam
2809 4574 3051 4641 fratrum,
3081 4576 3259 4643 quiab
3280 4590 3347 4630 eo
3366 4574 3746 4645 suscipiuntur,

2177 4668 2495 4727 necessariis
2517 4668 2698 4723 usiluis
2723 4664 3033 4737 profuturis,
3064 4666 3138 4719 ita
3156 4675 3224 4719 ω
3247 4666 3298 4719 in
3329 4664 3473 4718 nulla
3512 4660 3745 4733 qualibet

2177 4761 2460 4814 oceasioue
2488 4760 2821 4825 fraudentur,
2848 4757 3001 4824 juxta
3046 4765 3291 4810 sanctum
3334 4755 3646 4823 Aposton
3670 4746 3747 4804 sic

2175 4848 2485 4905 dicentem:
2519 4847 2787 4907 Habentes
2854 4848 3051 4918 victum
3112 4853 3170 4899 et
3224 4853 3619 4914 teguntentum,
3664 4835 3742 4891 bis

2174 4942 2414 4997 contenti
2442 4956 2646 4994 smnus.
2677 4940 2830 5006 Quod
2851 4940 2895 4994 si
2928 4945 3214 4995 contentus
3234 4936 3356 4993 istis
3382 4934 3603 4991 minime
3630 4927 3742 4989 [υθ-

2174 5032 2264 5097 rit,
2293 5039 2574 5087 convertat
2602 5040 2783 5088 autem
2813 5046 2899 5086 res
2942 5030 3207 5086 Ecclesia:
3236 5030 3289 5083 in
3333 5043 3461 5084 suos
3496 5039 3619 5087 usus
3642 5019 3738 5075 δυ’

2175 5125 2451 5189 mesticos,
2482 5131 2536 5178 et
2562 5123 2678 5192 ejus
2698 5122 2983 5178 conimoda
3002 5123 3087 5177 vel
3119 5136 3370 5191 agrorum
3388 5117 3615 5182 fructus.
3638 5124 3741 5169 non

2176 5234 2297 5275 eum
2328 5217 2758 5288 presbyterorum
2780 5214 3113 5269 conscientia
3148 5211 3616 5281 diaconos-umque
3632 5214 3742 5274 pen
3792 5236 3799 5245 ο

2178 5319 2393 5381 tractet,
2422 5309 2519 5365 sed
2562 5309 2756 5364 horum
2786 5312 3109 5377 potestatem
3139 5301 3450 5370 domesticis
3499 5298 3630 5363 suis,
3654 5296 3741 5346 aut

2178 5401 2518 5475 propinquis,
2574 5406 2669 5454 aut
2713 5395 2989 5463 fratribus,
3043 5393 3272 5462 ﬁliisque
3315 5390 3656 5451 committat:
3685 5387 3738 5435 ιιι
3788 5430 3791 5433 ι

2173 5510 2271 5564 per
2322 5488 2627 5561 hujusmodi
2666 5502 2926 5558 personas
2970 5484 3183 5540 occulte
3228 5489 3439 5537 uetera:
3494 5476 3739 5564 laidautltf

2174 5555 2443 5650 Ecclesiae,
2474 5555 2682 5653 synodo
2709 5579 2999 5650 provincia:
3018 5590 3210 5647 pinnas
3233 5574 3334 5629 iste
3374 5569 3656 5642 persolvat.
3684 5555 3739 5653 Si

2174 5686 2352 5732 autem
2379 5645 2440 5729 et
2462 5645 2620 5728 aliter
2647 5645 3273 5738 accuseturepiscopus,
3318 5672 3412 5718 aut
3455 5645 3735 5732 presbyteri
3787 5702 3791 5709 .

2173 5771 2264 5848 qui
2284 5784 2405 5829 eum
2428 5767 2544 5842 ipso
2572 5771 2717 5833 sunt,
2766 5760 2909 5836 quod
2938 5774 3001 5816 ea
3026 5774 3144 5833 qua:
3174 5757 3443 5830 pertinent
3466 5751 3534 5811 ad
3556 5743 3733 5811 Eccle-
