4128 6348
337 350 441 405 165

1292 340 1512 397 coocx
1548 337 1872 393 cauoxun
1915 320 2600 389 echastasticouUit.

3504 329 3600 384 ltiti

330 467 489 523 siam,
519 458 604 513 vel
636 473 701 512 ex
722 458 883 526 agris,
917 457 1001 511 vel
1039 471 1103 511 ex
1133 456 1233 510 alia
1264 454 1500 523 qualibet
1538 453 1903 507 ecclesiauica
1937 455 1983 512 Α
2014 459 2122 501 tam
2152 462 2332 502 sermo
2383 442 2797 514 prtedicationis,
2831 423 3004 513 quain
3030 440 3084 497 bi
3137 440 3227 511 qui
3255 440 3588 511 dispensant,

330 546 586 604 Iacultate
614 546 828 601 sibimet
859 556 1146 616 usurpent,
1168 546 1249 598 ita
1281 552 1338 598 ut
1379 556 1443 597 ex
1477 542 1579 597 hoc
1609 542 1911 609 afﬂigantur

331 639 551 708 quidem
596 648 863 707 pauperes
914 634 1272 691 criminationi
1321 648 1452 688 vero
1484 644 1538 687 et
1566 633 1914 701 hlasiihemiis

2017 540 2195 595 taliter
2220 544 2579 606 'cxponantur
2610 553 2622 587 :
2654 545 2711 587 et
2764 534 2862 588 bos
2908 542 3122 602 oportet
3150 533 3368 603 corrigi,
3397 541 3586 589 sancta

2018 631 2246 703 synodo,
2280 629 2333 683 id
2360 628 2503 698 quod
2533 626 2812 689 condecet,
2845 627 3199 696 approbante.

344 785 3589 813 _______________________________.___—______.

939 882 1279 943 REGULZE
1345 879 1549 941 APUD
1605 875 2049 937 LAODICIAM
2105 872 2524 933 EXFOSITE
2590 872 2781 932 ΝΟΜ.
2818 871 2983 931 LIX.

325 1154 331 1159 η
404 1089 605 1146 Sancta
645 1086 883 1161 synodus
928 1098 1047 1157 qua:
1102 1085 1243 1155 apud
1300 1084 1618 1141 Laodiceam
1664 1081 1911 1153 Phrygia:
2016 1075 2097 1129 De
2117 1076 2200 1130 liis
2227 1076 2315 1149 qui
2348 1077 2416 1130 ad
2452 1075 3109 1161 Itwreticorum‘speluncas
3138 1093 3297 1132 causa
3342 1078 3599 1134 orationis

337 1182 642 1238 Pacatianze
666 1180 916 1235 convenit
932 1195 1002 1234 ex
1024 1178 1251 1233 diversis
1270 1176 1575 1245 regionibus
1598 1175 1756 1239 Asim,
1785 1174 1919 1228 deli-

339 1274 576 1345 nitiones
599 1273 849 1343 exposuit
872 1271 1270 1327 ecclesiasticas
1297 1284 1417 1339 quae
1456 1270 1644 1324 subter
1691 1281 1918 1322 annexa

339 1373 492 1421 sunt.

956 1470 1035 1525 De
1064 1470 1303 1541 bigamis.

412 1562 541 1618 CIV.
590 1563 666 1617 De
708 1562 793 1617 his
818 1562 930 1629 qui,
980 1563 1271 1616 secundum
1304 1559 1727 1615 ecclesiasticam
1764 1572 1927 1626 regu-

341 1652 476 1721 lam,
506 1652 676 1707 libere
701 1667 766 1706 ac
807 1652 1046 1720 legitime
1072 1651 1323 1705 secundis
1353 1650 1553 1719 nuptiis
1573 1648 1746 1718 juncti
1775 1658 1924 1714 sunt,

342 1756 449 1797 nec
474 1743 688 1797 occulte
734 1743 1041 1811 nuptiarum
1092 1742 1339 1809 copulam
1380 1740 1620 1795 fecerunt
1664 1748 1925 1809 :oportet

342 1841 423 1897 ut,
455 1848 622 1903 parvo
649 1844 891 1900 tempore
921 1840 1225 1895 transacto,
1272 1840 1467 1885 vacent
1495 1832 1828 1886 orationibus
1870 1838 1925 1884 et

340 1924 599 1993 ieiuniis,
645 1923 837 1992 quibus
867 1920 1026 1977 etiam
1052 1922 1207 1992 juxta
1254 1923 1637 1991 indulgentiam
1682 1934 1923 1977 commu-
1960 1911 1997 1964 Β

344 2017 561 2068 nionem
592 2014 742 2069 reddi
771 2013 1127 2068 decrevimus.

344 2126 429 2181 De
458 2128 537 2181 his
560 2126 645 2199 qui
666 2143 761 2198 pro
789 2126 1004 2181 diversis
1030 2127 1215 2179 erratis
1242 2127 1610 2195 paruitudinem
1640 2118 1924 2197 ferventius

988 2206 1289 2266 exegerunt.

418 2300 525 2365 CV.
556 2303 631 2364 De
659 2302 743 2362 bis
772 2306 862 2379 qui
903 2307 1125 2362 diversis
1166 2302 1489 2361 facinoribus
1530 2316 1914 2375 peccaverunt,

345 2413 405 2458 et
441 2410 844 2473 perseverantes
890 2400 943 2454 in
988 2401 1232 2454 oratione
1280 2394 1632 2453 confessionis
1663 2406 1717 2451 et
1749 2397 1928 2466 pretii-

348 2496 533 2549 tentiaa
578 2493 990 2547 conversionem
1020 2502 1050 2544 a
1104 2491 1259 2544 malis
1307 2490 1546 2543 habuere
1582 2488 1873 2557 perfectam
1905 2504 1921 2540 :

348 2603 452 2657 pro
470 2586 734 2656 qiiaﬁtate
760 2584 945 2640 delicti
963 2623 978 2647 ,
1008 2584 1210 2639 talibus
1232 2585 1561 2654 paenitentia:
1584 2592 1797 2652 tempus
1824 2584 1925 2637 itu-

344 2692 572 2748 pensum
601 2683 823 2746 propter
848 2675 1191 2730 clementiam
1228 2682 1286 2727 et
1318 2672 1612 2728 bonitatem
1643 2672 1738 2728 Dei
1769 2688 1921 2727 com-

343 2770 530 2824 rutulio
556 2768 905 2824 concedatur.

384 2873 534 2942 Quod
552 2890 662 2932 non
687 2885 923 2948 'oportem
950 2876 1019 2929 ad
1057 2878 1261 2958 clerum.
1280 2877 1459 2929 statim
1482 2881 1603 2947 post
1630 2877 1887 2947 baptisma

977 2962 1281 3014 promoueri.

416 3035 550 3092 CVI.
582 3036 659 3091 De
683 3037 768 3091 his
795 3039 886 3107 qui
913 3053 1090 3109 nuper
1118 3046 1243 3092 sunt
1269 3036 1553 3090 illuminati
1580 3036 1919 3105 baptismate,

342 3130 489 3199 quod
517 3145 612 3184 eos
641 3131 694 3183 in
739 3132 1063 3185 sacerdotali
1108 3146 1217 3185 non
1257 3129 1546 3184 conveniat
1588 3129 1778 3184 ordine
1806 3146 1926 3200 pro-
1960 3156 1965 3161 τ

346 3219 574 3274 utOVet'i.

745 3324 823 3383 De
853 3339 1079 3400 tempore
1107 3332 1515 3387 ordinationum.

2674 1149 2941 1199 accedunt.

2095 1236 2253 1292 CXII.
2285 1237 2438 1304 Quod
2467 1254 2575 1293 non
2622 1240 3000 1308 permittuntur
3025 1240 3373 1295 ecclesiastici
3398 1242 3464 1294 ad
3490 1242 3603 1296 ha-

2027 1329 2318 1383 reticorum
2347 1331 2657 1384 cmmetcria
2682 1367 2697 1390 ,
2741 1330 2827 1382 vel
2871 1331 2936 1382 ad
2961 1345 3025 1383 ea
3052 1344 3171 1398 qum
3201 1331 3268 1382 ab
3314 1330 3392 1384 eis
3416 1330 3604 1400 appel-

2028 1418 2210 1472 lantur
2253 1422 2532 1490 martyria,
2561 1421 2822 1473 orationis
2860 1435 3022 1473 causa
3046 1421 3129 1473 vel
3173 1420 3417 1475 sanitatis
3443 1434 3605 1475 acce-

2030 1508 2159 1563 dere
2191 1526 2205 1562 :
2237 1510 2330 1563 sed
2363 1508 2664 1578 huiusmodi
2690 1550 2707 1577 ,
2750 1510 2796 1564 si
2837 1510 3019 1564 ﬁdeles
3043 1509 3259 1573 fuerint,
3287 1520 3435 1565 certo
3466 1520 3603 1567 tem-

2029 1616 2161 1671 pore
2189 1606 2566 1655 communione
2616 1602 2816 1671 privari
2861 1619 2873 1654 :
2922 1604 3247 1671 pinniteutes
3290 1612 3502 1671 autem,
3549 1612 3601 1659 et

2028 1690 2351 1746 conﬁtentes
2371 1707 2431 1746 se
2459 1692 2763 1760 deliquisse,
2789 1696 3038 1747 convenit
3066 1694 3282 1763 suscipi.

2029 1797 2109 1851 De
2137 1798 2213 1851 Itis
2237 1800 2322 1869 qui
2345 1815 2458 1852 cum
2500 1800 2751 1854 licerelicis
2773 1804 3066 1871 nuptiarum
3087 1803 3267 1873 copula
3283 1802 3597 1873 junguntur.

2098 1886 2277 1941 CXIII.
2332 1888 2484 1954 Quod
2537 1906 2645 1943 non
2700 1900 2949 1959 oporteat
3007 1893 3371 1946 indifferenter
3426 1894 3600 1947 eccle—

2025 1977 2293 2037 siasticos,
2337 1978 2538 2032 findere
2581 1981 2885 2047 nuptiarum
2911 2021 2926 2045 ,
2973 1980 3241 2034 luereticis
3280 1997 3407 2036 suos
3464 1981 3601 2036 filios

2026 2070 2271 2140 ﬁliasque
2298 2072 2646 2139 conjungere.

2060 2179 2185 2235 Non
2215 2198 2495 2252 congruere
2527 2181 2850 2252 presbyteras
2889 2181 2945 2234 in
2973 2181 3268 2235 mulieribus
3298 2180 3561 2235 ordinari.

2093 2288 2274 2344 CXIV.
2309 2291 2461 2356 Quod
2487 2306 2591 2344 non
2622 2300 2869 2360 oporteat
2911 2308 3001 2347 eas
3028 2308 3146 2363 quae
3175 2293 3422 2346 dicuntur
3447 2308 3598 2363 pres-

2024 2383 2225 2455 byterte
2254 2385 2338 2437 vel
2364 2385 2708 2451 prmsidentes
2735 2384 2784 2436 in
2814 2385 3054 2439 ecclesiis
3082 2385 3341 2439 ordinari.
3598 2382 3601 2383 ⁷

2336 2493 2414 2547 De
2442 2495 2816 2564 episcopalibus
2844 2494 3275 2548 ordinationibus.

2094 2580 2248 2638 CXV.
2285 2582 2353 2637 Ut
2391 2586 2630 2654 episcopi
2672 2584 2871 2653 judicio
2915 2586 3451 2657 metropolitanorum
3477 2626 3493 2651 ,
3542 2594 3600 2641 et

2025 2690 2208 2729 eorum
2266 2676 2640 2745 episcoporum
2688 2677 2776 2744 qui
2816 2677 3162 2730 circumcirca
3211 2676 3354 2740 sint,
3405 2692 3596 2746 prove-

2023 2762 2219 2817 hantur
2274 2765 2340 2817 ad
2384 2766 2803 2819 ecclesiasticam
2848 2775 3169 2835 potestatem
3212 2767 3312 2820 :hi
3354 2768 3600 2823 videlicet

2023 2856 2113 2921 qui
2155 2856 2386 2923 plurimo
2451 2864 2691 2924 tempore
2741 2856 3034 2924 probantur
3082 2865 3191 2909 tam
3240 2858 3403 2911 verbo
3455 2858 3595 2921 lidci,

2022 2958 2182 3015 quam
2214 2952 2373 2999 recta:
2400 2946 2824 2999 conversationis
2852 2946 3119 3014 exemplo.

2093 3056 2300 3109 Judicio
2322 3055 2661 3108 multitudinis
2684 3056 3037 3108 ordinationes
3060 3057 3172 3124 ﬁeri
3196 3072 3296 3108 non
3323 3056 3522 3109 debere.

2093 3145 2275 3201 CXVI.
2307 3146 2460 3212 Quod
2500 3161 2606 3199 non
2638 3147 2706 3200 sit
2734 3148 3146 3216 permittendum
3181 3149 3348 3203 turbis
3376 3151 3594 3204 electio'

1952 3278 1993 3339 (η
2026 3252 2120 3291 nes
2148 3252 2334 3290 eorum
2365 3237 2543 3291 facere
2568 3276 2583 3300 ,
2624 3238 2714 3306 qui
2745 3247 2869 3291 sunt
2914 3242 2980 3291 atl
3009 3240 3367 3293 sacerdotium
3398 3255 3598 3311 prove-

1971 3319 1995 3339 λ
2027 3327 2040 3339 .
2154 3327 2186 3339 ..
3296 3318 3299 3319 ν

1971 3319 1995 3341 ³
2026 3327 2207 3381 bendi.
3296 3318 3299 3319 ί

417 3414 571 3474 CVII.
604 3414 755 3487 Quod
795 3438 899 3476 non
946 3430 1197 3491 oporteat
1238 3425 1608 3479 ordinationes
1652 3423 1751 3480 sub
1793 3438 1927 3479 con-
2024 3436 2107 3490 Λα
2135 3436 2269 3491 alia:
2296 3439 2566 3510 parochias
2592 3439 2839 3510 eulogias,
2872 3458 2982 3512 qua!
3009 3440 3197 3497 oblata:
3224 3454 3362 3509 sunt,
3391 3446 3600 3500 minime

344 3522 533 3581 spectu
559 3512 885 3565 audientium
914 3512 1198 3567 celebrari.

449 3622 517 3678 Ut
546 3623 597 3677 lii
621 3624 709 3695 qui
734 3623 969 3676 sacrario
994 3624 1219 3677 seruiunt
1246 3637 1435 3676 usuras
1460 3614 1560 3677 τιθῆ
1589 3624 1823 3693 exigant.

417 3735 594 3791 CVIII.
635 3734 789 3803 Quod
818 3750 924 3790 non
968 3742 1216 3804 oporteat
1263 3734 1574 3790 sacerdotes
1614 3734 1925 3790 etclaricos

347 3829 653 3885 fenorantes
690 3846 879 3885 usuras
898 3866 923 3897 γ,
972 3830 1058 3884 vel
1104 3842 1223 3898 qua:
1268 3828 1520 3885 dicuntur
1547 3830 1824 3900 sescupla,
1875 3829 1929 3884 id

349 3931 431 3973 est
458 3929 513 3973 et
539 3934 800 3973 summam
828 3920 1019 3990 capitis
1047 3929 1103 3974 et
1143 3921 1420 3975 dimidium
1450 3937 1706 3987 summio,
1748 3921 1931 3991 perci-

349 4023 501 4078 pere.

348 4122 430 4178 Ds
486 4122 745 4179 [emetiris
794 4121 1110 4176 intrantibus
1160 4122 1218 4175 in
1262 4122 1509 4176 ecclesias
1565 4122 1639 4176 vel
1687 4121 1933 4177 basilicas

993 4202 1299 4262 martyrum.

420 4303 558 4359 CIX.
588 4303 742 4370 Quod
773 4304 1013 4359 hmretici
1043 4319 1150 4358 non
1196 4304 1541 4373 permittendi
1575 4306 1685 4360 sint
1728 4306 1934 4373 ingredi

349 4395 407 4449 in
434 4394 649 4449 domum
680 4395 806 4461 Dei,
837 4394 889 4447 in
920 4393 1109 4447 btet-esi
1148 4402 1548 4462 permanentes.

456 4503 537 4558 De
564 4505 644 4558 Itis
678 4505 764 4574 qui
799 4498 868 4556 ad
908 4504 1153 4557 ecclesias
1195 4503 1260 4556 ab
1300 4504 1559 4558 htereticis
1589 4506 1815 4559 veniunt.

419 4594 532 4652 CX.
561 4596 636 4650 De
664 4596 747 4653 his
775 4596 866 4664 qui
894 4596 963 4649 ab
999 4595 1266 4652 haereticis
1293 4605 1703 4663 convertuntur,
1740 4597 1791 4650 id
1825 4604 1924 4661 est,

352 4688 680 4751 Novatianis,
730 4695 825 4741 aut
864 4686 1217 4752 Photinianis,
1260 4696 1352 4741 aut
1396 4686 1930 4743 Tessarescaadeeati-

354 4782 440 4843 tis,
486 4780 598 4833 sive
629 4777 882 4848 baptizati
931 4778 1038 4831 sint
1066 4779 1140 4832 illi
1168 4821 1184 4847 ,
1232 4795 1328 4833 seu
1372 4780 1776 4846 oateohumeni,
1816 4794 1927 4834 non

352 4878 479 4923 ante
505 4869 880 4937 suscipiantur,
910 4882 1069 4938 quam
1106 4884 1293 4923 omnes
1321 4870 1553 4924 haereses
1576 4872 1931 4924 anathemati-

352 4966 500 5023 zcnt,
529 4966 586 5011 et
627 4958 891 5030 prtecipue
936 4960 1079 5013 illam
1124 4976 1226 5031 qua
1256 4962 1648 5015 detinebantr.
1706 4961 1774 5015 Et
1803 4970 1929 5017 tunc

351 5036 568 5102 demum
604 5049 655 5102 hi
700 5052 792 5119 qui
834 5051 974 5121 apud
1003 5066 1099 5105 eos
1150 5051 1466 5107 dicebantur
1493 5053 1700 5116 fideles,
1732 5064 1930 5110 nostra:

351 5142 647 5196 doceantur
687 5140 807 5197 fidei
836 5142 1158 5214 symbolum,
1194 5152 1249 5198 et
1274 5146 1419 5199 uncti
1448 5154 1636 5200 sancto
1664 5147 1925 5202 chrisma-

352 5240 430 5301 te,
458 5233 536 5289 sic
560 5234 829 5305 myswriis
858 5236 1256 5290 communicent
1276 5239 1650 5293 sacrosanctis.

466 5336 548 5399 De
574 5344 659 5399 llis
697 5346 781 5415 qui
810 5347 1015 5399 veniunt
1043 5343 1107 5398 ab
1133 5348 1311 5400 quresi
1344 5344 1814 5419 Cataphrygarum.

416 5445 555 5509 CXI.
583 5454 659 5510 De
685 5452 771 5511 his
797 5457 886 5524 qui
928 5464 1318 5511 convertuntur
1357 5457 1424 5510 ab
1452 5458 1643 5513 btet-esi
1677 5475 1795 5529 qua:
1848 5461 1928 5515 di-

357 5547 492 5601 citur
518 5545 996 5618 Cataphrygarum,
1043 5547 1146 5602 etsi
1174 5547 1227 5600 in
1265 5548 1409 5601 clero
1434 5588 1451 5615 ,
1493 5549 1617 5616 quia
1648 5550 1789 5619 apud
1836 5565 1931 5606 eos

353 5640 474 5692 esse
496 5627 756 5704 creditur,
796 5637 1012 5703 fuerint,
1040 5639 1141 5693 etsi
1182 5638 1402 5691 maximi
1432 5640 1801 5706 nominentur,
1832 5641 1932 5697 hos

354 5730 453 5783 sub
482 5731 629 5783 omni
658 5730 932 5799 diligentia
974 5732 1040 5784 ab
1063 5730 1332 5800 episcopis
1363 5728 1639 5801 Ecclesitc,
1668 5734 1752 5791 vel
1782 5750 1934 5806 pres-

352 5821 577 5890 byter-Is,
600 5820 805 5877 finisti-ui
836 5831 889 5877 et
918 5820 1176 5891 baptizari
1207 5822 1511 5876 conveniet.

2635 3512 2989 3565 tlestittandas.

2095 3596 2297 3653 CXVII.
2330 3598 2481 3665 Quod
2512 3610 2698 3655 sancta
2744 3603 2891 3656 nullo
2938 3604 3118 3667 modo,
3170 3619 3328 3659 causa
3359 3604 3601 3674 eulogia-

2027 3706 2170 3757 rum,
2201 3700 2443 3760 tempore
2477 3690 2747 3748 Paschalis
2778 3694 2917 3760 festi,
2951 3702 3015 3749 ad
3044 3696 3176 3750 alias
3202 3697 3484 3772 parochias
3504 3699 3602 3753 de-

2029 3780 2193 3835 beant
2219 3781 2508 3837 destinare.

2030 3889 2110 3948 De
2137 3894 2216 3947 Itis
2260 3895 2345 3964 qui
2393 3893 2609 3949 debeant
2656 3897 2710 3949 in
2761 3896 2996 4019 aztbone,
3052 3897 3108 3951 id
3155 3905 3262 3965 est,
3302 3898 3353 3950 in
3384 3898 3606 3968 pulpito,

2693 3984 2785 4019 usa
2829 3984 2933 4019 ere.

2692 3984 2933 4037 psallere.

2107 4076 2336 4133 CXVIII.
2370 4077 2524 4145 Quod
2565 4093 2673 4132 non
2702 4085 2950 4146 oporteat
2979 4077 3207 4147 amplius
3229 4118 3244 4143 ,
3288 4086 3481 4147 praeter
3507 4091 3609 4133 eos

2032 4168 2124 4236 qui
2153 4168 2472 4235 regulariter
2497 4177 2751 4222 cantores
2795 4168 3061 4231 existunt,
3094 4168 3184 4236 qui
3220 4174 3276 4221 et
3314 4166 3381 4219 de
3408 4166 3607 4221 codice

2033 4264 2255 4321 canunt,
2287 4256 2421 4310 alios
2444 4256 2493 4309 in
2520 4257 2779 4327 pulpitum
2800 4255 3183 4320 conscendere,
3212 4265 3267 4309 et
3295 4255 3348 4308 in
3374 4255 3606 4311 ecclesia

2036 4350 2288 4421 psallere.

2141 4465 2222 4519 De
2250 4466 2550 4519 lectionibus
2578 4482 2691 4538 qua:
2722 4465 2938 4519 debeant
2974 4462 3199 4517 sabbatis
3227 4463 3499 4517 recenseri.

2106 4558 2287 4615 CXIX.
2319 4560 2471 4626 Quod
2515 4561 2567 4614 in
2594 4560 2832 4615 sabbatis
2872 4558 3147 4627 evangelia
3170 4573 3293 4613 cum
3333 4557 3451 4612 aliis
3468 4554 3613 4615 Scri-

1958 4648 2008 4706 D
2034 4651 2205 4718 pturis
2236 4651 2337 4717 legi
2365 4651 2668 4704 conveniat.

2039 4764 2189 4828 Quod
2236 4766 2568 4819 interstilium
2600 4765 2915 4904 psalztart’tim
2942 4763 3137 4846 ldebent
3164 4764 3223 4817 in
3253 4762 3615 4835 congregatio-

2664 4852 2716 4887 m
2755 4852 2813 4888 us
2877 4852 2974 4888 ert.

2664 4852 2813 4888 mnus
2839 4852 2974 4888 neri.

2108 4923 2269 4978 CXX.
2328 4924 2481 4992 Quod
2546 4925 2597 4978 in
2652 4934 2919 4979 conventu
2976 4925 3209 4980 ﬁdelium
3274 4938 3615 4994 nequaquam

2040 5015 2274 5083 psalmos
2300 5013 2613 5067 continuare
2641 5014 2929 5067 conveniat
2959 5031 2973 5066 :
3006 5015 3098 5067 sed
3125 5030 3220 5083 per
3249 5012 3617 5076 intervallum,

2039 5102 2091 5156 id
2131 5111 2232 5164 est,
2263 5118 2360 5172 per
2388 5103 2621 5173 psalmos
2663 5103 2903 5173 singulos
2946 5103 3216 5159 recenscri
3268 5103 3500 5158 debeant
3536 5100 3617 5154 Ie-

2034 5200 2257 5246 CIIOIICS.

2242 5303 2315 5355 De
2341 5302 2573 5371 precibus
2602 5320 2741 5357 nona
2764 5313 2814 5358 et
2834 5320 3045 5372 vespera
3070 5300 3409 5355 celebrandis.

2106 5393 2287 5449 CXXI.
2322 5392 2477 5461 Quod
2524 5395 2697 5463 ipsum
2728 5410 2940 5464 semper
2967 5392 3203 5447 officium
3252 5407 3469 5461 precum
3514 5407 3621 5447 ηο-

2038 5499 2104 5537 na
2131 5492 2185 5536 et
2210 5498 2430 5552 vespera
2462 5499 2673 5552 semper
2704 5483 2897 5537 debeat
2924 5481 3187 5536 exhiberi.

2036 5595 2114 5649 De
2140 5595 2373 5665 precibus
2401 5606 2514 5666 post
2540 5596 2796 5657 homilt‘as,
2825 5596 2879 5648 id
2902 5604 2999 5657 est,
3035 5603 3147 5665 post
3172 5612 3435 5650 sermones
3470 5594 3621 5649 ἣρως

2111 5677 2185 5718 tos
2216 5667 2586 5745 ari-polinlnm,
2632 5666 2957 5746 proferendis
2982 5705 2997 5730 ,
3025 5677 3085 5746 et
3122 5666 3189 5720 de
3215 5668 3295 5720 Itis
3321 5683 3449 5737 quos
3475 5667 3617 5718 intra

2108 5739 2392 5789 sacrarium
2419 5739 2793 5790 communicare
2821 5739 3095 5791 conveniat

2110 5820 2501 5890 CXXII.'Quod
2532 5834 2783 5894 Oporteat
2824 5828 3063 5884 seorsum
3093 5820 3344 5898 primum,
3387 5830 3511 5897 post
3543 5822 3621 5875 alo
