4128 6348
499 312 595 369 I61

1781 290 2135 350 DIONYSIUS
2178 286 2498 344 EXICUUS.

3669 272 3783 321 ’βς

499 417 795 475 locutiones
831 428 1206 485 episcoporum
1234 454 1251 479 ,
1302 410 1601 466 orationem
1645 423 1810 477 super
1837 406 2082 462 catechu-
2110 410 2156 465 Α
2185 409 2243 456 et
2288 400 2448 456 otiari
2496 400 2551 455 in
2593 398 2838 464 sabbato,
2869 396 2964 454 sed
2997 411 3211 467 operari
3233 412 3328 452 eos
3355 413 3409 451 m
3439 395 3633 453 eodem
3659 394 3782 449 die.

497 525 687 568 menos
714 507 970 564 celebrari
1004 524 1017 559 :
1063 513 1118 560 ut
1146 512 1430 573 postquam
1476 498 1848 556 eatechumeni
1880 494 2081 563 egressi

499 600 713 662 fuerint,
746 613 908 667 super
935 612 1061 662 eos,
1109 594 1199 664 qui
1230 600 1359 648 sunt
1400 592 1453 645 in
1497 590 1830 658 imnitenlia,
1865 600 2079 656 precem

500 692 639 747 ﬁeri.
682 689 774 744 IIis
803 689 965 741 etiam
995 684 1374 740 accedentibus
1417 681 1482 735 ad
1517 695 1731 734 manum
1762 676 2079 740 sacerdotis,

502 793 558 838 et
593 779 1016 841 discedentibus,
1066 785 1178 830 tres
1227 775 1502 827 orationes
1550 764 1911 825 consummari
1951 761 2085 815 lide-

505 873 633 927 lium
665 889 679 925 :
704 872 774 924 ita
806 878 864 923 ut
893 868 1063 937 prima
1086 865 1305 934 quidem
1337 863 1436 916 sub
1461 859 1698 923 silentio,
1728 856 1963 912 secunda
1992 868 2084 907 ve-

505 975 567 1015 ro
593 968 650 1015 et
679 959 831 1013 tertia
858 972 952 1026 per
980 953 1406 1008 exclamationes
1447 952 1636 1007 solitas
1665 948 2003 1017 expleantur,
2030 950 2086 997 et

506 1052 580 1107 ita
614 1051 829 1106 demum
872 1063 1056 1116 pacem
1095 1047 1194 1099 sibi
1233 1046 1460 1099 invicem
1502 1042 1728 1096 dabunt.
1774 1039 1839 1093 Et
1870 1044 2086 1108 postea-

507 1160 667 1214 quam
709 1142 917 1197 dederit
959 1140 1247 1207 episcopus
1285 1137 1613 1207 presbyteris
1642 1134 1883 1189 osculum
1915 1131 2086 1200 pacis,

510 1245 638 1291 tunc
667 1234 787 1289 laici
828 1233 927 1286 sibi
976 1232 1232 1285 tribuent.
1274 1228 1340 1282 Et
1386 1230 1457 1281 ita
1500 1235 1685 1281 sancta
1730 1221 2087 1278 celebrabitur

512 1328 732 1381 oblatio.
766 1324 906 1378 Solis
949 1332 1129 1376 autem
1160 1321 1457 1375 ministerio
1486 1333 1643 1372 sacro
1668 1316 1863 1370 deditis
1902 1312 1971 1367 ad
2009 1312 2090 1364 aI-

513 1426 628 1470 tare
657 1415 879 1482 ingredi,
905 1423 962 1467 ct
988 1412 1385 1467 communicare
1408 1410 1604 1463 ibidem
1635 1407 1814 1461 liceat.

583 1526 662 1580 De
683 1526 871 1580 honore
897 1540 1043 1595 quem
1072 1521 1377 1595 presbyteris
1403 1518 1632 1595 diaconi,
1663 1517 1748 1588 qui
1772 1516 1864 1569 sub
1891 1513 2017 1583 ipsis

970 1600 1119 1655 sunt,
1151 1592 1333 1645 debent
1362 1590 1623 1642 exhibere.

528 1654 531 1659 Ξ
582 1685 809 1743 CXXIII.
836 1684 987 1751 Quod
1014 1654 1117 1736 nou
1148 1688 1398 1751 oporteat
1418 1680 1706 1733 diaconum
1727 1689 1909 1731 coram
1939 1687 2093 1742 pres-

515 1781 704 1849 bytero
733 1777 950 1835 Sedere,
1001 1774 1094 1828 sed
1132 1772 1373 1840 iussione
1414 1769 1714 1840 presbyteri
1758 1766 1959 1821 sedeat.
2005 1762 2090 1817 Si-
2123 1764 2167 1821 Β

518 1868 713 1922 militer
742 1874 920 1918 autem
952 1871 1005 1917 et
1032 1863 1270 1916 diaconis
1316 1862 1490 1916 honor
1516 1861 1779 1913 habeatur
1818 1856 1886 1909 ab
1925 1855 2085 1909 obse—

522 1958 825 2027 quentibus,
861 1955 910 2007 id
940 1961 1021 2008 est
1050 1952 1397 2007 subdiaconis
1424 1958 1479 2004 et
1507 1950 1752 2004 omnibus
1774 1945 2003 2002 clericis.

524 2065 673 2132 Quod
700 2065 1003 2119 subdiaconi
1033 2081 1065 2116 ιι
1092 2063 1384 2127 diaronico,
1415 2060 1470 2114 id
1497 2069 1573 2114 est
1606 2076 1636 2112 a
1659 2057 1960 2122 secretario,
1994 2055 2097 2109 sint

1206 2156 1408 2208 remoti.
1878 2214 1879 2217 η

593 2248 823 2305 CXXIV.
865 2246 1017 2315 Quod
1065 2263 1171 2301 non
1222 2253 1471 2314 oporteat
1513 2243 1869 2298 subdiaconos
1900 2240 2100 2295 habere

525 2360 699 2401 iocum
728 2344 781 2397 in
809 2341 1108 2409 diaeonico,
1142 2349 1195 2393 et
1222 2339 1488 2393 dominica
1510 2352 1635 2390 vasa
1662 2334 1995 2390 continuere.

629 2456 984 2510 Subdiaconos
1016 2470 1131 2509 cum
1158 2453 1344 2506 orariis
1388 2452 1630 2505 assistere
1658 2464 1761 2504 non
1789 2446 1992 2499 debere.

596 2546 803 2602 CXXV.
836 2545 992 2612 Quod
1021 2562 1128 2601 non
1176 2551 1423 2614 oporteat
1451 2541 1836 2596 subdiaconum
1873 2537 1950 2591 uti
1975 2550 2103 2590 ora-

528 2639 630 2703 rio,
653 2653 759 2694 nec
784 2638 920 2691 ostia
950 2635 1340 2704 derelinquere.

531 2750 771 2809 Lectores
796 2761 1130 2821 cantoresque
1157 2766 1271 2802 cum
1300 2748 1489 2821 orariis
1518 2761 1670 2818 agerc
1701 2760 1850 2799 suum
1884 2743 2107 2814 ofﬁcium

1154 2837 1257 2875 non
1277 2818 1476 2872 debere.

602 2909 834 2965 CXXVI.
865 2910 1021 2976 Quod
1065 2926 1170 2963 non
1198 2917 1449 2980 oporteat
1484 2907 1715 2961 lectores
1743 2911 1835 2960 aut
1861 2911 2111 2959 cantores

531 3004 722 3060 orariis
750 3003 845 3067 uti,
874 3010 929 3057 et
951 3003 1027 3056 ita
1057 3002 1235 3069 legere
1262 3001 1344 3053 vel
1375 3000 1622 3069 psallere.

534 3113 684 3182 Quod
734 3114 907 3168 nullus
964 3114 1428 3234 ecclesiasticqrum
1478 3113 1533 3165 in
1582 3109 1807 3165 tabernis

1262 3202 1286 3234 ε
1322 3192 1424 3234 eat.

1262 3192 1424 3234 ebeat.

605 3273 853 3331 CXXVII.
894 3272 1047 3339 Quod
1078 3286 1183 3325 non
1215 3278 1467 3338 Oporteat
1502 3284 1658 3323 sacro
1687 3268 1983 3322 ministerio
2024 3267 2120 3321 de-

538 3366 678 3421 ditos
722 3380 752 3419 a
792 3363 1119 3435 presbyteris
1146 3376 1313 3430 usque
1344 3360 1409 3413 ad
1437 3360 1715 3423 diaconos,
1748 3367 1805 3414 et
1852 3358 2116 3427 reliquum

539 3456 960 3511 ecclesiasticum
989 3452 1231 3506 ordinem
1259 3491 1274 3513 ,
1323 3450 1374 3503 id
1405 3458 1487 3503 est
1527 3464 1696 3517 usque
1725 3448 1792 3502 ad
1833 3447 2121 3502 subdiaco-

540 3562 657 3610 nos,
689 3547 937 3605 lectores,
970 3551 1238 3607 cantores,
1260 3540 1558 3595 exorcistas
1583 3548 1637 3595 et
1659 3540 1926 3605 ostiarios,
1968 3549 2021 3594 et
2051 3555 2119 3594 ex

542 3651 764 3692 numero
792 3634 1183 3690 continentium
1233 3643 1288 3687 et
1315 3633 1704 3687 monachorum
1734 3674 1750 3700 ,
1789 3630 1997 3700 ingredi
2040 3640 2121 3683 ta-

542 3729 757 3782 hernas.

545 3843 695 3912 Quod
720 3843 1017 3897 subdiaconi
1066 3859 1168 3895 non
1199 3839 1783 3912 debeantpbenedicere,
1841 3840 1917 3893 vel
1972 3837 2123 3893 benc—

1058 3913 1329 3966 dictionem
1361 3910 1600 3966 tribuere.

611 4002 886 4057 CXXVIII.
918 4002 1070 4069 Quod
1110 4018 1216 4056 non
1247 4010 1495 4072 oporteat
1520 4001 1880 4056 subdiaconos
1921 4012 2115 4067 panem

546 4094 695 4158 dare,
726 4087 814 4147 vel
844 4093 1065 4147 calicem
1094 4092 1434 4146 benedicere.

624 4206 703 4261 De
725 4207 992 4261 exorcistis
1017 4207 1102 4277 qui
1130 4222 1232 4260 non
1259 4216 1377 4259 sunt
1411 4204 1475 4258 ab
1513 4205 1763 4274 episcopis
1792 4204 2039 4257 ordinati.

614 4291 848 4354 CXXIX.
888 4297 1041 4365 Quod
1071 4298 1122 4353 hi
1164 4298 1252 4366 qui
1284 4313 1390 4350 non
1422 4302 1547 4349 sunt
1575 4297 1642 4349 ab
1669 4295 1936 4365 episcopis
1988 4294 2126 4346 ordi-

545 4389 678 4452 nati,
703 4396 809 4441 tam
840 4387 890 4440 in
920 4386 1183 4448 ecclesiis,
1216 4400 1376 4453 quam
1412 4384 1464 4437 in
1513 4383 1782 4447 domibus,
1814 4383 2123 4436 exorcizare

546 4495 656 4535 non
683 4479 909 4548 possint.

547 4584 697 4650 Quod
718 4585 782 4637 de
801 4585 1042 4640 conviviis
1071 4601 1184 4655 qua:
1222 4600 1286 4637 ea:
1316 4600 1482 4655 agape
1511 4584 1660 4652 ﬁunt,
1692 4599 1922 4637 escarum
1947 4593 2117 4653 partes

1046 4653 1209 4722 accipi
1241 4670 1343 4706 non
1374 4653 1609 4707 debeant.

612 4742 823 4798 CXXX.
850 4744 1004 4810 Quod
1035 4760 1142 4797 non
1168 4753 1421 4811 oporteat
1446 4759 1601 4797 sacro
1630 4742 1928 4797 ministerio
1968 4742 2121 4797 dedi-

546 4843 632 4890 tos
666 4837 890 4890 clericos
933 4843 1026 4889 aut
1063 4835 1230 4888 laicos
1264 4835 1330 4887 ad
1381 4847 1607 4903 agapem
1629 4841 1853 4889 vocatos
1876 4834 2117 4888 ciborum

545 4932 727 4995 partes
770 4925 1039 4995 accipere,
1084 4932 1373 4994 pr0pterea
1421 4924 1567 4993 quod
1597 4922 1721 4977 hine
1746 4922 2117 4979 ecclesiastico

544 5014 719 5070 ordini
745 5014 836 5067 liat
865 5014 1084 5084 injuria.

786 5130 850 5183 In
877 5130 1105 5183 ecclesiis
1138 5129 1358 5199 prandia
1394 5130 1510 5198 ﬁeri
1538 5146 1642 5184 non
1670 5128 1879 5184 debere.

612 5217 849 5274 CXXXI.
873 5217 1026 5285 Quod
1047 5234 1153 5272 non
1175 5227 1425 5286 oporteat
1448 5219 1499 5272 in
1522 5218 1809 5276 domiciliis
1830 5220 2044 5286 divinis,
2069 5222 2121 5277 id

545 5318 632 5365 est
658 5312 710 5363 in
742 5310 1001 5371 ccclesiis,
1028 5309 1268 5362 corivivia
1292 5324 1409 5376 qua:
1432 5320 1693 5365 vocantur
1718 5327 1923 5381 agapae,
1957 5311 2071 5369 ﬁeri
2098 5334 2111 5368 :

546 5416 648 5455 nec
675 5401 811 5453 intra
842 5399 1056 5453 domum
1090 5400 1179 5453 Dei
1209 5401 1513 5468 comedere,
1546 5404 1629 5457 vel
1672 5405 1952 5460 accubitus
1982 5415 2123 5460 ster-

545 5508 696 5547 nere.

546 5601 624 5657 De
650 5600 1063 5678 Christianisqui
1083 5601 1422 5678 sabbatizare,
1449 5605 1690 5674 reljuxta
1711 5607 1983 5678 quemdam
2009 5624 2123 5660 mo-

939 5674 1059 5725 dum
1100 5674 1398 5746 juduizare,
1429 5674 1728 5730 noscuntur.

613 5759 858 5817 CXXXII.
886 5761 1036 5828 Quod
1067 5780 1171 5818 non
1198 5772 1446 5835 oporteat
1472 5762 1803 5822 Christianos
1839 5765 2119 5834 judaizare

2186 486 2537 543 Puelerentes
2567 497 2749 543 autem
2778 488 2832 543 in
2873 485 3221 541 veneratione
3248 484 3574 539 dominicum
3604 482 3786 547 diem,

2183 581 2228 635 si
2257 596 2454 635 vacare
2485 580 2753 634 voluerint
2773 622 2788 647 ,
2835 587 2893 632 ut
2920 576 3206 632 Christiani
3237 577 3342 631 hoc
3367 574 3584 631 faciant.
3617 574 3788 641 Quod

2182 675 2230 726 si
2259 671 2456 741 reperti
2483 671 2681 725 fuerint
2706 670 2997 738 judaizare,
3032 668 3315 724 anathema
3340 667 3446 720 sint
3474 682 3504 719 a
3534 665 3786 720 Christo.

2288 782 2370 836 De
2403 782 2526 836 uiris
2564 798 2679 835 cum
2712 778 3007 834 mulieribus
3030 780 3239 831 lavacra
3267 775 3662 831 cele'rantibus.

2256 887 2530 946 CXXXIII.
2563 888 2719 955 Quod
2770 904 2876 942 non
2932 894 3182 951 oporteat
3210 884 3376 939 sacris
3397 882 3589 938 ofliciis
3618 881 3783 937 dedi-

2188 988 2271 1035 tos
2294 988 2389 1035 aut
2411 980 2659 1042 clericos,
2684 986 2777 1031 aut
2817 976 3155 1031 continentes
3203 973 3291 1027 vel
3336 986 3552 1027 omnem
3575 971 3782 1025 Iaieutu

2184 1070 2568 1133 Christianum,
2602 1069 2811 1121 lavacra
2841 1081 2963 1119 eum
2994 1064 3306 1118 mulieribus
3331 1062 3628 1128 celebrare,
3648 1060 3786 1132 quia

2186 1161 2301 1215 hac
2324 1161 2464 1230 apud
2486 1168 2675 1227 gentes
2698 1156 3048 1227 reprehensio
3069 1156 3239 1225 prima
3268 1162 3371 1207 est.

2193 1272 2270 1327 De
2291 1274 2371 1327 his
2392 1273 2476 1345 qui
2506 1288 2619 1325 cum
2658 1270 2911 1324 haereticis
2949 1268 3174 1339 jungunt
3214 1266 3409 1338 foedera
3448 1265 3774 1337 nuptiarum.

2259 1380 2535 1439 CXXXIV.
2567 1378 2724 1446 Quod
2772 1396 2878 1433 non
2926 1386 3176 1447 oporteat
3204 1393 3325 1431 cum
3356 1376 3622 1430 haereticis
3652 1375 3784 1429 uni-

2190 1471 2360 1524 versis
2408 1469 2715 1537 nuptiarum
2774 1465 2977 1520 l'cedera
3026 1466 3323 1527 celebrare,
3356 1479 3457 1519 nec
3511 1464 3590 1517 eis
3638 1464 3787 1518 tilios

2193 1560 2323 1614 dare
2354 1559 2437 1613 vel
2486 1558 2642 1619 tilias,
2672 1555 2767 1610 sed
2805 1555 2975 1622 magis
3003 1555 3250 1623 accipere
3286 1571 3299 1605 :
3326 1553 3369 1607 si
3400 1562 3577 1606 tamen
3621 1551 3782 1605 Chn-

2192 1651 2397 1705 stianos
2424 1664 2483 1703 se
2506 1648 2619 1702 Iieri
2644 1646 2978 1715 promittant.

2367 1759 2445 1812 Ab
2483 1757 2740 1813 Itwreticis
2769 1756 3001 1827 eulogias
3027 1756 3257 1827 accipere
3276 1769 3380 1806 non
3394 1752 3594 1805 debere.

2264 1869 2518 1927 CXXXV.
2558 1868 2712 1938 Quod
2736 1884 2843 1924 non
2871 1873 3119 1936 oporteat
3142 1865 3209 1919 ab
3241 1863 3511 1918 hiereticis
3540 1861 3787 1932 eulogias

2196 1964 2464 2033 accipere,
2487 1976 2605 2030 quae
2630 1968 2754 2015 sunt
2783 1957 3187 2015 maledictiones
3207 1956 3387 2027 potius
3428 1968 3591 2024 quam
3618 1952 3785 2008 bene.

2197 2054 2482 2111 dictiones.

2762 2161 2843 2215 De
2866 2160 3229 2215 schismaticis.

2270 2254 2550 2312 CXXXVI.
2580 2253 2735 2321 Quod
2771 2269 2880 2309 non
2930 2260 3181 2323 Oporteat
3227 2264 3352 2305 cum
3391 2246 3657 2304 hrereticis
3683 2255 3781 2307 aut

2202 2346 2563 2403 schismaticis
2589 2345 2792 2416 pariter
2813 2357 2989 2397 orare.

2569 2453 2652 2508 De
2690 2451 3005 2524 martyribus
3052 2451 3429 2507 hereticorum.

2275 2568 2576 2626 CXXXVII.
2591 2562 2762 2635 ‘Quod
2804 2581 3021 2622 omnem
3070 2564 3432 2618 Christianum
3473 2577 3580 2617 non
3620 2576 3787 2631 opor-

2208 2672 2320 2719 teat
2338 2664 2591 2718 deserere
2618 2669 2881 2730 martyres
2904 2658 3123 2721 Christi,
3153 2662 3207 2710 et
3240 2657 3317 2710 ire
3341 2655 3406 2709 ad
3444 2654 3788 2725 pseudomsrv

2209 2762 2375 2827 tyres,
2403 2754 2455 2807 id
2482 2762 2565 2808 est
2592 2751 2987 2813 hcereticorum,
3020 2756 3075 2801 et
3101 2762 3236 2817 quos
3264 2747 3410 2816 ipsos
3435 2754 3647 2801 constet
3678 2746 3787 2798 h:e~

2210 2844 2409 2901 reticos
2433 2841 2721 2906 exstitisse,
2750 2840 2800 2893 hi
2832 2852 3064 2905 namque
3096 2844 3220 2889 sunt
3260 2836 3421 2890 alieni
3442 2850 3475 2889 a
3502 2835 3614 2890 Deo
3648 2852 3660 2886 :
3688 2835 3785 2893 sint

2212 2933 2373 3002 igitur
2394 2932 2706 2994 anathema,
2733 2929 2823 2998 qui
2848 2928 2916 2982 ad
2938 2927 3072 2981 tales
3098 2926 3447 2981 accesserint.

2627 3041 2708 3096 De
2732 3042 2809 3095 his
2840 3039 2929 3113 qui
2950 3038 3160 3110 angelos
3183 3038 3379 3092 colunt.

1852 3109 2114 3165 comede"
2142 3136 2189 3199 C
2292 3154 2615 3213 CXXXVIII.
2648 3153 2803 3222 Quod
2845 3109 2953 3208 non
2981 3159 3230 3223 oporteat
3254 3149 3589 3206 Christianos
3617 3148 3791 3208 Eccle'

2220 3251 2354 3308 siam
2384 3251 2476 3304 Dei
2504 3249 2831 3315 relinquere,
2866 3254 2921 3300 et
2944 3246 3039 3309 ire,
3071 3256 3234 3312 atque
3255 3243 3475 3312 angelos
3501 3243 3778 3297 nominare

2219 3354 2275 3399 et
2301 3340 2745 3410 congregationes
2773 3338 2952 3393 facere
2985 3356 2997 3390 :
3030 3353 3149 3406 qua:
3177 3336 3459 3391 interdicta
3485 3345 3795 3393 noscuntur.

2221 3436 2277 3491 Si
2303 3440 2423 3504 quis
2444 3433 2869 3501 igituriinventus
2898 3430 3056 3483 fuerit
3081 3429 3201 3484 huic
3234 3428 3459 3483 occulta:
3485 3421 3799 3493 idololatria

2221 3527 2481 3589 serviens,
2512 3524 2582 3579 sit
2612 3524 2935 3601 anathema,
2972 3521 3098 3589 quia
3142 3519 3465 3587 derelinquit
3516 3518 3799 3576 Dominum

2224 3625 2465 3671 nostrum
2495 3614 2679 3669 Jesnm
2706 3612 2998 3678 Christum,
3025 3610 3217 3666 Filium
3255 3610 3372 3677 Dei,
3403 3618 3460 3666 et
3484 3625 3544 3665 se
3573 3610 3799 3665 idolola~

2222 3708 2338 3762 trize
2368 3705 2605 3762 tradidit.

2258 3816 2338 3872 De
2367 3818 2447 3871 his
2487 3818 2574 3888 qui
2603 3813 3049 3869 incantationibus
3090 3821 3136 3869 et
3171 3813 3507 3884 phylacteriis
3532 3820 3765 3874 utuntur.

2293 3928 2572 3986 CXXXIX.
2591 3928 2743 3995 Quod
2766 3943 2873 3982 non
2897 3934 3145 3996 oporteat
3164 3926 3332 3981 sacris
3356 3924 3548 3980 oﬂiciis
3568 3926 3796 3989 deditos,

2225 4023 2309 4075 vel
2336 4021 2581 4083 clericos,
2613 4032 2797 4087 magos
2824 4028 2917 4072 aut
2945 4020 3308 4083 incantatores
3336 4016 3584 4078 existere.
3614 4026 3705 4071 aut
3725 4016 3806 4073 fa~

2224 4127 2349 4168 cere
2380 4110 2707 4183 phylacteria
2757 4126 2770 4161 :
2818 4123 2935 4177 quae
2981 4108 3277 4161 animarum
3322 4122 3540 4161 suarum
3591 4107 3801 4163 vincula

2223 4203 2661 4273 comprobantur.
2689 4199 2796 4255 Eos
2834 4210 3014 4254 autem
3056 4199 3149 4268 qui
3186 4199 3270 4253 bis
3316 4205 3555 4263 utuntur,
3596 4197 3664 4251 ab
3694 4196 3802 4253 Ec-

2224 4297 2388 4351 clesia
2415 4295 2538 4365 pelli
2568 4292 2925 4365 prmcipimus.
3557 4310 3561 4314 ι

2227 4407 2305 4461 De
2330 4408 2410 4460 his
2437 4407 2523 4477 qui
2558 4404 2622 4459 ab
2653 4405 2928 4477 Ita’reticis,
2955 4404 3034 4455 rel
3060 4401 3279 4477 .Iudteis,
3306 4402 3602 4473 festivitatis
3629 4420 3808 4463 eorum

2154 4503 2200 4559 ο
2450 4474 2460 4477 ⁷
2795 4475 2932 4529 dona
2953 4474 3258 4541 suscipiunt.

2294 4586 2451 4643 CXL.
2472 4585 2629 4652 Quod
2658 4599 2766 4638 non
2794 4591 3050 4653 oporteat
3097 4597 3127 4635 a
3172 4580 3368 4637 Judzeis
3413 4583 3497 4637 vel
3541 4582 3808 4639 hazreticis

2226 4692 2290 4732 ea
2317 4691 2435 4745 qua:
2462 4677 2747 4729 mittuntur
2771 4688 2994 4727 munera
3027 4671 3216 4726 festiva
3241 4672 3534 4744 suscipere,
3558 4688 3659 4729 nec
3682 4689 3807 4730 cum

2224 4769 2305 4824 eis
2333 4766 2466 4823 festa
2495 4767 2792 4821 celebrare.

2296 4878 2376 4932 De
2404 4874 2713 4931 Christianis
2757 4873 2843 4948 qui
2883 4873 3184 4928 Judworum
3213 4889 3399 4943 azyma
3433 4873 3730 4933 comedunt.

2296 4969 2473 5027 CXLI.
2504 4970 2658 5036 Quod
2688 4983 2795 5022 non
2822 4973 3073 5034 oporteat
3107 4978 3297 5034 azyma
3344 4979 3376 5017 a
3424 4962 3623 5019 Judaeis
3661 4965 3805 5021 acci-

2226 5077 2377 5132 pere,
2399 5071 2453 5116 et
2477 5057 2874 5115 communicare
2898 5056 3261 5126 impietatibus
3285 5069 3492 5109 eorum.

2361 5171 2439 5226 De
2466 5170 2773 5226 Christianis
2798 5167 3176 5223 celebrantibus
3199 5169 3333 5239 festa
3369 5168 3658 5238 gentilium,

2294 5281 2496 5339 CXLII.
2528 5279 2680 5353 Quod
2710 5295 2816 5335 non
2859 5288 3111 5350 oporteat
3155 5295 3276 5335 cum
3326 5280 3619 5347 gentilibus
3662 5280 3801 5339 festa

2223 5376 2518 5441 celebrare,
2548 5381 2602 5426 et
2645 5373 3042 5427 communicare
3089 5372 3447 5441 pravitatibus
3475 5390 3667 5431 eorum
3710 5373 3804 5449 qui

2224 5470 2337 5523 sine
2370 5467 2479 5520 Deo
2508 5474 2650 5520 sunt.

2225 5582 2302 5636 De
2330 5582 2672 5653 episcopisqui
2692 5596 2781 5635 eas
2799 5596 2912 5651 qua:
2930 5580 3061 5660 ﬁunt
3095 5583 3415 5635 evocationes
3448 5582 3518 5635 ad
3542 5552 3810 5653 synodum

2920 5660 3104 5703 vitant.

2292 5765 2512 5822 CXLIII.
2543 5766 2695 5835 Quod
2724 5781 2829 5821 non
2851 5772 3099 5838 oporteat
3126 5766 3409 5839 episcopos
3444 5763 3511 5821 ad
3536 5764 3800 5847 synodum
