4128 6348
377 367 483 425 169

374 584 520 635 cere,
546 571 632 627 vel
679 572 887 631 discere
915 592 979 632 ea
1019 594 1137 649 quae
1169 581 1238 637 ad
1270 587 1661 643 correctionem
1696 590 1950 649 Ecclesia:

373 660 458 715 vel
487 661 813 733 reliquarum
848 668 1119 738 pertinent
1155 688 1353 728 rerum.
1394 674 1640 748 Seipsum
1677 696 1826 751 vero,
1858 685 1951 753 qui

371 758 779 841 contempserit,
807 761 1107 831 accusabit,
1138 764 1239 821 nisi
1267 765 1407 824 forte
1448 785 1548 839 per
1581 773 1949 841 :egritudinem

371 846 455 903 ire
470 864 576 904 non
599 830 788 920 possit.

372 937 527 1005 Quod
568 944 682 997 sine
729 944 1103 1031 litteris_sa_cro
1150 951 1434 1031 ministerio
1472 960 1746 1012 servientes
1786 960 1947 1031 proﬁ-

889 1020 1019 1093 pisci
1047 1038 1149 1076 non
1178 1023 1412 1080 debeant.

440 1101 659 1161 CXLIV.
690 1106 846 1175 Quod
883 1126 989 1166 non
1024 1119 1647 1188 oporteatsacerdotem,
1675 1122 1759 1177 vel
1784 1122 1944 1178 cleri-

369 1211 516 1263 cum,
543 1198 661 1254 sine
682 1196 880 1257 litteris
908 1190 1172 1272 proﬁcisci
1200 1209 1488 1265 canonicis.

368 1284 522 1351 Quod
549 1300 735 1359 praeter
761 1295 1052 1364 episcopum
1090 1298 1302 1363 clericus
1326 1304 1586 1373 proﬁcisci
1610 1323 1713 1362 non
1737 1308 1939 1364 debeat.

439 1375 643 1434 CXLV.
675 1379 830 1448 Quod
871 1401 976 1441 non
1013 1396 1265 1458 oporteat
1290 1395 1648 1466 sacerdotem,
1670 1399 1757 1454 vel
1786 1400 1946 1457 cleri-

364 1482 511 1539 cum,
539 1482 733 1541 praeter
755 1474 1051 1544 jussionem
1073 1481 1156 1535 sui
1184 1483 1447 1552 proﬁcisci
1474 1490 1760 1558 pontiﬁcis.

647 1564 716 1620 Ut
740 1568 1043 1627 subdiaconi
1062 1573 1132 1627 ad
1160 1578 1293 1630 ostia
1321 1593 1660 1649 perseverent.

435 1649 659 1710 CXLVI.
693 1656 850 1725 Quod
899 1678 1009 1719 non
1059 1676 1311 1736 oporteat
1342 1672 1721 1744 subdiaconos;
1750 1679 1940 1739 saltem

365 1745 661 1815 paululum,
688 1750 889 1819 januas
912 1753 1181 1825 deserere,
1204 1769 1260 1814 et
1288 1764 1517 1820 orationi
1548 1782 1758 1825 vacare.

546 1836 615 1891 Ut
643 1840 713 1893 ad
738 1845 1025 1901 sacrarium
1061 1850 1299 1905 mulieres
1340 1870 1445 1909 non
1483 1857 1761 1916 introeant.

436 1930 682 1990 CXLVII.
726 1937 879 2003 Quod
926 1957 1035 1998 non
1090 1954 1341 2015 oporteat
1371 1950 1575 2021 ingredi
1596 1955 1847 2013 mulieres
1874 1959 1943 2016 ad

362 2018 555 2077 altare.
1434 2018 1443 2064 Ῑ

362 2107 445 2164 De
495 2112 571 2166 his
608 2117 697 2187 qui
748 2119 886 2175 circa
928 2124 1151 2208 mediam
1185 2128 1526 2201 septimanam
1568 2136 1639 2189 ad
1678 2136 1933 2211 baptisma

1036 2211 1264 2253 veniunt.

431 2272 877 2350 CXLVIII.Quod
922 2303 1028 2343 non
1072 2300 1321 2360 oporteat
1348 2295 1416 2351 ad
1454 2296 1716 2369 baptisma
1746 2319 1937 2373 quem-

358 2376 519 2432 quam
548 2378 672 2441 post
694 2372 827 2430 duas
845 2375 1279 2449 Quadragesimaa
1308 2385 1672 2449 hebdomadas
1700 2372 1930 2453 admitti.

719 2485 800 2541 De
827 2490 1110 2548 redditione
1139 2496 1585 2566 baptizandoram.

424 2569 655 2631 CXLIX.
679 2574 834 2643 Quod
883 2594 1131 2653 oporteat
1160 2604 1255 2645 eos
1282 2594 1374 2661 qui
1413 2597 1481 2651 ad
1522 2598 1790 2671 baptisma
1839 2622 1935 2663 ve-

354 2663 509 2720 niunt
533 2666 691 2724 ﬁdem
722 2671 946 2740 discere,
979 2685 1035 2732 et
1061 2681 1247 2749 quinta
1295 2685 1427 2743 feria
1475 2663 1790 2764 septimanae
1816 2717 1932 2757 ma-

350 2754 483 2825 joris
507 2760 761 2834 episcopo
781 2773 875 2820 aut
905 2770 1236 2841 presbyteris
1264 2778 1506 2836 reddere.

598 2875 677 2931 De
705 2880 784 2935 his
811 2884 895 2953 qui
924 2884 978 2938 in
1007 2889 1316 2958 (egritudine
1336 2892 1682 2965 baptizantur.

424 2967 527 3023 CL.
553 2968 705 3037 Quod
735 2986 988 3045 oporteat
1031 2996 1125 3037 eos
1179 2987 1271 3055 qui
1320 2988 1373 3043 in
1416 2993 1732 3061 aegritudine
1757 3001 1934 3069 perci-

348 3058 502 3128 piunt
527 3060 814 3133 baptisma,
846 3078 1128 3139 postquam
1178 3058 1568 3149 convaluerint,
1598 3058 1774 3142 ﬁdem.
1801 3106 1929 3162 per-

345 3148 575 3219 discere,
609 3161 664 3209 et
691 3158 829 3212 scire
858 3159 1010 3227 cujus
1054 3167 1292 3224 muneris
1325 3173 1628 3245 participes
1646 3176 1771 3234 facti
1800 3148 1927 3239 sint.

668 3270 735 3328 Ut
760 3286 877 3347 post
916 3278 1170 3350 baptisma
1188 3287 1411 3343 chrisma
1434 3292 1604 3347 detur.

413 3354 546 3413 CLI.
579 3362 730 3465 Quod
780 3372 1034 3439 ’oporteat
1089 3390 1184 3433 eos
1236 3381 1328 3448 qui
1381 3383 1750 3455 baptizantur,
1802 3404 1926 3465 post

342 3446 638 3518 lavacrum,
662 3454 891 3514 chrisma
913 3464 1133 3522 caeleste
1154 3446 1446 3542 percipere,
1466 3484 1520 3532 et
1548 3482 1698 3549 regni
1725 3446 1919 3541 Chiisti
2016 3484 2025 3495 ’

337 3540 627 3613 participes
654 3545 900 3605 inveniri.

408 3654 707 3718 Oblationes
727 3666 902 3734 offerri
926 3670 978 3723 in
1003 3669 1418 3750 Quadragesima
1456 3700 1561 3740 non
1587 3698 1840 3758 oportere.

405 3746 555 3858 CLllI.
588 3752 741 3858 Quod
796 3775 903 3816 non
951 3776 1197 3834 oporteat
1224 3746 1294 3827 vin
1342 3746 1918 3858 Quadragesima,pa-

334 3852 457 3894 nem
484 3840 870 3907 benedictionis
908 3854 1087 3912 oﬁerri
1138 3860 1191 3914 in
1244 3864 1470 3922 sabbato
1523 3878 1579 3924 et
1624 3840 1911 3933 dominibo.

331 3946 456 4006 Non
505 3955 688 4014 debere
715 3961 975 4033 jejunium
1017 3970 1142 4058 solvi
1185 3976 1240 4028 in
1282 3979 1468 4048 ‘quinta
1521 3984 1655 4052 feria
1702 3988 1913 4058 majoris

338 4042 345 4045 '
836 4072 851 4089 .
963 4042 1280 4110 septimanis.
1300 4042 1309 4048 ’
1521 4042 1531 4052 ’
1598 4094 1603 4095 ν

400 4113 572 4173 CLIII.
605 4121 760 4189 Quod
816 4144 924 4185 non
981 4144 1232 4202 oporteat
1280 4140 1334 4195 in
1383 4142 1822 4219 Quadragesima,
1855 4156 1911 4210 in

327 4208 517 4268 ultima
544 4220 843 4287 septimana
856 4225 1055 4294 quinte
1074 4230 1222 4285 feriat
1243 4233 1260 4253 ‘
1275 4208 1537 4303 jejunium
1568 4208 1796 4309 solvere,
1824 4255 1910 4303 to-

326 4308 543 4374 tamque
571 4308 1045 4383 Quadragesimam
1097 4323 1213 4379 sine
1265 4331 1615 4389 veneratione
1655 4338 1906 4407 transire,

324 4396 599 4468 magisque
619 4407 902 4463 conveniat
921 4426 1133 4469 omnem
1155 4414 1634 4490 Quadragesimam
1656 4396 1903 4485 districto

324 4491 569 4545 venerari
593 4492 819 4564 jejunio.

1343 382 1563 438 CODEX
1598 382 1920 448 CANONUM
1960 387 2647 461 ECCLESIASTICORUM.

376 488 597 536 vocatos
619 495 839 540 ommno
858 493 1233 556 contemnere,
1263 491 1356 547 sed
1380 496 1622 563 protinus
1648 498 1751 565 ire,
1783 510 1835 556 et
1855 502 1945 557 do-
1974 507 2023 567 Α

3278 502 3281 509 1
3529 430 3631 488 ﬁt}

2050 505 2170 563 Non
2199 512 2378 567 debere
2426 517 2480 569 in
2528 516 2707 573 diebus
2740 522 3065 602 jejunio‘mrn
3113 542 3627 602 commemorationes

2617 603 2901 663 martyrum
2922 596 3056 665 ﬁeri.

2121 699 2296 757 CLIV.
2326 703 2480 772 Quod
2511 722 2621 764 non
2650 717 2898 779 oporteat
2937 712 2989 768 in
3018 714 3436 790 Quadragesima
3484 743 3632 787 mar-

2051 799 2226 861 tyrum
2254 797 2493 853 natalitia
2521 800 2802 869 celebrari,
2832 804 2925 860 sed
2952 821 3139 865 eorum
3180 824 3368 871 sancta
3398 833 3631 877 commo-
3700 830 3723 854 ⁸

2049 887 2280 941 moratio
2310 888 2363 943 in
2388 888 2575 947 diebus
2613 895 2961 952 sabbatorum
2989 912 3045 955 et
3078 901 3468 965 dominicorum
3506 913 3625 970 ﬁeri

2049 982 2352 1037 conveniat.
2735 1000 2741 1005 ’

2052 1087 2122 1143 ω
2150 1094 2390 1149 natalitia
2426 1099 2505 1152 vel
2532 1101 2728 1171 nuptias
2766 1104 2819 1159 in
2863 1103 3277 1182 Quadragesima
3323 1133 3427 1172 non
3463 1120 3622 1191 ﬁant.

2118 1204 2269 1261 CLV.
2300 1207 2454 1274 Quod
2508 1228 2617 1269 non
2662 1227 2911 1287 oporteat
2958 1223 3013 1276 in
3056 1221 3494 1299 Quadragesima,
3533 1242 3629 1289 aut

2047 1301 2281 1369 nuptias,
2308 1311 2399 1358 aut
2425 1307 2665 1363 natalitia
2686 1312 2976 1371 celebrare.

2233 1415 2300 1469 Ut
2324 1419 2379 1471 in
2406 1418 2818 1480 Christianorum
2840 1445 2942 1483 non
2974 1432 3194 1487 saltetur
3217 1439 3436 1507 nuptiis.

2115 1506 2286 1563 CLVI.
2308 1509 2461 1576 Quod
2482 1530 2589 1571 non
2615 1526 2865 1586 oporteat
2885 1520 3217 1582 Christianos
3239 1506 3428 1584 euntes
3444 1530 3512 1585 ad
3527 1546 3600 1587 nu
3624 1567 3629 1573 ι

2044 1601 2183 1671 ptias
2208 1603 2483 1674 plaudere,
2512 1609 2597 1663 vel
2623 1610 2840 1678 saltare,
2896 1615 2995 1669 sed
3022 1619 3398 1676 venerabiliter
3437 1636 3625 1680 omna-

2043 1708 2121 1761 re,
2134 1696 2220 1749 vel
2250 1699 2535 1766 prandere,
2562 1703 2698 1759 sicut
2721 1705 3054 1764 Christianos
3082 1710 3252 1767 decet.

2121 1804 2247 1861 Non
2275 1809 2429 1864 licere
2455 1812 2653 1867 clericis
2681 1814 2894 1871 ludicris
2930 1824 3237 1892 spectaculis
3273 1825 3538 1883 interesse.

1967 1886 2016 1948 B
2109 1894 2306 1953 CLVII.
2342 1899 2493 1967 Quod
2526 1918 2634 1959 non
2654 1915 2903 1976 oporteat
2929 1886 3254 1979 sacerdotes,
3278 1923 3373 1970 aut
3401 1918 3622 1976 clericos

2041 1989 2449 2064 quibuscunque
2498 2000 2835 2067 spectaculis,
2867 2002 2921 2056 in
2966 2005 3153 2071 omnis,
3183 2016 3277 2062 aut
3317 2008 3371 2064 in
3401 2012 3620 2081 nuptiis,

2042 2081 2303 2141 interesse
2334 2104 2347 2139 :
2379 2086 2473 2142 sed
2494 2100 2780 2162 antequam
2810 2094 3081 2165 thymelici
3112 2097 3497 2168 ingrediantur,
3520 2120 3619 2160 ex-

2039 2184 2259 2246 surgere.
2289 2196 2384 2235 eos
2412 2185 2681 2251 convenit,
2706 2194 2866 2258 atque
2896 2187 3019 2245 Inde
3048 2190 3324 2250 discedere

2041 2288 2166 2346 Non
2216 2309 2493 2365 congruere
2544 2299 2746 2368 penitus
2798 2300 3109 2358 Christianis
3161 2309 3619 2364 comessationibus

2699 2372 2964 2429 interesse.

2107 2456 2328 2514 CLVIII.
2360 2459 2514 2528 Quod
2560 2478 2670 2519 non
2712 2474 2963 2535 oporteat
2989 2468 3319 2537 sacerdotes,
3349 2479 3442 2527 aut
3462 2472 3618 2528 cleri-

2038 2564 2132 2604 cos
2174 2565 2243 2605 ex
2272 2551 2485 2607 collatis
2511 2553 2599 2607 vel
2642 2558 3126 2613 comessationibus
3180 2562 3426 2616 convivia
3472 2563 3617 2619 cele-

2037 2640 2224 2707 brare;
2256 2642 2361 2697 hoc
2389 2652 2566 2699 autem
2596 2660 2696 2700 nec
2720 2645 2875 2701 Iaicis
2905 2663 3063 2718 posse
3092 2664 3409 2719 congruere.

2035 2754 2162 2812 Non
2198 2758 2352 2813 licere
2376 2759 2703 2837 presbyteris_
2730 2760 2949 2837 introire
2975 2763 3046 2815 ad
3090 2764 3260 2818 altare
3279 2805 3295 2832 ,
3316 2766 3612 2837 priusquam

2498 2831 2825 2900 ingrediatur
2867 2832 3157 2903 episcopus.

2107 2918 2284 2975 CLIX.
2317 2920 2469 2987 Quod
2516 2938 2622 2977 non
2668 2930 2917 2991 oporteat
2968 2924 3314 2996 presbyteros
3335 2939 3460 2983 ante
3482 2938 3610 2999 pro-

2035 3012 2334 3066 cessionem
2400 3012 2636 3081 episcOpi
2690 3012 2911 3067 introire
2952 3014 3246 3069 sacrarium
3299 3026 3356 3071 et
3402 3018 3611 3083 sedere,

2034 3101 2130 3157 sed
2183 3118 2302 3157 cum
2352 3102 2607 3172 episcopo
2636 3103 2833 3158 debent
2862 3104 3089 3173 ingredi,
3121 3106 3205 3161 vel
3246 3106 3298 3160 in
3347 3108 3612 3164 subselliis

2036 3192 2244 3259 sedere,
2276 3189 2378 3249 nisi
2409 3192 2632 3248 forsitan
2662 3193 2972 3251 inﬁrmitate
2991 3195 3313 3266 detineatur,
3337 3208 3430 3253 aut
3450 3199 3611 3270 proli-

1956 3275 2005 3340 C
2036 3286 2269 3341 ciscatur
2293 3286 2594 3357 episcopus.

2109 3398 2210 3463 Qui
2231 3402 2284 3455 in
2314 3403 2457 3472 agris
2486 3405 2563 3456 rel
2589 3405 2995 3473 possessionibus
3018 3404 3236 3463 debeant
3275 3410 3530 3467 ordinari.

2104 3489 2259 3545 CLX.
2284 3492 2437 3560 Quod
2467 3510 2572 3550 non
2590 3504 2839 3566 oporteat
2854 3499 2907 3553 in
2928 3499 3125 3556 villulis
3146 3509 3238 3556 aut
3260 3502 3311 3555 in
3334 3504 3475 3571 agris
3494 3505 3608 3577 epi-

2028 3599 2223 3657 scapos
2240 3586 2515 3656 constitui,
2538 3589 2630 3644 sed
2652 3590 2975 3648 visitatores.
2990 3592 3608 3668 Verumtamenjampri-

2029 3676 2150 3733 dem
2172 3679 2444 3734 constituti
2470 3680 2601 3735 nihil
2622 3680 2821 3738 faciant
2864 3694 3059 3755 praeter
3086 3687 3467 3742 conscientiam
3493 3691 3609 3760 epi-

2027 3769 2177 3837 scopi
2188 3769 2419 3825 civitatis
2433 3789 2447 3837 ;
2460 3772 2705 3829 similiter
2715 3782 2770 3830 et
2780 3776 3072 3847 presbyteri
3082 3818 3096 3845 ,
3112 3787 3307 3848 praeter
3321 3779 3604 3835 consilium

2024 3859 2261 3932 episcopi
2292 3863 2419 3917 nihil
2446 3875 2623 3933 agant.

2178 3972 2477 4031 Oblationes
2502 3979 2680 4047 oﬂ'erri
2706 3982 2761 4035 in
2784 3982 3015 4037 domibus
3044 4000 3149 4039 non
3178 3994 3434 4056 oportere.

2091 4064 2269 4121 CLXI.
2303 4066 2457 4134 Quod
2512 4087 2619 4126 non
2667 4082 2918 4142 oporteat
2943 4075 2995 4127 in
3026 4074 3272 4132 domibus
3300 4077 3601 4135 oblationes

2020 4155 2280 4214 celebrari
2305 4160 2372 4213 ab
2401 4161 2669 4231 episcopis
2691 4201 2706 4225 ,
2740 4165 2823 4217 vel
2855 4167 3197 4235 presbyteris.

2124 4248 2251 4312 Quae
2280 4248 2498 4318 psallere
2526 4252 2600 4302 vel
2629 4251 2794 4321 legere
2838 4254 2894 4305 in
2939 4254 3165 4307 ccclesiis
3196 4258 3480 4311 conveniat.

2084 4337 2284 4393 CLXII.
2315 4339 2469 4405 Quod
2518 4354 2625 4394 non
2673 4350 2924 4410 oporteat
2976 4343 3215 4412 plebeios
3271 4346 3509 4415 psalmos
3537 4349 3591 4402 in

2015 4432 2242 4487 ecclesia
2273 4441 2512 4498 cantare,
2547 4449 2647 4489 nec
2677 4435 2864 4504 libros,
2894 4446 3090 4506 prmter
3117 4454 3401 4505 canonem,
3433 4442 3536 4512 legi
3576 4460 3590 4496 :

2019 4524 2111 4580 sed
2126 4526 2239 4581 sola
2262 4509 2419 4581 sacra
2439 4527 2711 4582 volumina
2732 4527 2866 4583 Novi
2887 4528 3235 4596 Testamenti,
3259 4532 3588 4591 velVeteris.

327 4607 3569 4679 -—-—___________________________________

1242 4692 1585 4759 REGULE
1646 4700 2645 4766 CONSTAN'I‘INOPOLITAN/E.

388 4826 499 4887 Sub
525 4831 825 4895 Theodosio
845 4842 1085 4911 piissimo
1116 4848 1441 4921 imperatore
1463 4873 1492 4911 a

314 4918 601 4990 tinopolim
644 4933 871 4999 expositi
912 4944 1037 4991 sunt
1071 4918 1304 4999 canones
1334 4954 1461 5003 tres.
1626 4952 1897 5010 deﬁnitio-

307 5024 412 5067 nes
437 5016 698 5114 prpositus
724 5032 847 5078 sunt
888 5026 956 5080 ab
984 5030 1249 5103 episcOpis
1278 5035 1399 5104 150,
1431 5040 1523 5109 qui
1562 5042 1617 5097 in
1665 5043 1894 5114 idipsum

306 5104 453 5173 apud
481 5105 1004 5186 Constantinopolim
1041 5138 1427 5199 convenerunt,
1448 5104 1673 5202 quando
1706 5104 1895 5194 beatus

304 5193 593 5257 Nectarius
621 5206 906 5280 episcopus
936 5222 1021 5270 est
1049 5217 1347 5277 ordinatus.

308 5294 479 5387 Utrea
543 5320 656 5373 qua:
700 5309 849 5387 apud
881 5311 1141 5387 _1Vicazam
1185 5324 1464 5379 constituta
1511 5337 1632 5382 sunt
1673 5330 1887 5387 immota

371 5386 816 5465 permaneanti'et
856 5381 921 5465 de
954 5387 1302 5465 anathemate
1323 5381 1885 5465 Arianorumplt‘uno-

1498 4860 1609 4965 Rud
1929 4869 1979 4931 υ
2003 4905 2123 4946 eam
2165 4891 2373 4948 ﬁrmam
2397 4902 2453 4949 et
2490 4895 2770 4964 stabilem;
2798 4908 2854 4954 et
2881 4902 3437 4963 anathematizandam
3465 4925 3578 4965 om-

2006 4999 2127 5038 nem
2186 4984 2467 5055 haeresim,
2536 4997 2592 5043 et
2636 4992 2943 5059 specialiter
2989 4994 3444 5055 Eunomianorum
3497 5004 3583 5056 vel

1998 5266 2054 5313 et
2080 5258 2525 5328 Sabellianorum,
2557 5270 2612 5317 et
2634 5263 3112 5335 Marcellianorum,
3144 5277 3199 5325 et
3227 5268 3575 5330 Photiniano-

1997 5365 2135 5417 rum,
2167 5359 2223 5407 et
2252 5352 2794 5422 Apollinarianorum.

370 5442 680 5523 mianorum,
712 5442 1883 5560 Mgcedorliianorum,sabellianoru'm:
1987 5470 2067 5526 De
2112 5474 2292 5528 ordine
2350 5477 2673 5547 singularum
2717 5479 3039 5560 dimceieon,
3084 5489 3145 5560 et_
3184 5483 3248 5538 de
3287 5486 3567 5560 privilegiis

373 5520 702 5560 tertianorum.
819 5537 937 5560 nrrn
963 5527 1216 5560 Ιὸηηηη..κ
1262 5543 1308 5560 ,ο
1357 5536 1735 5560 Α..-η;-.-με-η-
2217 5542 2263 5560 ,τι
2519 5552 2533 5560 .
2590 5550 2619 5560 ..
2696 5549 2706 5560 .
2792 5552 2803 5560 .

373 5509 705 5582 tinianorum,
756 5509 1232 5583 Marcellianorum,
1258 5543 1308 5585 et
1345 5509 1879 5605 Apollinariariorutn.

370 5599 590 5702 CLXIII.
633 5606 817 5664 Fidem
875 5630 986 5670 non
1032 5619 1334 5677 violandam
1378 5599 1598 5682 I’atrum
1650 5629 1756 5685 518
1793 5634 1883 5702 qui

296 5692 438 5760 apud
478 5693 709 5753 Nicaeam
756 5700 1020 5776 Bithyniae
1066 5726 1479 5785 convenerunt,
1530 5721 1625 5776 sed
1666 5692 1886 5779 manere

296 5895 472 5953 borat.
499 5895 654 5955 EDIT.

542 5994 816 6062 Ριτιιοι..
864 6001 1124 6068 LXVII.

2056 5560 2169 5666 aug:
2190 5542 2477 5617 Egyptiis,
2500 5549 2831 5604 Antiocltenis
2877 5542 3568 5631 ConstarttinopoliMnisaue

2094 5631 2122 5666 ε
2155 5626 2326 5666 enlur.
2602 5658 2603 5661 η

2094 5626 2326 5671 εοεηων.
2602 5658 2603 5661 η

2058 5723 2277 5783 CLXIV.
2319 5727 2420 5795 Qui
2449 5739 2573 5787 sunt
2596 5746 2757 5803 super
2776 5732 3050 5790 dimcesim
3079 5736 3334 5809 episcopi,
3360 5754 3565 5811 nequa.-

369 5824 719 5945 gzeggildum
748 5836 946 5894 ultima:
973 5847 1275 5914 septimanae
1302 5851 1478 5918 quinta
1509 5852 1659 5924 feria.
1696 5854 1960 5914 Caeterum
2001 5865 2178 5917 textus
2224 5861 2381 5932 hujus
2421 5863 2623 5925 codicis
2674 5885 2820 5943 smpe
2866 5888 3059 5945 magna
3101 5874 3427 5932 obscuritate
3480 5873 3562 5929 la.

2995 6038 3034 6095 6
