4128 6348
486 374 583 437 171

1768 366 2122 424 DlONYSlUS
2159 367 2472 451 amoves.

486 500 648 558 quam
671 484 742 549 ad
779 483 1047 565 Ecclesias
1073 498 1192 553 quae
1218 489 1346 539 sunt
1372 488 1525 536 extra
1555 478 1805 552 prtetixos
1835 482 1938 536 sibi
1962 488 2074 537 ter-
2101 489 2151 547 Α
2180 497 2316 537 ctam
2368 484 2535 553 ipsms
2563 462 2853 552 provincias
2891 481 3127 552 synodus
3153 481 3449 551 dispenset,
3480 484 3621 539 sicut
3666 484 3757 539 Ni-

485 578 662 633 minos
685 575 969 644 accedant,
993 589 1094 630 nec
1121 589 1215 631 eas
1242 575 1347 629 hac
1377 574 1799 645 praesumptione
1844 573 2073 628 confun-

488 667 618 731 dant
636 684 650 721 :
668 665 781 734 sed,
800 664 955 736 juxta
974 679 1233 730 canones,
1262 664 1661 723 Alexandrinus
1689 665 1934 732 antistes,
1957 679 2075 733 quae

412 791 436 815 ο
489 768 615 827 sunt
651 760 704 814 in
734 756 970 830 Egypto
998 766 1151 827 regat
1179 757 1547 824 solummodo,
1577 766 1635 813 et
1682 758 1916 819 Orientis
1963 758 2080 827 epi-

489 852 638 925 scopi
667 849 942 919 Orientem
991 857 1199 917 tantum
1239 850 1564 919 gubernem,
1605 851 1832 913 servatis
1859 850 2076 920 privile-

491 943 590 1013 giis
640 956 758 1010 qua:
801 940 1029 995 Nicaenis
1073 942 1375 996 canonibus
1426 940 1681 997 Ecclesia:
1730 941 2080 999 Antiochense

490 1036 690 1091 tributa
734 1042 877 1089 sunt.
912 1033 1122 1088 Asiana:
1172 1049 1386 1105 quoque
1416 1034 1715 1101 dimceseos
1743 1034 1985 1107 episcopi
2014 1048 2078 1089 ea

490 1128 665 1183 solum
695 1141 814 1195 qua:
842 1134 965 1181 sunt
1005 1126 1058 1180 in
1087 1126 1287 1183 Asiana
1330 1128 1551 1184 dioecesi
1589 1130 1919 1199 dispensent.
1973 1128 2082 1184 Nec

491 1232 600 1271 non
630 1225 685 1271 et
712 1213 871 1271 Ponti
898 1215 1141 1286 episcopi
1170 1233 1233 1271 ea
1258 1226 1466 1273 tantum
1492 1234 1612 1287 qua:
1634 1228 1758 1273 sunt
1786 1220 1839 1273 in
1884 1218 2077 1283 Ponto,

491 1314 548 1361 et
604 1303 957 1364 Thraciarum
1004 1319 1125 1373 qua:
1177 1306 1230 1359 in
1274 1305 1522 1362 Thraciis
1590 1316 1715 1362 sunt
1760 1308 2077 1375 gubernent.

492 1396 611 1451 Non
639 1397 817 1455 vocati
844 1404 1026 1453 autem
1046 1397 1290 1469 episcopi
1332 1400 1475 1453 ultra
1499 1415 1652 1454 suam
1675 1400 1951 1455 dioecesim
1974 1416 2079 1455 non

493 1489 775 1553 accedant,
798 1497 1021 1559 propter
1048 1489 1425 1549 ordinationes
1454 1486 1731 1549 faciendas
1757 1493 1839 1547 vel
1863 1499 2082 1562 propter

493 1579 626 1636 alias
648 1580 1083 1650 diSpensationes
1104 1581 1519 1636 ecclesiasticas.
1543 1582 1771 1637 Servata
1792 1597 1921 1638 vero
1961 1596 2081 1651 qua:

492 1670 690 1739 scripta
737 1679 821 1724 est
860 1670 929 1727 de
973 1670 1456 1739 gubernationibus
1504 1676 1711 1744 regula,
1741 1675 2079 1730 manifestum

492 1769 575 1815 est
602 1760 750 1832 quod
800 1760 891 1815 illa
940 1770 1061 1833 qua:
1100 1772 1225 1818 sunt
1252 1780 1348 1834 per
1386 1782 1821 1838 unamquamque
1864 1769 2081 1837 provin-

2178 590 2327 631 caauo
2368 584 2581 631 constat
2615 576 2887 631 decretum
2923 589 3043 632 esse
3068 574 3323 633 concilio.
3354 574 3632 632 Ecclesias
3657 592 3756 632 au-

2182 677 2287 725 tem
2317 670 2414 725 Dei
2441 671 2494 724 in
2518 670 2814 727 barbaricis
2846 669 3097 738 gentibus
3120 669 3444 727 constitutas
3468 669 3758 738 auia-uari
3854 718 3861 722 .

2179 763 2449 829 convenit,
2476 762 2629 831 juxta
2667 762 3141 832 consuetudinem,
3164 777 3289 831 qua
3314 772 3402 820 est
3438 778 3470 839 ᾳ
3510 762 3760 819 Patribue

2181 852 2486 907 observata.
2538 852 2922 908 Verumtamen
2970 851 3597 924 Constantinopolitanus
3638 855 3758 925 epi-

2181 959 2374 1013 scopus
2426 943 2626 999 habeat
2676 945 2897 1000 honoris
2944 944 3230 1015 primatum
3282 953 3408 1016 post
3457 945 3759 1002 Romanum

2181 1035 2493 1107 episcopum
2539 1054 2551 1087 :
2597 1047 2883 1107 propterea
2932 1036 3077 1105 quod
3123 1036 3254 1092 urbs
3305 1037 3419 1111 ipsa
3471 1037 3543 1091 sit
3582 1036 3763 1111 junior

2183 1124 2374 1181 Roma.

2509 1216 2589 1271 De
2618 1216 2845 1272 Maximi
2869 1219 3055 1274 illicita
3084 1218 3428 1274 ordinatione.

2250 1307 2451 1363 CLXV.
2469 1309 2545 1365 De
2558 1308 2792 1367 Maximo
2806 1309 3029 1383 Cynico,
3045 1318 3100 1367 et
3110 1310 3225 1381 ejus
3238 1309 3544 1366 inordinata
3558 1308 3763 1381 consti-

2183 1400 2411 1467 tutione,
2436 1415 2555 1471 quae
2574 1398 3042 1473 Constantinopoli
3066 1400 3205 1457 facta
3232 1408 3335 1467 est,
3363 1399 3567 1471 placuit
3589 1412 3765 1468 neque

2183 1490 2472 1547 Maximum
2503 1494 2816 1564 episcopum
2848 1510 2986 1561 esse,
3014 1494 3101 1550 vel
3128 1494 3309 1560 fuisse,
3340 1509 3442 1569 nec
3469 1509 3564 1550 eos
3581 1492 3675 1562 qui
3696 1490 3765 1547 ab

2184 1582 2323 1653 ipso,
2357 1584 2410 1638 in
2452 1584 2694 1654 quolibet
2729 1584 2920 1653 gradu,
2952 1584 3137 1640 clerici
3190 1592 3316 1640 sunt
3355 1582 3609 1660 ordinati,
3642 1596 3765 1637 cum

2185 1673 2365 1727 omnia
2404 1678 2533 1743 quae
2576 1674 2646 1729 ab
2684 1674 2879 1730 eodem
2934 1683 3242 1746 perpetrata
3290 1682 3416 1729 sinit
3456 1675 3509 1728 in
3559 1673 3766 1727 irritum

2185 1764 2414 1819 deducta
2440 1780 2563 1823 esse
2590 1766 2891 1821 videantur.

496 1867 3748 1897 ΜΗ

1489 1946 1833 2008 assum:
1866 1902 2499 2010 ECCLESIASTIC/E
2536 1946 2774 2007 xxvn

1300 2063 1739 2111 PROHULGATE
1794 2067 1830 2109 Δ
1867 2064 2387 2110 CHALCEDONENSI
2445 2065 2682 2110 SANCTO
2729 2063 3039 2109 CONCILIO.

743 2254 825 2315 De
852 2254 1138 2311 canonibus
1166 2253 1571 2324 uniuscujusque
1599 2252 1828 2317 concilii.

566 2346 609 2404 1.
649 2346 882 2417 Regulas
925 2353 1239 2401 sanctorum
1284 2343 1528 2408 Patrum,
1559 2358 1657 2412 per
1697 2342 1905 2410 singula
1948 2357 2089 2396 [tunc

499 2454 669 2509 usque
704 2435 935 2493 concilia
962 2432 1302 2497 constitutas.
1337 2432 1614 2505 proprium
1644 2432 1811 2499 robur
1839 2432 2089 2488 obtinere

498 2530 855 2590 decrevimus.

501 2673 655 2742 Quod
686 2690 791 2729 non
830 2677 1065 2741 oporteat
1093 2670 1389 2742 episcopos,
1425 2672 1514 2742 aut
1552 2662 1826 2742 quemlibet
1852 2678 1917 2715 ea:
1954 2663 2089 2715 clero

971 2757 1061 2810 per
1089 2736 1335 2809 pecunias
1363 2736 1623 2790 ordinari.

570 2855 635 2911 ll.
675 2854 733 2912 Si
758 2852 878 2924 quis
906 2851 1197 2921 episcopus
1223 2865 1320 2920 per
1346 2847 1631 2918 pecuniam
1662 2845 1855 2901 fecerit
1877 2844 2092 2899 ordina-

500 2951 725 3014 tionem,
768 2956 823 3004 et
864 2947 962 3001 sub
1001 2944 1176 3017 pretio
1215 2938 1488 3012 redegerit
1525 2941 1787 3012 gratiam,
1831 2955 1951 3010 qua:
1986 2954 2093 2993 non

499 3047 680 3112 potest
725 3036 912 3101 vendi,
964 3034 1398 3103 ordinaveritque
1435 3048 1533 3102 per
1574 3031 1833 3102 pecunias
1882 3030 2092 3100 episco-

502 3147 653 3202 pum,
684 3136 779 3184 aut
803 3126 1199 3199 presbyterum,
1231 3132 1323 3179 aut
1348 3123 1659 3185 diaconum,
1688 3121 1775 3177 vel
1803 3120 2096 3191 quemlibet

509 3241 580 3281 ex
621 3226 707 3279 his
750 3225 841 3292 qui
870 3229 1330 3277 connumerantnr
1358 3220 1415 3273 in
1442 3219 1611 3282 clero,
1643 3225 1738 3272 aut
1762 3214 2095 3287 promoverit

504 3332 603 3389 per
649 3316 907 3387 pecunias
957 3314 1409 3383 dispensatorem,
1460 3320 1555 3365 aut
1600 3309 1961 3373 defensorem,
2009 3306 2095 3360 vel

504 3423 848 3483 quemquam,
881 3405 971 3476 qui
997 3405 1273 3473 subjectus
1296 3411 1380 3459 est
1404 3404 1624 3471 regulae,
1652 3418 1751 3473 pro
1773 3418 1872 3457 suo
1890 3394 2093 3473 turpis-

504 3500 623 3555 simi
646 3499 779 3553 lucri
803 3497 1087 3553 commodo
1113 3514 1124 3548 :
1150 3496 1213 3560 is,
1242 3496 1329 3549 cui
1360 3496 1461 3549 hoc
1488 3494 1778 3548 attentanti
1808 3493 2093 3562 probatum

504 3590 682 3655 luerit,
712 3587 918 3659 proprii
945 3585 1143 3655 gradus
1172 3584 1414 3653 periculo
1439 3582 1757 3651 subjacebit.
1791 3580 1977 3649 Et'qui
2006 3595 2093 3634 or-

2111 2258 2161 2318 B
2189 2255 2435 2313 timorem
2452 2253 2665 2310 Domini
2684 2268 2846 2313 causa
2866 2252 3142 2325 deposcat.
3162 2251 3219 2309 Si
3243 2267 3365 2323 quis
3385 2261 3565 2325 autem
3591 2263 3773 2322 ms-

2189 2346 2336 2415 gredi
2380 2346 2449 2405 de
2497 2353 2694 2402 caetero
2737 2354 2935 2402 statuta
2970 2344 3278 2417 tentaverit,
3335 2344 3642 2421 hujusmodi
3680 2362 3774 2413 ec-

2192 2438 2510 2492 clesiasticis
2539 2436 2995 2507 increpationibus
3023 2434 3343 2509 subjacebit.

2192 2548 2270 2601 De
2304 2550 2496 2603 honore
2523 2548 2788 2602 monac/tis
2824 2556 3175 2619 competente,
3204 2556 3253 2602 et
3285 2555 3342 2602 ut
3380 2549 3554 2619 nullus
3593 2565 3772 2607 eorum

2265 2628 2420 2672 tentet
2440 2619 2787 2691 ecclesiastica
2819 2624 2906 2669 aut
2939 2617 3210 2671 swcularia
3232 2617 3517 2691 inquietare
3540 2618 3769 2691 negotia,

2263 2706 2353 2769 nec
2400 2689 2628 2769 alienum
2675 2703 2876 2741 seruum
2923 2694 3112 2757 prater
3158 2688 3526 2741 conscientiam
3572 2688 3771 2743 domini

2264 2761 2373 2829 ejus
2403 2761 2682 2827 suscipere.

2264 2851 2349 2903 ιν.
2393 2850 2494 2916 Qui
2526 2864 2651 2904 vere
2702 2858 2757 2909 et
2784 2849 2993 2904 sincere
3028 2846 3357 2917 singularem
3383 2855 3660 2911 sectantur
3688 2848 3768 2901 vi-

2199 2956 2327 3013 tam,
2366 2954 2739 3017 competenter
2780 2946 3115 3017 honorentur
3148 2962 3161 2996 :
3195 2944 3449 3017 quoniam
3485 2958 3616 3007 vero
3650 2944 3771 3017 gui-

2197 3037 2339 3103 dam,
2370 3036 2809 3101 utenteshabitu
2838 3036 3114 3111 monachi,
3162 3036 3525 3111 ecclesiastica
3558 3036 3772 3107 negotia

2197 3129 2475 3199 civiliaque
2496 3128 2841 3194 conturbant,
2874 3129 3266 3183 circumeuntes
3296 3126 3661 3193 indifferenter
3687 3142 3775 3195 ur-

2196 3217 2311 3280 bes,
2345 3233 2444 3272 nec
2473 3233 2579 3271 non
2608 3226 2662 3272 et
2683 3218 3008 3271 monasteria
3044 3217 3143 3271 sibi
3190 3218 3455 3271 instruere
3481 3222 3774 3282 tentantes,

2199 3310 2399 3378 placuit
2420 3310 2621 3363 nullum
2643 3310 2858 3378 quidem
2888 3324 3111 3378 usquam
3143 3308 3411 3363 mdilicare
3456 3318 3549 3362 aut
3574 3309 3775 3373 consti-

2198 3410 2351 3455 tuere
2397 3402 2802 3467 monasterium,
2844 3400 2931 3455 vel
2978 3400 3238 3455 orationis
3280 3401 3536 3463 domum,
3579 3409 3777 3471 prreter

2200 3494 2582 3548 conscientiam
2624 3494 2855 3549 civitatis
2891 3493 3147 3563 episcopi.
3182 3491 3477 3548 Monachos
3500 3507 3632 3547 vero
3676 3507 3775 3562 per

2204 3582 2633 3654 unamquamque
2677 3585 2981 3648 civitatem,
3024 3593 3116 3638 aut
3162 3586 3455 3653 regionem,
3502 3583 3777 3653 subjectos

503 3647 837 3744 dinatus.est.,
868 3647 1000 3730 nihil
1021 3690 1089 3728 ex
1110 3647 1211 3729 hac
1237 3647 1600 3738 ordinatione,
1621 3673 1709 3726 vel
1731 3647 2090 3742 promotione,
2122 3647 2169 3711 ο
2200 3690 2317 3729 esse
2356 3647 2633 3745 episcopo,
2661 3684 2716 3729 et
2739 3676 2978 3746 quietem
3020 3647 3263 3743 diligere,
3302 3683 3357 3729 et
3390 3647 3629 3729 intentos
3659 3688 3779 3729 esse

506 3785 625 3841 quae
653 3777 736 3825 est
774 3782 872 3838 per
912 3764 1337 3833 negotiationem
1381 3763 1544 3829 iacta,
1590 3762 1872 3833 proﬁciat:
1904 3760 1997 3815 sed
2027 3760 2097 3814 sit

503 3861 710 3914 alienus
744 3873 777 3912 a
817 3857 1099 3926 dignitate,
1130 3856 1216 3911 vel
1245 3854 1629 3919 sollicitudine,
1662 3867 1821 3922 quam
1852 3851 2095 3922 pecuniis

502 3951 765 4023 quaesivit.
801 3951 857 4006 Si
884 3950 1007 4018 quis
1035 3964 1162 4005 vero
1193 3947 1463 4003 mediator
1485 3956 1597 4001 tam
1628 3944 1875 4014 turpibus
1901 3950 1956 3997 et
1994 3958 2093 3997 ne-

422 4064 432 4072 ·
502 4044 674 4100 laudis
718 4043 858 4099 datis
886 4043 971 4097 vel
1000 4043 1241 4113 acceptis
1288 4040 1563 4096 exstiterit
1592 4079 1608 4105 ,
1640 4038 1905 4108 siquidem
1934 4036 2095 4093 cleri—

502 4151 597 4192 cus
625 4136 803 4201 fuerit,
835 4136 1056 4205 proprio
1083 4134 1256 4203 gradu
1282 4132 1530 4199 decidat;
1552 4130 1599 4187 si
1629 4146 1757 4187 vero
1786 4130 1975 4195 laicus,
2000 4136 2095 4185 aut

501 4227 817 4291 monachus,
845 4225 1353 4281 anathematizetur.

501 4338 652 4403 Quod
689 4356 792 4394 non
835 4345 1068 4408 oporteat
1108 4339 1395 4407 episcopos.
1438 4337 1654 4408 clericos
1692 4344 1742 4388 et
1782 4333 2086 4397 monachos,

834 4408 835 4411 “
869 4407 874 4408 ⁷
920 4407 1121 4477 praedia
1152 4408 1327 4461 aliena
1357 4407 1664 4461 conducere.

566 4515 658 4572 ΙΙΙ.
698 4515 951 4571 Pervenit
980 4516 1049 4569 ad
1075 4524 1322 4570 sanctam
1374 4516 1641 4585 synodum
1672 4514 1817 4583 quod
1846 4512 2089 4581 quidam,

499 4606 594 4677 qui
638 4606 694 4660 in
740 4606 887 4661 clero
932 4606 1182 4691 videntur
1229 4605 1429 4669 allecti,
1461 4613 1684 4674 propter
1727 4605 1872 4657 lucra
1915 4600 2091 4670 turpia

499 4698 861 4756 conductores
885 4698 1188 4780 alienarum
1217 4697 1622 4767 possessionum
1652 4696 1805 4763 liant,
1834 4703 1891 4749 et
1916 4709 2087 4749 saccu-

498 4788 637 4845 laria
681 4789 900 4859 negotia
931 4776 1031 4843 sub
1072 4804 1201 4843 cura
1242 4805 1339 4843 sua
1384 4788 1677 4857 suscipiant
1706 4805 1718 4839 :
1749 4776 1847 4840 Dei
1874 4783 2088 4854 quidem
2116 4863 2131 4870 -

497 4880 855 4937 ministerium
876 4880 1349 4949 parvipendentes,
1374 4879 1708 4934 saecularium
1732 4892 1863 4932 vero
1884 4875 2089 4930 discur-

494 4980 678 5029 rentes
703 4971 915 5035 domos,
946 4978 1004 5026 et
1044 4978 1266 5040 propter
1303 4971 1584 5026 avaritiam
1635 4968 2085 5040 patrimoniorum

492 5061 884 5121 sollicitudines
921 5073 1269 5117 assumentes.
1323 5062 1571 5118 Decrevit
1615 5062 1797 5131 itaque
1838 5068 2083 5115 sanctum

494 5157 600 5214 hoc
642 5167 1003 5223 magnumque
1049 5153 1363 5218 concilium,
1410 5152 1615 5207 nullum
1663 5151 1940 5220 deinceps,
1973 5165 2081 5204 non

494 5244 829 5315 episcopum,
861 5258 971 5299 non
1014 5243 1288 5308 clericum,
1320 5243 1407 5297 vel
1449 5242 1798 5308 monachum,
1828 5250 1922 5295 aut
1950 5256 2081 5309 pos-

492 5339 766 5395 sessiones
814 5337 1122 5393 conducere
1144 5375 1161 5402 ,
1211 5344 1306 5389 aut
1352 5335 1582 5405 negotiis
1626 5333 1975 5389 saecularibus
2022 5347 2081 5387 se

491 5426 743 5493 miscere,
799 5436 995 5498 prater
1040 5425 1399 5500 pupillorum,
1444 5425 1490 5480 si
1533 5422 1673 5485 forte
1714 5424 1865 5491 leges
1905 5422 2081 5490 impo-

492 5526 643 5581 nant,
674 5517 1097 5574 inexcusabilem
1141 5532 1348 5579 curam,
1380 5522 1476 5569 aut
1512 5514 1749 5570 civitatis
1788 5511 2077 5581 episcopus

490 5607 983 5665 ecclesiasticarum
1027 5622 1205 5661 rerum
1246 5604 1669 5661 sollicitudinem
1697 5602 1903 5656 habere
1932 5614 2074 5669 pra:-

470 5700 672 5771 νοίρὶιιι,
721 5705 817 5754 aut
861 5697 1245 5767 orphanorum,
1295 5706 1354 5753 et
1397 5696 1679 5755 viduarum
1707 5736 1722 5761 ,
1779 5705 2075 5761 earumque

490 5806 611 5863 qua
649 5790 767 5847 sine
814 5788 923 5844 ulla
968 5789 1273 5859 provisione
1322 5798 1447 5845 sunt
1520 5803 1877 5861 personarum
1905 5828 1918 5852 ,
1952 5798 2075 5856 qua:

491 5883 728 5940 maxime
785 5881 1152 5941 ecclesiastico
1199 5882 1440 5950 indigent
1486 5880 1754 5951 adjutorio
1779 5922 1794 5949 ,
1848 5884 2071 5950 propter

2201 3766 2572 3826 tantummodo
2602 3765 2829 3835 jejunio,
2853 3775 2907 3821 et
2939 3766 3191 3832 orationi,
3222 3766 3275 3820 in
3302 3765 3435 3821 locis
3466 3765 3663 3835 quibus
3688 3779 3780 3821 re-

2198 3859 2587 3913 nuntiaverunt
2615 3860 2811 3914 saeculo
2861 3867 3260 3929 permanentes.
3298 3858 3409 3914 Nec
3442 3857 3777 3915 ecclesiastié-

2197 3951 2276 4008 eis
2304 3966 2455 4018 vero,
2480 3966 2579 4015 nec
2607 3951 2951 4011 saecularibus
2982 3953 3213 4021 negotiis
3235 3953 3658 4023 communicent,
3690 3951 3779 4008 vel

2200 4043 2252 4096 in
2282 4044 2460 4112 aliquo
2490 4045 2598 4099 sint
2626 4044 2865 4110 molesti,
2890 4046 3107 4114 propria
3155 4046 3478 4100 monasteria
3520 4035 3779 4102 deseren-

2197 4146 2281 4193 tes
2301 4179 2317 4204 ,
2348 4137 2450 4192 nisi
2490 4135 2630 4191 forte
2670 4136 2754 4191 his
2795 4136 3137 4206 praecipiatur
3165 4145 3388 4206 propter
3416 4152 3553 4206 opus
3581 4152 3778 4193 neces-

2195 4232 2396 4287 sarium
2424 4231 2491 4285 ab
2520 4231 2775 4300 episcopo
2805 4229 3056 4285 civitatis.
3102 4228 3314 4283 Nullum
3362 4243 3489 4284 vero
3534 4230 3778 4299 recipere

2192 4324 2250 4378 in
2280 4322 2625 4378 monasteriis
2660 4337 2874 4375 servum
2913 4320 3141 4375 obtentu
3175 4320 3445 4388 monachi,
3476 4330 3673 4389 praeter
3694 4320 3778 4376 sui

2194 4414 2397 4468 domini
2446 4414 2853 4468 conscientiam.
2902 4410 3411 4479 Transgredientem
3460 4427 3589 4466 vero
3636 4411 3779 4467 hanc

2195 4503 2558 4557 delinitionem
2610 4510 2852 4557 nostram
2882 4501 3406 4556 excommunicatum
3432 4515 3555 4555 esse
3584 4500 3775 4556 decre-

2193 4595 2386 4661 vimus,
2440 4610 2507 4650 ne
2552 4610 2751 4649 nomen
2793 4594 2886 4648 Dei
2927 4593 3349 4663 blasphemetur.
3392 4592 3775 4649 Verumtamen

2194 4688 2503 4758 episcopum
2532 4687 2783 4743 convenit
2809 4687 3040 4744 civitatis
3075 4694 3470 4758 competentem
3500 4694 3778 4744 monaste-

2194 4782 2395 4837 riorum
2417 4781 2811 4851 providentiam
2830 4794 3036 4848 gerere.

2301 4896 2425 4953 Non
2465 4895 2935 4969 transmigrandum
2965 4895 3029 4946 de
3057 4894 3260 4963 civitate
3288 4895 3342 4948 in
3371 4893 3647 4957 civitatem.

2262 4999 2325 5054 V.
2360 4999 2433 5054 De
2455 4999 2537 5052 his
2563 5000 2655 5067 qui
2681 4996 3055 5065 transmigrant
3085 4994 3155 5057 de
3175 4995 3392 5063 civitate
3426 4994 3478 5061 in
3500 4990 3776 5061 civium

2194 5090 2481 5171 episcopis,
2532 5098 2623 5145 aut
2676 5086 2907 5155 clericis,
2950 5086 3150 5156 placuit
3193 5093 3252 5159 ut
3286 5098 3525 5140 canones
3566 5084 3661 5156 qui
3704 5085 3776 5149 de

2194 5183 2294 5236 hac
2321 5197 2379 5235 re
2408 5196 2438 5234 a
2483 5179 2682 5234 sanctis
2728 5176 2974 5232 l’atribus
3002 5176 3186 5241 statuti
3214 5182 3345 5233 sunt
3382 5175 3618 5235 habeant
3642 5190 3775 5246 pm-

2192 5274 2360 5341 priam
2389 5270 2713 5326 ﬁrmitatem.

2112 5406 2117 5415 λ
2205 5454 2215 5462 ξ
2299 5382 2449 5447 Quod
2474 5399 2578 5437 non
2605 5390 2839 5453 oporteat
2862 5378 3094 5434 absolute
3120 5376 3374 5449 quoslibet
3400 5375 3656 5431 ordinari.
3720 5434 3723 5437 λ

2230 5507 2239 5517 '
2265 5502 2346 5556 Vl.
2393 5500 2603 5568 Nullum
2633 5500 2878 5565 absolute
2896 5495 3132 5553 ordinari
3151 5494 3352 5551 debere
3372 5493 3771 5565 presbyterum,

2190 5605 2284 5652 aut
2308 5594 2615 5661 diaconum,
2646 5606 2748 5647 nec
2773 5588 3066 5659 quemlibet
3094 5587 3148 5641 in
3175 5584 3345 5655 gradu
3363 5583 3731 5647 ecclesiastico
3753 5620 3770 5646 ,

2188 5687 2290 5744 nisi
2330 5685 2634 5758 specialiter
2960 5677 3210 5743 civitatis,
3248 5684 3347 5737 aut
3389 5672 3767 5745 possessionis,

2188 5788 2279 5834 aut
2304 5777 2563 5848 martyrii,
2598 5783 2691 5829 aut
2718 5772 3027 5827 monasterii
3054 5771 3144 5839 qui
3171 5767 3498 5824 ordinandus
3520 5775 3602 5822 est
3640 5780 3767 5836 pro-

2185 5871 2476 5926 nuntietur.
2528 5867 2628 5932 Qui
2670 5880 2801 5919 vero
2845 5863 3087 5918 absolute
3135 5860 3449 5915 ordinantur
3525 5857 3773 5915 decrevit
