4128 6348
338 372 443 432 1⁵8

1311 363 1535 421 CODEX
1576 366 1903 427 CANONUM
1941 365 2639 425 ECCLESlASTlCORUM.

3505 370 3608 422 ΓΗ

334 496 525 551 sancta
568 484 807 557 synodus
848 482 1065 543 irritam.
1097 481 1283 547 haberi
1322 480 1691 551 hujuscemodi
1722 496 1918 537 manus
1945 485 2157 549 Amas,
2206 493 2259 538 et
2306 498 2421 539 non.
2460 480 2912 538 commendatitiis
2939 479 3153 549 litteris,
3203 488 3425 551 propter
3456 483 3605 551 quod

336 579 757 651 itupositionem,
786 584 843 631 et
866 588 1127 645 nusquam
1154 588 1314 645 posse
1339 571 1645 629 ministrare
1674 573 1741 628 ad
1770 573 1915 633 οιιᾱί..

336 672 523 733 nantis
546 668 819 739 injuriatn.

338 784 725 843 nemo;
761 778 1026 835 monachis
1051 776 1545 905 xta-imas
1586 779 1643 834 in
1672 795 1906 849 mpro-

1051 865 1236 922 posito.

418 946 521 1005 ﬁt;
560 946 673 1014 Qui
702 943 873 1001 semel
898 943 967 998 in
992 942 1145 999 clero
1165 940 1409 1011 deputati
1434 950 1578 1005 sunt.
1608 950 1707 996 aut
1726 955 1917 997 mona-

336 1040 565 1101 chorum
588 1038 757 1093 vitam
784 1019 1181 1107 expolitionum.
1200 1034 1504 1098 malimus,
1530 1048 1708 1103 neque
1725 1033 1802 1089 adt
1820 1034 1924 1087 mi-

335 1132 532 1196 litiam,
562 1145 740 1202 neque
770 1129 849 1185 ad.
875 1128 1191 1199 dignitatem
1224 1126 1453 1197 alituram
1480 1128 1667 1184 venire
1693 1123 1927 1182 munda»

335 1238 484 1287 nam,
514 1230 611 1278 aut
633 1222 740 1277 hoc
763 1227 1051 1285 tentantes,
1078 1226 1139 1274 et
1154 1233 1273 1274 non.
1291 1215 1917 1287 agentespmnitentiam,

336 1314 635 1385 quominus
672 1297 897 1368 redeant
939 1311 1007 1366 ad
1034 1312 1142 1367 hoc
1184 1308 1330 1379 quod
1364 1316 1589 1380 propter
1614 1307 1781 1363 Deum
1808 1306 1921 1377 pri-

334 1405 501 1461 mitus
526 1404 822 1469 elegerunt,
854 1401 1316 1461 anathematizari.

334 1516 418 1573 De
460 1518 661 1599 clericis
699 1521 786 1589 qui
814 1526 1034 1599 suntl‘m
1073 1515 1310 1599 placiti-is,
1370 1514 1717 1596 monasteriis,
1768 1523 1920 1595 atque

411 1578 723 1671 μαινάδες
743 1604 869 1671 re.
895 1578 1007 1668 ηαδ.
1032 1578 1291 1671 Mem
1327 1578 1709 1656 φείσονοηηιί
1737 1578 1920 1639 ωειλ*

406 1666 652 1735 cuiusque
675 1666 894 1745 ciuitatis
923 1666 1172 1719 existunt.

405 1774 538 1835 Vill.
570 1773 769 1833 Clerici
806 1772 900 1841 qui
925 1770 1299 1842 prmiiciuntur
1320 1769 1569 1841 ptochiis
1588 1770 1679 1825 vel
1701 1770 1794 1839 qui
1823 1785 1919 1825 ora

2019 574 2489 637 commendatitias
2514 575 2721 631 litteras
2761 572 3195 631 honoratioribus
3227 570 3605 631 tantummodo.

2018 669 2265 739 praeteri
2292 668 2541 738 personis
2569 666 2879 725 conveniat.

2022 777 3603 911 Usnmiaduosvmpmmdia

2879 868 2924 904 ν.

2092 940 2201 1001 X11.
2233 940 2491 1003 Pervenit
2513 943 2582 1003 ad
2610 959 2710 999 nos
2756 942 2909 1016 quod
2927 942 3165 1016 quidam,
3193 950 3393 1015 preter
3416 941 3601 1003 eccle-

2019 1035 2245 1099 siastioa.
2261 1043 2460 1097 statuta
2483 1036 2773 1101 facientes,
2799 1037 3157 1099 convolarunt
3183 1037 3254 1099 ad
3279 1044 3607 1111 pilleatum,

2020 1136 2077 1184 et
2100 1142 2199 1199 per
2224 1129 2609 1201 pragmaticam
2635 1130 2861 1184 formam
2883 1130 2938 1183 in
2958 1129 3067 1191 duo
3087 1144 3255 1187 unam
3270 1130 3609 1201 provinciam

2020 1221 2357 1291 diviserunt,
2410 1222 2486 1278 ita
2515 1231 2577 1277 ut
2619 1238 2685 1277 ex
2725 1223 2827 1279 hoc
2874 1220 3018 1278 facto
3046 1221 3154 1277 duo
3196 1221 3604 1292 metropolitani

2020 1328 2141 1370 esse
2166 1313 2451 1371 videantur
2478 1314 2533 1368 in
2560 1330 2666 1368 una
2696 1313 3013 1384 provincia:
3046 1312 3233 1369 statuit
3260 1325 3391 1383 ergo
3417 1318 3608 1371 sancta

2021 1408 2261 1481 synodus
2301 1408 2370 1464 de
2414 1408 2621 1479 reliquo
2652 1408 2782 1463 nihil
2812 1409 2879 1462 ab
2912 1407 3183 1479 episcopis
3232 1406 3341 1461 tale
3381 1404 3603 1469 tentari,

2022 1496 2227 1569 alioqui
2271 1497 2365 1569 qui
2415 1498 2522 1553 hoc
2579 1498 2797 1555 adnisus
2860 1498 3024 1554 fuerit
3071 1498 3366 1557 amissione
3411 1494 3609 1566 gradus

2020 1586 2231 1659 proprii
2257 1586 2576 1657 subjacebit.
2608 1587 2961 1657 Qumcunque.
2979 1603 3108 1643 vero
3136 1588 3383 1643 civitates
3413 1585 3607 1643 litteris

2023 1676 2394 1751 imperialibus
2438 1679 2845 1749 metropolitani
2874 1679 3106 1734 nominis
3132 1678 3342 1734 honore
3365 1677 3608 1733 subnixas

2023 1777 2171 1839 sunt,
2197 1770 2407 1828 honore
2432 1770 2807 1827 tantummodo
2832 1769 3197 1839 perfruantur,
3227 1776 3283 1824 et
3309 1767 3402 1838 qui
3430 1765 3608 1822 Eccle-

332 1867 589 1925 dinantun
610 1866 677 1922 in.
701 1864 1059 1930 monasteriis,
1090 1870 1148 1920 et
1191 1861 1768 1932 basilieispmantyrtun.
1820 1861 1919 1917 sub
1947 1859 2161 1962 nllsiam
2204 1858 2325 1930 ejus
2352 1861 2617 1928 gubernat
2644 1860 2931 1930 episcopus
2952 1899 2969 1924 ,
3020 1859 3183 1915 salvis
3230 1858 3438 1914 scilicet
3466 1870 3607 1910 vera:

334 1958 717 2027 episcoporum
743 1954 835 2027 qui
882 1954 937 2008 in
960 1967 1284 2022 unaquaque
1310 1951 1528 2009 civitate
1549 1961 1689 2015 sunt,
1722 1965 1918 2008 secun-
1947 1951 2009 1962 "
2026 1953 2345 2024 metropolis
2373 1952 2667 2022 privilegiis
2693 1953 2821 2008 suis.

333 2047 462 2103 dum
492 2057 799 2102 sanctorum
829 2045 1048 2100 Patrum
1092 2042 1433 2106 traditiones,
1484 2050 1757 2112 potestate
1796 2058 1922 2113 per-

334 2149 614 2209 maneant,
662 2155 765 2198 nec
809 2154 909 2210 per
955 2138 1367 2199 contumaciam.
1408 2136 1481 2193 ah
1507 2137 1767 2207 episcopo
1822 2152 1923 2194 suo

332 2230 620 2287 dissiliant.
680 2229 783 2296 Qui
831 2244 967 2285 vero
1004 2227 1215 2284 audente
1248 2233 1507 2283 evertere
1550 2226 1923 2297 hujuscemodi

334 2321 565 2377 fonnam
590 2335 919 2391 quocunque
954 2320 1135 2386 modo,
1185 2335 1290 2376 nec
1318 2320 1541 2391 proprio
1568 2320 1925 2390 subjiciuntur

335 2414 595 2484 episcopo
617 2456 633 2482 ,
661 2412 923 2482 siquidem
949 2413 1135 2473 clerici
1166 2421 1312 2479 sunt,
1344 2427 1613 2469 canonum
1634 2414 1929 2485 correptio-

336 2503 494 2559 nibus
521 2502 917 2573 subjacebunt;
966 2502 1015 2556 si
1040 2516 1173 2557 vero
1197 2501 1324 2558 laici
1372 2502 1458 2557 vel
1504 2503 1761 2560 monachi
1806 2502 1925 2560 lue-

336 2593 461 2659 rint,
495 2594 880 2651 communione
901 2594 1208 2665 priventur.

339 2708 490 2773 Quod
511 2727 614 2765 non
642 2718 879 2779 oporteat
901 2708 1135 2779 clericos,
1164 2707 1410 2762 habentes
1436 2706 1684 2762 adversus
1705 2710 1923 2764 invicem

409 2778 932 2903 nepotia,_proprium
955 2778 1251 2849 episcopum
1280 2779 1590 2849 relinquere,
1620 2788 1673 2833 et
1709 2780 1780 2833 ad
1817 2797 1921 2835 ste-

410 2868 471 2903 cu
497 2868 611 2903 ana
644 2850 838 2903 iudtaa
867 2848 1159 2903 convolare.

410 2848 611 2905 cuiaria
632 2848 838 2921 jitdiéia
867 2848 1159 2903 convolare.

408 2941 496 2996 1X.
529 2941 586 2995 Si
614 2942 733 3012 quis
762 2942 993 3009 clericus
1019 2941 1274 3005 eligemus
1302 2942 1559 2997 clericum
1609 2944 1776 2999 habet
1826 2961 1921 3001 ne-

338 3039 565 3107 gotium,
599 3052 713 3103 non
736 3037 951 3103 deserat
978 3038 1293 3108 episcopum
1321 3039 1624 3113 proprium,
1647 3048 1702 3095 et
1730 3040 1922 3099 adsae-

339 3131 549 3191 cularia
568 3140 850 3201 percurrat
885 3129 1086 3200 judicia
1112 3149 1126 3183 :
1159 3130 1255 3193 sed
1283 3130 1432 3200 prius
1461 3132 1603 3188 actio
1632 3133 1924 3189 ventiletur

2029 2062 2180 2128 Quod
2208 2082 2311 2120 nou
2356 2075 2589 2133 oporteat
2619 2066 2916 2136 peregrinos
2952 2064 3171 2118 clericos
3211 2063 3323 2116 sine
3351 2076 3581 2117 commeu

2423 2136 2625 2188 datitiis
2668 2136 2853 2189 litteris
2893 2136 3211 2188 ministrare.

2099 2223 2231 2280 Xlll.
2265 2225 2585 2297 Peregrinos
2610 2227 2856 2295 clericos,
2886 2235 2941 2280 et
2970 2226 3218 2291 lectores,
3244 2225 3299 2279 in
3342 2224 3445 2278 alia
3476 2224 3609 2279 civi.

2028 2327 2161 2387 tate,
2202 2328 2401 2391 praeter
2444 2320 2914 2376 commendatitias
2962 2321 3171 2375 litteras
3216 2321 3298 2374 sui
3349 2319 3610 2389 episcopi,

2028 2427 2292 2481 nusquam
2322 2414 2540 2485 penitus
2566 2414 2873 2470 ministrare
2901 2412 3121 2469 debere.

2029 2520 2181 2591 Quod
2221 2542 2329 2583 non
2372 2527 2525 2582 liceat
2567 2527 2762 2610 clerico_
2792 2542 3008 2583 uxorem
3060 2534 3213 2583 sectte
3255 2529 3468 2584 alterius
3515 2545 3608 2582 ac-

2717 2614 2901 2669 cipere.

2098 2686 2233 2743 XIV.
2264 2688 2531 2758 Quoniam
2560 2692 2614 2745 in
2642 2690 2958 2759 quibusdam
2980 2691 3271 2762 provinciis
3300 2708 3612 2749 concessuu

2028 2785 2113 2835 est
2139 2779 2434 2837 lectoribus
2476 2790 2531 2837 et
2585 2782 2772 2852 psaltis
2800 2798 2998 2838 uxores
3025 2783 3245 2853 ducere,
3273 2786 3462 2840 statuit
3489 2801 3615 2840 san-

2028 2879 2117 2927 cta
2165 2874 2399 2945 synodus
2454 2890 2559 2928 non
2611 2874 2774 2929 licere
2820 2876 3068 2943 cuiquam
3117 2891 3184 2931 ex
3238 2876 3321 2930 bis
3370 2878 3614 2946 accipere

2026 2972 2188 3020 sectae
2216 2964 2437 3019 alterius
2463 2980 2709 3019 uxorem.
2750 2966 2852 3031 Qui
2882 2979 3012 3021 vero
3040 2980 3109 3020 ex
3141 2965 3448 3034 bujusntodi
3477 2982 3609 3021 Cun-

2022 3052 2172 3124 jugio
2196 3053 2307 3123 jatn
2338 3053 2475 3110 ﬁlios
2502 3064 2875 3125 susceperunt,
2906 3056 3169 3125 siquidem
3192 3058 3450 3128 praeventi
3491 3065 3615 3113 sunt

2026 3158 2088 3205 ut
2115 3165 2182 3205 ex
2210 3164 2270 3204 se
2297 3149 2509 3219 genitos
2535 3149 2673 3219 apud
2707 3149 2988 3204 haereticos
3015 3149 3374 3220 baptizarent,
3417 3148 3615 3205 oil‘erre
3662 3154 3665 3155 ⁷

340 3221 485 3317 illum
514 3221 829 3317 ebiscobllm
850 3221 1147 3317 limpi'iuuh
1200 3220 1288 3285 “9.1
1334 3230 1483 3281 αθηθ
1524 3223 1753 3317 consul?
1781 3223 1924 3293 eius’
1952 3289 2007 3317 η
2030 3256 2125 3297 eos
2154 3239 2409 3297 Ecclesia:
2442 3240 2727 3296 catholicae
2755 3242 3121 3295 communioni
3156 3242 3478 3310 conveniet,
3508 3257 3615 3295 non

342 3289 469 3371 dem
984 3289 1125 3386 quos
1149 3321 1387 3384 utrmque
1414 3322 1601 3385 partes
1637 3289 1927 3383 voluerint,
1952 3289 1998 3350 ς

337 3407 598 3477 judicium
640 3409 1015 3471 continebant.
1064 3408 1122 3465 Si
1168 3410 1301 3479 quis,
1339 3417 1520 3469 autem
1572 3418 1771 3480 prmtcr
1812 3410 1927 3469 haec

340 3498 548 3567 fecerit,
579 3488 857 3561 canonicis
883 3498 1321 3568 correptionibus
1342 3498 1662 3568 subiacebit.
1698 3499 1857 3567 Quod
1880 3502 1926 3555 si

339 3587 567 3651 clericus
586 3589 753 3649 habet
769 3589 1596 3660 causamadversusepiscopum
1622 3592 1922 3661 proprium,

338 3682 424 3741 vel
452 3682 711 3745 adversus
757 3683 1019 3748 alterum,
1061 3683 1201 3753 apud
1229 3682 1495 3753 synodali
1522 3684 1814 3752 provinciae
1836 3683 1927 3754 ju«-

339 3770 568 3825 dicetur.
618 3770 773 3839 Quod
818 3772 877 3828 si.
912 3770 1171 3827 adversus
1216 3771 1457 3841 ejusdem
1488 3774 1779 3842 provinciae
1806 3790 1924 3835 me—

338 3863 719 3932 tropolitanum
745 3864 1032 3933 cpiscOpus
1054 3864 1138 3917 vel
1182 3863 1410 3919 clericus
1436 3865 1601 3920 habet
1624 3866 1919 3935 querelam,

336 3962 485 4029 petat
513 3957 797 4023 primatem
826 3955 1143 4021 dicaceseos,
1194 3962 1287 4010 aut
1333 3956 1515 4011 sedem
1561 3957 1728 4027 regite
1777 3958 1924 4019 urbis

336 4043 965 4117 Constantinopolitanae,
1004 4054 1060 4101 et
1086 4046 1229 4115 apud
1256 4047 1425 4116 ipsum
1454 4046 1741 4112 judicetur.

338 4157 487 4224 Quod
514 4175 619 4215 non
648 4159 798 4216 liceat
819 4175 1061 4213 clericum
1084 4175 1138 4211 ιη
1160 4158 1382 4212 duarum
1407 4161 1671 4212 cwitatum
1697 4158 1923 4214 ecclesiis

969 4230 1287 4283 ministrare.

406 4320 473 4376 Χ.
507 4320 624 4375 Non
653 4320 817 4376 licere
847 4320 1103 4377 clericum
1153 4321 1208 4374 in
1237 4320 1462 4374 duarum
1492 4320 1767 4375 civitatum
1800 4336 1925 4375 con-

336 4411 497 4467 scribi
526 4411 685 4466 simul
716 4409 977 4475 ecclesiis,
1012 4418 1067 4466 et
1097 4410 1148 4463 in
1179 4424 1283 4479 qua
1325 4410 1479 4465 initio
1508 4409 1790 4473 ordinatus
1818 4419 1921 4480 est,

337 4509 396 4557 et
422 4502 487 4557 ad
515 4517 678 4571 quam
707 4500 967 4570 confugit,
986 4500 997 4509 “
1019 4500 1175 4569 quasi
1204 4500 1271 4555 ad
1311 4500 1599 4570 potiorem,
1646 4501 1716 4555 ob
1747 4501 1924 4555 inanis

336 4595 522 4665 gloriae
558 4593 929 4665 cupiditatem.
975 4593 1089 4648 Hoc
1138 4603 1325 4651 autem
1374 4593 1633 4650 facientes
1678 4595 1922 4650 revoca'i

338 4688 536 4743 debere
565 4686 631 4741 ad
658 4701 810 4742 suam
836 4686 1145 4755 ecclesiam,
1198 4688 1249 4741 in
1279 4703 1381 4757 qua
1413 4684 1661 4757 primitus
1690 4687 1923 4742 ordinati
1952 4666 2004 4733 ι)

337 4785 480 4840 sunt,
522 4785 577 4831 et
627 4777 699 4831 ibi
747 4775 1121 4831 tantummodo
1170 4777 1495 4831 ministrare.
1551 4776 1608 4832 Si
1655 4793 1785 4834 vero
1810 4780 1920 4848 jam

336 4868 459 4936 quis
487 4868 777 4923 translatus
806 4876 888 4922 est
915 4883 983 4921 ex
1012 4868 1115 4921 alia
1147 4868 1200 4921 in
1231 4868 1392 4921 aliam
1423 4867 1726 4933 ecclesiam,
1774 4868 1921 4937 prio—

336 4960 417 5015 ris
444 4960 700 5026 ecclesiaz,
733 4961 837 5015 vel
866 4961 1246 5031 martyriorum
1286 4974 1406 5027 qum
1434 4960 1533 5013 sub
1563 4974 1626 5014 ea
1656 4968 1797 5025 sunt,
1830 4968 1923 5013 aut

336 5050 698 5123 ptocbiorum,
732 5060 827 5106 aut
853 5044 1309 5106 xenodocbiOrum
1331 5050 1494 5105 rebus
1524 5050 1579 5103 in
1607 5049 1757 5104 nullo
1774 5066 1922 5105 com-

336 5146 595 5199 municet.
645 5142 752 5200 Eos
780 5159 911 5199 vero
955 5144 1047 5214 qui
1094 5143 1211 5197 ausi
1242 5143 1455 5207 iuerint,
1496 5150 1627 5212 post
1647 5140 1919 5197 deﬁnitio-

338 5249 463 5289 nem
496 5248 705 5304 magnte
744 5243 801 5290 et
828 5234 1148 5288 universalis
1176 5231 1577 5305 bujussynodi,
1631 5232 1920 5303 quidquam

340 5343 408 5382 ex
432 5328 523 5382 his
544 5334 821 5395 quae-sunt
846 5325 1133 5394 prohibita,
1164 5333 1497 5394 perpetrare,
1528 5323 1767 5379 decrevit
1794 5338 1922 5378 san-

337 5431 425 5474 cta
451 5417 692 5490 synodus
721 5433 750 5471 a
780 5418 999 5487 proprio
1040 5402 1545 5485 hujusmodi.gradu
1572 5415 1851 5471 recedere.

343 5534 491 5601 Quod
513 5553 615 5591 non
644 5542 883 5606 oporteat
904 5532 1335 5615 egeuis_epistpliu
1355 5530 1576 5613 'tribui':
1593 5531 1923 5615 .hnuestiores

247 5608 259 5621 ⁶
548 5601 717 5660 autem
746 5601 1179 5659 commendatitiis
1208 5603 1394 5669 litteris
1423 5601 1724 5672 approbari.

414 5719 496 5774 Xl.
530 5718 730 5775 Omnes
759 5734 1043 5790 pauperes,
1096 5726 1152 5771 et
1197 5715 1496 5784 indigentes
1544 5713 1764 5779 auxilio,
1799 5729 1922 5768 cum

343 5811 751 5884 proﬁciscuntur
778 5810 889 5865 sub
920 5807 1261 5878 probatione,
1313 5803 1574 5874 epistoliis
1629 5804 1711 5858 vel
1744 5804 1918 5859 eccle-

342 5904 572 5963 siasticis
610 5899 844 5974 paciﬁcis
872 5898 1245 5954 tantummodo
1273 5894 1638 5951 conunendari
1683 5892 1921 5949 decrevi-

2030 3332 2332 3402 baptizatos
2360 3340 2539 3388 autem
2571 3348 2677 3387 non
2709 3348 2867 3403 posse
2908 3334 3131 3389 ulterius
3160 3334 3305 3405 apud
3330 3334 3616 3389 haereticos

2028 3422 2309 3491 baptizari.
2359 3420 2466 3477 Sed
2503 3436 2681 3491 neque
2707 3422 2952 3492 copulari
2981 3422 3153 3478 debet
3185 3431 3413 3494 nuptura
3445 3424 3616 3478 luere-

2030 3514 2162 3580 tieo,
2194 3513 2402 3577 Iudaeo.
2454 3515 2541 3569 vel
2588 3528 2799 3585 pagano
2828 3559 2843 3584 ,
2894 3517 2995 3571 nisi
3036 3516 3180 3572 forte
3223 3518 3504 3587 promittat
3549 3517 3616 3576 ad

2028 3604 2389 3661 orthodoxam
2417 3606 2575 3660 fidem
2604 3622 2664 3661 se
2690 3622 2977 3677 personam
3022 3608 3329 3663 orthodoxe
3353 3610 3617 3679 copulan-

2027 3694 2153 3750 dam
2179 3695 2491 3759 transferre.
2549 3696 2604 3751 Si
2651 3698 2775 3766 quis
2824 3708 3005 3753 autem
3052 3700 3194 3755 hanc
3238 3699 3612 3756 deﬁnitionem

2027 3793 2233 3843 sanctas
2259 3786 2453 3859 synodi
2482 3793 2857 3856 transgressus
2881 3788 3063 3859 fuerit,
3094 3790 3429 3861 correptioni
3454 3797 3635 3848 cano-'

2027 3880 2173 3936 uice
2190 3880 2513 3949 subjacebit.

2435 3993 2515 4048 De
2539 3996 2847 4050 diaconissis
2882 3996 3203 4051 mulieribus.

2097 4082 2209 4139 XV.
2256 4085 2625 4140 Diaconissam
2677 4103 2781 4141 non
2834 4087 3185 4143 ordinandam
3234 4098 3359 4143 ante
3411 4106 3611 4145 annum

2025 4176 2515 4247 quadragesimum,
2542 4187 2597 4231 et
2626 4178 2762 4231 hanc
2793 4193 2914 4230 cum
2959 4194 3169 4233 summo
3201 4181 3480 4234 libramine
3507 4201 3517 4233 :
3570 4183 3613 4239 si

2024 4282 2154 4322 vero
2182 4268 2478 4338 suscipiens
2508 4282 2701 4322 manus
2728 4269 3149 4337 impositionem,
3192 4280 3247 4324 et
3276 4272 3612 4339 aliquantum

2027 4362 2283 4431 temporis
2314 4361 2365 4415 in
2398 4360 2700 4416 ministerio
2726 4375 3073 4431 permanens,
3108 4363 3450 4432 semetipsam
3503 4372 3612 4417 tra-

2025 4454 2115 4508 dat
2142 4454 2362 4525 nuptiis,
2393 4454 2575 4523 gratia:
2605 4453 2701 4508 Dei
2728 4453 3108 4509 contumeliam
3139 4454 3359 4519 faciens,
3391 4456 3612 4510 anathe-

2027 4547 2313 4601 matizetur
2342 4546 2649 4613 huiusmodi
2677 4562 2807 4602 cuin
2829 4561 2895 4601 eo
2922 4546 3016 4616 qui
3041 4546 3217 4601 eidem
3267 4547 3571 4616 copulatur.

2620 4659 2694 4712 De
2721 4658 3023 4729 virginibus.

2098 4745 2232 4804 XVI.
2280 4747 2555 4831 Virginem
2586 4763 2707 4817 qme
2754 4764 2815 4803 se
2851 4748 2965 4804 Deo
2993 4748 3221 4805 Domino
3251 4751 3611 4819 oottsecravit,

2027 4841 2275 4897 similiter
2296 4849 2352 4897 et
2370 4841 2714 4907 monachum,
2745 4856 2852 4895 non
2875 4841 3040 4897 licere
3062 4842 3325 4911 nuptialia
3342 4843 3465 4912 jura
3482 4857 3614 4899 eon-

2028 4938 2279 4992 trahcre:
2329 4937 2474 5006 quod
2503 4937 2548 4991 si
2594 4937 2697 4990 hoc
2736 4936 2939 4990 inventi
2974 4934 3178 4992 fuerint
3210 4944 3611 5007 perpetrantes,
3690 4932 3693 4933 ⁷

2027 5032 2580 5093 excommunicentur.
2623 5028 3016 5087 Conﬁtentlbus
3042 5039 3227 5087 autem
3274 5030 3614 5087 decrevimus
3648 5074 3665 5087 .

2028 5132 2086 5177 ut
2116 5124 2311 5177 habeat
2337 5123 2715 5178 auctoritatem
2745 5122 2993 5190 ejusdem
3013 5121 3117 5177 loci
3141 5120 3430 5191 episcopus
3458 5120 3613 5175 mise-

2028 5214 2317 5271 ricordiam
2339 5212 2838 5281 humanitatemque
2868 5211 3068 5281 largiri.

2408 5306 2446 5324 α

2625 5330 2700 5383 De
2727 5331 3009 5401 parochiis.

2101 5423 2260 5480 XVII.
2292 5423 2633 5495 Singularum
2674 5422 3038 5479 Ecclesiarum
3070 5418 3297 5475 rusticas
3325 5418 3615 5490 parochias

2034 5518 2118 5571 vel
2146 5518 2547 5588 possessioner
2565 5531 2784 5569 manere
2813 5516 3160 5567 inconcussas
3209 5511 3315 5566 illis
3346 5512 3616 5582 episcopis

2029 5612 2122 5681 qui
2150 5626 2245 5667 eas
2270 5611 2507 5667 retinere
2534 5616 2850 5670 noscuntur,
2894 5614 2947 5659 et
2992 5606 3246 5671 maxime,
3299 5606 3344 5659 si
3377 5620 3472 5675 per
3504 5614 3615 5658 tre-

2028 5706 2300 5773 cennium,
2329 5720 2423 5759 eas
2448 5704 2649 5772 absque
2676 5702 2725 5754 vi
2758 5700 3084 5762 obtinentes,
3124 5701 3223 5755 sub
3251 5699 3611 5769 dispensatio-
3696 5722 3701 5725 -

2028 5818 2101 5857 ne
2137 5807 2437 5856 rexerant:
2486 5796 2631 5867 quod
2670 5795 2714 5849 si
2752 5796 2889 5849 intra
2931 5794 3250 5850 tricennium
3284 5794 3423 5848 facta
3456 5789 3613 5844 fuerit

2030 5892 2095 5946 de
2134 5892 2236 5957 his,
2284 5890 2367 5945 vel
2402 5888 2493 5944 ﬁat
2521 5888 2821 5953 altercatio,
2864 5886 3027 5943 licere
3058 5888 3157 5951 eis,
3207 5885 3296 5953 qui
3344 5899 3401 5939 se
3454 5882 3611 5935 laesos
