4128 6348
398 354 501 411 I77

1392 345 1611 402 CUDEX
1647 344 1971 402 CANONUM
2012 342 2705 401 ECCLESIASTICORUM.

3570 347 3671 400 ΠΒ

392 488 500 543 qua
528 471 632 529 hoc
658 471 835 526 facere
864 475 1030 525 tentat
1060 505 1079 534 ,
1123 480 1249 524 cum
1279 464 1458 519 nullus
1483 464 1539 518 in
1566 463 1667 519 hac
1699 473 1759 516 re
1788 461 1975 518 inven-
1998 464 2056 523 Α
2079 459 2369 515 Ostendere
2416 460 2559 529 quod
2602 461 2785 531 populi
2846 471 3034 531 petant
3090 462 3192 518 sibi
3249 471 3515 518 rectorem
3542 504 3556 528 ,
3612 472 3674 518 et

393 579 480 625 tus
506 568 576 626 sit
596 567 890 638 episcopus
936 562 1026 632 qui
1050 561 1118 617 de
1143 560 1345 629 majore
1376 556 1594 612 civitate
1621 553 1689 609 ad
1711 555 1974 609 minorem

392 660 663 716 transiret.
708 654 863 711 Unde
892 661 1121 725 apparet
1168 651 1408 707 avaritia:
1436 647 1629 704 ardore
1659 662 1753 703 eos
1775 646 1979 701 inﬂam-

390 752 552 819 mari,
606 757 661 804 et
713 746 994 802 ambitioni
1047 743 1270 808 servire,
1328 748 1386 796 et
1440 748 1497 794 ut
1552 737 1976 793 dominationem

390 848 572 909 agant.
624 838 683 895 Si
733 836 981 895 omnibus
1008 833 1203 904 placet,
1251 830 1556 900 hujusmodi
1588 828 1851 899 pernicies
1878 842 1978 882 ste-

389 933 511 987 vius
555 940 610 987 et
637 928 906 985 austerius
937 926 1260 991 vindicetur,
1292 932 1351 978 ut
1379 938 1478 977 nec
1505 921 1695 975 laicam
1731 934 1979 974 commu-

384 1026 611 1095 nionem
640 1022 838 1079 habeat
857 1018 950 1091 qui
979 1018 1101 1073 talis
1126 1025 1231 1073 est.
1272 1012 1691 1085 Responderunt
1712 1010 1975 1067 universi:

390 1117 597 1173 Placet.

391 1232 524 1287 Item
546 1232 609 1286 de
635 1230 817 1285 iisdem
844 1227 1121 1299 epismpis,
1153 1233 1209 1277 ut
1247 1226 1291 1279 si
1320 1239 1412 1295 per
1432 1220 1761 1299 ambitionem
1799 1217 1971 1299 sedent

462 1303 792 1365 mutaverint,
818 1290 910 1354 nec
938 1301 995 1353 in
1020 1290 1163 1352 exitu
1190 1290 1616 1355 communionem,
1661 1291 1846 1344 saltem
1874 1290 1975 1342 lai-

460 1392 596 1435 cum.
629 1382 1029 1444 consequantur.

459 1464 524 1521 ll.
555 1463 711 1520 Osius
758 1464 1042 1535 episcopus
1086 1460 1258 1515 dixit:
1308 1458 1482 1513 Etiam
1526 1456 1571 1511 si
1606 1454 1726 1509 talis
1782 1453 1976 1521 aliquis

387 1559 659 1617 exstiterit
690 1556 1026 1620 temerarius,
1058 1562 1115 1608 ut
1144 1551 1384 1608 fortassis
1406 1548 1810 1605 excusationem
1847 1543 1977 1599 alie-

385 1667 511 1708 reus
557 1657 829 1705 asseveret
856 1646 999 1718 quod
1038 1645 1223 1717 populi
1269 1644 1476 1726 litteras
1506 1640 1796 1710 acceperit,
1852 1652 1977 1693 cum

384 1743 727 1801 manifestum
757 1743 827 1798 sit
873 1742 1114 1813 potuisse
1141 1740 1326 1809 plures
1374 1736 1691 1807 praemio‘et
1719 1731 1973 1789 mercede

2084 551 2188 606 hoc
2211 549 2413 619 justum
2436 566 2574 617 esse,
2606 560 2664 606 ut
2690 558 2755 606 et’
2772 553 2873 622 ipsi
2895 555 3128 617 veniant,
3154 562 3209 608 et
3234 569 3355 609 cum
3378 553 3496 624 ipso
3516 553 3665 608 ordi-

2083 652 2212 699 nent
2244 645 2577 715 episcopum.
2608 644 2763 712 Quod
2790 647 2835 701 si
2864 655 3160 703 conventus
3187 648 3381 703 litteris
3408 647 3658 711 tacuerit,

2083 743 2138 792 et
2164 736 2597 802 dissimulaverit,
2638 737 2876 809 nihilque
2920 739 3277 810 rescripserit,
3324 738 3659 795 satisfacien-

2082 826 2210 882 dum
2240 844 2358 884 esse
2391 830 2621 899 populis,
2678 839 2737 884 ut
2780 815 2998 886 veniant
3040 847 3109 887 ex
3163 831 3334 887 vicina
3384 831 3661 902 provincia

2082 920 2341 991 episc0pi,
2370 933 2425 976 et
2453 921 2701 976 ordinent
2732 923 3061 994 episcopum.

2084 1036 2163 1091 De
2208 1054 2311 1092 nou
2354 1037 2659 1093 ordinandis
2707 1039 2957 1121 episcopis
3015 1056 3108 1110 per
3154 1026 3395 1094 vicos'et
3434 1041 3667 1096 modicas

2755 1120 3003 1166 σιυιιαιεε.

2156 1199 2241 1256 VI.
2273 1200 2510 1257 Licentia
2530 1216 2661 1257 vero
2691 1202 2863 1257 danda
2894 1219 3002 1257 non
3027 1212 3111 1260 est
3140 1204 3422 1260 ordinandi
3453 1206 3664 1275 episco—
3709 1202 3732 1223 ’”

2081 1308 2210 1364 pum
2256 1302 2351 1347 aut
2404 1293 2457 1348 iu
2515 1294 2633 1349 vico
2681 1294 2882 1365 aliquo,
2942 1305 3034 1349 aut
3086 1296 3139 1350 in
3187 1295 3394 1352 modica
3427 1297 3663 1362 civitate,

2080 1391 2165 1446 cui
2225 1391 2419 1446 suﬂicit
2471 1408 2607 1447 unus
2659 1392 2959 1463 presbyter,
3009 1393 3133 1463 quia
3175 1409 3281 1447 non
3325 1401 3407 1446 est
3448 1407 3667 1447 necesse

2082 1482 2155 1537 ibi
2182 1483 2494 1553 episcopum
2525 1484 2660 1547 lieri,
2709 1498 2776 1537 ne
2827 1483 3046 1537 vilescat
3091 1500 3288 1538 nomen
3333 1483 3570 1553 episcopi
3612 1491 3669 1536 et

2082 1578 2392 1632 auctoritas.
2418 1576 2536 1631 Non
2558 1575 2757 1631 debent
2783 1578 2891 1632 illic
2917 1593 2985 1632 ex
3012 1577 3117 1632 alia
3148 1577 3422 1648 provincia
3453 1575 3665 1629 invitati

2081 1672 2259 1727 facere
2301 1672 2646 1742 episcopum,
2674 1671 2774 1726 nisi
2820 1680 2913 1725 aut
2954 1672 3007 1726 iu
3057 1672 3139 1727 his
3189 1670 3499 1725 civitatibus
3545 1684 3665 1737 qua:

2080 1762 2363 1832 episcopos
2386 1760 2706 1825 habuerunt,
2734 1769 2824 1815 aut
2853 1762 2897 1815 si
2922 1778 3028 1832 qua
3060 1762 3201 1829 talis,
3229 1769 3323 1815 aut
3349 1770 3457 1814 tam
3490 1774 3663 1829 pupu-

382 1836 658 1906 com’mpi
708 1834 923 1926 605,9"?
949 1833 1216 1926 Sincera“?
1265 1829 1423 1884 ﬁdem
1474 1843 1583 1882 non
1636 1826 1856 1926 h‘flfem’
1885 1832 1968 1926 ,υι
1999 1845 2046 1907 Β
2077 1826 2194 1912 losa
2221 1826 2429 1921 civitas,
2461 1871 2579 1926 quze
2621 1863 2860 1910 meretur
2883 1826 3081 1911 habere
3112 1826 3445 1925 episcopum.
3476 1826 3533 1907 Si
3563 1826 3668 1909 hoc

380 1928 677 1983 clamarent
721 1926 773 1981 in
799 1924 1061 1989 Ecclesia,
1113 1931 1169 1977 et
1198 1924 1371 1992 ipsum
1415 1928 1603 1991 petere
1657 1917 1967 1972 viderentur

381 2020 694 2091 episcopum
733 2036 745 2072 :
791 2018 1011 2073 omnino
1059 2016 1156 2069 has
1204 2012 1419 2067 fraudes
1467 2008 1801 2066 damnandas
1850 2022 1970 2064 esse

382 2111 650 2175 arbitror,
703 2110 774 2164 ita
820 2118 879 2164 ut
926 2124 1026 2163 nec
1073 2107 1265 2162 laicam
1306 2105 1361 2161 in
1392 2106 1496 2160 line
1528 2104 1970 2159 communionem

381 2203 506 2257 talis
530 2202 776 2271 accipiat.
810 2200 865 2256 Si
895 2201 1047 2256 vobis
1069 2199 1317 2254 omnibus
1339 2198 1536 2270 placet,
1584 2197 1822 2251 statuite.
1870 2194 1971 2269 Sy-

380 2295 554 2350 nodus
585 2295 862 2368 respondit
897 2314 908 2348 :
942 2294 1142 2350 Placet.

381 2404 452 2461 Ut
477 2408 612 2461 inter
632 2408 893 2463 discordes
921 2410 1187 2478 episcopos
1228 2408 1968 2478 comprovincialesantistites

450 2481 702 2550 audiant;
736 2479 871 2550 quod
909 2481 953 2531 si
983 2478 1263 2550 damnatus
1304 2477 1642 2550 appellaverit
1673 2477 1967 2532 Romanum

450 2539 765 2619 pontificem;
792 2549 847 2602 id
875 2549 1247 2603 observandum
1274 2539 1409 2620 quod
1438 2550 1546 2619 ipse
1575 2552 1851 2602 censuerit.

372 2682 381 2689 .
450 2640 536 2695 ιιι.
567 2640 723 2695 Osius
745 2641 1032 2710 episcopus
1060 2638 1193 2693 dixit
1219 2657 1231 2692 :
1265 2637 1398 2693 illud
1428 2654 1643 2709 quoque
1664 2638 1969 2695 necessario

379 2731 744 2804 adjiciendum
775 2741 878 2797 est,
933 2740 990 2785 ut
1018 2730 1259 2801 episcopi
1307 2730 1375 2786 de
1424 2746 1520 2785 sua
1571 2731 1851 2802 provincia
1900 2732 1968 2785 ad

377 2825 537 2880 aliam
567 2824 918 2896 provinciam,
968 2824 1021 2878 in
1050 2839 1155 2894 qua
1196 2832 1321 2880 sunt
1348 2824 1606 2895 episcopi,
1657 2840 1763 2881 non
1795 2833 1970 2880 trans-

383 2929 507 2975 eant
529 2962 544 2985 ,
580 2920 686 2975 nisi
733 2919 873 2975 forte
903 2936 933 2973 a
964 2918 1219 2975 fratribus
1250 2920 1362 2975 suis
1385 2920 1614 2985 invitati,
1647 2936 1715 2976 ne
1748 2921 1968 2978 videan-

380 3019 469 3065 tur
505 3011 728 3081 januam
757 3012 1011 3067 claudere
1040 3012 1339 3067 charitatis.
1391 3012 1547 3079 Quod
1591 3014 1635 3068 si
1687 3014 1740 3068 in
1789 3014 1967 3084 aliqua

378 3104 655 3175 provincia
702 3104 896 3174 aliquis
949 3106 1238 3177 episcopus
1286 3115 1475 3161 contra
1528 3107 1752 3162 fratrem
1812 3123 1966 3163 suum

378 3194 693 3264 episcopum
715 3195 863 3250 litem
894 3195 1180 3263 habuerit,
1230 3212 1365 3251 unus
1415 3196 1483 3252 de
1527 3196 1737 3253 duobus
1764 3213 1833 3253 ex
1861 3199 1964 3254 alia

379 3286 656 3357 provincia
701 3288 928 3342 advocet
971 3288 1285 3359 episcopum
1333 3289 1687 3357 cognitorem.
1734 3288 1890 3357 Quod
1920 3292 1967 3347 si

379 3378 573 3451 aliquis
600 3380 1172 3451 episcopusjudicatus
1201 3382 1363 3435 luerit
1394 3382 1447 3437 in
1474 3383 1652 3452 aliqua
1689 3399 1876 3449 causa,
1909 3394 1966 3441 et

379 3486 533 3549 putat
560 3493 617 3533 se
641 3478 837 3533 bonam
866 3493 1081 3532 causam
1106 3478 1307 3533 habere
1329 3521 1344 3546 ,
1380 3487 1437 3533 ut
1464 3480 1656 3535 iterum
1679 3481 1965 3537 concilium

378 3581 687 3638 renovetur,
720 3574 764 3626 si
788 3572 940 3628 vobis
969 3572 1167 3642 placet,
1197 3572 1367 3628 sancti
1393 3572 1538 3628 Petri
1585 3574 1820 3645 apostoli
1850 3590 1966 3629 me-

377 3665 605 3723 moriam
635 3664 996 3727 honoremus,
1029 3672 1087 3718 ut
1114 3665 1378 3719 scribatur
1430 3665 1496 3719 ab
1524 3666 1605 3719 his
1630 3666 1721 3736 qui
1750 3682 1967 3722 causam

379 3757 761 3815 examinaruut
812 3753 953 3810 Julio
987 3755 1232 3811 Romano
1263 3758 1542 3829 episcopo,
1570 3767 1623 3813 et
1665 3760 1710 3813 si
1748 3759 1962 3829 judica-

379 3850 518 3907 verit
557 3849 920 3905 renovandum
950 3864 1071 3905 esse
1095 3848 1376 3919 judicium,
1426 3860 1736 3917 renovetur,
1792 3860 1847 3907 et
1875 3853 1967 3909 det

378 3940 587 4012 judices
614 3960 625 3996 :
657 3942 701 3996 si
732 3950 912 3997 autem
956 3942 1265 4011 probaverit
1292 3942 1453 3999 talem
1485 3960 1703 4001 causam
1734 3961 1875 4011 esse,
1908 3955 1967 4001 ut

381 4050 487 4089 non
518 4033 836 4091 refricentur
882 4050 945 4091 ea
974 4051 1093 4106 quae
1136 4027 1255 4089 acta
1304 4043 1448 4100 sunt,
1497 4051 1617 4104 qua:
1663 4037 1967 4092 decreverit

378 4127 697 4183 conﬁrmata
726 4135 901 4182 erunt.
948 4126 1002 4181 Si
1044 4126 1149 4181 hoc
1187 4127 1436 4182 omnibus
1463 4128 1662 4197 placet.
1712 4127 1968 4199 Synodus

378 4217 658 4289 respondit
682 4236 695 4271 :
724 4216 925 4273 Placet.

546 4328 614 4386 Ut
642 4330 813 4385 nullus
844 4333 1075 4386 accusati
1110 4332 1281 4386 sedem
1310 4342 1519 4404 usurpet
1548 4335 1796 4406 epist-api.

451 4422 538 4478 IV.
592 4422 923 4479 Gaudentius
962 4426 1247 4495 episcopus
1295 4425 1468 4480 dixit:
1523 4426 1873 4493 Addendum,
1920 4429 1967 4483 si

376 4516 575 4587 placet,
609 4515 733 4571 huic
761 4517 1062 4583 sententite,
1092 4532 1252 4585 quam
1284 4518 1498 4587 plenam
1527 4518 1816 4573 sanctitate
1837 4534 1964 4589 pro-

2075 1947 2327 2005 omnibus
2352 1947 2549 2018 placet.
2579 1946 2828 2019 Synodus
2856 1947 3137 2017 respondit
3166 1966 3177 2000 :
3212 1947 3417 2003 Placet.

2077 2058 2156 2115 De
2182 2059 2703 2131 provincialisgngdo
2728 2060 3055 2113 retractanda
3078 2078 3167 2130 per
3187 2062 3405 2114 vicarios
3436 2061 3665 2129 episcopi

2412 2130 2555 2185 urbis
2586 2129 2782 2197 Romae,
2816 2132 2859 2185 si
2891 2131 2999 2202 ipse
3033 2132 3325 2186 decreverit.

2066 2264 2071 2267 Α
2149 2220 2255 2277 Vll.
2306 2220 2463 2277 Osius
2489 2223 2777 2293 episcopus
2805 2223 2982 2277 dixit:
3038 2222 3244 2279 Placuit
3294 2232 3474 2279 autem
3519 2234 3577 2279 ut
3616 2224 3665 2279 si

2073 2314 2359 2385 episcopus
2381 2323 2663 2369 accusatus
2693 2314 2871 2381 fuerit,
2898 2314 3329 2400 etjudicaverint
3347 2317 3663 2384 congregati

2073 2406 2315 2477 episcopi
2348 2406 2585 2475 regionis
2618 2407 2801 2477 ipsius,
2846 2415 2900 2462 et
2928 2407 2995 2462 de
3024 2406 3195 2475 gradu
3225 2424 3324 2462 suo
3350 2422 3474 2462 eum
3506 2406 3657 2476 deje-

2072 2499 2245 2555 cerint
2270 2538 2284 2563 ,
2318 2500 2362 2555 si
2394 2499 2748 2569 appellaverit
2788 2500 2878 2569 qui
2936 2498 3177 2569 dejectus
3220 2508 3303 2555 est
3327 2508 3382 2555 et
3412 2496 3661 2569 confuge-

2073 2591 2144 2646 rit
2171 2591 2238 2646 ad
2268 2591 2582 2662 episcopum
2629 2590 2887 2647 Romana:
2927 2591 3202 2661 Ecclesize,
3252 2601 3306 2648 et
3334 2594 3568 2649 voluerit
3602 2609 3664 2650 se

2074 2684 2287 2750 audiri;
2330 2685 2375 2739 si
2400 2683 2605 2753 justum
2653 2686 2923 2754 putaverit
2976 2694 3033 2740 ut
3078 2697 3369 2743 renovetur
3408 2702 3661 2755 examen,

2072 2776 2312 2831 scribere
2342 2776 2423 2831 his
2477 2776 2747 2847 episcopis
2774 2776 3043 2846 dignetur,
3096 2779 3187 2849 qui
3237 2779 3290 2832 in
3333 2779 3556 2833 linititna
3606 2788 3662 2834 et

2072 2871 2373 2941 propinqua
2415 2871 2691 2940 provincia
2735 2879 2877 2934 sunt,
2914 2879 2971 2925 ut
3000 2872 3097 2940 ipsi
3127 2871 3412 2939 diligenter
3438 2872 3662 2927 omnino

2071 2965 2373 3034 requirant,
2403 2973 2458 3018 et
2483 2963 2636 3029 juxta
2666 2962 2825 3017 fidem
2856 2964 3099 3017 veritatis
3120 2963 3376 3020 definiant
3404 2985 3415 3018 :
3448 2964 3593 3033 quod
3615 2965 3661 3020 si

2073 3056 2118 3110 is
2160 3056 2253 3123 qui
2294 3062 2447 3122 rogat
2493 3069 2709 3108 causam
2752 3069 2903 3108 suam
2955 3055 3147 3108 iterum
3180 3055 3352 3109 audiri
3403 3056 3661 3126 depreca-

2074 3149 2222 3204 tione
2249 3164 2343 3202 sua
2377 3147 2608 3202 moverit
2636 3147 2947 3217 episcopum
2974 3147 3295 3215 Romanum,
3338 3157 3397 3203 ut
3428 3164 3458 3205 e
3485 3150 3655 3205 latere

1989 3234 2039 3299 C
2070 3261 2170 3301 suo
2200 3244 2573 3316 presbyterum
2608 3242 2815 3307 mittat,
2860 3243 2965 3297 erit
2994 3243 3046 3297 in
3092 3252 3363 3313 potestate
3415 3245 3658 3317 episcopi

2072 3336 2200 3408 quid
2223 3336 2375 3398 velit,
2408 3343 2463 3390 et
2487 3334 2618 3405 quid
2647 3335 2893 3389 testimet.
2937 3334 3001 3389 Et
3030 3337 3075 3390 si
3103 3336 3406 3392 decreverit
3434 3338 3657 3393 initten-

2070 3429 2171 3485 dos
2208 3444 2326 3484 esse
2355 3429 2446 3498 qui
2500 3438 2792 3497 praesentes
2821 3444 2940 3483 cum
2973 3431 3240 3501 episcopis
3269 3430 3533 3499 judicent,
3562 3432 3660 3486 ha-

2070 3523 2260 3577 bentes
2288 3520 2405 3589 ejus
2434 3521 2813 3575 auctoritatem
2864 3538 2893 3575 a
2924 3537 3031 3591 quo
3063 3523 3317 3578 destinati
3363 3532 3505 3590 sunt,
3556 3526 3660 3578 erit

2071 3614 2125 3668 in
2174 3628 2273 3668 suo
2305 3612 2563 3677 arbitrio;
2613 3613 2655 3665 si
2697 3627 2826 3667 vero
2867 3613 3153 3667 crediderit
3194 3614 3479 3683 episcopos
3507 3612 3657 3669 sulti-

2070 3721 2195 3761 cere
2243 3713 2302 3758 ut
2350 3706 2567 3773 negotio
2611 3706 2897 3760 terminum
2946 3708 3246 3775 imponant,
3297 3707 3455 3761 faciet
3507 3706 3654 3776 quod

2070 3796 2468 3869 sapientissimo
2496 3798 2721 3853 consilio
2747 3798 3087 3867 judicaverit.

2074 3910 2314 3976 Quando,
2364 3920 2412 3964 et
2456 3912 2505 3963 in
2547 3910 2725 3981 quibus
2755 3914 2945 3976 crmsis,
2988 3914 3211 3983 episcOpi
3249 3915 3317 3967 ad
3358 3916 3657 3971 comitatum

2697 3984 2773 4035 ire
2804 3984 3040 4037 debeant.

2144 4050 2278 4109 Vill.
2309 4052 2466 4109 Osius
2503 4054 2787 4124 episcopus
2813 4055 2945 4109 dixit
2979 4074 2989 4107 :
3031 4055 3470 4125 lmportuuitates
3497 4064 3551 4113 et
3580 4059 3662 4112 ni-

2071 4147 2179 4201 mia
2220 4146 2523 4215 frequentia
2548 4188 2561 4211 ,
2595 4154 2649 4201 et
2695 4147 2905 4229 injust-.1;
2946 4149 3234 4217 petitiones
3286 4149 3531 4204 fecerunt
3560 4165 3661 4207 uos

2072 4255 2180 4295 non
2210 4248 2414 4295 tantam
2445 4240 2645 4294 habere
2673 4241 2755 4294 vel
2785 4242 3051 4307 gratiam,
3088 4242 3169 4295 vel
3216 4241 3458 4295 fiduciam
3485 4284 3499 4307 ,
3531 4244 3658 4297 dum

2023 4325 2032 4337 ’
2071 4331 2290 4405 quidam
2336 4348 2442 4386 non
2491 4340 2704 4387 cessant
2732 4332 2798 4386 ad
2829 4333 3142 4389 comitatum
3186 4333 3265 4387 ire
3294 4334 3528 4405 episcopi
3559 4375 3574 4401 ,
3606 4344 3662 4393 et

2072 4424 2306 4479 maxime
2337 4424 2470 4491 Afri,
2499 4424 2608 4493 qui,
2633 4422 2769 4477 sicut
2798 4420 3147 4491 cognovimus
3166 4465 3179 4490 ,
3206 4425 3527 4479 sanctissimi
3550 4424 3659 4480 fra-

2074 4515 2167 4569 tris
2190 4527 2244 4569 et
2265 4514 2570 4585 coepiscopi
2597 4516 2763 4571 nostri
2787 4515 2936 4570 Grati
2981 4516 3237 4572 Salutaria
3258 4519 3482 4573 consilia
3510 4535 3663 4591 sper-

376 4608 585 4675 tulisti,
621 4604 825 4663 ut'cum
856 4608 1048 4677 aliquis
1078 4610 1361 4679 cpiscopus
1385 4612 1662 4679 depositus
1692 4612 1852 4666 fuerit
1874 4627 1963 4667 eo-
1995 4632 2049 4692 Β
2074 4617 2208 4661 nunt
2230 4616 2393 4677 atque
2433 4616 2805 4676 contemnunt,
2828 4618 2883 4665 ut
2914 4625 3022 4663 non
3046 4604 3220 4664 solum
3247 4610 3315 4665 ad
3346 4612 3662 4667 comitatum

380 4715 500 4754 rum
546 4700 926 4770 episc0porum
952 4700 1155 4769 judicio
1205 4702 1296 4770 qui
1350 4702 1401 4756 in
1435 4703 1623 4757 vicinis
1654 4703 1787 4757 locis
1816 4720 1968 4760 com-

379 4802 677 4857 morantur,
711 4802 766 4847 et
805 4793 1219 4863 proclamaverit
1252 4794 1516 4862 agendum
1559 4794 1659 4848 sibi
1690 4798 1965 4864 negotium

381 4884 436 4938 in
468 4882 597 4939 urbe
627 4883 796 4938 Roma
824 4926 837 4949 ,
872 4885 1008 4939 alter
1032 4886 1319 4955 episcopus
1346 4886 1397 4939 in
1430 4885 1545 4955 ejus
1566 4887 1816 4941 cathedra
1846 4898 1968 4959 post

383 4978 797 5048 appellationem
826 4978 942 5045 ejus
960 4980 1052 5050 qui
1080 4979 1291 5033 videtur
1318 4994 1439 5033 esse
1468 4980 1763 5051 depositus,
1793 4983 1968 5036 omni-

383 5086 455 5126 no
480 5086 587 5125 non
617 5071 895 5127 ordinetur
916 5111 931 5135 ,
966 5072 1064 5127 nisi
1085 5086 1247 5127 causa
1274 5070 1435 5127 fuerit
1460 5070 1512 5125 in
1530 5071 1734 5141 judicio
1757 5073 1962 5144 episco-

380 5164 436 5237 pi
464 5163 691 5219 Romani
719 5164 1097 5219 determinata.

390 5275 611 5344 Quando
665 5278 778 5349 quis
838 5276 1016 5331 debeat
1079 5278 1671 5352 ahvicinis‘provinciw
1715 5280 1966 5352 episcOpis

1043 5349 1296 5403 ordinari.

456 5439 521 5495 ν.
551 5439 707 5495 Osius
733 5441 1017 5511 episcopus
1044 5440 1216 5494 dixit:
1243 5438 1299 5494 Si
1328 5441 1611 5511 contigerit
1643 5442 1696 5496 in
1718 5458 1820 5497 una
1842 5458 1970 5513 pro-

383 5534 577 5599 vincia,
608 5533 661 5588 in
699 5548 806 5603 qua
837 5533 1054 5605 plurimi
1094 5532 1295 5589 fuerint
1324 5534 1582 5604 episcopi,
1632 5550 1794 5589 unum
1828 5535 1966 5592 forte

384 5644 663 5686 remanere
689 5629 1023 5700 episcopum,
1055 5627 1147 5683 ille
1168 5642 1295 5683 vero
1328 5642 1426 5698 per
1456 5628 1835 5696 negligentiam
1864 5646 1967 5685 no-

383 5717 542 5777 luerit
588 5720 838 5776 ordinare
886 5721 1220 5791 episcopum,
1261 5729 1316 5775 et
1363 5720 1546 5791 populi
1594 5718 1964 5788 convenerint,

383 5819 668 5892 episcOpos
694 5818 879 5873 vicinae
909 5817 1200 5889 provinciae
1243 5815 1443 5871 debere
1490 5814 1637 5870 illum
1663 5814 1811 5885 prius
1836 5831 1967 5871 con-

384 5912 567 5970 venire
595 5912 907 5988 episcopum
954 5912 1046 5982 qui
1087 5912 1141 5969 in
1187 5926 1251 5967 ea
1293 5910 1569 5983 provincia
1600 5917 1862 5977 moratur,
1901 5919 1956 5968 et

2072 4701 2300 4765 multas,
2336 4710 2389 4755 et
2435 4700 2707 4764 diversas,
2734 4700 2981 4756 Ecclesiae
3012 4718 3116 4757 non
3147 4703 3452 4774 profuturas
3484 4705 3663 4776 perfe-

2070 4802 2195 4847 rant
2223 4808 2429 4857 causas,
2455 4807 2629 4861 ueque
2654 4802 2709 4846 ut
2730 4792 2843 4847 lieri
2873 4794 3034 4860 solet,
3063 4802 3157 4848 aut
3178 4806 3414 4865 oportet,
3448 4807 3506 4851 ut
3530 4812 3664 4867 pau-

2073 4886 2304 4956 peribus,
2338 4894 2431 4939 aut
2456 4885 2647 4949 viduis,
2690 4895 2779 4941 aut
2812 4886 3027 4956 pupillis
3056 4888 3426 4955 subveniatur,
3456 4887 3552 4943 sed
3608 4897 3665 4943 et

2070 4978 2359 5047 dignitates
2379 4976 2681 5042 saeculares,
2715 4986 2768 5033 et
2797 4978 3309 5041 administrationes,
3341 4979 3663 5049 quibusdam

2073 5070 2362 5143 postulent.
2394 5069 2518 5125 Haec
2548 5072 2727 5140 itaque
2751 5072 2984 5141 pravitas
3013 5072 3142 5127 olim
3172 5088 3279 5127 non
3310 5071 3484 5126 solum
3511 5085 3663 5125 mur-

2072 5165 2424 5232 murationes,
2475 5164 2571 5219 sed
2613 5173 2668 5220 et
2709 5165 2961 5220 scandala
3002 5166 3221 5219 excitat.
3256 5162 3553 5218 Honestum
3579 5168 3668 5218 est

2073 5270 2253 5315 autem
2290 5267 2350 5314 ut
2395 5258 2632 5329 episcopi
2676 5259 3115 5313 intercessionem
3167 5256 3251 5310 his
3279 5263 3539 5325 praestent
3564 5253 3666 5326 qui

2072 5354 2255 5422 iniqua
2284 5353 2334 5407 vi
2367 5352 2744 5423 opprimuntur
2767 5390 2781 5414 ,
2815 5360 2907 5405 aut
2944 5351 2989 5405 si
3035 5349 3192 5403 vidua
3230 5346 3518 5416 aﬂiigatur,
3568 5359 3667 5411 aut

2070 5444 2661 5517 pupillus‘exspolietur
2687 5463 2698 5496 :
2727 5444 2773 5497 si
2796 5454 2976 5498 tamen
2998 5442 3183 5498 isthaec
3212 5443 3431 5498 nomina
3458 5442 3667 5513 jusram

2075 5541 2307 5595 habeant
2349 5553 2570 5593 causam
2600 5544 2693 5591 aut
2722 5536 3056 5606 petitionem.
3088 5534 3143 5591 Si
3189 5535 3531 5611 vobis‘ergo,
3562 5544 3667 5600 ira.

2074 5641 2183 5685 tres
2220 5629 2519 5684 charissimi
2548 5668 2563 5693 ,
2600 5628 2777 5697 placet
2805 5668 2821 5694 ,
2872 5626 3145 5683 decernite
3173 5670 3189 5695 ,
3220 5643 3290 5685 ne
3318 5630 3565 5708 episcopi
3597 5636 3667 5691 ad

2073 5722 2387 5776 comitatum
2436 5720 2730 5783 accedant,
2764 5717 2864 5773 uisi
2900 5716 3039 5773 forte
3068 5718 3121 5773 hi
3164 5720 3257 5789 qui
3286 5720 3527 5794 religiosi
3562 5727 3667 5780 im-

2070 5815 2337 5887 peratoris
2368 5813 2558 5868 litteris
2586 5811 2669 5867 vel
2714 5812 2922 5873 invitati
2969 5812 3053 5868 vel
3083 5814 3259 5868 vocati
3306 5813 3528 5870 fuerint.
3561 5817 3668 5873 Sed

2069 5909 2325 5983 quoniam
2352 5922 2497 5967 saeue
2537 5906 2800 5979 contingit
2827 5915 2886 5966 ut
2912 5907 2981 5968 ad
3012 5906 3441 5968 misericordium
3472 5910 3669 5967 Eccle-
