4128 6348
1358 270 1421 277 ...οη

511 338 609 394 179
1791 332 2080 390 ΠΙΟΝΥΒῘΙ

2184 331 2494 391 manus.
3670 346 3780 404 uo

506 459 597 513 sia:
631 453 940 522 confugiant
978 453 1071 522 qui
1114 451 1361 519 iniuriam
1391 451 1683 520 patiuntur,
1717 460 1810 503 aut
1838 448 1928 517 qui
1956 463 2086 512 pee-
2110 447 2512 510 Amemoravit
2537 450 2798 505 sanctitas
2815 455 3015 514 vestra,
3043 461 3262 522 propter
3300 454 3641 513 Wet
3660 476 3781 517 arn-

505 558 690 604 cantes
718 548 775 603 in
813 546 1006 602 exsilio
1050 545 1137 599 vel
1190 544 1377 598 insulis
1420 543 1766 610 damnantur,
1812 548 1907 594 aut
1935 548 2085 594 certe
2180 539 2422 595 titiones
2446 540 2513 593 ad
2535 542 2849 595 comitatum
2864 552 3080 612 pergat,
3110 546 3281 601 neciu
3306 546 3499 603 litteris
3514 550 3779 620 εἰωθυι-

504 652 880 712 quamcunque
910 635 1242 691 sententiam
1283 634 1602 705 suscipiunt,
1650 630 2086 690 subveniendum
2189 631 2476 698 salbatur,
2506 647 2682 703 neque
2702 635 2762 688 in
2788 636 3223 692 comnmnionem
3248 639 3560 712 recipiatur.
3592 643 3651 699 Si
3678 661 3777 701 vo-

506 741 591 786 est
630 730 718 784 bis
745 770 761 795 ,
792 736 850 784 et
890 730 1014 781 sine
1065 725 1401 806 dubitatione
1442 724 1678 796 petenda
1724 721 2081 790 indulgentia.

505 822 619 879 Hoc
638 835 774 890 ergo
801 818 1073 875 decernite
1094 857 1113 883 ,
1142 818 1187 875 si
1233 819 1386 874 vobis
1414 818 1609 890 placet.
1656 815 1906 872 Universi
1934 814 2085 870 dise-

503 924 626 969 runt
653 933 664 967 :
700 913 882 968 Placet
911 921 965 966 et
993 911 1372 967 constituatur.

752 1006 833 1078 ne'
851 1025 1085 1078 diaconi;
1106 1024 1175 1077 ad
1191 1025 1487 1077 comitatum
1502 1022 1811 1094 dirigendis.

570 1114 656 1170 rx.
688 1113 845 1171 Osius
884 1115 1172 1184 episc0pus
1200 1114 1333 1168 dixit
1364 1133 1377 1167 :
1411 1113 1527 1169 Hoc
1550 1128 1764 1182 quoque
1796 1109 2085 1182 providen-

501 1208 570 1260 tia
598 1215 777 1271 vestra
806 1214 1041 1261 tractare
1065 1205 1248 1269 debet,
1287 1206 1376 1274 qui
1414 1203 1746 1269 decrevistis,
1778 1218 1848 1257 ne
1877 1202 2083 1272 episco-

498 1315 688 1369 porum
720 1299 1035 1368 improbitas
1064 1298 1286 1365 nitatur,
1316 1307 1376 1351 ut
1396 1297 1463 1351 ad
1491 1296 1804 1352 comitatum
1826 1304 2078 1366 pergant.

499 1396 814 1463 Quicunque
864 1407 992 1462 ergo
1015 1434 1031 1457 ,
1084 1392 1273 1461 quales
1322 1392 1567 1462 superius
1627 1388 2040 1445 memoravimus
2063 1430 2078 1453 ,

458 1548 475 1565 .
498 1502 682 1556 preces
703 1487 1006 1549 habuerint,
1024 1485 1112 1539 vel
1138 1485 1461 1554 acceperint,
1491 1499 1587 1553 per
1610 1483 1899 1537 diaconum
1924 1495 2082 1535 suum

497 1578 751 1644 mittant,
793 1576 922 1645 quia
947 1590 1177 1645 persona
1208 1575 1435 1629 ministri
1464 1574 1724 1629 invidiosa
1754 1588 1861 1628 non
1890 1582 1991 1636 est,
2027 1582 2082 1627 et

494 1683 613 1737 quin
656 1666 1051 1736 impetraverit,
1098 1666 1329 1722 celerius
1372 1666 1572 1735 poterit
1599 1664 1833 1730 referre;
1877 1674 1931 1720 et
1975 1665 2082 1720 hoc

494 1774 831 1827 consequens
883 1773 1003 1814 esse
1046 1758 1274 1823 videtur,
1331 1766 1391 1812 ut
1433 1758 1500 1812 de
1535 1746 1775 1829 qualibet
1801 1758 2077 1828 provincia

494 1852 733 1921 episcopi
779 1850 847 1904 ad
893 1865 1015 1904 eum
1062 1851 1280 1903 fratrem
1319 1858 1376 1904 et
1414 1850 1792 1919 coepiscopum
1822 1857 2072 1904 nostrum

497 1958 683 2012 preces
707 1942 949 2005 mittant,
972 1943 1062 2011 qui
1097 1942 1149 1995 in
1179 1941 1465 2010 metropoli
1515 1941 1779 2005 consistit,
1822 1949 1882 1994 ut
1907 1940 1997 1995 ille
2024 1950 2081 1995 et

495 2034 781 2087 diaconum
821 2030 967 2099 ejus,
1010 2042 1065 2085 et
1112 2031 1531 2100 supplicationes
1554 2030 1813 2089 destinet,
1838 2030 2079 2086 tribuens

456 2160 459 2165 -
493 2122 958 2179 eommendatitias
983 2123 1242 2192 epistolas
1270 2124 1385 2191 pari
1414 2123 1625 2177 ratione
1666 2123 1735 2177 ad
1786 2123 1979 2177 fratres
2025 2132 2081 2178 et

493 2217 845 2285 r.oepiscopos
868 2225 1101 2280 nostros,
1132 2216 1220 2283 qui
1248 2216 1299 2269 in
1332 2216 1424 2270 illo
1444 2224 1688 2285 tempore
1714 2217 1769 2269 in
1790 2215 1876 2270 bis
1903 2216 2079 2284 regio-

494 2306 651 2360 nibus
670 2348 684 2371 ,
710 2316 765 2361 et
787 2308 1015 2373 urbibus
1037 2315 1353 2373 morantur,
1406 2307 1459 2360 in
1489 2306 1683 2373 quibus
1712 2306 1839 2361 felix
1872 2316 1927 2361 et
1944 2308 2074 2363 bea-

494 2404 578 2450 tus
627 2397 900 2465 Augustus
937 2397 1320 2469 rempublicam
1364 2398 1647 2467 gubernat.
1678 2396 1735 2454 Si
1760 2414 1889 2454 vero
1918 2400 2081 2454 habet

490 2487 778 2557 episcopus
822 2489 1025 2544 amicos
1058 2489 1113 2543 in
1143 2489 1363 2558 palatio,
1393 2489 1482 2558 qui
1506 2490 1655 2560 cupit
1680 2489 1901 2559 aliquid,
1934 2490 2079 2560 quod

492 2586 672 2632 tamen
695 2579 982 2633 honestum
1011 2589 1112 2642 est,
1148 2581 1437 2649 impetrare
1461 2623 1477 2648 ,
1508 2596 1614 2637 non
1649 2581 1963 2651 prohibetur
1984 2596 2081 2650 per

492 2668 779 2722 diaconum
820 2684 975 2723 suum
1005 2684 1231 2738 rogare,
1273 2685 1339 2726 ac
1376 2670 1679 2739 signiﬁcare
1708 2671 1788 2725 his
1815 2686 1952 2740 quos
1981 2672 2081 2725 scit

494 2760 779 2829 benignam
810 2761 1251 2819 intercessionem
1284 2763 1495 2817 absenti
1524 2779 1687 2833 posse
1717 2773 1973 2834 praestare
1991 2803 2006 2827 ,
2034 2764 2080 2816 si

497 2860 677 2905 tamen
707 2862 1068 2921 opportunum
1097 2852 1277 2907 fuerit.
1880 2926 1883 2927 ν

501 2965 650 3029 Quod
669 2966 738 3018 ad
758 2968 1054 3020 comitatum
1071 2984 1163 3039 pro
1198 2968 1408 3039 pupillis
1434 2978 1486 3022 et
1510 2970 1695 3035 viduis,
1721 2987 1782 3023 ac
1803 2972 2080 3025 necessita-

892 3046 991 3091 tem
1013 3038 1344 3108 patientibus,
1370 3042 1439 3093 sit
1465 3041 1708 3094 eundum.

566 3125 627 3181 Χ.
659 3127 761 3193 Qui
810 3143 942 3184 vero
970 3128 1198 3184 Romam
1229 3132 1473 3186 venerint
1497 3170 1512 3195 ,
1543 3134 1682 3187 sicut
1732 3134 1933 3188 dictum
1962 3143 2076 3199 est,

492 3218 835 3275 sanctissimo
876 3218 1027 3275 fratri
1050 3232 1105 3275 et
1131 3223 1457 3291 coepiscopo
1480 3232 1669 3278 nostro
1694 3223 1951 3279 Romanae
1974 3224 2077 3280 Ec-
2104 3218 2151 3281 Β

496 3310 675 3365 clesia:
702 3326 909 3379 preces,
934 3325 1071 3380 quas
1101 3313 1319 3378 habent,
1371 3314 1599 3378 tradant,
1635 3324 1693 3368 ut
1719 3324 1777 3368 et
1802 3315 1919 3384 ipse
1936 3317 2082 3385 prius

494 3403 815 3483 examineh
842 3404 886 3456 si
915 3403 1157 3458 honestae
1205 3413 1263 3459 et
1293 3405 1449 3474 iusta:
1475 3413 1627 3469 sunt,
1677 3414 1733 3461 et
1758 3416 1975 3474 praestet
2001 3407 2076 3462 di-

496 3494 774 3562 ligentiam
822 3504 983 3565 atque
1029 3497 1483 3565 sollicitudinem,
1533 3508 1592 3553 ut
1632 3499 1703 3553 ad
1765 3502 2080 3555 comitatum

497 3586 855 3657 perferantur.
910 3586 1154 3644 Universi
1201 3591 1449 3646 dixerunt
1488 3592 1705 3661 placere
1734 3592 1835 3647 sibi
1864 3631 1878 3658 ,
1906 3602 1964 3648 et
1990 3594 2084 3649 ho-

497 3687 709 3733 nestum
739 3693 859 3734 esse
902 3681 1206 3735 consilium.
1239 3682 1463 3752 Alypius
1497 3683 1786 3753 episcOpus
1814 3684 1948 3739 dixit
1978 3701 1991 3736 :
2020 3682 2077 3738 Si

437 3815 448 3823 .
497 3780 719 3843 propter
747 3774 977 3843 pupillos
1021 3782 1076 3829 et
1113 3775 1329 3841 viduas,
1362 3776 1446 3830 vel
1480 3775 1809 3843 laborantes,
1834 3778 1927 3847 qui
1955 3793 2082 3832 cau-

498 3878 584 3917 sas
626 3864 836 3932 iniquas
875 3865 1115 3929 habent,
1146 3867 1480 3935 susceperint
1520 3867 1967 3935 peregrinationis
1995 3869 2081 3921 in-

499 3954 801 4019 commoda,
833 3955 1105 4009 habebunt
1130 3954 1330 4025 aliquid
1352 3957 1605 4022 rationis;
1632 3973 1771 4012 nunc
1800 3974 1929 4014 vero
1959 3974 2080 4013 cum

497 4060 561 4099 ea
585 4048 858 4115 postulent
877 4049 1165 4119 praecipue,
1195 4064 1315 4118 quae
1338 4051 1454 4105 sine
1479 4050 1677 4105 invidia
1705 4052 2002 4120 hominum,
2025 4062 2080 4118 et

496 4137 614 4190 sine
640 4139 1061 4207 reprehensione
1084 4156 1203 4195 esse
1222 4157 1326 4211 non
1355 4143 1582 4212 possint,
1607 4158 1715 4198 non
1745 4158 1968 4199 necesse
1996 4152 2082 4199 est

497 4226 672 4296 ipsum
692 4228 772 4284 ire
801 4231 869 4285 ad
896 4233 1232 4287 comitatum.

505 4341 573 4396 Ut
616 4348 700 4415 qui
741 4346 795 4399 in
825 4349 997 4399 canali
1040 4356 1158 4399 sunt
1199 4349 1424 4416 episcopi
1468 4359 1642 4402 euntes
1690 4348 1760 4401 ad
1780 4351 2081 4404 comitatum

1028 4417 1246 4470 sollicite
1265 4418 1563 4471 discutiant.

570 4504 661 4558 XI.
679 4504 1011 4560 Gaudentius
1033 4506 1319 4575 episcopus
1356 4507 1490 4561 dixit
1513 4525 1524 4560 :
1552 4507 1626 4562 Ea
1654 4524 1773 4579 qua:
1794 4500 2082 4565 salubriter

2187 719 2272 775 bis
2298 721 2501 791 placet,
2532 724 2771 777 nmmum
2804 725 3077 781 sententia
3102 726 3413 786 conﬁrmari
3437 732 3619 789 debet.
3640 733 3767 791 Uni

2176 811 2332 883 versi
2360 811 2621 867 dixerunt
2666 813 2951 871 honestum
2972 831 3130 883 esse,
3163 828 3217 875 et
3256 822 3477 891 placere
3498 824 3606 880 sibi
3628 826 3777 885 hanc

2180 905 2649 960 constitutionem.

2188 1009 2269 1067 De
2416 1016 2502 1087 qui
2546 1016 2795 1087 ignorant
2832 1018 2963 1089 quid
2991 1022 3058 1073 sit
3092 1021 3149 1074 in
3178 1026 3376 1093 synodo
3405 1029 3761 1086 contritam.

2264 1103 2374 1160 XII.
2404 1104 2561 1189 Osius
2604 1109 2887 1179 episcopus
2928 1109 3062 1166 dixit
3095 1131 3105 1166 :
3140 1112 3246 1169 Sed
3275 1126 3329 1171 et
3358 1119 3657 1178 moderatio
3674 1136 3768 1179 ne-

2182 1200 2424 1255 cessaris
2448 1209 2564 1270 est,
2612 1202 2949 1259 dilectissimi
2984 1206 3208 1275 fratres,
3248 1226 3324 1266 ne
3361 1198 3548 1271 subito
3588 1218 3770 1274 adhuc

2182 1290 2374 1359 aliqui,
2389 1292 2690 1348 nescientes
2708 1294 2835 1364 quid
2850 1294 3126 1352 decretum
3147 1301 3217 1354 sit
3235 1301 3288 1355 in
3302 1306 3535 1374 synodo,
3550 1310 3771 1367 veniant

2189 1380 2257 1435 ad
2300 1382 2544 1438 civitates
2590 1398 2683 1439 eas
2732 1399 2852 1455 quae
2909 1388 2962 1441 in
3018 1391 3193 1446 canali
3240 1403 3384 1449 sunt.
3432 1396 3605 1455 Debet
3640 1415 3767 1469 ergo

2188 1474 2472 1545 episcopus
2495 1476 2725 1533 civitatis
2751 1480 2916 1549 ipsius
2947 1482 3241 1541 admonere
3258 1502 3379 1542 eum
3409 1500 3463 1544 et
3484 1491 3767 1563 instruere,

2187 1574 2243 1620 et
2260 1581 2326 1621 ex
2350 1581 2416 1621 eo
2444 1566 2568 1623 loco
2602 1567 2883 1625 diaconum
2912 1589 3065 1629 suum
3092 1576 3290 1633 mittat.
3321 1577 3626 1639 admonitus
3652 1584 3766 1655 ipse

2187 1666 2367 1714 tamen
2394 1661 2583 1715 redeat
2610 1660 2662 1716 in
2692 1663 3004 1732 parochiam
3031 1680 3203 1722 suam.

2400 1769 2481 1826 De
2507 1774 2654 1828 laicis
2676 1792 2781 1830 non
2802 1785 2987 1832 temere
3007 1780 3261 1849 faciendis
3285 1783 3556 1854 episcopis.

2258 1880 2385 1936 Xlll.
2412 1882 2503 1939 Osi
2512 1900 2570 1940 us
2580 1888 2867 1957 episcopus
2887 1890 3048 1945 dixit:
3066 1891 3131 1947 Et
3146 1893 3249 1950 hoc
3263 1900 3624 1955 necessaritnn
3635 1902 3771 1957 arbi-

2187 1982 2328 2039 tror,
2364 1984 2424 2029 ut
2444 1975 2848 2045 diligentissime
2865 1984 3123 2049 tractetis,
3159 1986 3204 2040 si
3240 1985 3381 2043 forte
3400 1990 3659 2049 autdives
3677 2004 3771 2050 aut

2185 2065 2538 2122 scholasticus
2557 2067 2624 2123 de
2651 2068 2898 2139 foro,aut
2918 2088 2990 2129 ex
3007 2074 3470 2136 administratione
3490 2084 3772 2158 episcopus

2185 2155 2344 2210 fuerit
2376 2158 2707 2227 postulatus,
2738 2170 2798 2216 ut
2826 2179 2933 2218 non
2963 2166 3111 2235 prius
3154 2168 3431 2226 ordinetur
3468 2174 3572 2229 nisi
3598 2186 3656 2231 et
3674 2155 3767 2233 ile-

2185 2247 2354 2301 ctoris
2404 2264 2627 2305 munere
2660 2260 2714 2306 et
2736 2250 2916 2310 ofﬁcio
2937 2255 3149 2312 diaconi
3169 2268 3261 2313 aut
3286 2263 3589 2336 presbyteri
3609 2267 3771 2324 fuerit

2185 2336 2515 2407 perfunctus,
2552 2350 2608 2396 ut
2636 2359 2735 2413 per
2773 2344 3011 2414 singulos
3036 2348 3263 2416 gradus,
3294 2352 3339 2407 si
3360 2353 3553 2422 dignus
3578 2356 3767 2424 fuerit,

2185 2429 2442 2485 ascendat
2468 2430 2534 2485 ad
2555 2431 2767 2488 eulmen
2783 2436 3143 2506 episcopatus.
3170 2437 3355 2496 Potest
3384 2444 3527 2498 enim
3555 2461 3653 2515 per
3671 2447 3772 2503 bas

2186 2521 2575 2588 promotiones,
2598 2538 2718 2592 qua:
2740 2524 3015 2581 habebunt
3032 2529 3228 2602 ‘utique
3239 2533 3507 2601 prolixum
3532 2543 3766 2607 tempus,

2184 2612 2404 2680 probari
2425 2627 2531 2681 qua
2571 2612 2675 2669 ﬁde
2700 2616 2797 2682 sit,
2828 2630 2934 2685 qua
2964 2620 3246 2687 modestia,
3269 2638 3373 2691 qua
3405 2628 3691 2696 gravitate,
3713 2637 3770 2684 et

2182 2705 2526 2759 verecundia.
2560 2704 2628 2759 Et
2655 2707 2700 2760 si
2726 2707 2914 2775 dignus
2943 2710 3103 2765 fuerit
3132 2713 3391 2782 probatus
3414 2757 3429 2782 ,
3460 2718 3647 2775 divine
3678 2735 3768 2776 δια

2184 2794 2427 2849 cerdotio
2476 2796 2775 2852 illustretur
2797 2839 2812 2863 ,
2864 2802 2990 2869 quia
3024 2806 3350 2862 conveniens
3378 2822 3485 2863 non
3512 2819 3599 2865 est
3621 2850 3637 2876 ,
3658 2799 3769 2869 nec

2185 2884 2323 2939 ratio
2362 2885 2448 2939 vel
2490 2886 2776 2956 disciplina
2806 2890 3025 2959 patitur,
3052 2901 3109 2945 ut
3149 2902 3352 2951 temere
3382 2904 3439 2951 et
3465 2897 3657 2953 leviter
3680 2918 3769 2956 or-

2183 2974 2401 3031 dinetur
2424 2984 2518 3031 aut
2542 2978 2850 3048 episcopus,
2880 2989 2974 3035 aut
3000 2982 3282 3055 presbyter
3305 3023 3321 3051 ,
3368 2996 3461 3041 aut
3486 2987 3764 3057 diaconus,

2183 3067 2418 3123 maxime
2446 3083 2568 3123 cum
2590 3077 2647 3124 et
2674 3072 2930 3141 magister
2953 3074 3193 3140 gentium
3245 3075 3531 3146 Apostolus
3558 3095 3628 3135 ne
3666 3082 3768 3138 hoe

2183 3158 2339 3215 ﬁeret
2384 3161 2729 3233 denuntiasse
2770 3173 2826 3219 et
2871 3165 3211 3233 prohibuisse
3252 3169 3515 3238 videatur,
3564 3174 3663 3228 sed
3714 3175 3768 3229 hi

2182 3266 2415 3321 quorum
2457 3267 2555 3323 per
2592 3254 2812 3321 longum
2851 3262 3063 3325 tempus
3090 3260 3398 3316 examinata
3445 3264 3516 3317 sit
3564 3265 3673 3319 vita
3704 3274 3769 3320 et

2187 3343 2377 3397 merita
2406 3342 2605 3398 fuerint
2630 3346 3004 3415 comprobata.

2330 3453 2575 3520 Quandiu
2590 3457 2863 3527 episcopus
2884 3459 2939 3512 in
2958 3459 3130 3515 aliena
3155 3462 3361 3518 civitate
3380 3475 3626 3522 moretur.

2259 3569 2397 3626 XIV.
2459 3570 2617 3627 Osius
2667 3572 2955 3643 episcopus
3007 3576 3145 3631 dixit
3208 3594 3220 3629 :
3297 3577 3361 3633 Et
3407 3578 3511 3636 hoc
3559 3590 3774 3650 quoque

2182 3671 2425 3717 statuere
2475 3664 2713 3730 debetis,
2758 3673 2816 3719 ut
2862 3680 2932 3721 ex
2980 3668 3084 3722 alia
3140 3669 3357 3726 civitate
3394 3686 3516 3727 cum
3566 3673 3775 3728 venerit

2185 3756 2253 3811 ad
2312 3757 2471 3811 aliam
2532 3758 2807 3812 civitatem
2831 3794 2849 3826 ,
2912 3760 2998 3814 vel
3052 3776 3117 3816 ex
3188 3764 3461 3832 provincia
3536 3774 3632 3819 sua
3702 3765 3774 3819 ad

2185 3846 2350 3900 aliam
2380 3847 2710 3916 provinciam
2738 3888 2754 3915 ,
2783 3856 2841 3902 et
2884 3849 3165 3905 ambitioni
3211 3853 3381 3920 magis
3405 3862 3565 3921 quam
3607 3852 3773 3909 devob

2184 3939 2319 3992 tioni
2351 3941 2592 3995 serviens
2621 3940 2849 3995 voluerit
2878 3943 2930 3995 in
2978 3943 3153 3998 aliena
3192 3945 3411 3997 civitate
3439 3944 3607 3999 multo
3636 3955 3775 3999 tem-

2182 4048 2318 4105 pore
2344 4035 2600 4091 residere.
2634 4035 2796 4092 Forte
2817 4040 2960 4094 enim
2982 4039 3163 4094 evenit
3196 4039 3509 4108 episcopum
3536 4039 3639 4095 loci
3664 4055 3771 4095 non

2182 4140 2302 4181 esse
2330 4134 2440 4181 tam
2494 4127 2811 4184 instructum
2835 4169 2850 4195 ,
2896 4116 3071 4199 nouue
3115 4138 3223 4183 tam
3261 4128 3499 4197 doctum,
3540 4122 3586 4187 is
3638 4144 3771 4187 vero

2183 4219 2273 4287 qui
2301 4218 2516 4274 advenit
2545 4221 2766 4291 incipiat
2793 4231 3143 4277 contemnere
3187 4237 3339 4289 eum,
3373 4232 3429 4278 et
3457 4224 3770 4295 frequentet-

2184 4306 2364 4364 facere
2414 4326 2757 4377 sermonem,
2798 4320 2859 4367 ut
2905 4312 3227 4368 dehonestet
3272 4321 3328 4368 et
3365 4312 3601 4369 inﬁrmet
3627 4314 3770 4369 illius

2182 4416 2471 4470 personam
2495 4440 2511 4466 ,
2540 4403 2613 4456 ita
2637 4411 2696 4456 ut
2721 4418 2789 4457 ex
2814 4404 2914 4459 hac
2935 4404 3222 4460 occasione
3244 4419 3352 4459 non
3381 4404 3591 4460 dubitet
3609 4404 3774 4460 relin-

2185 4505 2351 4560 quere
2380 4492 2707 4560 assignatam
2736 4494 2837 4548 sibi
2868 4493 3189 4559 Ecclesium,
3215 4505 3270 4550 et
3291 4504 3528 4551 transeat
3548 4495 3615 4551 ad
3643 4496 3774 4550 alie-

497 4597 807 4668 providistis
846 4598 1221 4651 convenientia
1248 4639 1266 4665 ,
1295 4607 1350 4653 et
1376 4600 1734 4656 aestimatione
1754 4603 1997 4656 omnium
2026 4611 2080 4657 et

2188 4597 2332 4635 nam.
2364 4582 2591 4637 Deﬁnite
2622 4598 2752 4652 ergo
2807 4592 3019 4655 tempus
3041 4625 3057 4650 ,
3088 4587 3213 4656 quia
3236 4596 3292 4641 et
3320 4602 3428 4641 non
3458 4586 3625 4657 recipi
3653 4587 3773 4657 epi-

501 4689 613 4743 Deo
629 4688 909 4758 placitura,
940 4690 1279 4743 tenerehanc
1305 4690 1609 4746 ﬁrmitatem
1633 4701 1879 4761 possunt,
1905 4693 1950 4746 si
1972 4707 2080 4749 me-

501 4792 590 4837 tus
612 4783 739 4837 huic
765 4784 1045 4838 sententiae
1071 4782 1445 4851 coniungatur.
1467 4786 1678 4841 Scimus
1707 4787 1849 4840 enim
1879 4794 1934 4840 et
1976 4785 2076 4856 ipsi

501 4878 793 4949 saepissime
820 4884 1040 4948 prepter
1052 4892 1343 4947 paucorum
1367 4878 1748 4949 impudentiam
1771 4878 2077 4947 religiosum

501 4970 836 5029 sacerdotale
861 4986 1057 5025 nomen
1087 4970 1250 5026 fuisse
1271 4972 1675 5041 reprehensum.
1708 4969 1764 5023 Si
1795 4970 1956 5037 igitur
1977 4970 2077 5025 ali-

500 5067 618 5135 quis
642 5071 832 5120 contra
862 5064 1098 5118 omnium
1123 5064 1444 5119 sententiam
1473 5065 1617 5118 nisus
1644 5062 1877 5117 voluerit
1905 5064 2073 5118 ambi-

498 5158 632 5211 tioni
679 5156 849 5225 magis
868 5156 1087 5227 placere
1109 5171 1268 5225 quam
1314 5155 1448 5222 Deo,
1477 5154 1522 5209 is
1546 5153 1706 5209 debet
1724 5155 1880 5220 scire,
1903 5158 2081 5211 causis

500 5249 747 5309 redditis,
800 5248 1063 5302 honorem
1113 5247 1535 5314 dignitatemque
1588 5260 1648 5299 se
1712 5246 2074 5301 amissurum:

464 5335 640 5407 iqnod
686 5338 758 5389 ita
804 5336 1019 5391 demum
1060 5337 1317 5406 compleri
1362 5336 1577 5405 poterit,
1621 5336 1665 5391 si
1715 5339 2079 5407 unusquisque

502 5432 738 5477 nostrum
758 5466 771 5489 ,
800 5428 890 5494 qui
920 5428 972 5481 in
1002 5426 1176 5481 canali
1188 5402 1526 5481 constitutus
1554 5434 1637 5484 est
1661 5469 1677 5496 ,
1707 5442 1826 5483 cum
1850 5443 2075 5498 progre-

470 5498 735 5570 'dientem
761 5517 1073 5588 episcopum
1102 5518 1294 5575 viderit
1319 5559 1334 5583 ,
1368 5518 1599 5586 inquirat
1625 5520 1909 5576 transitum
1939 5521 2074 5589 ejus,

498 5620 689 5663 causas
712 5607 915 5674 videat,
943 5624 1051 5678 quo
1081 5607 1267 5663 tendat
1288 5620 1572 5677 agnoscat;
1596 5620 1652 5666 et
1672 5610 1931 5680 siquidem
1956 5627 2077 5667 eum

500 5702 764 5756 invenerit
792 5701 867 5754 ire
884 5700 961 5755 ad
988 5701 1304 5755 comitatum
1331 5744 1346 5771 ,
1378 5703 1616 5771 requirat
1659 5712 1716 5757 et
1743 5703 1891 5769 illud,
1930 5704 2075 5772 quod

500 5795 744 5864 superius
766 5796 1217 5865 comprehensum
1257 5805 1355 5862 est,
1421 5810 1487 5851 ne
1517 5797 1656 5851 forte
1692 5798 1946 5852 invitatus
1975 5810 2075 5863 est,

504 5897 561 5944 ut
586 5888 633 5942 ei
656 5887 882 5944 facultas
907 5888 1070 5945 eundi
1096 5890 1458 5956 permittatur.
1486 5890 1543 5945 Si
1569 5906 1728 5953 vero.
1759 5900 1816 5946 ut
1834 5893 2081 5959 superius

2188 4686 2411 4741 scopum
2440 4672 2787 4729 inhumanum
2810 4686 2914 4739 est,
2939 4686 2993 4731 et
3022 4677 3063 4731 si
3092 4677 3291 4731 diutius
3313 4676 3570 4741 resideat,
3590 4678 3773 4747 perni-

2188 4763 2392 4819 ciosum
2423 4773 2543 4820 est:
2578 4766 2681 4821 hoc
2701 4781 2830 4836 ergo
2860 4783 2927 4824 ne
2950 4769 3074 4835 ﬁat,
3107 4768 3496 4839 providendum
3526 4776 3628 4824 est.
3661 4768 3775 4825 Me-
3829 4806 3841 4819 .

2186 4856 2318 4910 mini
2336 4865 2515 4913 autem
2546 4858 2825 4927 superiore
2853 4860 3082 4914 concilio
3112 4859 3305 4915 fratres
3334 4867 3549 4915 nostros
3572 4858 3773 4914 consti-

2191 4948 2357 5004 tuisse
2412 4958 2471 5003 ut
2512 4950 2565 5004 ‘si
2610 4951 2731 5021 quis
2777 4952 2946 5007 laicus
2976 4953 3027 5006 in
3057 4968 3119 5007 ea
3145 4994 3162 5020 ,
3194 4954 3245 5006 in
3271 4966 3376 5021 qua
3406 4959 3775 5008 commoratur

2190 5038 2424 5107 civitate,
2450 5050 2557 5096 tres
2588 5041 2887 5099 dominicus
2914 5044 3047 5109 dies,
3084 5043 3135 5097 id
3164 5054 3247 5099 est
3268 5061 3366 5113 per
3387 5053 3498 5100 tres
3525 5045 3775 5115 septima-

2187 5145 2302 5195 nas,
2323 5147 2429 5185 non
2458 5132 2783 5188 celebrasset
2811 5144 3157 5204 conventum,
3188 5138 3569 5205 communione
3589 5136 3773 5205 priva-

2184 5236 2351 5281 retur.
2402 5226 2459 5282 Si
2511 5229 2627 5283 haec
2654 5229 2794 5283 circa
2843 5230 3010 5285 laicos
3049 5233 3341 5287 constituta
3390 5239 3553 5297 sunt,
3602 5232 3775 5287 multo

2185 5317 2354 5387 magis
2381 5318 2639 5388 episcopo
2657 5334 2755 5374 nec
2781 5319 2926 5385 lieet,
2952 5337 3051 5377 nec
3100 5321 3288 5387 decet,
3318 5323 3363 5378 si
3387 5322 3531 5378 nulla
3561 5324 3631 5377 sit
3660 5332 3771 5377 tam

2182 5411 2359 5479 gravis
2400 5412 2692 5466 necessitas
2729 5428 2847 5481 quae
2875 5412 3113 5468 detineat
3161 5421 3220 5467 ut
3258 5415 3487 5484 amplius
3516 5429 3547 5468 a
3576 5429 3772 5483 supra-

2188 5502 2389 5572 scripto
2416 5510 2658 5571 tempore
2687 5503 2880 5557 absens
2908 5504 2979 5558 sit
3007 5504 3074 5556 ab
3114 5502 3353 5559 Ecclesia
3376 5520 3491 5560 sua.
3525 5502 3771 5560 Universi

2187 5592 2440 5647 dixerunt
2468 5593 2684 5663 placere
2711 5592 2831 5647 sibi.

2190 5705 2274 5761 Ne
2315 5707 2466 5761 liceat
2492 5710 2731 5770 episcopo
2763 5725 2797 5761 a
2823 5723 2917 5761 sua
2960 5707 3193 5762 Ecclesia
3233 5710 3348 5775 plus
3382 5709 3544 5762 tribus
3572 5706 3770 5762 hebdo-

2746 5778 2980 5832 madibus
3010 5774 3186 5833 abesse
3236 5774 3241 5775 ⁷
3736 5816 3737 5819 η

2260 5889 2371 5944 XV.
2404 5888 2561 5946 Osius
2590 5892 2871 5962 episcopus
2893 5892 3027 5948 dixit
3061 5910 3071 5943 :
3106 5890 3401 5975 Quiauiltil
3432 5891 3772 5965 praetermitti
