4128 6348
390 289 487 349 481

1348 281 1572 339 conss
1610 268 1941 337 canonum
1984 272 2688 336 EGGLESIASTIGORUM.

3567 272 3670 328 1δῖ

387 406 639 480 oportet,
677 413 803 461 sunt
847 404 1072 474 quidam
1112 402 1304 456 fratres
1350 407 1405 452 et
1453 398 1769 466 coepiscopi
1802 396 1973 451 nostri
2002 401 2049 460 Α
2078 393 2407 466 praecipienti
2438 392 2692 462 episcopo
2718 432 2731 455 ,
2763 391 2853 461 qui
2878 390 3015 446 sicut
3043 389 3133 446 ille
3156 387 3367 445 clericis
3395 389 3668 444 sincerum

388 503 481 574 qui
512 508 615 555 non
647 500 701 554 in
728 512 794 553 ea
822 498 1043 553 civitate
1086 497 1138 549 in
1182 507 1287 564 qua
1315 490 1568 547 videntur
1587 490 1830 560 episcopi
1855 490 1975 544 esse

390 590 687 652 constituti,
731 588 819 643 vel
856 594 1004 642 certe
1026 594 1246 656 parvam
1272 597 1387 646 rem
1419 580 1529 637 illic
1550 580 1817 645 habeant,
1847 574 1978 633 alibi

390 692 574 739 autem
593 681 786 737 idonea
815 678 1011 750 praedia
1039 674 1237 731 habere
1282 681 1705 743 cognoscuntur,
1738 668 1824 725 vel
1849 666 1979 723 site-

393 778 631 834 ctioncm
676 773 1073 844 proximorum,
1107 770 1299 840 quibus
1336 767 1689 837 indulgeant:
1723 764 1982 833 hactenus

396 869 633 943 permitti
670 864 751 922 eis
776 870 994 936 Oportet
1012 870 1071 918 ut
1090 860 1348 915 accedant
1363 858 1431 913 ad
1450 856 1818 929 possessiones
1834 864 1981 917 suas,

396 972 455 1019 et
481 962 799 1031 disponant,
840 956 930 1012 vel
984 954 1237 1010 ordinent
1272 950 1503 1007 fructum
1542 947 1745 1003 laboris
1788 944 1894 1010 sui;
1926 951 1987 1001 ut

398 1056 523 1131 post
549 1062 660 1109 tres
682 1049 997 1114 dominicus,
1026 1048 1079 1103 id
1108 1054 1190 1113 est
1216 1054 1341 1117 post
1367 1052 1477 1099 tres
1502 1038 1876 1098 hebdomadas
1894 1080 1909 1107 ,
1941 1038 1987 1092 si

399 1146 601 1203 morari
642 1156 862 1199 necesse
887 1148 990 1209 est,
1022 1139 1078 1195 in
1105 1138 1218 1195 suis
1263 1137 1441 1209 potius
1480 1133 1658 1189 fundis
1685 1139 1984 1187 morentur.

403 1240 510 1295 Aut
535 1238 583 1293 si
606 1244 693 1293 est
718 1234 965 1306 proxima
988 1232 1176 1289 civitas
1201 1273 1216 1297 ,
1248 1230 1303 1284 in
1344 1242 1451 1299 qua
1478 1234 1561 1283 est
1586 1224 1890 1297 presbyter,
1922 1236 1990 1277 ne

400 1331 519 1387 sine
546 1328 774 1385 ecclesia
812 1325 1061 1381 videatur
1090 1322 1269 1377 facere
1296 1320 1439 1376 diem
1469 1317 1834 1379 dominicum,
1863 1313 1992 1367 illnc

404 1419 669 1488 accedat,
699 1426 760 1473 ut
779 1418 956 1488 neque
976 1429 1066 1471 res
1097 1411 1408 1471 domestica:
1432 1424 1529 1481 per
1557 1407 1856 1464 absentiam
1878 1405 1994 1474 ejus

405 1512 789 1569 detrimentum
808 1506 1132 1573 sustineant,
1161 1512 1217 1561 et
1245 1512 1353 1559 non
1376 1503 1688 1573 frequenter
1728 1496 1994 1552 veniendo

408 1604 475 1660 ad
515 1588 788 1660 civitatem
814 1602 870 1657 in
898 1590 1006 1671 qua
1027 1600 1315 1671 episcopus
1336 1605 1601 1661 moratur,
1631 1593 1995 1663 suspicionem

412 1697 681 1768 iactantiae
725 1702 782 1751 et
828 1694 1166 1751 ambitionis.
1193 1692 1407 1748 evadat.
1457 1688 1704 1744 Universi
1746 1687 1998 1741 dixerunt

413 1789 628 1858 placere
655 1785 776 1840 sibi.

416 1897 493 1951 De
513 1892 711 1951 clericis
738 1912 769 1950 a
794 1896 1152 1951 communione
1191 1892 1460 1948 summotis
1512 1889 1576 1943 ab
1602 1890 1705 1944 alio
1735 1904 1840 1943 non
1870 1888 1998 1941 reci-

965 1966 1167 2037 piendis
1194 1967 1450 2034 episcopo.

491 2063 622 2117 XVI.
657 2062 814 2117 Usius
838 2061 1122 2132 episcopus
1145 2059 1316 2114 dixit:
1365 2055 1481 2111 Hoc
1506 2066 1723 2125 quoque
1751 2053 2000 2108 omnibus

418 2156 614 2225 placet,
641 2162 699 2208 ut
726 2155 839 2208 sive
860 2152 1137 2217 diaconus,
1160 2151 1273 2205 sive
1291 2148 1592 2220 presbyter,
1619 2146 1731 2201 sive
1752 2145 1870 2214 quis
1893 2144 2004 2199 cle-

420 2249 655 2301 ricorum
689 2246 758 2300 ab
786 2245 1041 2315 episcopo
1069 2254 1168 2297 suo
1208 2240 1587 2297 communione
1625 2236 1787 2292 fuerit
1822 2235 2002 2305 priva-

422 2348 530 2404 tus,
575 2344 629 2391 et
657 2335 726 2390 ad
764 2335 994 2389 alterum
1024 2332 1324 2404 porrexerit
1364 2331 1675 2401 episcopum
1696 2369 1711 2395 ,
1740 2334 1797 2382 et
1822 2326 2008 2381 scierit

423 2431 490 2485 ad
514 2445 673 2500 quem
705 2429 964 2498 confugit,
998 2440 1120 2482 eum
1161 2427 1229 2480 ab
1259 2425 1516 2494 episcopo
1538 2437 1637 2476 suo
1662 2419 1827 2475 fuisse
1855 2418 2006 2487 abje-

424 2532 569 2580 ctum
590 2564 606 2593 ,
632 2538 739 2578 non
778 2529 993 2592 oportet
1021 2528 1095 2591 ut,
1124 2520 1173 2574 ei
1212 2518 1646 2575 communionem
1680 2514 1956 2583 indulgeat
1990 2530 2005 2565 :

425 2618 571 2688 quod
598 2619 643 2672 si
674 2615 888 2683 fecerit,
917 2617 1053 2671 sciat
1077 2629 1137 2670 se
1181 2614 1489 2669 convocatis
1527 2610 1793 2682 episcopis
1825 2622 2011 2666 causas

426 2725 550 2767 esse
577 2710 862 2765 dicturum.
899 2707 1145 2763 Universi
1188 2706 1478 2761 dixerunt:
1508 2703 1625 2759 Hoc
1664 2710 1924 2763 statutum
1959 2709 2014 2757 et

430 2816 617 2875 pacem
647 2804 902 2868 servabit,
931 2810 985 2857 et
1010 2801 1353 2856 concordiam
1376 2799 1660 2855 custodiet.

433 2894 509 2949 De
537 2897 991 2950 excommunicatis
1029 2894 1169 2965 apud
1200 2895 1396 2949 vicinos
1417 2894 1686 2963 episcopos
1719 2889 2011 2945 audiendis.

503 2988 661 3043 XVII.
692 2989 849 3043 Osius
878 2988 1163 3059 episcOpus
1193 2987 1327 3041 dixit
1352 3005 1364 3039 :
1397 2984 1552 3052 Quod
1578 3000 1663 3039 me
1692 2969 1868 3039 adhuc
1899 2996 2016 3037 mo-

433 3090 523 3136 vet
571 3080 799 3136 reticere
841 3090 949 3134 non
978 3079 1173 3143 debeo,
1222 3078 1268 3132 si
1294 3078 1601 3148 episcopus,
1626 3075 1716 3144 qui
1747 3072 1882 3129 forte
1913 3074 2019 3128 ira-

2085 486 2341 541 exhibere
2369 484 2527 538 debet
2553 497 2794 537 amorem
2826 476 3134 548 charitatis,
3160 478 3235 536 ita
3264 490 3479 553 queque
3507 476 3672 535 vicis-

2082 578 2182 631 sim
2219 575 2448 630 ministri
2485 574 2721 628 infucata
2751 572 2949 628 debent
2973 572 3231 644 episeopo
3267 580 3368 629 suo
3411 569 3675 627 exhibere

2087 662 2365 737 obsequia.

2359 778 2438 833 De
2465 780 2567 834 non
2597 776 2940 833 sollicitandis
2969 774 3169 830 clericis
3197 774 3401 830 alienis.

2165 891 2339 947 XVIII.
2371 888 2654 946 Januarius
2685 891 2974 960 episcopus
3027 888 3162 943 dixit
3206 908 3219 942 :
3272 888 3407 944 Illud
3459 901 3678 959 quoque

2088 990 2294 1038 statuat
2315 983 2572 1037 sanctitas
2598 989 2798 1045 vestra,
2848 988 2904 1033 ut
2928 979 3059 1032 nulli
3089 979 3343 1048 episcopo
3365 979 3524 1035 liceat
3544 980 3680 1033 alte—

2090 1072 2199 1127 rius
2228 1074 2469 1143 episcopi
2490 1072 2720 1127 civitatis
2749 1071 3051 1125 ministrum
3081 1070 3506 1125 ecclesiasticum
3528 1069 3681 1126 solli-

2090 1165 2289 1230 citare,
2327 1171 2381 1219 et
2427 1164 2480 1218 in
2507 1164 2617 1218 suis
2649 1161 2927 1232 parocliiis
2948 1158 3220 1215 ordinare.
3257 1158 3499 1215 Universi
3528 1161 3683 1215 dixe-

2092 1266 2219 1311 runt
2244 1275 2255 1309 :
2282 1254 2494 1321 Placet,
2528 1256 2653 1325 quia
2683 1271 2752 1310 ex
2781 1254 2863 1308 his
2894 1253 3330 1308 contentionibus
3353 1253 3492 1307 solet
3533 1252 3683 1306 nasci

2093 1348 2399 1415 discordia,
2432 1357 2488 1403 et
2535 1349 2657 1403 ideo
2716 1347 2967 1419 prohibet
3003 1342 3245 1400 omnium
3300 1344 3563 1398 sententia
3616 1357 3684 1397 ne

2095 1442 2213 1512 quis
2229 1442 2335 1496 hoc
2359 1441 2539 1495 Iacere
2568 1439 2780 1495 audeat.

2098 1582 2177 1637 De
2202 1599 2305 1637 non
2334 1582 2641 1637 ordinandis
2687 1582 2886 1663 clericis
2916 1583 3097 1664 alienis
3144 1582 3255 1635 sine
3307 1580 3386 1633 sui
3433 1584 3687 1633 consensu

2758 1667 3003 1723 episcopi.

2030 1778 2079 1845 Β
2176 1791 2311 1847 XIX.
2343 1793 2498 1849 Osius
2529 1793 2817 1863 episcopus
2854 1792 2988 1846 dixit
3023 1809 3033 1845 ;
3071 1792 3135 1846 Et
3165 1793 3269 1847 hoc
3302 1791 3534 1859 universr
3564 1804 3695 1844 con-

2104 1887 2408 1949 stituimus,
2463 1892 2523 1938 ut
2569 1883 2877 1951 quicunque
2926 1898 2995 1936 ex
3038 1882 3142 1936 alia
3185 1881 3436 1952 parocliia
3466 1878 3698 1934 voluerit

2106 1978 2340 2032 alienum
2378 1974 2679 2030 ministrum
2710 1975 2826 2029 sine
2870 1990 3134 2029 consensu
3181 1973 3421 2043 episcopi
3450 1971 3616 2041 ipsius
3643 1978 3699 2025 et

2108 2073 2387 2129 voluntate
2416 2070 2700 2134 ordinare,
2728 2085 2837 2123 non
2866 2068 2937 2122 sit
2964 2076 3079 2121 rata
3110 2066 3379 2121 ordinatio
3401 2064 3537 2133 ejus.
3566 2061 3697 2128 Qui-

2112 2180 2321 2233 cunque
2344 2172 2523 2217 autem
2554 2161 2657 2216 hoc
2709 2159 3088 2229 usurpaverit,
3132 2173 3163 2211 a
3212 2155 3462 2209 Iratribus
3492 2160 3545 2207 et
3576 2166 3701 2206 coe-

2112 2258 2345 2329 piscopis
2372 2254 2569 2311 nostris
2597 2262 2652 2309 et
2677 2252 2953 2308 admoneri
2985 2251 3163 2317 debet,
3196 2258 3250 2304 et
3271 2248 3482 2316 corrigi.

2117 2401 2195 2456 De
2223 2398 2531 2471 presbyteris
2555 2405 2605 2451 et
2631 2396 2867 2450 diaconis
2898 2393 3429 2471 qui_zhessqlonicam
3469 2390 3697 2452 veniunt,

2435 2477 2684 2541 quantum
2712 2462 2953 2537 temporis
2981 2462 3053 2517 ibi
3100 2464 3333 2518 resideat;

2190 2604 2305 2667 XX.
2332 2611 2516 2665 Aetius
2555 2610 2839 2678 episcopus
2865 2606 3000 2662 dixit
3033 2623 3046 2659 :
3079 2604 3197 2659 Non
3224 2604 3479 2673 ignoratis
3508 2608 3707 2671 quanta

2122 2712 2176 2761 et
2205 2701 2378 2773 qualis
2407 2702 2477 2756 sit
2499 2692 3059 2755 'l‘iiessalonicensium
3084 2696 3299 2762 civitas;
3332 2709 3474 2765 srepe
3497 2692 3560 2746 ad
3591 2706 3711 2746 eam

2124 2796 2345 2852 veniunt
2368 2809 2436 2849 ex
2466 2784 2583 2847 aliis
2622 2791 2932 2861 regionibus
2961 2788 3261 2859 presbyteri
3292 2794 3345 2840 et
3390 2783 3623 2846 diaconi,
3659 2790 3713 2833 ct

2125 2904 2233 2944 non
2263 2893 2386 2943 sunt
2429 2880 2667 2940 contenti
2700 2883 2848 2937 brevi
2876 2890 3122 2949 tempore
3150 2878 3369 2941 morari,
3392 2875 3487 2931 sed
3512 2882 3602 2927 aut
3628 2886 3713 2926 rc-

2129 2980 2304 3034 sident
2335 2978 2426 3043 ibi,
2452 2984 2545 3029 aut
2571 2983 2717 3029 certe
2749 2972 2836 3025 vix
2867 2978 2987 3040 post
3023 2970 3179 3037 longa
3209 2970 3381 3038 spatia
3410 2968 3475 3021 ad
3502 2982 3597 3019 sua
3628 2980 3715 3018 re-

2128 3072 2245 3127 dire
2282 3077 2569 3138 coguntur.
2601 3063 2845 3120 Universi
2875 3062 3123 3116 dixerunt
3150 3078 3162 3112 :
3192 3058 3266 3113 Ea
3299 3070 3561 3130 tempora,
3596 3070 3715 3126 qua:

435 3171 641 3225 candus
668 3168 834 3239 (quod
856 3178 975 3223 esSe
990 3185 1097 3223 non
1127 3166 1308 3239 debet)
1353 3166 1461 3222 cito
1484 3174 1538 3221 et
1567 3180 1756 3235 aspere
1786 3172 2022 3221 commo-
2049 3168 2094 3231 C
2128 3164 2419 3220 constituta
2448 3168 2573 3216 sunt
2592 3161 2738 3215 circa
2753 3158 3056 3229 episcopos,
3085 3164 3139 3209 et
3159 3156 3297 3209 circa
3331 3156 3427 3209 has
3457 3150 3718 3225 persentis

439 3271 594 3317 vetur
624 3261 877 3316 adversus
915 3259 1328 3331 presbyterum,
1367 3257 1483 3313 sive
1512 3254 1800 3311 diaconqu
1830 3266 1985 3309 suum
2006 3299 2022 3323 ,

440 3362 495 3409 et
534 3353 895 3409 exterminare
923 3368 1044 3408 eum
1076 3351 1143 3408 de
1170 3350 1408 3407 Ecclesia
1440 3350 1670 3405 voluerit
1695 3390 1709 3415 ,
1732 3344 2024 3419 providen-

438 3440 563 3498 dtnn
592 3450 673 3498 est
724 3457 794 3497 ne
822 3442 1082 3497 innocens
1111 3440 1414 3505 damnetur,
1442 3445 1537 3493 aut
1559 3438 1751 3508 perdat
1779 3452 2023 3492 commu-

440 3538 654 3591 nionem
682 3554 693 3588 :
728 3542 785 3589 et
824 3534 944 3590 ideo
973 3533 1172 3589 habeat
1206 3533 1530 3604 potestatem
1580 3532 1624 3587 is
1666 3531 1756 3601 qui
1786 3530 2027 3600 abiectus

440 3634 523 3681 est
552 3634 611 3680 ut
640 3627 922 3696 episcopos
956 3624 1211 3680 ﬁnitimos
1253 3620 1578 3695 interpellet,
1632 3631 1686 3679 et
1717 3638 1881 3679 causa
1911 3623 2026 3691 ejus

270 3779 285 3793 ι
346 3734 353 3735 ί
440 3715 711 3780 audiatur,
742 3732 805 3771 ac
845 3716 1152 3786 diligentius
1183 3722 1444 3771 tractetur
1466 3757 1479 3783 ,
1510 3714 1638 3784 quia
1679 3730 1785 3769 non
1813 3722 2029 3785 oportet

440 3807 492 3861 ei
520 3821 716 3876 negare
743 3807 1067 3863 audientiam
1114 3809 1361 3876 roganti;
1394 3814 1449 3862 et
1479 3807 1570 3862 Ille
1615 3808 1899 3877 episcopus
1936 3806 2027 3876 qui

444 3902 581 3955 iuste
608 3908 703 3953 aut
740 3899 937 3969 injuste
980 3908 1100 3955 enm
1130 3899 1356 3968 abiecit,
1388 3899 1656 3969 patienter
1707 3898 1942 3968 accipiat
1968 3906 2028 3951 ut

442 3990 715 4059 negotium
737 3989 1056 4045 discutiatur
1080 4031 1094 4055 ,
1128 3996 1185 4045 ut
1206 3991 1291 4046 vel
1327 3991 1587 4061 probetur
1616 3990 1881 4045 sententia
1913 3988 2029 4058 ejus

443 4096 474 4134 a
505 4081 768 4151 plurimis,
801 4083 888 4136 vel
916 4083 1251 4138 emendetur.
1280 4081 1482 4137 Tamen
1507 4074 1818 4152 priusquam
1849 4082 2029 4136 omnia

444 4172 725 4242 diligenter
765 4181 821 4228 et
869 4173 1101 4229 Iideliter
1129 4173 1505 4228 examinentur
1530 4213 1545 4237 ,
1576 4182 1718 4236 enm,
1752 4172 1842 4240 qui
1870 4170 2031 4225 fuerit

443 4277 477 4317 a
502 4263 882 4318 communione
908 4271 1211 4333 separatus,
1271 4270 1396 4317 ante
1445 4264 1812 4331 cognitionem
1855 4260 2030 4314 nullus

443 4357 603 4413 debet
656 4371 981 4432 praesumere
1026 4367 1085 4411 ut
1132 4368 1255 4412 eum
1302 4356 1683 4411 communione
1729 4354 1918 4409 societ.
1966 4351 2030 4406 Ili

444 4465 574 4504 vero
604 4451 695 4520 qui
740 4450 1068 4505 conveniunt
1093 4451 1159 4504 ad
1191 4448 1515 4505 audiendam
1536 4491 1549 4513 ,
1583 4448 1627 4501 si
1658 4446 1889 4501 viderint
1918 4446 2030 4499 cle-

2131 3256 2404 3313 observari
2426 3252 2643 3309 debent.

2202 3400 2281 3453 De
2306 3394 2648 3464 suscipiendis
2685 3392 2768 3446 his
2794 3393 2879 3463 qui
2920 3391 3329 3459 persecutionem
3357 3392 3641 3458 patiuntur.

2202 3511 2336 3567 XXI.
2382 3509 2537 3565 Osius
2578 3509 2863 3579 episcopus
2905 3504 3039 3559 dixit
3069 3522 3081 3557 :
3108 3481 3444 3572 Suggereﬁte
3475 3504 3643 3559 fratre
3664 3514 3723 3560 et

2132 3605 2458 3675 coepiscopo
2505 3608 2690 3653 nostro
2732 3593 2980 3666 Olympio
3003 3632 3018 3659 ,
3051 3595 3212 3649 etiam
3244 3595 3347 3649 hoc
3409 3594 3631 3664 placuit,
3665 3602 3724 3648 ut

2131 3698 2176 3751 si
2196 3693 2390 3764 aliquis
2417 3692 2523 3745 vim
2557 3702 2844 3759 perpessus
2865 3680 2978 3751 est,
3003 3695 3057 3739 et
3098 3686 3277 3755 inique
3303 3687 3558 3755 expulsus
3576 3725 3592 3750 ,
3624 3701 3724 3755 pro

2131 3785 2501 3855 disciplina,et
2522 3779 2793 3834 catholica
2808 3776 3148 3831 confessione
3180 3776 3596 3831 veldefensione
3624 3792 3718 3830 ve-

2132 3878 2324 3943 ritatis,
2358 3873 2617 3942 eil‘ugiens
2667 3870 2938 3941 pericula,
2993 3870 3256 3923 innocens
3297 3878 3352 3922 et
3395 3869 3624 3923 devotus
3654 3871 3723 3924 ad

2133 3972 2292 4026 aliam
2319 3966 2533 4023 venerit
2560 3962 2834 4019 civitatem
2861 4001 2874 4025 ,
2915 3977 3025 4015 non
3048 3962 3399 4031 prohibeatur
3428 3962 3722 4023 immorari,

2133 4062 2389 4134 quandiu,
2421 4066 2515 4112 aut
2535 4055 2712 4111 redire
2738 4054 2927 4123 possit,
2947 4061 3038 4107 aut
3068 4052 3262 4120 injuria
3285 4051 3403 4119 ejus
3429 4050 3725 4107 remedium

2134 4156 2428 4225 acceperit,
2483 4152 2609 4221 quia
2638 4150 2831 4203 durum
2872 4156 2953 4203 est
2982 4163 3105 4202 eum
3161 4148 3251 4216 qui
3282 4148 3719 4216 persecutionem

2133 4242 2331 4322 patitur
2376 4264 2487 4304 non
2517 4246 2723 4316 recipi,
2757 4243 2920 4299 etiam
2949 4249 3005 4295 et
3033 4241 3183 4308 larga
3227 4238 3626 4301 benevolentia,
3669 4246 3725 4289 et

2136 4341 2445 4397 humanitas
2474 4338 2523 4392 ei
2546 4345 2630 4391 est
2659 4330 2984 4389 exhibenda.

2208 4432 2515 4503 Expliciunt
2544 4440 2783 4484 canones
2808 4424 2924 4479 sive
2945 4423 3166 4477 decreta
3196 4419 3410 4473 concilii
3438 4418 3727 4473 Sardicen-

445 4542 679 4596 ricorum
710 4556 828 4596 esse
848 4541 1103 4608 studium,
1136 4549 1191 4595 et
1212 4540 1538 4611 superbiam,
1565 4539 1689 4609 quia
1714 4552 1820 4592 non
1850 4536 2026 4600 decet,
2059 4566 2114 4626 Ι)
2136 4527 2228 4581 SiS-
2266 4523 2713 4591 SDbSCl'ipsei‘um
2755 4524 2937 4572 amem
2965 4529 3154 4569 omnes
3183 4512 3445 4582 episcopi,
3477 4510 3586 4565 δίεῖ
3612 4508 3725 4578 Et!"

2143 4618 2194 4626 .l.
2332 4618 2341 4626 .
2595 4612 2665 4626 Ino
2780 4609 2994 4626 Αορθιμηὲ-
3033 4615 3075 4626 ,ι
3112 4604 3400 4626 __--.Z...‘:M
3449 4603 3586 4626 IIII--.-
3654 4602 3722 4626 ζ...

446 4642 505 4688 ut
531 4634 816 4705 episcopus
847 4633 1113 4702 injuriam,
1136 4632 1220 4687 vel
1251 4631 1631 4687 contumeliam
1662 4628 1912 4699 patiatur,
1941 4640 2029 4679 se-

446 4724 746 4781 verioribus
787 4740 884 4781 eos
904 4725 1080 4781 verbis
1114 4724 1400 4793 castigent,
1430 4729 1491 4777 ut
1522 4720 1778 4776 obediant
1806 4719 2031 4773 honesta

2140 4618 2231 4673 ille
2260 4618 2546 4687 episcopus
2593 4612 2735 4667 illius
2765 4609 2999 4664 civitatis
3028 4615 3084 4661 et
3111 4604 3403 4675 provincia:
3449 4603 3609 4667 illius,
3654 4602 3728 4656 ita

2142 4709 2304 4766 credo
2332 4708 2474 4762 sicut
2492 4705 2753 4775 scriptum
2780 4709 2864 4756 est
2882 4712 3066 4769 supra.

449 4840 3704 4882 _______________________________________

464 4866 3721 4911 "é———__.—_._:——_———_-——'__—__—————-——————————

542 5002 1129 5110 SYNODUS
1209 4998 1549 5104 APUD
1623 4980 2570 5101 CARTHAGINEM
2650 4971 3630 5107 AFRICANORUM,

1085 5188 1271 5264 QUIE
1326 5182 1800 5248 CONSTITUIT
1856 5175 2219 5241 CANONES
2276 5168 2610 5234 NUMERO
2668 5166 3078 5229 CXXXVIII.

526 5375 650 5430 Post
687 5371 1029 5428 consulatum
1086 5367 1595 5438 gloriosissimorum
1648 5366 2030 5436 imperatorum

450 5465 675 5522 Honorii
698 5464 790 5519 XII
816 5473 874 5522 et
900 5464 1192 5521 Theodosii
1220 5463 1333 5520 Vill
1384 5465 1769 5533 Augustorum,
1801 5475 1894 5515 vin
1927 5459 2029 5513 cal.

451 5557 659 5627 Iunias,
681 5548 1025 5627 Carthagine,
1052 5558 1103 5612 in
1121 5558 1417 5613 secretario
1438 5557 1674 5611 basilica:
1688 5555 1890 5619 Fausti,
1913 5564 2035 5607 cum

454 5652 701 5713 Aurelius
728 5667 896 5722 papa,
927 5664 1033 5706 una
1063 5666 1185 5705 cum
1213 5649 1499 5704 Valentino
1522 5650 1708 5718 prima:
1733 5647 1877 5701 sedis
1906 5662 2034 5715 pro-

456 5746 644 5801 vincite
675 5744 932 5799 Numidia:
956 5782 970 5807 ,
1005 5744 1259 5800 Faustino
1284 5742 1540 5798 Ecclesiae
1564 5741 1881 5805 Potentinaa,
1913 5755 2038 5809 pro-

456 5837 646 5895 vinciae
673 5836 837 5892 Italia:
884 5836 1094 5901 Piceni,
1124 5835 1300 5906 legato
1331 5834 1586 5891 Ecclesiae
1616 5830 1870 5888 Romana:
1896 5873 1909 5899 ,
1940 5831 2033 5887 Sed

565 5968 603 5996 κ

2146 5384 2201 5431 et
2219 5374 2410 5445 legatis
2437 5372 2770 5429 diversarum
2798 5366 3198 5439 provinciarum
3240 5364 3646 5436 Africanarum,
3680 5370 3735 5425 id

2144 5475 2227 5522 est
2250 5464 2618 5520 Numidiarum
2639 5462 2886 5527 duarum,
2918 5457 3231 5528 Byzacenaa,
3254 5454 3588 5516 Mauritania:
3618 5460 3737 5515 Cte-

2141 5560 2419 5622 sariensis,
2442 5558 2538 5611 sed
2560 5564 2613 5611 et
2632 5552 2997 5622 Tripolitanae,
3022 5558 3076 5604 et
3091 5546 3378 5607 Vincentio
3394 5551 3731 5619 Colositano,

2144 5649 2529 5704 Fortunatiano
2560 5656 2614 5700 et
2634 5643 2841 5699 caeteris
2888 5642 3155 5713 episcopis
3178 5644 3468 5716 provinciae
3498 5658 3731 5714 procon-

2143 5741 2335 5797 sularis
2364 5736 2723 5793 residentibus
2739 5751 2933 5804 ccxvu,
2954 5740 3052 5790 nec
3070 5752 3176 5791 non
3200 5734 3447 5808 Philippo
3474 5743 3530 5789 et
3550 5732 3731 5787 Asello

2142 5830 2468 5906 presbyteris
2498 5837 2659 5900 atque
2689 5824 2880 5899 legatis
2906 5828 3167 5885 Romanas
3209 5826 3463 5884 Ecclesiae
3486 5864 3499 5891 ,
3537 5836 3733 5881 conse-
