4092 6348
457 258 490 317 ’1
502 261 568 314 85

1746 256 2101 316 DlON'i‘SlUS
2128 254 2434 317 EXIGUUS.

3664 257 3772 313 184

466 377 686 441 disseni,
712 374 1010 431 aStantibus
1030 374 1289 439 diacoms,
1314 372 1558 429 Aurelius
1578 374 1863 445 episcopus
1883 374 2036 430 dixit:
2071 383 2122 441 Α
2150 377 2205 430 in
2236 383 2505 446 potestate
2531 378 2766 446 episcopi
2792 376 2921 447 quid
2956 375 3085 454 velit
3106 418 3121 443 ,
3152 384 3205 431 et
3251 378 3391 448 quid
3447 376 3768 433 existimet.

467 466 596 521 Post
616 466 759 522 diem
787 467 1138 537 pnestitntam
1166 463 1403 530 concilii,
1434 472 1492 517 ut
1521 464 1899 533 recordamini,
1930 465 2039 519 fra-

468 565 577 611 tres
620 556 933 621 beatissimi,
984 555 1148 610 multa
1178 552 1413 622 ﬂagitata
1457 542 1610 623 sunt,
1667 566 2043 627 exspectantes

466 647 662 706 fratres
698 660 931 717 nostros,
951 650 1041 719 qui
1072 663 1211 704 nunc
1232 649 1297 702 ad
1329 658 1644 720 pratsentem
1672 652 1933 722 synodum
1973 652 2044 706 le-

467 743 577 814 gati
624 743 971 805 advenerunt,
999 756 1117 811 qua:
1157 741 1322 809 gestis
1350 756 1571 797 necesse
1610 751 1692 797 est
1720 744 1995 797 socientur
2026 762 2038 797 :

470 850 575 905 qua
604 835 670 890 de
699 850 757 889 re
789 834 1016 889 Domino
1040 834 1149 888 Deo
1180 842 1365 888 nostro
1388 834 1454 888 de
1477 843 1638 887 tanta:
1664 835 2041 903 congregatio-

472 926 555 980 nis
595 934 734 981 cmtu
761 926 960 994 gratias
998 924 1297 980 referimus.
1342 922 1600 993 Superest
1639 934 1698 977 ut
1726 933 1833 978 tam
1862 941 2045 980 exem-

470 1018 639 1089 plaria
665 1017 865 1073 Nicccni
895 1016 1141 1082 concilii,
1172 1030 1289 1085 qua:
1314 1031 1456 1069 nunc
1480 1016 1736 1072 habemus
1757 1058 1773 1083 ,
1804 1026 1860 1072 et
1889 1032 1919 1071 a
1944 1016 2047 1073 Pa-

470 1107 639 1163 tribus
667 1106 958 1162 constituta
983 1114 1137 1173 sunt,
1170 1122 1330 1177 quam
1361 1107 1522 1161 etiam
1549 1108 1638 1162 hic
1686 1125 1716 1163 a
1745 1109 2047 1165 decessori-

470 1200 571 1253 bus
600 1200 797 1255 nostris
827 1199 1068 1254 eamdem
1098 1200 1361 1272 synodum
1390 1200 1683 1267 firmantes,
1706 1203 1791 1256 vel
1820 1218 1937 1271 qua:
1962 1220 2049 1260 se-

470 1293 704 1349 cundum
760 1292 985 1349 formam
1029 1310 1126 1365 per
1172 1310 1357 1349 omnes
1406 1295 1726 1351 clericorum
1773 1298 1988 1365 gradus,
2019 1315 2050 1352 a

472 1401 687 1442 summo
716 1401 885 1456 usque
912 1386 978 1441 ad
1008 1387 1275 1453 ultimum,
1321 1387 1611 1442 salubriter
1654 1388 1898 1443 ordinata
1928 1400 2053 1445 sunt

471 1478 527 1533 in
549 1478 781 1533 medium
812 1478 1171 1549 proferantur.
1197 1479 1277 1534 Ab
1306 1480 1557 1535 universo
1588 1479 1819 1535 concilio
1849 1481 2051 1537 dictum

470 1578 555 1626 est
578 1588 591 1623 :
619 1570 982 1628 Proferantur.

541 1660 730 1716 Daniel
757 1663 997 1717 notarius
1018 1663 1284 1717 recitavit.
1317 1662 1516 1717 Niczeni
1547 1663 1763 1717 concilii
1792 1663 1910 1718 fidei
1933 1679 2052 1733 pro-

2144 466 2214 522 Et
2256 469 2301 523 si
2344 467 2645 524 decreverit
2691 469 2983 525 mittendos
3017 484 3137 525 esse
3163 472 3251 540 qui
3281 478 3617 541 praesentes
3645 484 3775 523 cum

2145 560 2413 631 episcopis
2434 559 2693 629 judicent,
2721 562 2980 627 habentes
3003 564 3386 619 auctoritatem
3414 561 3571 632 ejus,
3601 576 3635 614 a
3660 576 3776 630 quo

2145 650 2395 708 destinati
2419 650 2560 718 s'unt,
2584 654 2687 708 erit
2709 653 2761 708 in
2784 654 2903 723 ejus
2931 654 3172 713 arbitrio.
3205 655 3261 712 Si
3286 672 3431 713 vero
3456 655 3777 711 crediderit

2145 744 2394 825 suﬂicere
2416 745 2699 816 episcopos
2725 786 2741 811 ,
2768 755 2827 799 ut
2857 747 3073 816 negotio
3101 750 3391 803 terminum
3428 748 3773 815 imponant,

2145 835 2309 891 faciet
2332 836 2473 905 quod
2513 837 2911 906 sapientissimo
2937 839 3165 893 consilio
3191 856 3289 894 suo
3309 838 3697 909 judicaverit.

2220 928 2286 984 Et
2316 944 2438 985 cum
2465 930 2741 995 recitaret,
2770 930 2991 1001 Alypius
3017 932 3305 1003 episcopus
3334 930 3629 987 Ecclesia:
3667 927 3776 983 Ta-

2148 1022 2433 1091 gastensis,
2484 1021 2695 1088 legatus
2751 1022 3042 1091 provincia:
3099 1022 3378 1089 Numidiae,
3438 1022 3646 1077 dixit:
3695 1020 3775 1077 De

2150 1112 2254 1166 hoc
2304 1111 2417 1180 jam
2460 1111 2827 1182 superioribus
2871 1114 3031 1167 etiam
3081 1114 3271 1170 litteris
3314 1114 3559 1169 concilii
3594 1112 3773 1167 nostri

2150 1204 2544 1275 rescripsimus.
2592 1214 2647 1259 et
2679 1206 2731 1262 id
2757 1221 2857 1261 nos
2879 1215 3189 1261 servaturos
3216 1208 3562 1277 profitemur
3579 1249 3596 1273 ,
3621 1204 3771 1274 quod

2152 1297 2204 1351 in
2231 1297 2444 1351 Niczeno
2464 1298 2695 1352 concilio
2718 1299 3068 1353 constitutum
3099 1306 3209 1364 est;
3242 1299 3425 1353 adhuc
3461 1308 3661 1352 tamen
3684 1311 3774 1351 me

2153 1396 2365 1451 movet,
2398 1388 2670 1457 quomodo
2702 1404 2824 1444 cum
2874 1389 3264 1460 inspicerettius
3311 1387 3518 1444 Graeca
3574 1402 3770 1443 exem-

2152 1479 2322 1549 plaria
2351 1478 2511 1547 hujus
2538 1481 2727 1551 synodi
2755 1479 3009 1547 Nicmnaa,
3044 1481 3146 1539 ista
3178 1481 3279 1547 ibi,
3307 1481 3511 1536 nescio
3544 1494 3662 1547 qua
3684 1493 3773 1532 ra-

2156 1572 2305 1627 tione
2331 1611 2348 1635 ,
2379 1572 2600 1626 minime
2647 1571 2971 1641 invenimus,
3000 1574 3143 1629 unde
3171 1574 3406 1643 petimus
3438 1554 3774 1627 veneratio-

2156 1676 2277 1717 nem
2308 1671 2452 1716 tuam
2479 1705 2493 1728 ,
2521 1672 2706 1718 sancte
2735 1678 2873 1733 papa
2904 1664 3105 1729 Aureli,
3138 1672 3197 1717 ut
3220 1665 3346 1734 quia
3374 1663 3497 1719 hoc
3523 1662 3773 1716 authen-

470 1756 663 1825 fessio,
696 1757 778 1811 vel
806 1766 1005 1812 statuta
1043 1758 1116 1811 ita
1166 1772 1223 1812 se
1270 1758 1512 1823 habent,
1547 1765 1602 1811 et
1647 1772 1767 1811 cum
1796 1757 2003 1812 dicere:
2031 1801 2047 1827 ν
2081 1760 2127 1822 Β
2156 1755 2320 1807 ticum
2347 1755 2631 1809 concilium
2666 1755 2938 1810 Nicamutn
2981 1757 3034 1811 in
3062 1758 3193 1812 urbe
3220 1756 3421 1811 dicitur
3455 1771 3590 1811 esse
3619 1752 3773 1809 Con-

468 1847 753 1906 Faustinus
768 1849 1053 1919 episcopus
1080 1848 1251 1917 plebis
1281 1848 1599 1912 Potentinze,
1630 1847 1920 1917 provincia:
1947 1846 2054 1902 lta~

470 1942 557 1996 lite
586 1938 763 1995 Piceni
796 1983 810 2006 ,
860 1939 1071 2007 legatus
1101 1938 1256 1993 Rom.
1288 1937 1541 1993 Ecclesim
1586 1939 1719 1992 dixit
1746 1956 1757 1990 :
1808 1938 2053 2005 lnjuncta

474 2036 625 2093 nobis
653 2046 778 2090 sunt
807 2050 836 2087 a
880 2033 1005 2087 sede
1032 2033 1331 2102 apostolica
1361 2032 1540 2101 aliqua
1570 2047 1667 2101 per
1693 2032 2015 2101 scripturam
2035 2075 2050 2099 ,

471 2128 651 2196 aliqua
694 2127 858 2180 etiam
892 2125 943 2179 iu
992 2124 1291 2191 mandatis,
1342 2140 1461 2178 cum
1508 2133 1684 2178 vestra
1724 2123 2056 2179 beatitudine

480 2215 758 2271 tractanda
784 2258 798 2283 ,
830 2218 969 2270 sicut
998 2214 1051 2269 in
1080 2215 1243 2283 gestis
1288 2214 1654 2283 superioribus
1679 2213 2019 2269 meminimus
2037 2255 2052 2279 ,

473 2307 577 2364 hoc
606 2308 784 2365 estde
824 2307 1055 2362 Niczenis
1097 2304 1413 2369 canonibus,
1459 2313 1513 2359 ut
1565 2314 1970 2371 conserventur,
2002 2316 2056 2361 et

474 2401 767 2455 constituta
798 2414 985 2454 eorum
1005 2440 1020 2465 ,
1052 2405 1107 2452 et
1136 2394 1494 2463 consuetudo,
1523 2396 1648 2465 quia
1673 2403 1729 2450 et
1750 2396 1933 2465 aliqua
1963 2411 2056 2450 or-

474 2492 597 2549 dine
642 2501 697 2548 et
750 2506 958 2546 canone
988 2497 1274 2555 tenentur,
1326 2488 1504 2556 aliqua
1552 2487 1943 2542 consuetudine
1970 2487 2061 2542 ﬁr-

474 2594 616 2643 mata
642 2592 785 2639 sunt.
819 2583 894 2638 De
923 2580 1008 2636 his
1037 2594 1165 2649 ergo
1210 2579 1453 2651 primitus
1477 2619 1491 2644 ,
1524 2579 1570 2633 si
1601 2578 1778 2648 placet
1820 2578 2057 2633 beatitu-

474 2676 582 2733 dini
609 2683 798 2731 vestrm
823 2717 838 2743 ,
871 2682 1199 2738 tractemus,
1230 2678 1284 2725 et
1310 2679 1496 2740 postea
1544 2678 1740 2723 caatera
1790 2683 1909 2738 quae
1939 2676 2060 2723 acta

475 2768 561 2823 vel
590 2767 844 2825 inchoata
888 2772 1013 2819 sunt
1063 2764 1261 2817 inserta
1312 2759 1695 2824 ﬁrmabuntur,
1720 2767 1781 2813 ut
1809 2767 1863 2813 et
1888 2758 1955 2814 ad
1976 2774 2058 2814 se-

473 2861 598 2917 dem
626 2858 987 2915 venerandam
1020 2854 1299 2925 rescriptis
1319 2854 1513 2909 vestris
1541 2854 1790 2909 intimare
1811 2855 2027 2925 possitis
2042 2897 2056 2919 ,

474 2955 545 3011 ad
593 2969 713 3025 quae
762 2969 861 3010 nos
911 2952 1254 3007 admonuisse
1304 2948 1445 3019 apud
1474 2949 1834 3004 venerabilem
1864 2964 2058 3019 papam

472 3046 753 3103 evidenter
780 3046 1011 3110 clareat,
1044 3043 1173 3098 licet
1199 3050 1254 3097 et
1283 3041 1519 3111 capitula
1542 3040 1815 3095 actionum
1838 3039 1949 3109 jam
1972 3040 2059 3095 in-

2156 1848 2654 1917 stantiuopolitana,
2698 1850 2904 1920 aliquos
2926 1866 3047 1904 cum
3070 1852 3286 1921 scriptis
3308 1859 3415 1904 ture
3445 1849 3776 1905 sanctitatis

2157 1942 2370 1995 mittere
2397 1942 2627 2008 digneris
2651 1980 2666 2005 ,
2698 1952 2754 1996 et
2798 1958 2906 1997 non
2956 1943 3129 1998 solum
3179 1944 3246 1997 ad
3285 1944 3470 2013 ipsum
3506 1950 3772 1997 sanctum

2157 2032 2377 2087 fratrem
2423 2043 2666 2088 nostrum
2712 2024 3362 2104 Constantinopolitanum
3387 2035 3730 2104 episcopum
3753 2071 3771 2097 ,

2159 2124 2255 2179 sed
2286 2124 2449 2179 etiam
2480 2124 2547 2179 ad
2593 2125 3011 2180 Alexandrinum
3040 2168 3057 2193 ,
3087 2134 3142 2181 et
3163 2124 3575 2180 Antiochenum
3605 2140 3774 2179 vene-

2159 2216 2358 2271 rabiles
2409 2216 2759 2281 sacerdotes,
2823 2219 2914 2288 qui
2964 2218 3067 2273 hoc
3123 2218 3279 2273 nobis
3316 2219 3636 2273 concilium.
3673 2218 3772 2271 sub

2160 2309 2548 2378 astipulatione
2594 2310 2895 2365 litterarum
2926 2326 3141 2365 suarum
3194 2310 3453 2378 dirigant,
3490 2320 3557 2365 ut
3592 2310 3775 2365 omnis

2162 2399 2505 2469 postmodum
2539 2400 2859 2469 ambiguitas
2890 2400 3165 2457 auferatur
3187 2440 3202 2465 ,
3235 2403 3361 2472 quia
3411 2418 3523 2457 nos
3582 2402 3681 2467 ita,
3716 2410 3773 2455 ut

2163 2490 2330 2546 frater
2349 2491 2639 2547 Faustinus
2672 2494 2879 2559 attulit,
2912 2494 3131 2547 minime
3160 2493 3467 2548 invenimus
3493 2494 3604 2548 ista
3625 2534 3641 2559 ,
3672 2508 3775 2547 nos

2163 2593 2342 2639 tamen
2370 2584 2644 2655 paulisper
2673 2592 3005 2652 servaturos,
3036 2593 3096 2638 ut
3122 2592 3281 2639 antea
3310 2584 3439 2649 dixi,
3474 2584 3661 2639 donec
3691 2584 3774 2636 in-

2163 2684 2313 2754 tqra
2342 2676 2675 2747 exemplaria
2705 2677 2964 2742 veniant',
2997 2676 3327 2746 profitemur.
3381 2676 3666 2731 Petendus
3691 2684 3774 2730 est

2164 2776 2343 2822 autem
2375 2768 2572 2823 litteris
2598 2769 2797 2823 nostris
2818 2769 2981 2822 etiam
3011 2770 3331 2822 venerabilis
3360 2766 3632 2822 Ecclesiae
3662 2764 3771 2819 Ro-

2163 2874 2335 2913 mana:
2366 2860 2650 2929 episcopus
2680 2848 3008 2927 Bonifacius,
3038 2868 3097 2914 ut
3126 2860 3238 2929 ipse
3261 2874 3482 2929 quoque
3513 2859 3773 2927 dignetur

2162 2949 2230 3003 ad
2270 2958 2599 3004 memoratas
2630 2948 2903 3003 Ecclesias
2934 2949 3147 3017 aliquos
3172 2949 3408 3013 mittere,
3441 2950 3541 3019 qui
3573 2948 3771 3003 eadem

2163 3040 2491 3109 exemplaria
2510 3038 2745 3092 debeant
2766 3038 3063 3092 secundum
3112 3038 3227 3106 ejus
3257 3039 3458 3107 scripta
3495 3038 3767 3110 perferre,

473 3150 618 3197 serta
670 3140 778 3194 sint
805 3138 987 3207 gestis.
1040 3136 1117 3191 De
1164 3136 1293 3207 ipsis
1337 3149 1466 3205 ergo
1492 3176 1509 3201 ,
1544 3142 1601 3187 ut
1638 3135 1883 3204 superius
1908 3132 2015 3187 dixi
2040 3173 2056 3197 ,
2085 3137 2133 3203 ο
2165 3146 2307 3186 nunc
2335 3140 2514 3185 autem
2544 3131 2829 3184 memorati
2860 3128 3059 3184 Niczeni
3103 3130 3322 3185 concilii
3368 3131 3559 3199 qualia
3587 3145 3767 3186 exem-

474 3234 602 3305 quid
628 3239 822 3287 vestra:
849 3227 1164 3284 beatitudini
1184 3227 1426 3297 placeat,
1463 3241 1622 3296 agere
1643 3227 1919 3280 debemus.
1954 3227 2057 3281 Ve-

474 3326 588 3379 niat
617 3336 745 3390 ergo
774 3321 1246 3376 commonitorium
1269 3320 1322 3372 in
1348 3318 1601 3383 medium,
1637 3326 1693 3371 ut
1722 3320 1861 3372 scire
1888 3320 2057 3387 possit

473 3425 652 3472 vestra
676 3410 953 3471 beatitudo
983 3410 1110 3480 quid
1141 3410 1195 3464 iu
1237 3425 1303 3464 eo
1349 3409 1726 3475 contineatur;
1767 3418 1825 3463 ut
1854 3410 1920 3464 ad
1948 3411 2056 3464 sin-

473 3507 596 3576 gula
626 3507 1042 3576 respondeatur.

544 3597 793 3653 Aurelius
812 3595 1100 3666 episcopus
1128 3594 1265 3649 dixit
1299 3614 1310 3647 :
1344 3593 1670 3649 Proferatur‘
1694 3594 2057 3649 commonito-

474 3691 634 3755 rium,
665 3686 811 3758 quod
860 3686 1054 3741 fratres
1101 3694 1157 3740 et
1202 3685 1617 3740 consacerdotes
1636 3686 1806 3741 nostri
1838 3686 1890 3740 in
1921 3686 2057 3741 actis

474 3797 647 3852 nuper
688 3780 1099 3848 allegaverunt,
1131 3786 1184 3833 et
1232 3784 1427 3832 caetera
1458 3792 1576 3847 quae
1624 3785 1745 3831 acta
1792 3786 1916 3832 sunt
1972 3778 2057 3832 vel

474 3875 681 3947 agenda
718 3884 845 3930 sunt
874 3875 1287 3943 subsequentur.

546 3968 733 4023 Daniel
776 3968 1017 4023 notarius
1067 3966 1331 4021 recitavit.
1382 3965 1866 4021 Commonitorium
1906 3966 2057 4019 fratri

473 4059 750 4124 Faustino,
782 4068 835 4113 et
865 4057 985 4113 filiis
1006 4055 1271 4128 Philippo,
1296 4066 1351 4112 et
1378 4057 1560 4112 Asello
1587 4058 1932 4129 presbyteris,
1956 4057 2058 4111 Zo-

472 4153 641 4207 simus
666 4152 972 4223 episcopus.
1006 4150 1172 4205 Vobis
1201 4151 1489 4205 commissa
1519 4149 1732 4217 negOtia
1760 4165 1865 4204 non
1886 4148 2057 4204 latent

470 4259 600 4311 vos,
632 4243 705 4297 ita
735 4258 799 4297 ac
841 4242 885 4297 si
914 4251 1133 4307 nostra,
1167 4242 1276 4297 imo
1318 4243 1444 4313 quia
1489 4250 1674 4296 nostra
1718 4242 1791 4295 ibi
1822 4241 1875 4295 in
1907 4240 2057 4296 vobis

470 4337 756 4407 praesentia
788 4344 896 4401 est,
931 4346 1123 4391 cuncta
1154 4337 1426 4406 peragite,
1459 4336 1691 4389 maxime
1720 4350 1841 4389 cum
1873 4344 1927 4389 et
1952 4334 2056 4389 boc

470 4437 711 4484 nostrum
742 4428 957 4497 possitis
982 4427 1184 4481 habere
1215 4427 1525 4480 mandatum
1549 4464 1563 4489 ,
1596 4435 1651 4479 et
1692 4426 1853 4480 verba
1891 4442 2057 4479 cano-

2161 3223 2332 3295 plaria
2363 3222 2623 3276 habemus
2646 3263 2661 3287 ,
2694 3221 2778 3275 his
2804 3223 2967 3291 gestis
2992 3222 3282 3277 sociamus.

2230 3316 2874 3385 Faustinus'episcopus,
2908 3315 3112 3382 legatus
3162 3313 3417 3370 Ecclesia:
3474 3316 3763 3379 Romamn,

2159 3407 2334 3461 dixit:
2370 3406 2479 3461 Nec
2507 3415 2689 3461 vestra
2730 3406 2986 3461 sanctitas
3015 3406 3329 3476 praejudicat
3368 3405 3635 3461 Ecclesia:
3666 3404 3769 3460 Βοο

2159 3516 2351 3565 manae,
2382 3500 2493 3552 sive
2530 3498 2598 3552 de
2629 3498 2734 3553 hoc
2781 3498 3015 3568 capitulo
3036 3540 3051 3565 ,
3080 3498 3195 3554 sive
3223 3499 3291 3553 de
3332 3499 3465 3564 aliis,
3512 3498 3643 3570 quia
3678 3497 3760 3549 di-

2160 3608 2285 3649 cere
2313 3592 2558 3660 dignatus
2606 3600 2691 3647 est
2718 3591 2883 3647 frater
2910 3601 3095 3647 noster
3133 3602 3189 3647 et
3236 3594 3601 3663 coepisc0pus
3631 3591 3761 3663 Aly-

2160 3686 2300 3755 pius,
2324 3684 2513 3739 dubios
2533 3698 2652 3739 esse
2674 3698 2909 3739 canones
2943 3703 2954 3736 :
2986 3683 3081 3738 sed
3122 3684 3235 3738 haec
3259 3685 3375 3753 ipsa
3406 3686 3473 3737 ad
3510 3693 3760 3739 sanctum

2161 3786 2217 3833 et
2255 3777 2621 3833 beatissimum
2651 3792 2844 3846 papam
2886 3786 3129 3831 nostrum
3160 3777 3398 3832 scribere
3439 3774 3756 3845 dignemini,

2162 3878 2220 3924 ut
2239 3878 2293 3925 et
2323 3870 2438 3941 ipse
2467 3870 2703 3937 integros
2733 3884 2972 3925 canones
2994 3870 3266 3939 inquirens
3289 3884 3409 3923 cum
3438 3880 3622 3924 vestra
3643 3882 3762 3923 san-

2160 3962 2350 4017 ctitate
2378 3961 2447 4015 de
2473 3961 2721 4015 omnibus
2750 3960 3059 4015 constitutis
3089 3968 3321 4015 tractare
3350 3960 3540 4031 possit.
3594 3958 3756 4015 Sulli-

2160 4054 2235 4108 cit
2260 4064 2439 4108 autem
2468 4062 2524 4107 ut
2551 4053 2668 4123 ipse
2697 4053 3039 4108 beatissimus
3063 4054 3347 4122 episcopus
3379 4054 3525 4109 urbis
3546 4054 3756 4116 Romae,

2162 4147 2299 4202 sicut
2322 4155 2378 4202 et
2400 4155 2575 4202 vestra
2602 4148 2861 4202 sanctitas
2910 4145 3051 4216 apud
3098 4163 3155 4201 se
3197 4156 3413 4215 tractat,
3440 4149 3513 4202 ita
3542 4158 3599 4203 et
3642 4148 3755 4217 ipse

2161 4237 2417 4307 inquirat,
2445 4254 2514 4293 ne
2538 4240 2815 4294 contentio
2848 4239 2990 4294 inter
3012 4238 3283 4313 Ecclesias
3308 4240 3457 4294 nasci
3490 4240 3755 4303 videatur,

2161 4333 2253 4385 sed
2294 4333 2463 4401 magis
2492 4333 2753 4387 charitate
2779 4332 3013 4387 fraterna
3043 4332 3341 4387 deliberare
3370 4335 3609 4403 possitis,
3638 4334 3756 4403 ipso

2162 4423 2514 4487 rescribentc,
2543 4422 2683 4491 quod
2713 4423 2902 4477 melius
2923 4423 3197 4477 observari
3227 4424 3439 4479 debeat.

472 4534 620 4584 num,
650 4534 767 4587 quae
798 4520 849 4572 in
878 4519 1175 4587 pleniorem
1196 4504 1514 4571 firmitatem
1537 4517 1661 4571 huic
1694 4518 2054 4572 commonito-
2082 4518 2133 4578 D
2233 4513 2479 4568 Aurelius
2495 4514 2777 4581 episcopus
2798 4513 2962 4567 dixit:
2989 4511 3193 4568 Prmter
3208 4516 3330 4577 ista,
3360 4530 3480 4583 qua:
3498 4514 3748 4586 deprom-

470 4611 555 4665 rio
585 4609 927 4665 inseruimus.
975 4610 1052 4663 Ita
1083 4609 1225 4664 enim
1254 4610 1505 4664 dixerunt
1535 4607 1729 4662 fratres
1757 4609 1811 4662 in
1842 4607 2059 4664 Nicmno

473 4701 725 4765 concilio,
757 4716 881 4753 cum
911 4699 980 4755 de
1006 4700 1383 4771 episc0porum
1415 4697 1779 4768 appellatione
1806 4697 2060 4754 decerne-

471 4802 613 4850 l‘eﬂl.

543 4884 750 4940 Placuit
789 4891 970 4940 autem
1001 4894 1057 4939 ut
1086 4886 1131 4941 si
1158 4885 1443 4955 episcopus
1473 4891 1762 4939 accusatus
1792 4883 1974 4948 fuerit,
2004 4896 2060 4941 et

467 4977 829 5049 judicaverint
857 4978 1168 5047 congregati
1216 4977 1457 5047 episcopi
1488 4976 1722 5043 regionis
1766 4978 1932 5048 ipsius
1955 5019 1969 5041 ,
2003 4991 2059 5035 et

380 5098 381 5101 η
471 5072 538 5128 de
564 5072 731 5141 gradu
761 5085 859 5125 suo
880 5069 1175 5139 dejecerint
1190 5085 1311 5124 eum
1330 5108 1344 5131 ,
1378 5078 1432 5134 et
1457 5070 1756 5140 appellasse
1776 5069 2053 5138 videatur,

471 5175 527 5221 et
555 5165 862 5236 confugerit
898 5164 966 5218 ad
995 5162 1365 5219 beatissimtm
1389 5161 1646 5217 Ecclesia:
1674 5162 1932 5218 Romamn
1954 5165 2063 5234 epi-

470 5262 716 5327 scopum,
753 5267 808 5313 et
834 5256 1069 5312 voluerit
1097 5254 1302 5319 audiri,
1332 5263 1388 5309 et
1430 5254 1631 5323 justum
1663 5257 1969 5324 putaverit,
2002 5265 2063 5313 ut

470 5357 764 5405 renovetur
791 5364 1018 5404 examen
1043 5391 1058 5414 ,
1103 5348 1343 5404 scribere
1372 5347 1453 5401 his
1486 5346 1754 5417 episcopis
1785 5346 2055 5416 dignetur,

468 5440 562 5510 qui
592 5439 646 5494 in
677 5438 901 5493 finitima
941 5449 997 5495 et
1022 5440 1324 5510 propinqua
1356 5440 1633 5510 provincia
1662 5448 1806 5504 sunt,
1866 5449 1925 5495 ut
1955 5441 2059 5511 ipsi

470 5529 756 5597 diligenter
780 5531 961 5584 omnia
992 5533 1297 5601 requirant,
1340 5538 1395 5585 et
1440 5529 1591 5599 juxta
1624 5528 1785 5585 fidem
1814 5532 2060 5587 veritatis

471 5620 747 5678 deliniant.
804 5622 957 5688 Quod
1000 5622 1045 5677 si
1086 5624 1206 5693 quis
1242 5631 1398 5691 rogat
1437 5638 1655 5677 causam
1684 5638 1837 5676 suam
1860 5623 2053 5675 iterum

428 5774 433 5781 _
469 5713 642 5769 audiri
669 5756 683 5780 ,
714 5723 768 5770 et
796 5715 1175 5784 deprecatione
1196 5731 1292 5771 sua
1328 5714 1559 5770 moverit
1588 5714 1902 5785 episcopum
1943 5712 2053 5767 Ro-

468 5822 713 5878 manum,
756 5810 829 5865 ut‘
860 5794 926 5867 de
952 5809 1122 5870 latere
1148 5826 1246 5870 suo
1274 5809 1647 5870 oresbvterutn
1689 5805 1891 5864 mittat.
1952 5805 2056 5861 erit

2164 4606 2366 4675 psimus
2408 4605 2559 4669 actis,
2596 4620 2817 4659 necesse
2847 4614 2930 4658 est
2961 4613 3017 4660 ut
3047 4605 3210 4658 etiam
3240 4614 3442 4658 nostra:
3471 4604 3747 4675 parvitatis

2163 4698 2353 4752 litteris
2381 4706 2573 4753 sancto
2596 4695 2743 4751 fratri
2775 4706 2830 4752 et
2858 4696 3233 4752 consacerdoti
3263 4705 3449 4752 nostro
3479 4695 3750 4751 Bonifacio

2160 4794 2366 4865 singula
2416 4809 2535 4863 qua:
2585 4802 2878 4848 tractamus
2917 4791 3223 4861 plenissime
3255 4792 3577 4847 iutimetnus.
3612 4789 3751 4859 Ergo

2162 4902 2207 4942 sn
2229 4887 2477 4941 omnibus
2496 4886 2674 4955 placet
2693 4884 2997 4957 prosecutio
3020 4894 3225 4950 nostra,
3251 4900 3345 4938 ore
3368 4885 3610 4939 omnium
3634 4895 3754 4938 con-

2161 4981 2446 5037 discamus.
2478 4977 2795 5034 Universum
2825 4977 3111 5033 concilium
3142 4976 3304 5032 dixit:
3339 4977 3543 5035 Placet.

2230 5077 2467 5131 novatus
2504 5077 2809 5146 episcopus,
2852 5076 3057 5141 legatus
3086 5074 3419 5130 Mauritania:
3462 5077 3746 5140 Sitifensis,

2164 5168 2297 5223 dixit
2327 5187 2339 5222 :
2374 5169 2526 5223 Nunc
2555 5168 2895 5223 meminimus
2919 5168 3022 5223 hoc
3045 5169 3462 5225 commonitorio
3496 5170 3654 5225 etiam
3685 5166 3749 5222 de

2164 5259 2494 5331 presbyteris
2541 5259 2627 5313 vel
2669 5259 2985 5315 diaconibus
3034 5262 3321 5327 contineri,
3380 5262 3613 5331 qualiter
3659 5276 3746 5314 au-

2164 5350 2262 5404 diri
2294 5350 2360 5403 ab
2388 5349 2654 5419 episcopis
2682 5350 2793 5404 suis
2823 5350 2905 5405 vel
2952 5367 2981 5406 a
3025 5350 3262 5407 finitimis
3313 5352 3570 5421 debeant,
3610 5348 3746 5421 quod

2170 5442 2222 5496 in
2249 5442 2464 5496 Niceno
2494 5442 2722 5498 concilio
2747 5443 2966 5499 minime
3006 5443 3253 5513 legimus,
3284 5444 3425 5500 unde
3460 5444 3564 5499 boc
3586 5445 3747 5514 ipsum

2161 5533 2349 5600 jubeat
2377 5534 2633 5589 sanctitas
2662 5544 2838 5590 vestra
2865 5536 3100 5591 recitari.

2240 5625 2485 5680 Aurelius
2510 5627 2792 5697 cpiscopus
2808 5627 2943 5682 dixit
2969 5646 2981 5680 :
3008 5627 3285 5683 Recitetur
3305 5628 3371 5682 ad
3393 5629 3568 5684 locum
3591 5626 3745 5683 etiam

2164 5732 2267 5771 noc
2314 5717 2457 5786 quod
2486 5718 2814 5788 depascitur.
2886 5719 3073 5774 Daniel
3104 5719 3345 5774 notarius
3378 5720 3644 5775 recitavit.
3669 5717 3743 5770 De

2165 5805 2617 5877 appellationibus
2668 5818 2847 5866 autem
2904 5809 3243 5876 clericorum,
3300 5809 3352 5865 id
3402 5819 3485 5867 est
3531 5807 3746 5868 minoris
