4092 6348
290 315 399 375 185

1260 307 1483 364 ΟθυΕΧ
1519 308 1846 365 CANONUM
1886 308 2585 369 ECCLESIASTICORUM.

3469 326 3568 381 136

293 434 422 501 loci,
443 442 529 489 est
556 431 721 503 ipsius
742 430 932 503 synodi
956 438 1102 486 certa
1124 428 1425 498 responsio,
1446 427 1514 482 de
1538 442 1642 496 qua
1658 442 1718 482 re
1738 425 1866 496 quid
1893 433 1947 490 Α
1970 428 2181 484 Asellus
2212 446 2397 485 secum
2435 430 2752 499 attulerunt,
2796 442 2889 488 aut
2922 434 3118 491 ibidem
3146 446 3379 508 reperta,
3408 454 3439 493 a
3470 458 3566 496 no-
3618 464 3621 469 -

294 525 465 581 acturi
492 524 636 588 sitis,
669 522 935 579 credimus
968 520 1337 588 inserendum,
1368 518 1511 589 quod
1558 518 1738 573 taliter
1787 518 1870 573 di-

296 626 439 673 ctum
471 623 571 671 est.

366 705 521 763 Osius
541 708 827 779 episcopus
846 702 980 761 dixit
1004 724 1016 760 :
1040 704 1176 772 Quid
1205 718 1290 758 me
1318 704 1492 758 adhuc
1514 712 1711 770 movet,
1746 706 1874 759 reti-

296 816 419 858 cere
447 816 555 856 non
598 800 792 855 debeo.
822 797 878 853 Si
926 798 1210 869 episcopus
1237 796 1356 866 quis
1403 794 1541 850 forte
1588 795 1876 852 iracundus

298 893 463 963 (quod
494 908 612 947 esse
639 908 747 947 non
769 888 951 962 debet)
975 892 1080 945 cito
1108 897 1199 943 aut
1244 903 1433 959 aspere
1467 898 1873 945 commoveatur

296 986 553 1041 adversus
574 985 966 1056 presbyterum,
996 985 1107 1038 sive
1128 982 1409 1037 diaconum
1425 998 1601 1045 suum,
1628 991 1683 1037 et
1702 992 1876 1038 exter-

295 1078 504 1133 minare
531 1092 650 1131 eutn
700 1077 767 1132 de
809 1075 1047 1132 Ecclesia
1095 1075 1344 1141 voluerit,
1375 1074 1762 1144 providendum
1793 1083 1874 1129 est

298 1184 367 1224 ne
394 1172 652 1225 innocens
680 1170 991 1234 damnetur,
1023 1176 1115 1222 aut
1160 1170 1349 1238 perdat
1395 1168 1829 1222 communionem
1860 1186 1873 1220 :

296 1263 492 1318 habeat
512 1272 833 1333 potestatem
854 1262 1078 1332 ejectus,
1112 1268 1170 1314 ut
1195 1258 1447 1314 ﬁnitimos
1466 1259 1789 1329 interpellet,
1821 1269 1880 1314 ut

297 1369 458 1408 causa
483 1352 599 1421 ejus
621 1352 885 1417 audiatur,
910 1360 966 1406 et
985 1350 1289 1419 diligentius
1312 1357 1592 1410 tractetur,
1622 1348 1747 1417 quia
1769 1364 1877 1403 non

296 1452 514 1513 oportet
543 1456 739 1510 negare
770 1442 819 1497 ei
847 1441 1173 1497 audientiam
1202 1440 1432 1509 roganti.
1458 1438 1526 1493 Et
1546 1439 1633 1494 ille
1663 1440 1877 1509 episco-

296 1548 416 1602 pus,
446 1533 535 1601 qui
566 1540 661 1586 aut
694 1533 838 1602 juste
866 1540 959 1586 aut
985 1531 1183 1600 injuste
1211 1546 1335 1585 eum
1372 1530 1579 1599 rejecit,
1613 1530 1879 1601 patienter

296 1624 549 1686 accipiat,
577 1632 636 1678 ut
681 1626 956 1695 negotium
1009 1624 1347 1689 discutiatur,
1392 1631 1454 1678 ut
1498 1630 1591 1677 aut
1625 1622 1880 1694 probetur

296 1722 435 1785 ejus,
464 1725 556 1772 aut
582 1717 898 1771 emendetur
922 1717 1209 1781 sententia,
1235 1724 1340 1772 etc.

1979 519 2060 575 bis
2088 520 2470 586 ﬁrmabuntur;
2505 531 2597 578 aut
2620 524 2669 577 si
2693 539 2800 579 non
2831 525 3195 593 inveniantur,
3224 529 3450 585 collecta
3480 547 3570 604 sy.

1979 611 2146 677 nodo,
2167 612 2236 668 de
2262 614 2365 669 huc
2385 614 2439 669 in
2460 616 2706 686 sequenti
2730 618 3095 675 tractabimus.
3119 618 3304 675 Daniel
3322 624 3565 679 notarius

1978 702 2175 758 Nicmni
2203 705 2415 760 concilii
2440 706 2827 775 professionem
2859 708 2981 764 ﬁdei
3004 710 3090 766 vel
3118 711 3234 782 ejus
3257 721 3459 771 statuta
3479 730 3562 773 re-

1980 794 2164 849 citavit
2189 795 2243 850 in
2272 796 2501 859 concilio
2529 796 2801 853 Africano.

2298 907 2564 979 Professio
2591 909 2716 978 ﬁdei
2761 908 2969 965 Nicami
2996 915 3226 970 concilii.

2052 998 2335 1054 Credimus
2356 1000 2409 1053 in
2442 1016 2608 1055 unum
2646 1000 2837 1065 Deum,
2866 999 3081 1058 Patrem
3123 1006 3569 1081 omnipotentem,

1981 1093 2268 1147 visibilium
2298 1101 2353 1147 et
2381 1093 2721 1157 invisibilium
2771 1093 3050 1160 factorem,
3091 1106 3147 1153 et
3184 1099 3236 1154 in
3268 1118 3430 1157 unum
3464 1104 3572 1161 Do-

1981 1183 2183 1237 minum
2212 1180 2393 1237 Jesum
2422 1180 2716 1250 Christum,
2742 1182 2933 1238 Filium
2967 1185 3084 1251 Dei,
3110 1196 3293 1243 natum
3321 1190 3389 1246 de
3410 1190 3572 1250 Patre

1982 1276 2334 1345 unigenitum,
2379 1276 2485 1330 hoc
2511 1283 2595 1330 est
2638 1275 2709 1331 de
2734 1277 3033 1331 substantia
3080 1279 3270 1345 Patris,
3298 1281 3464 1337 Deum
3492 1283 3562 1340 de

1983 1368 2115 1430 Deo,
2159 1368 2339 1421 lumen
2380 1364 2449 1421 de
2494 1366 2716 1433 lumine,
2744 1368 2909 1424 Deum
2952 1387 3138 1425 verum
3166 1373 3233 1427 de
3263 1373 3374 1430 Deo
3408 1391 3565 1442 vero,

1982 1469 2187 1523 natum,
2202 1475 2307 1513 non
2327 1458 2540 1531 factum,
2564 1458 2719 1515 unius
2739 1460 3051 1517 substantia:
3073 1448 3192 1519 cum
3214 1464 3394 1532 Patre,
3420 1466 3567 1537 quod

1983 1551 2152 1606 Grmci
2182 1551 2366 1606 dicunt
2396 1551 2673 1605 omousion
2697 1590 2712 1614 ,
2740 1566 2837 1621 per
2858 1567 3018 1620 quem
3049 1556 3230 1609 omnia
3252 1553 3394 1610 facta
3421 1565 3568 1624 sunt,

1984 1647 2098 1701 sive
2125 1660 2245 1714 qum
2266 1646 2319 1699 in
2348 1644 2507 1709 cmlo,
2539 1644 2651 1698 sive
2678 1659 2798 1713 qum
2827 1646 2879 1699 in
2906 1654 3069 1700 terra.
3102 1630 3204 1713 Qui
3236 1658 3459 1718 propter
3474 1664 3574 1705 nos

1986 1740 2253 1804 homines,
2286 1747 2341 1793 et
2386 1745 2608 1808 propter
2633 1749 2874 1794 nostram
2906 1739 3135 1793 salutem
3164 1739 3465 1811 descendit,
3518 1750 3575 1798 et

366 1807 610 1879 Cumque
630 1810 1002 1876 recitarentur,
1036 1810 1365 1879 Augustinus
1386 1810 1669 1880 episcopus
1700 1808 1881 1865 Eccle-

1988 1831 2292 1885 incarnatus
2314 1837 2417 1895 est,
2440 1819 2605 1885 homo
2635 1830 2825 1894 factus,
2857 1845 3045 1899 passus
3068 1838 3173 1893 est,
3195 1840 3250 1885 et
3276 1833 3576 1888 resurrexit

294 1902 389 1957 sim
416 1899 773 1971 Hipponensis
809 1903 1103 1972 provincim
1146 1902 1406 1958 Numidim
1453 1901 1587 1957 dixit
1619 1921 1631 1955 :
1666 1901 1734 1956 Et
1778 1902 1883 1957 hoc

295 2010 398 2051 nos
424 2004 734 2049 servaturos
763 1993 1097 2065 proﬁtemur,
1130 1993 1276 2049 salva
1319 1993 1657 2063 diligentiore
1702 1992 1880 2061 inqui-

294 2086 490 2143 sitione
517 2086 728 2141 concilii
771 2085 990 2140 Niemni.
1026 2085 1273 2140 Aurelius
1299 2086 1585 2155 episcopus
1612 2085 1745 2140 dixit
1779 2102 1791 2136 :
1823 2084 1882 2140 Si

296 2177 403 2233 hoc
430 2177 592 2231 etiam
622 2177 860 2231 omnium
889 2185 1082 2231 vestrm
1108 2168 1359 2232 charitati
1411 2177 1606 2247 placet,
1658 2191 1883 2245 respon-

296 2272 451 2325 sione
487 2269 716 2323 ﬁrmate.
762 2268 1080 2324 Universum
1124 2270 1411 2325 concilium
1458 2269 1590 2324 dixit
1631 2288 1643 2323 :
1692 2268 1882 2325 Omnia

297 2376 417 2432 qum
457 2362 509 2415 in
556 2360 771 2417 Nicmno
800 2362 1033 2417 concilio
1060 2370 1258 2416 statuta
1287 2371 1412 2417 sunt
1450 2362 1605 2417 nobis
1635 2364 1883 2419 omnibus

298 2454 529 2523 placent.
553 2452 841 2519 Jocttndus,
871 2455 1155 2524 episcopus
1175 2454 1427 2511 Ecclesim
1439 2455 1717 2521 Sufﬁtulm,
1734 2457 1881 2525 lega-

299 2554 383 2598 tus
411 2544 697 2614 provincim
736 2544 1023 2616 Byzacenm
1046 2546 1180 2605 dixit
1205 2566 1217 2600 :
1249 2546 1401 2614 Quod
1432 2555 1688 2603 statutum
1719 2558 1801 2604 est
1829 2550 1882 2604 in

295 2632 512 2689 Nicmno
537 2634 789 2703 concilio,
836 2635 1081 2692 violaria
1118 2652 1393 2707 quoquam
1441 2640 1744 2696 nullatenus
1780 2655 1880 2712 po-

298 2734 422 2781 test.

366 2817 650 2875 Faustinus
699 2820 1019 2892 episcopus,
1063 2822 1271 2892 legatus
1317 2822 1574 2880 Ecclesim
1604 2825 1881 2905 Romanae,

296 2906 427 2961 dixit
454 2926 465 2961 :
499 2908 690 2965 Adhuc
712 2910 1005 2965 secundum
1044 2911 1437 2981 professionem
1464 2916 1762 2971 sanctitatis
1792 2932 1884 2972 ve-

295 3009 439 3063 strm,
469 3012 577 3055 tam
603 3003 775 3057 sancti
798 3002 994 3075 Alypii,
1020 3020 1183 3073 quam
1213 3006 1376 3060 etiam
1399 3008 1580 3063 fratris
1601 3011 1771 3065 nostri
1789 3010 1883 3065 Jo-

297 3092 477 3159 cundi,
527 3094 702 3164 aliqua
750 3094 1010 3150 inﬁrmari
1039 3096 1223 3164 credo,
1272 3098 1449 3169 aliqua
1478 3097 1697 3168 ﬁrmari,
1738 3102 1882 3171 quod

295 3201 405 3240 non
434 3185 649 3251 debeat,
679 3202 801 3241 cum
826 3186 938 3256 jam
969 3189 1023 3243 in
1064 3188 1282 3243 dubium
1327 3191 1429 3260 ipsi
1455 3208 1690 3248 canones
1718 3210 1883 3251 vene-
1906 3210 1956 3277 ο

294 3278 425 3333 rint.
457 3276 617 3344 Ergo,
658 3286 714 3331 ut
738 3278 915 3349 placet
941 3288 997 3333 et
1024 3280 1202 3346 nobis,
1236 3289 1291 3335 et
1320 3282 1637 3338 beatitudini
1670 3296 1881 3356 vestrm,

297 3368 365 3421 ad
388 3376 628 3422 sanctum
650 3378 705 3423 et
728 3370 1087 3425 venerabilem
1118 3370 1371 3427 Ecclesia:
1396 3372 1651 3430 Romanm
1681 3378 1890 3447 episco-

298 3474 422 3528 pum
446 3467 621 3514 vestra
646 3460 902 3515 sanctitas
924 3461 1125 3516 referre
1146 3463 1415 3532 dignetur,
1442 3474 1501 3520 ut
1520 3474 1575 3520 et
1594 3467 1727 3537 ipse,
1746 3468 1890 3538 quod

298 3563 513 3609 sanctus
535 3554 864 3622 Augustinus
905 3565 1145 3611 statuere
1173 3556 1422 3627 dignatus
1462 3568 1564 3625 est,
1591 3560 1889 3633 deliberare

299 3645 486 3714 possit,
540 3654 843 3723 utrumnam
871 3655 927 3701 et
966 3646 1069 3701 hoc
1097 3648 1508 3704 concedendum
1538 3652 1627 3715 sit,
1660 3667 1728 3705 an
1758 3654 1888 3707 reti-

298 3736 550 3799 cendum,
583 3736 687 3793 hoc
715 3747 833 3803 est,
867 3738 935 3793 de
980 3739 1343 3808 appellatione
1379 3740 1648 3797 inferioris
1668 3744 1883 3813 gradus.

297 3831 356 3885 Si
387 3845 515 3899 ergo
542 3831 717 3886 adhuc
756 3832 809 3885 in
853 3831 1068 3886 dubium
1103 3834 1268 3897 venit,
1314 3843 1368 3888 et
1399 3832 1467 3888 de
1502 3835 1604 3889 hoc
1650 3837 1887 3905 capitulo

296 3923 498 3993 justum
545 3931 632 3977 est
662 3932 720 3977 ut
760 3922 1079 3978 beatissima:
1106 3923 1247 3977 sedis
1287 3926 1577 3995 cpiscopus
1607 3926 1889 3982 informari

297 4016 513 4081 debeat,
544 4017 589 4072 si
620 4025 798 4070 tamen
845 4016 1156 4085 approbatis
1198 4019 1494 4072 canonibus
1534 4020 1635 4073 hoc
1665 4020 1887 4075 inveniri

299 4110 488 4178 possit.
522 4108 770 4163 Aurelius
799 4108 1082 4178 episcopus
1110 4108 1241 4162 dixit
1274 4127 1289 4163 ;
1322 4107 1493 4163 Etiam
1525 4126 1642 4179 qua:
1686 4110 1887 4166 dudum

301 4210 494 4256 vestrm
523 4200 767 4254 charitati
812 4199 1193 4262 intitnavimus,
1225 4214 1367 4253 nunc
1409 4201 1654 4270 patimini
1688 4218 1886 4271 exem-

304 4296 476 4367 plaria
491 4303 813 4349 statutorum
846 4293 1046 4348 Nicmni
1071 4293 1315 4359 concilii,
1350 4293 1446 4348 sed
1470 4303 1523 4349 et
1550 4309 1668 4363 qum
1693 4295 1780 4349 hic
1808 4311 1889 4350 sa-

297 4387 527 4442 lubriter
554 4401 583 4439 a
614 4385 811 4439 nostris
856 4384 1251 4449 decessoribus,
1306 4385 1600 4441 secundum
1646 4386 1885 4454 ejusdem

250 4483 255 4488 ’
298 4480 512 4536 concilii
543 4478 790 4543 fortnam,
821 4478 905 4533 vel
930 4495 1048 4549 qum
1071 4495 1210 4533 nunc
1234 4494 1263 4533 a
1288 4480 1442 4535 nobis
1464 4480 1711 4534 ordinata
1741 4490 1882 4548 sunt,

298 4572 538 4635 recitari,
598 4579 651 4625 et
692 4571 854 4640 gestis
907 4571 1091 4624 inseri.
1140 4568 1311 4624 Omne
1367 4572 1653 4626 concilium
1704 4572 1880 4626 dixit:
1914 4596 1968 4656 Β

299 4664 637 4735 Exemplaria
688 4664 830 4730 ﬁdei,
861 4672 915 4719 et
935 4673 1135 4720 statuta
1168 4664 1394 4719 Nicmnm
1422 4665 1632 4736 synodi,
1676 4680 1795 4735 qum
1820 4666 1886 4720 ad

300 4766 541 4811 nostrum
572 4756 853 4811 concilium
875 4771 972 4826 per
996 4757 1167 4811 beatae
1190 4756 1580 4812 recordationis
1608 4757 1737 4812 olim
1758 4773 1888 4829 prm-

300 4845 641 4901 decessorem
665 4856 767 4901 tum
790 4848 1105 4913 sanctitatis,
1138 4848 1229 4917 qui
1255 4846 1514 4911 interfuit,
1545 4847 1887 4905 Cmcilianum

301 4940 611 5009 episcopum
634 4939 794 4993 allata
815 4950 959 5004 sunt,
983 4939 1082 4994 sed
1111 4948 1167 4994 et
1187 4954 1308 5009 qum
1337 4938 1526 4996 Patres
1553 4955 1616 4995 ea
1638 4943 1886 5012 exempla

300 5043 591 5104 sequentes
617 5036 703 5090 hic
731 5036 1146 5099 constituerunt,
1179 5036 1267 5090 vel
1296 5051 1438 5091 nunc
1466 5036 1739 5092 communi
1780 5044 1886 5092 tra-

300 5135 448 5181 ctatu
475 5128 775 5192 statuimus,
808 5126 890 5181 his
915 5129 1081 5198 gestis
1109 5128 1488 5184 ecclesiasticis
1532 5128 1732 5183 inserta
1774 5144 1887 5185 ma-

298 5218 524 5283 nebunt,
560 5218 633 5271 ita
679 5226 757 5284 ut,
792 5218 1245 5287 quemadmodum
1274 5221 1521 5291 superius
1549 5219 1750 5275 dictum
1774 5230 1877 5289 est,

299 5311 694 5367 venerabilibus
722 5312 849 5366 viris
878 5312 1246 5377 Antiocheam,
1276 5322 1331 5367 et
1359 5313 1756 5381 Alexandrinm,
1785 5314 1882 5370 sed

298 5408 357 5459 et
398 5400 1011 5472 Cunstantinopolitanm
1060 5400 1415 5457 Ecclesiarum
1446 5405 1712 5475 episcopis
1754 5404 1886 5460 scri-

298 5495 429 5551 bere
448 5504 629 5551 vestra
651 5496 927 5551 beatitudo
968 5495 1233 5565 dignetur,
1269 5505 1327 5549 ut
1354 5497 1683 5566 exemplaria
1712 5498 1886 5553 veris-

299 5590 433 5646 sima
448 5590 661 5645 concilii
687 5589 886 5645 Nicmni
920 5589 1018 5643 sub
1035 5588 1418 5660 astipulatione
1440 5589 1739 5644 litterarum
1761 5605 1886 5645 sua-

301 5696 418 5735 rum
438 5680 688 5750 dirigant,
714 5695 841 5750 quo,
867 5678 1137 5735 declarata
1158 5681 1404 5749 veritate,
1429 5696 1491 5735 ea
1512 5682 1745 5751 capitula
1767 5697 1886 5753 qum

301 5773 356 5828 in
384 5772 801 5837 commonitorio
831 5788 1066 5844 prmsens
1105 5772 1272 5830 frater
1307 5782 1363 5829 et
1401 5774 1753 5844 coepiscopus
1781 5790 1883 5830 no-

306 5874 417 5923 ster
455 5865 758 5931 Faustinus,
792 5866 890 5925 sed
938 5874 997 5923 et
1040 5868 1466 5938 eompresbyteri
1512 5864 1787 5936 Philippus
1830 5876 1884 5928 et

1988 1922 2145 1976 tertia
2176 1922 2284 1987 die,
2328 1921 2567 1975 ascendit
2591 1922 2643 1975 in
2674 1922 2861 1985 cmlos,
2894 1922 3048 1975 sedet
3070 1921 3139 1975 ad
3166 1921 3447 1977 dexteram
3473 1921 3576 1978 Pa-

1986 2014 2100 2077 tris,
2136 2014 2276 2067 unde
2330 2021 2589 2067 venturus
2617 2020 2701 2067 est
2750 2012 2995 2082 judicare
3025 2014 3174 2067 vivos
3214 2022 3268 2067 et
3310 2023 3575 2082 mortuos,

1986 2114 2041 2160 et
2061 2106 2113 2158 in
2143 2102 2399 2175 Spiritum
2447 2113 2711 2160 sanctum.
2743 2102 2847 2160 Eos
2876 2114 3057 2159 autem
3085 2106 3177 2173 qui
3205 2106 3407 2171 dicunt,
3443 2104 3577 2161 Erat

1986 2196 2203 2266 quando
2226 2212 2331 2251 non
2354 2205 2491 2259 erat,
2525 2205 2579 2251 et
2609 2198 2923 2267 priusquam
2954 2204 3268 2252 nasceretur
3297 2214 3405 2253 non
3433 2209 3570 2262 erat.

1987 2296 2043 2343 et
2069 2289 2194 2358 quia
2222 2303 2292 2342 ex
2320 2287 2481 2342 nullis
2522 2289 2859 2343 exstantibus
2900 2287 3076 2345 factus
3098 2298 3212 2356 est,
3245 2290 3329 2345 vel
3371 2306 3439 2345 ex
3467 2291 3574 2345 alia

1985 2381 2305 2443 substantia,
2331 2381 2571 2435 dicentes
2601 2380 2940 2447 mutabilem,
2973 2390 3028 2436 et
3049 2380 3457 2437 convertibilem
3479 2381 3571 2436 Fi-

1986 2472 2115 2526 lium
2160 2472 2275 2539 Dei,
2306 2473 2406 2527 hos
2435 2473 2856 2528 anathematizat
2883 2474 3150 2530 catholica
3186 2483 3241 2529 et
3278 2475 3573 2546 apostolica

1986 2560 2243 2619 Ecclesia.

2058 2656 2269 2711 Statuta
2290 2672 2506 2727 quoque
2531 2657 2731 2713 Nicmni
2773 2658 2985 2713 concilii
3024 2659 3076 2711 in
3106 2658 3295 2727 viginti
3325 2659 3576 2728 capitulis

1986 2750 2234 2805 similiter
2254 2751 2479 2804 recitata
2509 2758 2655 2816 sunt,
2671 2750 2812 2805 sicut
2838 2750 2892 2804 in
2917 2751 3283 2819 superioribus
3304 2749 3574 2805 iuveniun~

1988 2851 2074 2896 tur
2108 2842 2359 2911 ascripta.
2396 2839 2597 2895 Deinde
2625 2856 2745 2911 qum
2775 2842 2828 2895 in
2870 2841 3111 2897 conciliis
3136 2839 3403 2895 Africanis
3448 2856 3574 2911 pro~

1986 2933 2223 3001 mulgata
2251 2940 2394 2997 sunt,
2428 2932 2563 2986 actis
2594 2932 2943 3001 prmsentibus
2964 2932 3165 2988 inserta
3186 2940 3495 2988 noscuntur.

1992 3068 2061 3123 Ut
2113 3084 2226 3137 qua:
2268 3069 2319 3121 in
2373 3064 2593 3120 Nicwno
2637 3067 2853 3120 concilio
2898 3075 3093 3120 statuta
3122 3075 3240 3120 sunt
3277 3068 3571 3124 omnimodo

2596 3146 2974 3195 εοηεετυεηιαν.

2062 3254 2103 3309 i.
2147 3252 2389 3307 Aurelius
2413 3250 2696 3321 episcopus
2719 3249 2854 3304 dixit
2884 3268 2895 3303 :
2922 3248 3047 3304 Hmc
3082 3250 3155 3304 ita
3178 3248 3320 3319 apud
3346 3264 3447 3305 nos
3471 3251 3572 3305 ba-
3596 3273 3606 3287 κ

1990 3348 2187 3404 bentur
2198 3343 2524 3414 exemplaria
2546 3350 2869 3398 statutorum
2891 3357 3009 3411 qum
3031 3350 3158 3396 tunc
3182 3340 3368 3398 Patres
3400 3343 3571 3399 nostri

1991 3440 2059 3495 de
2093 3438 2321 3493 concilio
2360 3436 2576 3491 Nicmno
2613 3452 2794 3492 secum
2816 3436 3142 3504 detulerunt,
3164 3436 3315 3505 cujus
3345 3435 3572 3491 formam

1991 3541 2287 3595 servantes,
2322 3532 2436 3586 hmc
2473 3545 2592 3600 qum
2639 3539 2933 3602 sequentur
2961 3530 3272 3597 constituta,
3303 3530 3510 3584 ﬁrmata
3540 3545 3571 3585 a

1992 3627 2146 3681 nobis
2166 3623 2557 3680 custodientur.

2413 3733 2490 3788 De
2524 3732 2775 3788 Trinitate
2797 3734 3148 3805 praedicanda.

2062 3826 2125 3880 ll.
2171 3825 2485 3880 Universum
2511 3825 2797 3879 concilium
2828 3824 2964 3878 dixit
2996 3843 3010 3878 :
3040 3824 3152 3880 Deo
3173 3827 3428 3896 propitio,
3460 3825 3572 3897 pari

1991 3917 2359 3990 professione,
2393 3913 2523 3969 ﬁdes
2552 3914 2937 3981 ecclesiastica,
2963 3930 3082 3983 quae
3098 3930 3195 3983 per
3222 3931 3320 3971 nos
3351 3915 3576 3973 traditur

1992 4010 2046 4064 in
2068 4010 2172 4063 hoc
2200 4012 2343 4063 cmt‘u
2388 4006 2647 4075 glorioso,
2698 4005 2947 4074 primitus
2986 4004 3289 4060 conﬁtenda
3315 4017 3417 4072 est,
3451 4015 3575 4066 tunc

1990 4103 2204 4157 demum
2236 4100 2369 4156 ordo
2400 4099 2798 4154 ecclesiasticus
2836 4098 3188 4163 singulorum,
3220 4108 3274 4153 et
3305 4114 3573 4154 consensu

1991 4194 2228 4248 omnium
2259 4189 2630 4244 asservandus.
2666 4187 2743 4241 Ad
2789 4187 3219 4241 corroborandas
3260 4195 3439 4241 autem
3468 4189 3574 4241 ira-

1990 4294 2132 4340 trum
2158 4293 2211 4338 et
2240 4283 2684 4353 coepiscoporum
2742 4286 3048 4332 nostrorum
3087 4293 3259 4347 nuper
3288 4286 3567 4348 promoto-

1990 4392 2108 4432 rum
2140 4383 2364 4440 mentes,
2409 4388 2470 4427 ea
2501 4369 2848 4442 proponenda
2895 4377 3037 4433 sunt,
3086 4384 3205 4437 qum
3260 4384 3290 4422 a
3334 4368 3574 4439 patribus

1991 4477 2137 4526 certa
2187 4466 2539 4537 dispositione
2576 4462 2909 4532 accepimus,
2960 4470 3019 4515 ut
3060 4460 3357 4527 Trinitatis,
3410 4475 3574 4529 quam

1992 4560 2191 4617 nostris
2219 4556 2464 4613 sensibus
2495 4564 2869 4611 consecratam
2916 4554 3236 4619 retinemus,
3266 4551 3470 4619 Patris,
3519 4562 3575 4609 et

1990 4654 2128 4718 Filii,
2160 4661 2216 4707 et
2242 4650 2472 4720 Spiritus
2498 4650 2671 4703 sancti
2716 4648 2995 4711 unitatem,
3020 4661 3139 4716 qum
3166 4645 3365 4700 nullam
3396 4646 3573 4701 nosci-

1992 4756 2078 4803 tur
2106 4745 2305 4799 habere
2343 4740 2699 4797 diﬁ'erentiatn
2721 4779 2735 4805 ,
2770 4740 2927 4794 sicuti
2958 4740 3212 4799 dicimus.
3252 4739 3328 4791 ita
3354 4737 3449 4793 Dei
3473 4754 3572 4806 po-

1992 4838 2147 4911 pulos
2176 4838 2523 4891 instruamus.
2553 4832 2687 4889 ltem
2717 4834 2784 4887 ab
2817 4832 3079 4887 universis
3107 4832 3376 4903 episcopis
3404 4847 3574 4901 nuper

1990 4928 2253 5000 promotis
2279 4925 2478 4981 dictum
2502 4934 2615 4980 est:
2644 4924 2806 4979 Plane
2839 4925 2917 4979 sic
2946 4925 3269 4993 accepimus,
3300 4924 3377 4977 sic
3418 4931 3571 4976 tene-

1994 5037 2145 5087 mus,
2188 5020 2266 5075 sic
2308 5018 2566 5073 docemus
2607 5015 2767 5072 ﬁdem
2823 5016 3184 5084 evangelicam
3229 5029 3349 5069 cum
3393 5020 3572 5067 vestra

1996 5110 2238 5167 doctrina
2266 5116 2577 5179 sequentes.

2563 5222 2642 5277 De
2668 5224 3002 5278 continentia.

2064 5319 2151 5374 lli.
2196 5317 2447 5374 Aurelius
2494 5318 2780 5388 episcopus
2823 5317 2958 5371 dixit
2992 5334 3003 5368 :
3038 5314 3171 5369 Cum
3213 5314 3267 5368 in
3296 5316 3574 5396 prmteritq

1994 5412 2225 5469 concilio
2272 5410 2340 5465 de
2386 5409 2738 5474 continentia,
2787 5415 2843 5462 et
2893 5404 3157 5460 castitatis
3202 5402 3575 5461 moderamine

1996 5509 2335 5565 tractaretur,
2366 5500 2565 5569 gradus
2608 5497 2693 5554 isti
2736 5504 2866 5563 tres,
2893 5496 2985 5565 qui
3014 5496 3399 5553 constrictione
3436 5512 3572 5569 qua-

1992 5594 2114 5651 dam
2144 5593 2404 5649 castitatis
2444 5606 2541 5662 per
2568 5587 3003 5645 consecrationes
3054 5588 3250 5643 annexi
3280 5598 3424 5650 sunt,
3456 5588 3573 5659 epi-

1990 5702 2204 5758 scopos,
2232 5686 2466 5753 inquam,
2493 5681 2853 5752 presbyteros,
2880 5687 2936 5733 et
2955 5678 3231 5747 diaconos,
3255 5680 3329 5734 ita
3352 5679 3570 5749 placuit,

1956 5818 1965 5825 .
1991 5786 2051 5834 ut
2078 5776 2340 5833 condecet
2367 5788 2549 5828 sacros
2577 5770 2863 5837 antistites,
2893 5787 2956 5827 ac
2985 5770 3080 5828 Dei
3109 5771 3439 5835 sacerdotes,
3473 5783 3571 5823 nec

1991 5883 2103 5923 non
2122 5875 2177 5923 et
2200 5865 2412 5934 levitas,
2434 5863 2518 5918 vel
2538 5863 2632 5935 qui
2657 5863 3008 5923 sacramentis
3030 5861 3225 5944 divinis
3248 5862 3569 5927 inserviunt,

2364 5956 2369 5965 ‘
3332 5948 3363 5983 \
