4092 6348
493 349 595 407 187

1754 298 2108 381 bloavsm‘s
2143 293 2461 367 manus.

3639 287 3754 342 188

493 375 508 404 1
522 375 553 407 ο
573 375 590 404 Ι
1754 375 1853 381 __-
1868 375 1883 379 _
1899 375 1906 378 .
1927 375 1941 376 γ
1976 375 1982 377 ,

477 455 819 529 Eontiuentes
846 465 964 520 esse
993 459 1045 515 iil
1073 451 1339 520 omnibus,
1362 455 1468 520 tho
1490 445 1696 516 possint
1714 435 2054 511 simpliCitcr,
2089 430 2145 493 Α
2169 425 2246 481 De
2268 427 2346 481 his
2367 423 2452 497 qui
2475 423 2661 478 merito
2695 419 2983 540 {uariorum
3011 415 3218 536 εῗῖπιέι
3246 406 3312 461 ab
3347 403 3601 459 Ecclesia:
3621 419 3757 456 eon-

732 543 734 548 '
1082 541 1089 548 ·
1142 545 1149 548 -
1229 541 1236 544 ·
1311 540 1323 548 ·
1353 543 1374 548 ··
1459 537 1467 548 ι
1561 537 1564 540 λ
1751 526 1890 548 μ--μι
1923 531 2055 548 ηιμ
2549 528 2557 536 -
2655 505 2813 548 qreqa
2840 500 2954 541 ioue
2979 499 3040 548 pe
3085 498 3152 534 un
3213 497 3259 533 r.

486 526 627 637 quod
647 578 684 637 _a
727 543 950 614 Domino
979 541 1272 623 postillant,
1311 537 1622 626 impetrare,
1663 535 1724 588 tit
1745 526 1891 601 quod
1921 531 2057 618 apo:

484 615 944 713 gtolidocuerullt,
977 615 1032 697 ὲι
1059 641 1171 711 ipsa
1199 630 1435 690 sertavit
1456 621 1772 695 antiquitas,
1797 620 1897 676 illis
1917 615 2062 687 quo;

487 762 594 817 que
622 727 1002 799 ευὲίὸᾶἱαιῇιιε.

598 834 673 887 De
703 829 909 885 diversis
938 820 1198 878 ordinibus
1234 817 1296 870 all
1331 807 1577 867 uxoribus
1607 800 1948 860 absiinendis.

561 905 659 980 ινί
692 915 973 976 Faustinus
996 915 1277 984 episcopus
1306 897 1559 961 Ecclesiae
1597 895 1916 960 Potentiam,
1953 905 2072 962 pro-

491 1013 678 1076 vinciis
702 1006 901 1075 Piceni,
927 981 1134 1075 legatus
1160 997 1416 1056 Rbmaiial
1442 993 1712 1054 Ecclesiae,
1736 987 1872 1043 dixit
1900 986 1915 1040 ξ
1949 981 2073 1038 Pla-

491 1109 578 1170 cet
608 1117 665 1166 ut
688 1105 988 1178 episcopus;
1024 1088 1322 1169 presbyter;
1340 1099 1407 1178 et
1441 1089 1719 1150 diaconus,
1741 1081 1827 1136 Vel
1856 1077 1952 1148 qui
1981 1089 2070 1131 sa-

491 1168 764 1261 cramenta
785 1168 1144 1253 contrectant,
1157 1177 1422 1258 pudicitiae
1438 1175 1712 1242 custodes,
1735 1173 1802 1226 ab
1816 1168 2075 1225 uxoribus

474 1295 550 1360 .se
607 1287 932 1351 abstineant.
965 1270 1061 1337 Ab'
1101 1275 1365 1334 universis
1393 1267 1663 1342 episcopis
1707 1264 1906 1318 dictum
1947 1264 2068 1312 est:

495 1346 696 1447 Placet,
723 1349 784 1434 ut
804 1378 856 1432 in
885 1372 1133 1430 omnibus
1158 1364 1410 1439 pudicitia
1431 1357 1782 1420 custodiatur,
1798 1350 1889 1421 qui
1919 1346 2073 1403 altari

498 1476 814 1535 inserviunt.

1106 1555 1184 1609 De
1209 1551 1450 1606 auaritia;

583 1657 642 1714 ν.
685 1651 932 1711 Aurelius
961 1651 1246 1721 episcopus
1291 1641 1427 1696 dixit
1458 1655 1472 1690 :
1508 1631 1757 1689 Avaritiae
1792 1625 2077 1698 cupiditas,

505 1749 664 1825 (fliam
712 1753 890 1806 rerum
919 1740 1156 1800 omnium
1185 1735 1442 1790 malarum
1482 1735 1712 1782 matrem
1753 1735 1892 1784 esse,
1922 1729 2082 1772 nemo

503 1807 595 1915 ddi
620 1838 842 1903 dubitet,
873 1831 1100 1906 proinde
1159 1820 1450 1909 inhibenda
1481 1826 1583 1882 est,
1631 1828 1698 1868 ne
1718 1810 1838 1881 quis
1875 1807 2086 1861 alienos
2113 1808 2165 1871 π

686 1898 936 1998 usurpet,
965 1932 1059 1976 aut
1095 1933 1192 1989 per
1229 1905 1504 1985 praemium
1553 1904 1814 1961 terminos
1867 1898 2083 1953 Patrum

505 2019 740 2082 statutos
761 2012 1123 2072 transcendat,
1144 2022 1242 2062 nec
1263 2002 1482 2060 omnino
1497 1997 1745 2067 cuiquam
1769 1989 2086 2047 clericorum

508 2117 664 2171 libeat
705 2111 771 2166 de
810 2106 1047 2179 qualibet
1089 2111 1146 2156 re
1175 2100 1327 2154 fenus
1351 2093 1617 2163 accipere;
1641 2086 1960 2153 Quanquam
1987 2093 2102 2136 no-_

509 2204 660 2260 vellie
707 2169 1102 2270 suggestiOIles,
1143 2203 1262 2259 qua:
1308 2185 1393 2240 vel
1424 2183 1663 2238 obscurae
1689 2183 1833 2240 sunt,
1863 2170 1949 2226 vel
1990 2169 2090 2224 sub

511 2295 710 2372 genere
755 2265 946 2357 latent,
981 2290 1236 2358 inspech
1266 2293 1296 2336 a
1325 2279 1499 2344 nobis,-
1549 2275 1774 2331 i‘ormam
1803 2265 2089 2337 accipient,

514 2361 768 2450 ceterum
829 2387 895 2442 de
938 2382 1132 2454 quibus
1187 2373 1523 2446 apertissime
1577 2367 1758 2422 divina
1813 2361 2093 2430 Scriptura

515 2541 747 2644 quenda.
805 2565 1037 2622 Proinde
1087 2560 1234 2631 quod
1281 2559 1334 2612 in
1387 2554 1536 2609 laicis
1586 2546 2020 2620 reprehenditur,
2044 2541 2096 2598 id

515 2637 686 2718 multo
711 2657 877 2726 magis
900 2655 1058 2710 debet
1082 2653 1135 2706 in
1157 2647 1368 2705 clericis
1387 2639 1762 2716 prmdamnari.
1781 2637 2098 2692 Universum

518 2752 805 2811 concilium
834 2748 970 2805 dixit
999 2765 1011 2799 :
1039 2744 1208 2800 Nemo
1231 2741 1421 2796 contra
1447 2734 1766 2804 Prophetas,
1791 2743 1954 2784 nemo
1977 2739 2102 2780 con-

518 2853 602 2902 tra
621 2840 910 2910 Evangelia
941 2837 1069 2893 facit
1096 2836 1213 2890 sine
1238 2828 1499 2902 periculo.

817 2945 885 3008 Ut
906 2950 1129 3006 chrisma
1161 2947 1193 3000 ὰ
1222 2939 1532 3014 presbyteris
1560 2951 1664 2992 non
1692 2935 1804 3012 ﬁat.

595 3048 680 3104 Vl.
721 3046 1047 3102 Fortunatus
1075 3038 1361 3109 episcopus
1380 3031 1515 3086 dixit
1539 3048 1552 3084 :
1576 3028 1636 3085 in
1665 3023 1950 3098 praeteritis
1970 3036 2103 3102 con-

519 3141 659 3201 ciliis
703 3144 964 3194 statutum
995 3129 1339 3188 meminimus
1367 3139 1507 3188 esse,
1538 3129 1596 3176 ut
1623 3119 1875 3181 chrisma,
1906 3097 1991 3169 vel
2022 3127 2108 3166 re-

521 3229 828 3288 conciliatio
858 3223 1252 3296 pmnitentiuln,
1284 3232 1383 3271 nec
1424 3229 1530 3267 non
1567 3218 1622 3265 et
1649 3207 1953 3278 puellarum
1975 3219 2108 3258 con-

521 3320 754 3381 secratio
811 3334 841 3372 a
900 3311 1229 3386 presbyteris
1284 3322 1391 3360 non
1450 3304 1622 3356 liant:
1665 3299 1709 3352 si
1757 3296 1876 3366 quis
1925 3301 2105 3368 autem

524 3409 811 3471 emerserit
835 3407 941 3462 hoc
991 3366 1214 3463 faciens,
1267 3393 1394 3466 quid
1423 3392 1489 3446 de
1531 3405 1602 3469 eo
1629 3374 1975 3470 statuendum
2005 3366 2107 3436 sit?

525 3501 776 3562 Atrelius
822 3498 1108 3567 episcOpus
1159 3489 1292 3544 dixit
1340 3505 1352 3540 :
1385 3482 1625 3563 ‘Audivit
1661 3477 1898 3546 dignatio
1927 3483 2109 3529 vestra

525 3562 923 3662 suggestionem
953 3562 1132 3638 fratris
1159 3589 1214 3634 et
1242 3562 1552 3645 coepiscopi
1582 3568 1750 3624 nostri
1784 3562 2062 3622 Fortunati
2092 3579 2105 3627 ;

527 3655 656 3756 quid
683 3681 750 3735 ad
780 3680 893 3733 haec
941 3673 1153 3729 dicitis?
1186 3669 1265 3722 Ab
1305 3663 1566 3721 universis
1610 3657 1879 3730 episcopis
1907 3655 2109 3710 dictum

527 3783 612 3832 est
642 3791 656 3826 :
681 3769 938 3827 Chrismas
966 3759 1252 3823 confectio,
1279 3765 1333 3812 et
1359 3747 1658 3826 puellarum
1688 3746 2046 3810 consecratio,
2078 3760 2110 3799 a

528 3857 857 3940 presbyteris
888 3874 995 3913 non
1026 3855 1117 3930 fiat
1139 3895 1153 3916 ,
1205 3851 1289 3905 vel
1321 3833 1674 3903 reconciliare
1703 3843 2028 3911 quemquam
2060 3837 2112 3890 in

530 3927 744 4030 publica
773 3953 932 4007 missa
963 3927 1278 4021 presbytero
1325 3957 1430 3995 non
1478 3937 1659 4002 licere,
1713 3935 1818 3989 hoc
1868 3927 2114 3987 omnibils

531 4037 726 4120 placet.

665 4208 669 4214 _
697 4127 776 4191 De
802 4137 880 4189 his
906 4133 992 4205 qui
1021 4132 1073 4186 in
1096 4127 1323 4199 periculo
1346 4123 1498 4197 positi
1522 4105 1943 4176 reconciliantur.

607 4208 716 4284 illi.
759 4213 1006 4281 Aurelius
1034 4219 1322 4299 episcopus
1351 4215 1486 4272 dixit
1513 4233 1524 4267 :
1554 4211 1611 4268 Si
1635 4211 1916 4282 quisquam
1940 4207 1992 4262 in
2024 4217 2119 4276 pe-

533 4309 708 4379 riculo
747 4311 922 4373 fuerit
975 4295 1329 4375 constitutus,
1371 4315 1428 4364 et
1456 4322 1514 4362 se
1543 4297 1895 4359 reconciliare
1925 4295 2120 4353 divinis

540 4399 797 4468 altaribus
841 4407 1075 4477 petierit,
1118 4404 1163 4458 si
1199 4401 1485 4473 episcopus
1514 4397 1708 4452 absens
1737 4393 1916 4457 fuerit,
1963 4387 2123 4445 debet

537 4489 720 4578 utique
748 4489 1029 4569 presbyter
1057 4490 1339 4548 consulere
1368 4487 1700 4558 episcopum,
1753 4491 1806 4537 et
1853 4480 1931 4537 sic
1981 4479 2122 4550 peri-

2549 528 2557 536 -
2655 481 2954 562 gregatione
2974 481 3259 571 pelluntur.

2234 606 2327 662 IX.
2371 605 2702 674 Augustinus
2731 599 3037 670 episcopus,
3069 594 3278 662 legatus
3320 588 3611 660 provinciae
3637 586 3760 641 Nu-

2166 699 2368 764 midia,
2399 697 2534 753 dixit
2565 712 2579 749 :
2610 693 2727 749 Hoc
2747 698 2984 746 statuere
3011 683 3324 754 dignemini,
3346 690 3404 735 lit
3428 680 3474 738 si
3500 678 3592 748 qui
3615 675 3764 732 forte

2167 790 2362 847 merito
2392 787 2690 843 facinorum
2716 796 2936 839 suorum
2977 778 3046 832 ab
3073 775 3315 832 Ecclesia
3348 771 3487 843 pulsi
3532 777 3673 832 sunt,
3699 775 3768 822 et

2168 885 2282 941 sive
2310 884 2377 938 ab
2419 867 2606 951 aliquo.
2629 877 2888 948 episcopo
2907 914 2922 938 ,
2972 871 3058 926 vel
3084 869 3401 940 presbytero
3457 861 3653 917 fuerint
3702 857 3768 912 in

2172 974 2555 1031 communione
2603 967 2856 1036 suscepti,
2893 965 3057 1019 etiam
3107 962 3222 1030 ipse
3251 958 3366 1028 pari
3395 970 3518 1012 cum
3547 955 3627 1009 eis
3651 951 3768 1006 cri-

2174 1065 2318 1121 mine
2347 1069 2594 1118 teneattlr
2616 1055 2905 1120 obnoxius,
2935 1052 3264 1121 refugientes
3291 1047 3374 1103 sui
3403 1043 3644 1116 epiScopi
3673 1056 3770 1094 re-

2175 1158 2361 1229 gulare
2396 1153 2676 1224 judicium.
2713 1144 2793 1203 Ab
2823 1145 3087 1202 universis
3114 1139 3380 1212 episcopis
3407 1137 3606 1192 dictum
3635 1139 3720 1187 est
3749 1148 3765 1182 :

2175 1246 2436 1307 Omnibus
2456 1244 2652 1316 placet.

2222 1357 2296 1412 De
2344 1352 2658 1429 presbyteris
2711 1352 2796 1424 qui
2856 1361 2887 1402 tt
2936 1344 3162 1428 prppril‘s
3223 1339 3571 1408 corripiuntur
3615 1333 3726 1402 epi-

2877 1432 3066 1487 scopis.

2254 1520 2318 1576 li;
2362 1517 2582 1590 Alypius
2607 1516 2915 1586 episcopus,
2948 1510 3155 1579 legatus
3185 1501 3476 1576 provincia:
3505 1497 3772 1554 Numidiae

2182 1616 2316 1672 dixit
2341 1629 2356 1666 :
2389 1589 2499 1667 Nec
2519 1609 2650 1665 illud
2671 1601 3188 1678 praetermittendum
3211 1606 3314 1660 est,
3337 1603 3397 1649 ut
3424 1594 3469 1647 si
3489 1591 3608 1662 quis
3628 1589 3777 1644 forte

2182 1707 2465 1777 presbyter
2487 1703 2552 1756 ab
2576 1701 2831 1771 episcopo
2856 1701 2955 1751 suo
2976 1698 3276 1761 correptus,-
3305 1696 3538 1748 tumore,
3565 1680 3652 1735 vel
3679 1695 3774 1734 su-

2187 1769 2372 1868 perbid
2402 1769 2626 1848 inﬂatus
2642 1786 2914 1861 putaverit
2940 1781 3234 1854 separatim
3264 1774 3525 1834 sacrificia
3549 1772 3660 1826 Deo
3688 1769 3780 1823 of-

2190 1861 2426 1951 ferenda,
2452 1885 2536 1938 vel
2563 1881 2707 1937 aliud
2729 1876 3045 1946 erigendum
3067 1873 3258 1938 altare,
3288 1875 3478 1924 contra
3509 1861 3774 1919 ecclesia-

2189 1986 2376 2042 sticam
2407 1980 2585 2044 ﬁdem,
2617 1977 2700 2032 vel
2752 1972 3108 2043 disciplinam,
3135 1952 3448 2030 crediderit;
3479 1974 3586 2014 non
3614 1962 3782 2011 exeat

2190 2073 2502 2146 impunitus.
2518 2069 2834 2132 Valentinus
2856 2064 3040 2135 prima;
3065 2059 3209 2116 sedis
3221 2053 3509 2128 provinciae
3521 2049 3784 2105 Numidiae

2191 2137 2330 2223 dixit
2371 2160 2725 2218 :Necessario
2778 2153 3069 2224 disciplina:
3121 2146 3499 2204 ecclesiasticae
3543 2148 3600 2196 et
3653 2137 3786 2192 ﬁdei

2194 2255 2430 2323 congrua
2473 2258 2616 2315 sunt,
2645 2263 2764 2319 qua:
2809 2245 2974 2300 frater
3002 2249 3184 2296 noster
3214 2235 3436 2307 Alypius
3464 2238 3790 2304 prosecutus

2197 2360 2309 2418 est;
2350 2347 2578 2421 proinde
2597 2343 2725 2416 quid
2748 2341 2993 2396 videatur
3011 2343 3207 2390 vestras
3233 2328 3532 2390 dilectioni;
3564 2324 3784 2382 edicite.

2069 2479 2094 2490 '
2199 2468 2260 2524 Si
2307 2467 2418 2538 quis
2468 2458 2730 2538 presbyter
2781 2461 2985 2538 centra“
3029 2451 3322 2538 episclzpum
3371 2457 3521 2538 suum
3573 2438 3790 2508 inﬂatus

2561 2516 2783 2584 scllisma
2812 2525 3019 2597 fecerit,
3043 2516 3320 2574 anathema
3341 2516 3424 2570 sit.

2271 2639 2362 2705 ll.
2405 2647 2485 2702 Ab‘
2543 2642 2804 2700 universis
2857 2633 3126 2707 episcopis
3155 2632 3356 2686 diutum
3396 2633 3479 2679 est
3513 2641 3524 2675 :
3557 2622 3615 2676 Si
3666 2619 3794 2688 quis

2205 2745 2488 2816 presbyter
2515 2754 2544 2791 a
2577 2733 2865 2806 prmposito
2912 2743 3011 2783 suo
3059 2729 3343 2789 correptus
3399 2713 3576 2770 fuerit.
3629 2711 3796 2765 debet

2207 2804 2394 2904 ntique
2439 2804 2591 2902 apud
2610 2826 2816 2881 vicinos
2843 2821 3130 2892 epiScopos
3171 2810 3452 2881 conqueri,
3482 2817 3540 2861 ut
3566 2808 3633 2860 ab
3664 2804 3796 2874 ipsis

2209 2898 2323 2997 eius
2349 2898 2509 2980 causa
2539 2918 2708 2991 possit
2737 2913 2928 2978 a'tl‘diri,
2960 2917 3025 2966 ac
3073 2923 3169 2978 per
3213 2907 3360 2975 ipsos
3387 2916 3487 2956 suo
3535 2898 3799 2968 episcopo

2205 2987 2592 3084 reconciliari:
2627 3008 2770 3081 quod
2800 3005 2898 3062 nisi
2932 3002 3137 3067 fecerit,
3169 2999 3263 3055 sed
3294 2995 3560 3065 superbia
3602 2993 3619 3062 (
3650 2987 3800 3060 quod

2211 3107 2370 3175 absit)
2400 3104 2612 3160 iiiilatu's
2640 3094 3032 3156 secernendum
3068 3103 3127 3147 se
3155 3091 3222 3144 ab
3251 3086 3487 3158 episcopi
3515 3085 3598 3138 sui
3646 3095 3802 3135 com-

2137 3189 2184 3253 0
2214 3173 2467 3256 munione
2496 3194 2730 3255 duxerit;
2761 3207 2824 3246 ac
2844 3186 3155 3259 separatim,
3179 3189 3300 3236 cum
3333 3177 3602 3247 aliquibus
3629 3173 3803 3227 schis-

2213 3291 2298 3348 sila
2337 3290 2558 3352 faciens,
2590 3281 2916 3340 sacrificium
2941 3279 3053 3333 Deo
3082 3271 3360 3338 obtulerit,
3391 3268 3676 3323 anathema
3697 3265 3802 3318 ba-

2212 3383 2420 3444 beatur,
2455 3381 2511 3433 et
2540 3373 2719 3431 Iocuiil
2740 3373 2990 3435 amittat;
3017 3377 3081 3423 ac
3109 3366 3154 3421 si
3183 3360 3576 3433 querimoniam
3598 3357 3803 3425 justam

2213 3473 2467 3528 adversus
2490 3463 2806 3539 episcOpurn
2837 3475 2948 3517 non
2972 3456 3238 3517 habuerit,
3265 3448 3642 3520 inquirendum
3671 3446 3801 3500 erit.

2216 3577 2274 3640 Si
2303 3583 2414 3656 quis
2450 3582 2728 3656 episwpu‘s
2778 3573 2968 3656 absque
2982 3579 3229 3656 “tempore
3259 3561 3473 3656 synodi
3509 3563 3562 3613 in
3591 3559 3806 3618 crimine

2426 3635 2662 3706 detentus
2686 3647 2862 3718 fuerit,
2883 3635 2926 3696 ἀ
2950 3641 3017 3695 12
3044 3635 3295 3710 episcopis:
3325 3635 3584 3688 audiatur.

2286 3749 2399 3820 Xll.
2439 3761 2591 3818 Felix
2630 3758 2920 3830 episcopus
2967 3749 3144 3830 dixit:
3198 3747 3457 3816 Suggere,
3510 3739 3804 3797 secundum

2217 3857 2419 3913 statuta
2452 3826 2696 3908 veterum”
2723 3826 3099 3905 conciliorum,
3158 3845 3217 3894 lit
3265 3836 3309 3891 si
3360 3835 3481 3904 quis
3520 3833 3807 3902 cpiscupds

2219 3943 2384 4020 (quod
2416 3960 2523 4000 non
2568 3937 2849 4012 optamus)
2881 3938 2934 3992 in
2983 3941 3192 3989 reatum
3239 3925 3468 3996 aliquem
3500 3921 3804 3984 incurrerit,

2219 4033 2275 4096 et
2303 4035 2464 4092 fuerit
2495 4035 2544 4089 ei
2576 4033 2737 4087 nimia
2764 4028 3058 4085 necessitas
3088 4039 3195 4079 non
3219 4033 3379 4092 posse
3401 4017 3662 4088 pluri'lllos
3684 4015 3810 4074 clin-

2219 4135 2484 4204 g'regare,
2540 4139 2606 4183 ne
2663 4126 2715 4180 ill
2758 4123 2982 4204 crimine
3031 4123 3329 4180 remaneat,
3364 4123 3392 4167 a
3429 4110 3494 4164 i2
3544 4108 3809 4179 episcopis

2226 4199 2498 4288 audiatur,
2546 4217 2601 4276 et
2646 4201 2926 4289 presbyter
2952 4227 2981 4268 a
3009 4228 3104 4267 sex
3143 4205 3414 4279 episcopis
3441 4217 3562 4257 cuin
3592 4199 3813 4271 proprii)

2222 4313 2321 4369 suo
2351 4313 2607 4383 episcopo
2639 4305 2906 4369 audiatur,
2941 4309 2994 4358 et
3024 4299 3280 4355 diaconus
3315 4311 3344 4349 a
3375 4289 3563 4348 tribus.

2231 4421 2297 4482 Ut
2346 4444 2447 4481 nou
2480 4426 2629 4479 liceat
2674 4421 2968 4494 episcopum
3007 4417 3107 4494 nisi
3156 4433 3186 4466 α
3239 4403 3811 4494 plurimispordiitdri;

2297 4475 2454 4551 sedvsi
2482 4475 2774 4548 necessitas
2805 4475 2976 4553 fuerit,
3009 4487 3086 4541 vet
3136 4502 3166 4538 α
3199 4475 3358 4536 tribus
3395 4479 3663 4533 ordinetur
3694 4475 3808 4543 epi-

538 4573 815 4648 elitalltem
845 4563 960 4660 ejus
999 4583 1266 4660 praecepto
1294 4576 1671 4642 reconciliare;
1696 4575 1857 4643 quain
1878 4581 1992 4627 rem
2023 4569 2121 4625 de-
2147 4563 2201 4625 ι)
2297 4569 2486 4638 scopis.

539 4686 728 4740 bemus
757 4655 959 4734 salubri
987 4655 1217 4732 consilio
1265 4670 1540 4726 roborare.
1575 4665 1654 4752 Ab
1701 4663 1966 4720 universis
2007 4661 2120 4732 epi-

539 4773 718 4845 scopis
748 4769 947 4827 dictum
976 4777 1058 4824 est
1091 4784 1102 4819 :
1127 4762 1312 4819 Placet
1367 4757 1509 4832 quod
1540 4757 1796 4814 sanctitas
1814 4761 1992 4810 vestra
2022 4755 2118 4807 ne-

542 4864 777 4924 cessario
797 4877 896 4917 nos
926 4861 1192 4915 instruere
1211 4853 1424 4923 dignata
1448 4857 1548 4907 est.

543 4980 624 5038 De
669 4979 746 5033 his
783 4976 870 5049 qui
916 4976 970 5029 in
1001 4970 1387 5049 accusationem
1409 4965 1623 5049 majoris
1655 4971 1778 5018 natu
1809 4962 2050 5025 ueniunt;
2074 4963 2123 5014 et

686 5060 741 5103 ut
769 5034 1059 5118 episcopum
1086 5036 1213 5094 nulli
1241 5034 1516 5092 criminose
1546 5034 1697 5089 liceat
1718 5037 1980 5087 accusare.

621 5142 750 5198 Vill.
791 5108 1070 5194 Numidius
1099 5133 1384 5203 episcopus
1406 5117 1764 5182 Maxulitantis
1783 5115 1918 5179 dixit
1944 5141 1957 5176 :
1982 5108 2125 5177 Pric-

549 5247 697 5292 terea
719 5240 847 5290 sunt
861 5223 1242 5300 quamplurilni
1263 5226 1369 5276 non
1393 5221 1546 5277 bona:
1568 5215 2013 5278 conversationis,
2038 5213 2128 5282 qui

550 5319 860 5386 ’eiistiliiant
880 5321 1113 5393 majores
1137 5325 1285 5380 natu,
1317 5315 1401 5370 vel
1430 5313 1731 5384 episcopos;
1760 5309 1958 5381 passim
1979 5321 2133 5376 vage-

553 5429 658 5488 que
685 5416 738 5471 ili
787 5411 1187 5471 accusationem
1226 5405 1548 5479 pulsandos;
1575 5403 1772 5459 debent
1819 5410 1927 5456 tam
1977 5400 2131 5456 facile

557 5504 792 5572 admitti,
843 5505 1047 5560 necne?
1088 5501 1336 5558 Aurelius
1384 5498 1670 5568 episcopus
1723 5493 1904 5548 dixit:
1952 5492 2131 5546 Placet

555 5601 716 5672 igitur
743 5597 991 5657 charitati
1016 5603 1208 5650 Vestrae
1237 5599 1294 5646 ut
1347 5592 1391 5645 is
1435 5589 1526 5660 qui
1553 5585 1817 5667 aliquibus
1842 5583 2133 5639 sceleribus

557 5691 798 5750 irretitus
847 5693 930 5744 at
959 5697 1145 5743 vocem
1170 5684 1427 5740 adversus
1455 5662 1732 5749 majorem
1762 5683 1888 5732 natu
1917 5688 2024 5731 non
2047 5674 2136 5729 lla-

557 5787 683 5844 beat
711 5780 1014 5840 accusandi.
1045 5777 1125 5834 Ab
1175 5775 1435 5834 universis
1481 5773 1753 5845 episcopis
1773 5770 1974 5826 dictum
2002 5778 2085 5825 est
2116 5789 2128 5822 :

557 5877 620 5943 δι
645 5877 962 5950 criminosus
987 5879 1091 5959 est,
1120 5885 1230 5929 non
1252 5868 1584 5931 admittatur,
1615 5863 1811 5956 placet.

2300 4633 2436 4713 xui.
2463 4655 2713 4710 Aurelius
2754 4652 3045 4721 episcopus
3067 4645 3240 4700 dixit:
3273 4640 3409 4708 Quid
3438 4637 3506 4694 ad
3552 4637 3666 4691 haec
3687 4633 3817 4688 dicit

2227 4753 2486 4810 sanctitas
2507 4746 2728 4803 vestra?
2752 4745 2832 4799 All
2861 4741 3129 4798 universis
3157 4735 3427 4808 episcopis
3463 4731 3662 4786 dictum
3692 4736 3812 4783 est:

2231 4848 2276 4902 A
2295 4835 2453 4901 nobis
2482 4843 2725 4897 Veterum
2768 4843 2973 4893 statuta
2996 4833 3194 4888 debere
3217 4826 3442 4891 servari,
3476 4823 3630 4880 sicuti
3657 4831 3712 4875 et
3731 4820 3816 4874 in-

2230 4935 2476 4994 consulto
2499 4931 2729 5002 primate
2753 4925 3042 4996 cujuslibet
3070 4917 3382 4992 provincia),
3405 4923 3516 4970 tam
3542 4910 3696 4966 facile
3708 4923 3817 4963 non

2235 5030 2563 5101 praesumant
2591 5019 2743 5075 multi
2772 5013 3083 5083 congregati
3109 5007 3351 5081 episcopi
3381 5005 3692 5074 episcopum
3722 5014 3815 5052 or-

2235 5091 2423 5174 dinare
2443 5131 2458 5167 :
2475 5111 2576 5167 nisi
2593 5107 2686 5183 LF.
2704 5106 2850 5178 quod
2877 5102 2947 5174 si]
2969 5101 3260 5158 necessitas
3282 5095 3461 5162 fuerit,
3479 5102 3591 5146 tres
3618 5091 3819 5160 episco-

2240 5211 2323 5281 pi,
2357 5209 2410 5261 in
2440 5180 2764 5274 quocunque
2792 5198 2915 5254 loco
2959 5195 3084 5258 sint,
3110 5191 3227 5260 ejus
3273 5192 3540 5259 pnecepm
3571 5180 3816 5235 ordinare

2239 5302 2509 5358 debebunt
2549 5296 2892 5365 episcopum;
2933 5297 2989 5345 et
3035 5287 3080 5341 si
3108 5286 3228 5355 quis
3274 5287 3464 5338 contra
3493 5291 3643 5330 suam
3693 5288 3820 5342 pro-

2240 5395 2549 5452 iussionem,
2583 5388 2670 5443 vel
2696 5383 3145 5454 subscriptionem
3169 5374 3377 5432 venerit
3397 5374 3449 5427 in
3472 5370 3675 5438 aliquo,
3707 5367 3817 5436 ipse

2239 5499 2298 5542 se
2327 5487 2534 5540 honore
2563 5477 2812 5552 privabit.

2247 5593 2312 5656 Ut
2342 5592 2403 5653 de
2429 5593 2625 5662 Tripoli
2655 5609 2786 5646 unus
2825 5590 3092 5662 episcopus
3139 5587 3193 5638 in
3221 5578 3529 5662 legationem
3556 5573 3742 5662 leniat,
3771 5577 3818 5620 et

2315 5645 2869 5741 u'tvpl—“es'duteribiden't
2900 5678 2932 5714 a
2958 5645 3179 5731 quinque
3206 5645 3458 5723 episcopis
3489 5645 3748 5700 audiatur.

2318 5736 2452 5820 xlv.
2493 5736 2625 5817 nam
2675 5756 2879 5831 placuit
2920 5754 2987 5809 ile
3040 5749 3270 5821 Tripoli,
3319 5752 3537 5817 propter
3587 5736 3816 5815 inppiam

2249 5856 2539 5940 provincia
2590 5868 2726 5910 unus
2763 5849 3049 5940 episcopus
3089 5846 3144 5902 in
3172 5840 3497 5916 legationem
3524 5833 3728 5912 veniat,
3765 5834 3822 5896 et
