4092 6348
516 338 609 393 tsi
1794 300 2147 384 ntoussms
2185 321 2509 380 exnauus.

3719 324 3831 381 133

517 466 666 525 sunt,
708 454 918 512 etiamsi
958 450 1339 522 consanguinei
1392 448 1609 513 fuerint,
1659 461 1754 517 per
1782 445 2104 501 donationes
2132 450 2186 507 Α
2210 440 2454 495 ﬁdelibus
2481 439 3033 515 laicis,_tmponatur;
3067 455 3245 513 neque
3270 443 3737 514 permittendum,
3768 455 3829 503 ut

518 565 702 607 rerum
730 562 971 611 suarum,
1001 542 1237 617 episcOpi
1259 540 1344 596 vel
1374 539 1557 596 clerici
1586 538 1719 594 nihil
1747 539 2041 593 conferant.

690 640 760 696 Ut
786 640 1009 711 episcopi
1041 647 1183 691 trans
1212 650 1355 689 mare
1383 649 1487 688 non
1516 632 1932 703 proﬁciscantur.

595 732 776 792 XXIII.
801 731 935 788 Item
976 739 1035 786 ut
1084 728 1322 800 episcopi
1369 736 1517 783 trans
1543 741 1694 781 mare
1738 740 1844 779 non
1887 722 2104 793 proﬁci-

518 838 759 893 scantur,
791 827 895 883 nisi
918 826 1167 882 consulto
1195 824 1382 895 prima:
1420 822 1564 878 sedis
1589 822 1844 891 episcopo
1870 833 1982 874 sua:
2003 833 2103 873 cu-

519 927 709 999 Iusque
738 921 1029 994 provincia:
1051 959 1069 987 ,
1103 927 1162 974 ut
1187 919 1254 974 ab
1281 934 1349 974 eo
1369 916 1637 989 pramipue
1661 914 1871 986 possint
1893 925 2107 981 sumere

521 1010 806 1073 fortunatam
830 1015 919 1070 vel
946 1011 1493 1069 commendationem.

524 1128 592 1191 Ut
628 1138 818 1201 printer
843 1128 1147 1199 Scripturas
1171 1140 1450 1180 cananrcas
1488 1120 1621 1176 nihil
1656 1121 1712 1173 in
1752 1117 1987 1173 Ecclesia
2016 1115 2101 1187 le-

1231 1206 1403 1270 gatur.
1456 1236 1465 1246 .

593 1313 779 1371 XXIV.
809 1313 942 1367 Item
965 1319 1025 1366 ut
1047 1318 1243 1382 praeter
1262 1306 1568 1378 Scripturas
1591 1303 1880 1361 canonicas
1900 1299 2030 1357 nihil
2050 1300 2107 1354 in

522 1407 761 1463 Ecclesia
786 1406 994 1477 legatur
1014 1403 1113 1459 sub
1140 1401 1357 1455 nomine
1375 1399 1675 1454 divinarum
1689 1395 2107 1467 Scripturarum.

523 1501 661 1557 Sunt
689 1508 868 1554 autem
890 1496 1167 1552 canonica:
1188 1493 1505 1563 Scriptum,
1524 1488 1575 1544 id
1598 1497 1682 1544 est.
1700 1485 1945 1550 Genesis,
1977 1483 2113 1539 Exo-

522 1592 641 1657 dus,
666 1589 951 1652 Leviticus,
982 1585 1221 1650 Numeri,
1252 1580 1753 1646 Deuteronomium,
1783 1576 1913 1632 Jcsu
1940 1573 2107 1640 Nave,

521 1681 785 1745 Iudicum,
832 1677 996 1744 Ruth,
1030 1676 1237 1745 Regum
1268 1673 1389 1729 libri
1420 1670 1471 1737 4,
1505 1670 1956 1739 Paralipomenon
1990 1663 2112 1719 libri

521 1776 578 1841 2,
606 1773 727 1838 Job,
762 1772 1103 1834 Psalterium,
1142 1766 1450 1823 Salomonis
1481 1764 1600 1819 libri
1629 1762 1682 1829 5,
1730 1760 1851 1815 libri
1892 1758 1960 1811 1‘2
1980 1757 2114 1812 Pro—

522 1869 829 1939 phetarum,
854 1865 1040 1929 Isaias,
1082 1860 1364 1927 Jeremias,
1412 1856 1683 1921 Ezechiel,
1720 1852 1926 1917 Daniel,
1966 1850 2109 1904 Tho-

524 1960 660 2023 bias,
691 1957 889 2025 Iudith,
904 1956 1115 2021 Esther,
1136 1951 1321 2008 Esdrai
1340 1951 1461 2007 libri
1471 1952 1526 2014 Ξ,
1542 1947 1971 2013 Machabteorum
1989 1944 2111 1998 libri

524 2051 560 2106 2
585 2068 599 2117 ;
628 2049 761 2121 Novi
795 2047 1125 2104 Testamenti
1154 2064 1166 2099 :
1194 2043 1602 2114 Evangeliorum
1634 2040 1754 2096 libri
1799 2039 1853 2105 4,
1885 2037 2110 2092 Actuum

531 2143 899 2214 apostolorum
953 2141 1089 2196 liber
1136 2155 1293 2204 unus,
1347 2136 1606 2207 Epistolas
1652 2132 1804 2187 Pauli
1836 2131 1924 2199 14,
1968 2130 2113 2185 Petri

532 2236 763 2307 apostoli
792 2235 846 2299 2,
896 2232 1117 2290 Joannis
1164 2231 1395 2304 apostoli
1424 2230 1478 2296 ‘5,
1521 2228 1707 2284 Jacobi
1733 2226 1964 2297 apostoli
1987 2240 2109 2290 una,

525 2329 677 2389 Iudae
716 2328 949 2400 apostoli
997 2343 1121 2396 una,
1156 2325 1508 2399 Apocalypsis
1527 2322 1749 2378 Joannis
1779 2322 1913 2376 liber
1953 2334 2109 2374 unus.

528 2421 642 2478 Hoc
671 2425 833 2478 etiam
877 2420 1027 2476 fratri
1073 2427 1131 2475 et
1175 2415 1549 2474 consacerdoti
1597 2422 1782 2470 nostro
1812 2410 2110 2476 Bonifacio,

528 2514 614 2571 vel
641 2514 759 2570 aliis
787 2528 974 2569 earum
1019 2511 1250 2583 partium
1279 2507 1548 2579 episcopis
1594 2520 1695 2577 pro
1741 2500 2114 2559 conﬁrmando

529 2608 634 2663 isto
664 2622 873 2663 canone
902 2606 1225 2665 innotescat,
1273 2601 1401 2672 quia
1430 2615 1461 2655 a
1491 2597 1743 2655 Patribus
1770 2597 1874 2652 ista
1900 2594 2112 2665 accepi-

532 2714 650 2754 mus
680 2698 734 2753 in
757 2696 996 2753 Ecclesia
1026 2694 1272 2766 legenda.

529 2814 608 2869 De
647 2815 933 2885 episcopis,
976 2813 1053 2867 vel
1094 2810 1415 2884 sequentibus
1458 2806 1726 2885 ordinibus
1745 2844 1760 2869 ,
1798 2804 1897 2885 ¹ιιιιὶ
1938 2818 2115 2885 sacro.

604 2871 1073 2955 sanctamtysteria
1120 2871 1476 2944 contrectant,
1520 2878 1718 2949 placuit
1758 2871 1834 2928 ab'
1868 2871 2114 2928 uxoribus

603 2957 874 3012 contineri.

602 3068 760 3125 XXV.
793 3068 1046 3125 Aurelius
1082 3068 1367 3139 episcopus
1414 3064 1585 3121 dixit:
1612 3063 1891 3128 Addimus,
1921 3062 2116 3116 fratres

528 3161 849 3227 charissimi,
868 3168 1149 3231 praeterea,
1172 3175 1293 3215 cum
1315 3159 1382 3214 de
1402 3156 1755 3227 quorumdam
1769 3154 2109 3214 clericorum,

527 3252 773 3324 quamvis
796 3252 1079 3313 lectorum,
1109 3264 1233 3319 erga
1265 3264 1463 3304 uxores
1486 3246 1733 3317 proprias
1782 3243 2117 3299 iucontinen-
2143 3226 2188 3289 Ο
2222 3282 2283 3338 εἰ

529 3347 603 3401 tia
633 3343 945 3411 referretur,
990 3341 1208 3413 placuit,
1253 3339 1397 3411 quod
1418 3347 1474 3393 et
1519 3339 1574 3393 in
1603 3335 1829 3392 diversis
1874 3333 2116 3389 conciliis

530 3434 797 3490 ﬁrmatum
824 3442 931 3500 est,
961 3442 1021 3487 ut
1040 3431 1376 3495 subdiaconi,
1404 3430 1496 3499 qui
1524 3443 1676 3487 sacra
1702 3427 1957 3500 mysteria
1985 3441 2115 3481 con-

530 3533 783 3593 trectant,
826 3532 883 3579 et
909 3523 1141 3588 diaconi,
1174 3521 1492 3599 presbyteri,
1519 3519 1613 3577 sed
1644 3528 1700 3575 et
1736 3518 1995 3590 episcopi,
2026 3532 2115 3572 se-

532 3617 768 3673 cundum
797 3615 1014 3687 propria
1042 3621 1263 3681 statuta,
1313 3613 1473 3668 etiam
1503 3613 1571 3669 ab
1598 3612 1856 3667 uxoribus
1899 3625 1958 3665 se
1987 3625 2117 3665 con-

532 3710 758 3775 tineant,
799 3716 858 3763 ut
896 3716 1152 3779 tanquam
1182 3722 1291 3762 non
1340 3706 1605 3762 habentes
1647 3704 1931 3759 videantur
1956 3715 2112 3757 esse:

531 3802 675 3869 quod
701 3800 802 3856 nisi
830 3799 1078 3865 fecerint,
1108 3799 1177 3853 ab
1203 3797 1570 3854 ecclesiastico
1598 3803 1978 3852 removeantur
2005 3792 2118 3849 ofﬁc

531 3895 636 3950 cio.
688 3892 925 3948 Caeteros
963 3900 1143 3947 autem
1184 3891 1411 3946 clericos
1440 3889 1508 3943 al
1546 3888 1651 3944 hoc
1680 3904 1787 3943 non
1830 3887 1973 3956 cogi,
2016 3886 2115 3941 nisi

530 3985 812 4039 maturiori
850 3994 1027 4040 aetate.
1083 3984 1163 4038 Ab
1192 3984 1446 4039 universo
1493 3982 1725 4040 concilio
1754 3980 1959 4036 dictum
1991 3987 2112 4035 est:

528 4073 660 4142 Quae
683 4085 860 4131 vestra
886 4076 1145 4133 sanctitas
1170 4084 1254 4132 est
1275 4075 1419 4147 juste
1441 4074 1719 4131 moderata
1749 4080 1803 4129 et
1825 4080 2032 4140 sancta,
2062 4080 2117 4128 et

528 4169 642 4231 Deo
671 4171 868 4242 placita
890 4181 1036 4240 sunt,
1065 4171 1469 4228 conﬁrmamus.

851 4284 919 4340 Ut
947 4301 1027 4339 res
1055 4284 1307 4340 Ecclesia:
1332 4301 1483 4340 nemo
1513 4284 1791 4339 distrahat.

600 4398 784 4454 XXVI.
819 4398 952 4454 Item
1001 4400 1203 4469 placuit
1250 4406 1309 4452 ut
1360 4414 1475 4453 rem
1504 4398 1755 4454 Ecclesiae
1790 4414 1951 4454 nemo
1977 4414 2110 4455 ven-

529 4488 623 4542 dat
647 4503 660 4539 :
694 4487 837 4557 quod
865 4489 910 4543 si
939 4488 1179 4544 redditus
1201 4504 1308 4542 non
1340 4488 1523 4552 habet,
1554 4497 1607 4542 et
1632 4490 1807 4559 aliqua
1838 4490 1999 4544 nimia
2028 4506 2116 4545 ne-

2210 531 2527 601 rebaptizati
2555 530 2624 586 ad
2651 531 2936 588 clericatus
2961 532 3182 602 gradum
3209 548 3671 606 promoveantur.

2210 644 2503 719 Presbyteri
2526 646 2751 719 diaconi,
2784 646 2860 701 vel
2889 647 3083 719 clerici,
3113 650 3199 719 qui
3227 665 3386 704 causa
3416 668 3511 706 sua
3538 654 3616 708 ad
3645 664 3826 712 trans-

2528 718 2814 799 putaverint
2847 717 3245 789 appellandum,
3286 723 3342 775 in
3380 727 3819 785 communionem

2280 804 2489 842 minime
2513 798 2881 859 suscipiantur.

2280 901 2511 958 XXVIII.
2556 901 2689 958 Item
2722 904 2925 974 placuit
2972 914 3033 959 ut
3080 908 3405 980 presbyteri,
3446 866 3700 981 diaconi,
3734 918 3826 975 vel

2212 998 2392 1054 ueteri
2424 994 2703 1051 inferiores
2742 996 2942 1061 clerici,
2996 997 3049 1052 iu
3079 1000 3259 1057 causis
3302 1020 3436 1073 quas
3490 1006 3824 1076 habuerint,
3863 998 3883 1067 ’.

2210 1091 2256 1146 si
2301 1089 2369 1144 de
2406 1087 2620 1159 judiciis
2663 1089 3040 1159 episcoporum
3088 1106 3310 1148 suorum
3350 1098 3528 1165 questi
3579 1099 3825 1169 fuerint,

2210 1181 2373 1236 vicini
2402 1180 2640 1251 episcopi
2688 1194 2783 1235 eos
2818 1196 2939 1237 cum
2990 1197 3257 1239 consensu
3303 1188 3387 1241 sui
3431 1191 3684 1260 episcopi
3714 1207 3823 1249 au-

2211 1272 2378 1335 diant,
2412 1280 2467 1326 et
2493 1273 2635 1325 inter
2657 1286 2751 1325 eos
2775 1270 3035 1326 deﬁniant
3064 1274 3289 1329 adhibiti
3316 1277 3384 1330 ab
3412 1278 3494 1334 eis
3517 1280 3780 1352 episcopi
3804 1300 3821 1337 :

2212 1360 2356 1432 quod
2383 1361 2429 1415 si
2452 1370 2505 1414 et
2536 1361 2603 1415 ab
2633 1360 2712 1414 eis
2742 1360 3143 1429 provocandum
3172 1368 3498 1435 putaverint,
3543 1384 3664 1424 non
3690 1387 3827 1441 pro.

2215 1459 2408 1507 vocent
2437 1449 2503 1505 ad
2534 1450 2888 1505 transmarina
2912 1451 3134 1520 judicia,
3166 1454 3259 1511 sed
3288 1455 3354 1510 ad
3377 1458 3643 1527 primates
3685 1476 3824 1518 sua-

2213 1558 2331 1597 rum
2358 1542 2756 1614 provinciarum
2782 1585 2796 1609 ,
2830 1544 2969 1599 sicut
2997 1553 3053 1599 et
3086 1546 3155 1601 de
3192 1549 3461 1621 episcopis
3492 1568 3646 1624 saepe
3678 1571 3824 1611 eon-

2214 1634 2458 1688 stitutum
2487 1642 2588 1689 est.
2613 1634 2691 1689 Ad
2720 1637 3075 1692 transmarina
3099 1647 3277 1694 autem
3302 1643 3394 1711 qui
3416 1646 3701 1714 putaverit
3723 1664 3825 1720 ap-

2218 1724 2543 1795 pellandum,
2586 1740 2617 1779 a
2645 1725 2794 1782 nullo
2823 1726 2965 1781 intra
2993 1726 3227 1785 Africam
3255 1731 3323 1785 ad
3364 1736 3825 1796 communionem

2141 1838 2189 1898 Β
2216 1817 2557 1888 suscipiatur.

2218 1931 2279 1987 Si
2307 1934 2419 2003 quis
2447 1935 2919 1990 excommunicatus
2943 1947 3064 1991 ante
3086 1940 3406 1994 audientiam
3427 1948 3825 2001 communicare

2312 2004 2717 2073 praesumpserit,
2744 2006 2855 2075 ipse
2883 2008 2937 2061 in
2966 2024 3021 2061 se
3049 2008 3433 2065 damnationem
3461 2016 3709 2084 protulit.

2288 2112 2475 2168 XXIX.
2502 2114 2635 2169 Item
2680 2116 2881 2187 placuit
2928 2119 3180 2175 universo
3220 2122 3448 2177 concilio
3488 2133 3547 2178 ut
3585 2127 3689 2195 qui
3720 2142 3822 2181 ex-

2216 2208 2644 2263 communicatus
2673 2208 2831 2264 fuerit
2875 2227 2973 2281 pro
3001 2227 3101 2267 suo
3129 2213 3396 2282 neglectu,
3436 2216 3548 2272 sive
3596 2219 3821 2288 episco-

2214 2314 2335 2370 pus,
2359 2300 2471 2355 sive
2491 2301 2717 2370 quilibet
2741 2302 2991 2369 clericus,
3019 2313 3075 2359 et
3095 2313 3337 2376 tempore
3364 2311 3820 2367 excommunicao

2216 2391 2377 2445 tionis
2419 2409 2547 2457 sure,
2606 2403 2730 2449 ante
2781 2394 3133 2463 audientiam,
3185 2402 3623 2457 communionem
3676 2419 3817 2474 prte-

2216 2484 2545 2552 sumpserit,
2578 2486 2692 2556 ipse
2730 2486 2783 2540 in
2831 2502 2889 2541 se
2916 2487 3277 2545 damnationis
3319 2490 3592 2561 iudicetur
3623 2502 3818 2566 protu-

2217 2574 2341 2629 lisse
2362 2576 2711 2631 senteutiam.
2732 2648 2735 2655 ι

2602 2688 2677 2745 De
2700 2702 2960 2760 accusata,
2984 2694 3062 2749 vel
3082 2705 3403 2751 accusatore.

2291 2802 2456 2858 XXX.
2502 2804 2633 2860 Item
2672 2805 2871 2875 placuit
2916 2816 2975 2860 ut
3015 2816 3296 2862 accusatus
3329 2809 3413 2864 vel
3440 2821 3735 2869 accusator
3758 2815 3809 2871 in

2219 2909 2285 2949 eo
2315 2894 2433 2949 loco
2474 2894 2614 2949 unde
2662 2904 2744 2949 est
2786 2896 2875 2951 ille
2913 2898 3004 2968 qui
3034 2907 3349 2964 accusatur,
3390 2900 3436 2954 si
3467 2903 3665 2958 metuit
3707 2904 3808 2959 ali-

2218 2999 2378 3055 quam
2425 2986 2531 3040 vim
2592 2987 2891 3041 temerarirc
2932 2989 3311 3056 multitudinis,
3362 2990 3540 3047 locum
3571 2994 3680 3049 sbi
3720 2995 3812 3050 eli-

2218 3085 2308 3145 gat
2344 3079 2668 3147 proximum,
2691 3095 2798 3148 quo
2822 3094 2929 3135 non
2948 3081 3019 3135 sit
3040 3079 3257 3138 difﬁcile
3281 3092 3448 3141 testes
3481 3085 3811 3160 perducere,

2220 3168 2310 3222 ubi
2336 3183 2498 3223 causa
2529 3168 2764 3225 ﬁniatur.
2784 3186 2787 3189 '

2305 3286 2390 3354 qui
2425 3286 2597 3358 clerici
2624 3285 2687 3337 ab
2713 3286 2966 3357 episcopis
2998 3290 3103 3341 suis
3133 3291 3353 3358 promoti
3381 3294 3806 3357 contempserint.

2381 3370 2472 3408 nec
2497 3356 2604 3409 illic
2632 3367 2876 3411 maneant
2898 3358 3032 3411 unde
3074 3356 3310 3412 recedere
3337 3360 3637 3418 noluerunt.

2290 3466 2475 3521 XXXI.
2508 3467 2640 3522 Item
2681 3468 2881 3539 placuit
2927 3477 2984 3523 ut
3013 3470 3315 3540 quicunque
3344 3471 3544 3537 clerici,
3566 3473 3669 3551 .vel
3694 3472 3810 3527 dia-

2218 3564 2340 3619 coni
2386 3579 2485 3633 pro
2526 3564 2938 3619 necessitatibus
2976 3562 3338 3619 Ecclesiarum
3377 3580 3487 3619 non
3519 3566 3810 3636 obtempe-

2220 3655 2455 3709 raverint
2493 3656 2759 3725 episcopis
2789 3657 2920 3721 suis,
2969 3656 3271 3711 volentibus
3315 3672 3410 3711 eos
3440 3658 3508 3711 ad
3538 3658 3808 3717 honorem

2220 3748 2537 3818 ampliorem
2578 3749 2631 3803 in
2662 3765 2755 3803 sua
2787 3748 3025 3804 Ecclesia
3055 3750 3375 3820 promovere
3397 3791 3412 3815 ,
3446 3766 3546 3807 nec
3574 3752 3688 3809 illic
3705 3751 3806 3823 mi-

2222 3839 2450 3895 nistrent
2475 3841 2528 3894 in
2558 3840 2725 3909 gradu
2754 3856 2852 3896 suo
2890 3840 3029 3896 unde
3057 3842 3312 3897 recedere
3339 3842 3648 3900 noluerunt.

2221 3954 2281 4010 Si
2305 3955 2747 4039 quislcleri‘corium
2763 3972 2979 4039 pauper
2995 3964 3256 4039 promotus
3278 3957 3362 4039 in”
3383 3957 3582 4039 ordine,
3621 3968 3807 4039 postea

2351 4024 2582 4079 habuerit
2616 4026 2829 4097 aliquid,
2853 4024 3103 4081 Ecclesia:
3124 4027 3363 4097 potestati
3392 4024 3679 4098 subjaceat.

2292 4142 2511 4199 XXXII.
2548 4142 2683 4198 Item
2734 4142 2936 4212 placuit
2968 4152 3024 4199 ut
3052 4144 3309 4214 episcopi,
3338 4144 3659 4216 presbyteri,
3694 4145 3809 4201 dis-

2183 4235 2196 4251 ⁹
2219 4238 2360 4304 coni,
2390 4237 2477 4292 vel
2505 4236 2809 4306 quicunque
2844 4236 3048 4303 clerici,
3091 4237 3185 4306 qui
3214 4237 3345 4291 nihil
3373 4237 3635 4293 habentes
3653 4237 3802 4294 ordi-

2220 4338 2434 4394 nantur,
2488 4336 2544 4383 et
2590 4335 2834 4397 tempore
2880 4328 3218 4400 episcopatus
3256 4327 3342 4382 vel
3391 4328 3679 4384 clericatus
3718 4327 3799 4383 sui

2220 4435 2398 4490 agros,
2443 4419 2529 4474 vel
2557 4434 2886 4489 qumcunque
2925 4419 3141 4490 prmdia,
3175 4421 3391 4475 nomine
3439 4437 3536 4476 suo
3562 4437 3789 4494 compa-

2219 4519 2361 4576 rant,
2411 4518 2664 4581 tanquam
2697 4527 2875 4567 rerqu
2923 4511 3308 4586 dominicarum
3356 4513 3646 4568 invasionis
3693 4513 3799 4568 cri-

530 4577 755 4633 cessitas
783 4579 948 4647 cogit,
992 4579 1132 4634 hanc
1161 4579 1533 4634 insinuandam
1578 4594 1696 4634 esse
1744 4580 1958 4649 primati
1989 4597 2111 4651 pro-

2221 4602 2362 4657 miue
2392 4610 2696 4665 teneantur,
2741 4602 2842 4656 nisi
2888 4601 3146 4656 admoniti
3189 4602 3240 4655 in
3266 4600 3564 4658 Ecclesiam
3605 4605 3798 4659 eadem

531 4664 721 4720 vincia:
750 4666 937 4735 ipsius,
978 4674 1036 4719 ut
1066 4682 1189 4721 cum
1229 4666 1433 4722 statuto
1474 4682 1701 4723 numero
1738 4669 2111 4739 episcoporum

534 4768 710 4814 utrum
744 4758 1044 4813 faciendum
1074 4759 1143 4814 sit
1171 4760 1483 4816 arbitretur.
1517 4760 1671 4828 Quod
1701 4762 1745 4815 si
1777 4770 1922 4817 tanta
1962 4773 2116 4833 urget

533 4850 827 4906 necessitas
851 4848 1123 4914 Ecclesiae,
1180 4859 1238 4905 ut
1280 4867 1389 4906 non
1438 4853 1610 4922 possit
1663 4860 1787 4907 ante
1808 4854 2109 4919 consulere,

530 4943 721 4998 saltem
746 4942 954 4997 vicinos
981 4950 1147 4997 testes
1176 4952 1441 4998 convocet
1476 4943 1781 5014 episcopos,
1829 4960 2020 5000 curans
2047 4946 2113 5001 ad

530 5032 818 5089 concilium
846 5048 1033 5089 omnes
1071 5032 1275 5088 referre
1313 5047 1424 5087 sua“:
1444 5031 1696 5088 Ecclesiae
1724 5035 2071 5091 necessitates
2095 5054 2108 5090 :

530 5126 675 5195 quod
704 5128 749 5182 si
779 5143 885 5182 non
910 5126 1119 5194 fecerit,
1150 5142 1274 5181 reus
1304 5124 1435 5193 Deo,
1486 5135 1541 5182 et
1589 5128 1818 5185 concilio
1847 5129 2110 5199 venditor,

531 5215 739 5275 honore
766 5218 986 5283 amisso,
1017 5225 1281 5272 teneatur.

532 5356 828 5433 Presbyteri
868 5359 1164 5433 etdiaconi
1199 5359 1254 5413 in
1287 5362 1522 5433 graviore
1554 5363 1703 5433 culpa
1735 5369 1949 5418 convicti
1994 5382 2112 5419 ma-

603 5445 698 5507 nus
720 5430 1120 5499 impositionem,
1145 5430 1390 5504 umquam
1417 5431 1557 5498 laici,
1600 5430 1913 5507 nequaquam
1948 5438 2111 5492 susci-

600 5499 769 5566 piant.

605 5608 820 5666 XXVII.
852 5611 984 5669 Item
1014 5616 1389 5672 conﬁrmatum
1441 5626 1607 5674 estut
1652 5618 1697 5674 si
1726 5619 1938 5690 quando
1964 5634 2115 5690 pres-

534 5704 707 5778 byteri
736 5704 822 5760 vel
851 5704 1063 5762 diaconi
1111 5708 1167 5762 in
1197 5708 1375 5778 aliqua
1419 5711 1653 5779 graviori
1699 5711 1854 5782 culpa
1885 5712 2116 5768 convicti

531 5793 749 5864 fuerint,
798 5810 906 5868 qua
934 5813 1028 5855 eos
1057 5815 1087 5855 a
1115 5800 1410 5856 ministerio
1462 5817 1683 5857 necesse
1724 5803 1792 5858 sit
1823 5802 2115 5872 removeri,

532 5902 642 5948 non
666 5889 747 5949 eis
784 5904 993 5959 manus,
1026 5899 1278 5965 tanquam
1308 5892 1709 5963 paenitentibus.
1746 5894 1827 5949 vel
1858 5900 2113 5964 tanquam

2218 4696 2334 4767 ipsa
2362 4696 2707 4752 contulerint.
2741 4695 2796 4751 Si
2826 4704 3005 4750 autem
3042 4696 3169 4765 ipsis
3198 4697 3416 4767 proprie
3443 4696 3643 4768 aliquid
3669 4698 3801 4754 libe-

2217 4787 2427 4843 ralitate
2455 4788 2680 4858 alicujus
2712 4788 2799 4843 vel
2841 4787 3181 4843 successione
3209 4789 3542 4856 cognationis
3563 4790 3799 4844 obvene-

2217 4879 2304 4946 rit,
2351 4880 2547 4935 faciant
2601 4880 2724 4935 inde
2770 4880 2911 4949 quod
2954 4896 3142 4935 eorum
3190 4881 3468 4951 proposito
3506 4883 3792 4951 congruit:

2215 4972 2360 5043 quod
2406 4974 2451 5028 si
2494 4989 2525 5028 a
2554 4989 2653 5029 suo
2690 4974 2968 5043 proposito
3015 4983 3311 5031 retrorsum
3356 4975 3796 5038 exorbitaverint,

2220 5063 2425 5120 honore
2452 5063 2821 5120 ecclesiastico
2850 5064 3074 5133 indigni,
3104 5075 3359 5136 tanquam
3395 5065 3632 5145 reprobi,
3651 5065 3795 5137 judi-

2218 5165 2427 5213 CCIIIIII'.
3120 5172 3123 5177 ’

2224 5268 2290 5324 Ut
2316 5270 2598 5346 presbyteri
2632 5288 2745 5346 rent
2759 5270 3008 5346 Ecclesia
3048 5271 3106 5346 in
3143 5291 3242 5346 qua
3262 5283 3383 5328 sunt
3411 5277 3672 5330 constituti
3694 5290 3792 5346 non

2252 5408 2255 5411 ἱ
2291 5342 2533 5415 pendant,
2580 5351 2627 5394 et
2656 5342 2785 5396 nulli
2813 5343 3049 5415 episcopo
3089 5342 3238 5399 liceat
3266 5361 3373 5401 rem
3404 5346 3537 5399 tituli
3566 5345 3791 5399 metricis

2292 5410 2540 5466 Ecclesia:
2566 5429 2836 5483 usurpare.

2290 5526 2524 5583 XXXIII.
2558 5528 2688 5584 Item
2740 5530 2938 5600 placuit
2981 5539 3038 5585 ut
3086 5531 3385 5605 presbyteri
3429 5549 3537 5587 non
3568 5530 3793 5588 vendant

2216 5635 2332 5675 rem
2360 5619 2613 5677 Ecclesia:
2643 5622 2729 5678 ubi
2777 5630 2903 5677 sunt
2942 5622 3240 5692 constituti,
3297 5625 3659 5681 nescientibus
3680 5622 3792 5694 epi-

2218 5714 2395 5785 scopis
2416 5715 2546 5779 suis,
2573 5714 2845 5785 quomodo
2875 5722 2929 5770 et
2966 5717 3235 5789 episcopis
3277 5734 3384 5773 non
3415 5718 3539 5775 licet
3566 5716 3792 5774 vendere

2212 5806 2415 5877 prtedia
2446 5806 2718 5873 Ecclesite,
2751 5809 3033 5879 ignorante
3069 5812 3321 5879 concilio,
3362 5814 3448 5867 vel
3476 5810 3792 5887 presbyteris

2219 5896 2348 5954 suis.
2398 5897 2514 5954 Non
2556 5899 2785 5956 habente
2832 5900 2920 5955 IF.
2959 5902 3201 5973 habenti]
3242 5918 3374 5974 ergo
3404 5906 3797 5963 necessitatem,
