  <div class='ocr_page' id='page_1' title='image "/cluster/home/n/w/nwhite01/storage/ocr_20150623/67/hvd.32044015547185/102.png"; bbox 0 0 4092 6348; ppageno 0'>
   <div class='ocr_carea' id='block_1_1' title="bbox 357 276 462 334">
    <p class='ocr_par' dir='ltr' id='par_1_1' title="bbox 357 276 462 334">
     <span class='ocr_line' id='line_1_1' title="bbox 357 276 462 334; baseline -0.01 0"><span class='ocrx_word' id='word_1_1' title='bbox 357 276 462 334; x_wconf 71' lang='grc'><strong>193</strong></span> 
     </span>
    </p>
   </div>
   <div class='ocr_carea' id='block_1_2' title="bbox 1306 266 2662 343">
    <p class='ocr_par' dir='ltr' id='par_1_2' title="bbox 1306 266 2662 343">
     <span class='ocr_line' id='line_1_2' title="bbox 1306 266 2662 343; baseline 0.004 -18"><span class='ocrx_word' id='word_1_2' title='bbox 1306 266 1553 326; x_wconf 54' lang='lat' dir='ltr'><strong>CODE&#39;X</strong></span> <span class='ocrx_word' id='word_1_3' title='bbox 1592 272 1919 328; x_wconf 74' lang='lat' dir='ltr'><strong>CANONUM</strong></span> <span class='ocrx_word' id='word_1_4' title='bbox 1961 270 2662 343; x_wconf 78' lang='lat' dir='ltr'><strong>ECCLESIASTICORUM.</strong></span> 
     </span>
    </p>
   </div>
   <div class='ocr_carea' id='block_1_3' title="bbox 3540 278 3636 333">
    <p class='ocr_par' dir='ltr' id='par_1_3' title="bbox 3540 278 3636 333">
     <span class='ocr_line' id='line_1_3' title="bbox 3540 278 3636 333; baseline 0.021 -2"><span class='ocrx_word' id='word_1_5' title='bbox 3540 278 3636 333; x_wconf 68' lang='grc' dir='ltr'><strong>ςθι</strong></span> 
     </span>
    </p>
   </div>
   <div class='ocr_carea' id='block_1_4' title="bbox 355 385 3634 464">
    <p class='ocr_par' dir='ltr' id='par_1_4' title="bbox 355 385 3634 464">
     <span class='ocr_line' id='line_1_4' title="bbox 355 385 3634 464; baseline -0.002 -14"><span class='ocrx_word' id='word_1_6' title='bbox 355 408 458 450; x_wconf 89' lang='lat' dir='ltr'><strong>nec</strong></span> <span class='ocrx_word' id='word_1_7' title='bbox 487 390 742 464; x_wconf 84' lang='lat' dir='ltr'><strong>episcopo</strong></span> <span class='ocrx_word' id='word_1_8' title='bbox 783 388 947 444; x_wconf 83' lang='lat' dir='ltr'><strong>liceat</strong></span> <span class='ocrx_word' id='word_1_9' title='bbox 980 386 1215 442; x_wconf 85' lang='lat' dir='ltr'><strong>tnatricis</strong></span> <span class='ocrx_word' id='word_1_10' title='bbox 1259 385 1540 455; x_wconf 60' lang='lat' dir='ltr'><strong>Ecclesiae,</strong></span> <span class='ocrx_word' id='word_1_11' title='bbox 1588 404 1686 443; x_wconf 89' lang='lat' dir='ltr'><strong>nec</strong></span> <span class='ocrx_word' id='word_1_12' title='bbox 1716 388 1943 460; x_wconf 84' lang='lat' dir='ltr'><strong>prcsby-</strong></span> <span class='ocrx_word' id='word_1_13' title='bbox 1973 392 2025 452; x_wconf 75' lang='grc' dir='ltr'>Α</span> <span class='ocrx_word' id='word_1_14' title='bbox 2050 388 2243 456; x_wconf 91' lang='lat' dir='ltr'><strong>viario,</strong></span> <span class='ocrx_word' id='word_1_15' title='bbox 2274 388 2419 459; x_wconf 88' lang='lat' dir='ltr'><strong>quod</strong></span> <span class='ocrx_word' id='word_1_16' title='bbox 2448 390 2760 460; x_wconf 87' lang='lat' dir='ltr'><strong>decerptum</strong></span> <span class='ocrx_word' id='word_1_17' title='bbox 2793 401 2877 446; x_wconf 89' lang='lat' dir='ltr'><strong>est</strong></span> <span class='ocrx_word' id='word_1_18' title='bbox 2916 390 2983 446; x_wconf 88' lang='lat' dir='ltr'><strong>de</strong></span> <span class='ocrx_word' id='word_1_19' title='bbox 3021 391 3250 447; x_wconf 89' lang='lat' dir='ltr'><strong>concilio</strong></span> <span class='ocrx_word' id='word_1_20' title='bbox 3282 388 3634 461; x_wconf 75' lang='lat' dir='ltr'><strong>Hipponiensi,</strong></span> 
     </span>
    </p>
   </div>
   <div class='ocr_carea' id='block_1_5' title="bbox 354 481 1219 551">
    <p class='ocr_par' dir='ltr' id='par_1_5' title="bbox 354 481 1219 551">
     <span class='ocr_line' id='line_1_5' title="bbox 354 481 1219 551; baseline -0.003 -14"><span class='ocrx_word' id='word_1_21' title='bbox 354 496 472 541; x_wconf 89' lang='lat' dir='ltr'><strong>tero</strong></span> <span class='ocrx_word' id='word_1_22' title='bbox 500 500 615 539; x_wconf 88' lang='lat' dir='ltr'><strong>rem</strong></span> <span class='ocrx_word' id='word_1_23' title='bbox 657 481 796 536; x_wconf 90' lang='lat' dir='ltr'><strong>tituli</strong></span> <span class='ocrx_word' id='word_1_24' title='bbox 832 482 913 536; x_wconf 84' lang='lat' dir='ltr'><strong>sui</strong></span> <span class='ocrx_word' id='word_1_25' title='bbox 943 494 1219 551; x_wconf 85' lang='lat' dir='ltr'><strong>usurpare.</strong></span> 
     </span>
    </p>
   </div>
   <div class='ocr_carea' id='block_1_6' title="bbox 424 572 1941 645">
    <p class='ocr_par' dir='ltr' id='par_1_6' title="bbox 424 572 1941 645">
     <span class='ocr_line' id='line_1_6' title="bbox 424 572 1941 645; baseline -0.001 -16"><span class='ocrx_word' id='word_1_26' title='bbox 424 574 671 630; x_wconf 74' lang='lat' dir='ltr'><strong>Recitata</strong></span> <span class='ocrx_word' id='word_1_27' title='bbox 696 579 823 629; x_wconf 91' lang='lat' dir='ltr'><strong>sunt</strong></span> <span class='ocrx_word' id='word_1_28' title='bbox 850 572 1013 628; x_wconf 88' lang='lat' dir='ltr'><strong>etiam</strong></span> <span class='ocrx_word' id='word_1_29' title='bbox 1044 573 1095 626; x_wconf 91' lang='lat' dir='ltr'><strong>in</strong></span> <span class='ocrx_word' id='word_1_30' title='bbox 1124 572 1224 627; x_wconf 87' lang='lat' dir='ltr'><strong>ista</strong></span> <span class='ocrx_word' id='word_1_31' title='bbox 1246 572 1455 645; x_wconf 87' lang='lat' dir='ltr'><strong>synodo</strong></span> <span class='ocrx_word' id='word_1_32' title='bbox 1476 573 1691 629; x_wconf 90' lang='lat' dir='ltr'><strong>diversa</strong></span> <span class='ocrx_word' id='word_1_33' title='bbox 1712 574 1941 629; x_wconf 88' lang='lat' dir='ltr'><strong>concilia</strong></span> 
     </span>
    </p>
   </div>
   <div class='ocr_carea' id='block_1_7' title="bbox 352 663 1943 739">
    <p class='ocr_par' dir='ltr' id='par_1_7' title="bbox 352 663 1943 739">
     <span class='ocr_line' id='line_1_7' title="bbox 352 663 1943 739; baseline 0.001 -18"><span class='ocrx_word' id='word_1_34' title='bbox 352 668 617 722; x_wconf 73' lang='lat' dir='ltr'><strong>universa:</strong></span> <span class='ocrx_word' id='word_1_35' title='bbox 665 666 953 737; x_wconf 62' lang='lat' dir='ltr'><strong>provinciae</strong></span> <span class='ocrx_word' id='word_1_36' title='bbox 997 663 1219 731; x_wconf 63' lang='lat' dir='ltr'><strong>Africae,</strong></span> <span class='ocrx_word' id='word_1_37' title='bbox 1275 667 1563 722; x_wconf 91' lang='lat' dir='ltr'><strong>transactis</strong></span> <span class='ocrx_word' id='word_1_38' title='bbox 1611 667 1943 739; x_wconf 75' lang='lat' dir='ltr'><strong>temporibus</strong></span> 
     </span>
    </p>
   </div>
   <div class='ocr_carea' id='block_1_8' title="bbox 353 761 1618 833">
    <p class='ocr_par' dir='ltr' id='par_1_8' title="bbox 353 761 1618 833">
     <span class='ocr_line' id='line_1_8' title="bbox 353 761 1618 833; baseline 0.001 -17"><span class='ocrx_word' id='word_1_39' title='bbox 353 762 557 819; x_wconf 81' lang='lat' dir='ltr'><strong>Aurelii</strong></span> <span class='ocrx_word' id='word_1_40' title='bbox 586 761 1029 831; x_wconf 70' lang='lat' dir='ltr'><strong>Carthaginiensis</strong></span> <span class='ocrx_word' id='word_1_41' title='bbox 1057 762 1299 833; x_wconf 86' lang='lat' dir='ltr'><strong>episcopi</strong></span> <span class='ocrx_word' id='word_1_42' title='bbox 1329 763 1618 818; x_wconf 88' lang='lat' dir='ltr'><strong>celebrata.</strong></span> 
     </span>
    </p>
   </div>
   <div class='ocr_carea' id='block_1_9' title="bbox 495 852 1792 926">
    <p class='ocr_par' dir='ltr' id='par_1_9' title="bbox 495 852 1792 926">
     <span class='ocr_line' id='line_1_9' title="bbox 495 852 1792 926; baseline 0.001 -18"><span class='ocrx_word' id='word_1_43' title='bbox 495 853 575 908; x_wconf 88' lang='lat' dir='ltr'><strong>De</strong></span> <span class='ocrx_word' id='word_1_44' title='bbox 604 854 821 909; x_wconf 87' lang='lat' dir='ltr'><strong>concilio</strong></span> <span class='ocrx_word' id='word_1_45' title='bbox 846 853 984 925; x_wconf 83' lang='lat' dir='ltr'><strong>quod</strong></span> <span class='ocrx_word' id='word_1_46' title='bbox 1009 852 1252 924; x_wconf 80' lang='lat' dir='ltr'><strong>Hippone</strong></span> <span class='ocrx_word' id='word_1_47' title='bbox 1284 853 1444 926; x_wconf 79' lang='lat' dir='ltr'><strong>Regio</strong></span> <span class='ocrx_word' id='word_1_48' title='bbox 1475 857 1668 926; x_wconf 79' lang='lat' dir='ltr'><strong>factum</strong></span> <span class='ocrx_word' id='word_1_49' title='bbox 1697 865 1792 910; x_wconf 90' lang='lat' dir='ltr'><strong>est.</strong></span> 
     </span>
    </p>
   </div>
   <div class='ocr_carea' id='block_1_10' title="bbox 423 947 1938 1020">
    <p class='ocr_par' dir='ltr' id='par_1_10' title="bbox 423 947 1938 1020">
     <span class='ocr_line' id='line_1_10' title="bbox 423 947 1938 1020; baseline -0.002 -14"><span class='ocrx_word' id='word_1_50' title='bbox 423 949 823 1006; x_wconf 84' lang='lat' dir='ltr'><strong>Gloriosissituo</strong></span> <span class='ocrx_word' id='word_1_51' title='bbox 870 949 1195 1020; x_wconf 88' lang='lat' dir='ltr'><strong>imperatore</strong></span> <span class='ocrx_word' id='word_1_52' title='bbox 1236 948 1540 1005; x_wconf 87' lang='lat' dir='ltr'><strong>Theodosio</strong></span> <span class='ocrx_word' id='word_1_53' title='bbox 1582 950 1823 1019; x_wconf 85' lang='lat' dir='ltr'><strong>Augusto</strong></span> <span class='ocrx_word' id='word_1_54' title='bbox 1852 947 1938 1016; x_wconf 94' lang='lat' dir='ltr'><strong>III,</strong></span> 
     </span>
    </p>
   </div>
   <div class='ocr_carea' id='block_1_11' title="bbox 312 1027 1941 1112">
    <p class='ocr_par' dir='ltr' id='par_1_11' title="bbox 312 1027 1941 1112">
     <span class='ocr_line' id='line_1_11' title="bbox 312 1027 1941 1112; baseline -0.001 -14"><span class='ocrx_word' id='word_1_55' title='bbox 312 1027 316 1031; x_wconf 9' lang='lat' dir='ltr'><strong>l</strong></span> <span class='ocrx_word' id='word_1_56' title='bbox 347 1052 407 1099; x_wconf 88' lang='lat' dir='ltr'><strong>et</strong></span> <span class='ocrx_word' id='word_1_57' title='bbox 432 1042 774 1098; x_wconf 80' lang='lat' dir='ltr'><strong>Abundantio</strong></span> <span class='ocrx_word' id='word_1_58' title='bbox 795 1058 847 1096; x_wconf 87' lang='lat' dir='ltr'><strong>v.</strong></span> <span class='ocrx_word' id='word_1_59' title='bbox 876 1044 961 1109; x_wconf 54' lang='lat' dir='ltr'><strong>c.,‘</strong></span> <span class='ocrx_word' id='word_1_60' title='bbox 984 1058 1072 1096; x_wconf 84' lang='lat' dir='ltr'><strong>vni</strong></span> <span class='ocrx_word' id='word_1_61' title='bbox 1104 1041 1221 1095; x_wconf 86' lang='lat' dir='ltr'><strong>idus</strong></span> <span class='ocrx_word' id='word_1_62' title='bbox 1256 1040 1525 1104; x_wconf 90' lang='lat' dir='ltr'><strong>Octobris,</strong></span> <span class='ocrx_word' id='word_1_63' title='bbox 1559 1040 1810 1112; x_wconf 84' lang='lat' dir='ltr'><strong>Hippone</strong></span> <span class='ocrx_word' id='word_1_64' title='bbox 1834 1041 1941 1096; x_wconf 83' lang='lat' dir='ltr'><strong>Re—</strong></span> 
     </span>
    </p>
   </div>
   <div class='ocr_carea' id='block_1_12' title="bbox 347 1130 1942 1204">
    <p class='ocr_par' dir='ltr' id='par_1_12' title="bbox 347 1130 1942 1204">
     <span class='ocr_line' id='line_1_12' title="bbox 347 1130 1942 1204; baseline -0.003 -14"><span class='ocrx_word' id='word_1_65' title='bbox 347 1134 459 1204; x_wconf 78' lang='lat' dir='ltr'><strong>gio,</strong></span> <span class='ocrx_word' id='word_1_66' title='bbox 513 1133 564 1187; x_wconf 94' lang='lat' dir='ltr'><strong>in</strong></span> <span class='ocrx_word' id='word_1_67' title='bbox 600 1132 894 1188; x_wconf 88' lang='lat' dir='ltr'><strong>secretario</strong></span> <span class='ocrx_word' id='word_1_68' title='bbox 921 1132 1157 1186; x_wconf 69' lang='lat' dir='ltr'><strong>basilicre</strong></span> <span class='ocrx_word' id='word_1_69' title='bbox 1206 1132 1371 1202; x_wconf 85' lang='lat' dir='ltr'><strong>pacis,</strong></span> <span class='ocrx_word' id='word_1_70' title='bbox 1421 1140 1477 1186; x_wconf 91' lang='lat' dir='ltr'><strong>et</strong></span> <span class='ocrx_word' id='word_1_71' title='bbox 1517 1141 1729 1187; x_wconf 61' lang='lat' dir='ltr'><strong>caetera.</strong></span> <span class='ocrx_word' id='word_1_72' title='bbox 1776 1130 1942 1199; x_wconf 77' lang='lat' dir='ltr'><strong>Gesta</strong></span> 
     </span>
    </p>
   </div>
   <div class='ocr_carea' id='block_1_13' title="bbox 349 1225 1944 1303">
    <p class='ocr_par' dir='ltr' id='par_1_13' title="bbox 349 1225 1944 1303">
     <span class='ocr_line' id='line_1_13' title="bbox 349 1225 1944 1303; baseline -0.003 -20"><span class='ocrx_word' id='word_1_73' title='bbox 349 1227 516 1296; x_wconf 85' lang='lat' dir='ltr'><strong>hujus</strong></span> <span class='ocrx_word' id='word_1_74' title='bbox 542 1227 755 1284; x_wconf 89' lang='lat' dir='ltr'><strong>concilii</strong></span> <span class='ocrx_word' id='word_1_75' title='bbox 785 1225 908 1281; x_wconf 90' lang='lat' dir='ltr'><strong>ideo</strong></span> <span class='ocrx_word' id='word_1_76' title='bbox 945 1225 1213 1296; x_wconf 89' lang='lat' dir='ltr'><strong>descripta</strong></span> <span class='ocrx_word' id='word_1_77' title='bbox 1246 1241 1352 1280; x_wconf 88' lang='lat' dir='ltr'><strong>non</strong></span> <span class='ocrx_word' id='word_1_78' title='bbox 1382 1233 1527 1293; x_wconf 91' lang='lat' dir='ltr'><strong>sunt,</strong></span> <span class='ocrx_word' id='word_1_79' title='bbox 1550 1226 1676 1294; x_wconf 87' lang='lat' dir='ltr'><strong>quia</strong></span> <span class='ocrx_word' id='word_1_80' title='bbox 1708 1241 1791 1291; x_wconf 88' lang='lat' dir='ltr'><strong>ea,</strong></span> <span class='ocrx_word' id='word_1_81' title='bbox 1824 1240 1944 1303; x_wconf 73' lang='lat' dir='ltr'><strong>qua:</strong></span> 
     </span>
    </p>
   </div>
   <div class='ocr_carea' id='block_1_14' title="bbox 350 1318 1855 1388">
    <p class='ocr_par' dir='ltr' id='par_1_14' title="bbox 350 1318 1855 1388">
     <span class='ocr_line' id='line_1_14' title="bbox 350 1318 1855 1388; baseline -0.003 -13"><span class='ocrx_word' id='word_1_82' title='bbox 350 1318 425 1375; x_wconf 92' lang='lat' dir='ltr'><strong>ibi</strong></span> <span class='ocrx_word' id='word_1_83' title='bbox 454 1326 653 1375; x_wconf 87' lang='lat' dir='ltr'><strong>statuta</strong></span> <span class='ocrx_word' id='word_1_84' title='bbox 679 1327 803 1375; x_wconf 91' lang='lat' dir='ltr'><strong>sunt</strong></span> <span class='ocrx_word' id='word_1_85' title='bbox 834 1318 888 1373; x_wconf 87' lang='lat' dir='ltr'><strong>in</strong></span> <span class='ocrx_word' id='word_1_86' title='bbox 910 1318 1276 1388; x_wconf 89' lang='lat' dir='ltr'><strong>superioribus</strong></span> <span class='ocrx_word' id='word_1_87' title='bbox 1306 1319 1606 1388; x_wconf 86' lang='lat' dir='ltr'><strong>probantur</strong></span> <span class='ocrx_word' id='word_1_88' title='bbox 1636 1318 1855 1373; x_wconf 87' lang='lat' dir='ltr'><strong>inserta.</strong></span> 
     </span>
    </p>
   </div>
   <div class='ocr_carea' id='block_1_15' title="bbox 351 1432 1942 1504">
    <p class='ocr_par' dir='ltr' id='par_1_15' title="bbox 351 1432 1942 1504">
     <span class='ocr_line' id='line_1_15' title="bbox 351 1432 1942 1504; baseline -0.003 -13"><span class='ocrx_word' id='word_1_89' title='bbox 351 1435 432 1491; x_wconf 87' lang='lat' dir='ltr'><strong>De</strong></span> <span class='ocrx_word' id='word_1_90' title='bbox 461 1437 680 1491; x_wconf 78' lang='lat' dir='ltr'><strong>concilio</strong></span> <span class='ocrx_word' id='word_1_91' title='bbox 707 1434 1122 1504; x_wconf 84' lang='lat' dir='ltr'><strong>Carthaginensi,</strong></span> <span class='ocrx_word' id='word_1_92' title='bbox 1154 1432 1239 1486; x_wconf 86' lang='lat' dir='ltr'><strong>ubi</strong></span> <span class='ocrx_word' id='word_1_93' title='bbox 1278 1441 1435 1498; x_wconf 78' lang='lat' dir='ltr'><strong>tegatt</strong></span> <span class='ocrx_word' id='word_1_94' title='bbox 1462 1448 1689 1504; x_wconf 75' lang='lat' dir='ltr'><strong>episcopi</strong></span> <span class='ocrx_word' id='word_1_95' title='bbox 1719 1448 1942 1504; x_wconf 87' lang='lat' dir='ltr'><strong>procon-</strong></span> 
     </span>
    </p>
   </div>
   <div class='ocr_carea' id='block_1_16' title="bbox 446 1503 1837 1561">
    <p class='ocr_par' dir='ltr' id='par_1_16' title="bbox 446 1503 1837 1561">
     <span class='ocr_line' id='line_1_16' title="bbox 446 1503 1837 1561; baseline -0.003 0"><span class='ocrx_word' id='word_1_96' title='bbox 446 1510 643 1561; x_wconf 84' lang='lat' dir='ltr'><strong>sulares</strong></span> <span class='ocrx_word' id='word_1_97' title='bbox 666 1506 734 1559; x_wconf 87' lang='lat' dir='ltr'><strong>ad</strong></span> <span class='ocrx_word' id='word_1_98' title='bbox 772 1503 1046 1560; x_wconf 81' lang='lat' dir='ltr'><strong>concilium</strong></span> <span class='ocrx_word' id='word_1_99' title='bbox 1072 1504 1466 1558; x_wconf 87' lang='lat' dir='ltr'><strong>Adrumetinum</strong></span> <span class='ocrx_word' id='word_1_100' title='bbox 1491 1503 1837 1557; x_wconf 80' lang='lat' dir='ltr'><strong>destinantur.</strong></span> 
     </span>
    </p>
   </div>
   <div class='ocr_carea' id='block_1_17' title="bbox 422 1593 1942 1667">
    <p class='ocr_par' dir='ltr' id='par_1_17' title="bbox 422 1593 1942 1667">
     <span class='ocr_line' id='line_1_17' title="bbox 422 1593 1942 1667; baseline -0.002 -14"><span class='ocrx_word' id='word_1_101' title='bbox 422 1596 831 1653; x_wconf 86' lang='lat' dir='ltr'><strong>Gloriosissimis</strong></span> <span class='ocrx_word' id='word_1_102' title='bbox 854 1595 1270 1667; x_wconf 84' lang='lat' dir='ltr'><strong>imperatoribus</strong></span> <span class='ocrx_word' id='word_1_103' title='bbox 1293 1594 1522 1661; x_wconf 79' lang='lat' dir='ltr'><strong>Arcadio</strong></span> <span class='ocrx_word' id='word_1_104' title='bbox 1562 1593 1627 1647; x_wconf 92' lang='lat' dir='ltr'><strong>III</strong></span> <span class='ocrx_word' id='word_1_105' title='bbox 1669 1603 1724 1648; x_wconf 92' lang='lat' dir='ltr'><strong>et</strong></span> <span class='ocrx_word' id='word_1_106' title='bbox 1759 1594 1942 1650; x_wconf 82' lang='lat' dir='ltr'><strong>Hono-</strong></span> 
     </span>
    </p>
   </div>
   <div class='ocr_carea' id='block_1_18' title="bbox 350 1688 1941 1763">
    <p class='ocr_par' dir='ltr' id='par_1_18' title="bbox 350 1688 1941 1763">
     <span class='ocr_line' id='line_1_18' title="bbox 350 1688 1941 1763; baseline 0 -16"><span class='ocrx_word' id='word_1_107' title='bbox 350 1692 434 1748; x_wconf 85' lang='lat' dir='ltr'><strong>rio</strong></span> <span class='ocrx_word' id='word_1_108' title='bbox 463 1692 506 1747; x_wconf 96' lang='lat' dir='ltr'><strong>II</strong></span> <span class='ocrx_word' id='word_1_109' title='bbox 563 1692 731 1763; x_wconf 77' lang='lat' dir='ltr'><strong>Augg.</strong></span> <span class='ocrx_word' id='word_1_110' title='bbox 783 1707 987 1755; x_wconf 90' lang='lat' dir='ltr'><strong>conss.,</strong></span> <span class='ocrx_word' id='word_1_111' title='bbox 1033 1707 1084 1744; x_wconf 78' lang='lat' dir='ltr'><strong>v1</strong></span> <span class='ocrx_word' id='word_1_112' title='bbox 1132 1690 1235 1746; x_wconf 90' lang='lat' dir='ltr'><strong>cal.</strong></span> <span class='ocrx_word' id='word_1_113' title='bbox 1267 1688 1452 1755; x_wconf 87' lang='lat' dir='ltr'><strong>Julias,</strong></span> <span class='ocrx_word' id='word_1_114' title='bbox 1504 1688 1848 1758; x_wconf 83' lang='lat' dir='ltr'><strong>Carthagine.</strong></span> <span class='ocrx_word' id='word_1_115' title='bbox 1880 1691 1941 1746; x_wconf 91' lang='lat' dir='ltr'><strong>In</strong></span> 
     </span>
    </p>
   </div>
   <div class='ocr_carea' id='block_1_19' title="bbox 2036 481 3637 551">
    <p class='ocr_par' dir='ltr' id='par_1_19' title="bbox 2036 481 3637 551">
     <span class='ocr_line' id='line_1_19' title="bbox 2036 481 3637 551; baseline 0.002 -16"><span class='ocrx_word' id='word_1_116' title='bbox 2036 481 2182 536; x_wconf 86' lang='lat' dir='ltr'><strong>&#39;niliil</strong></span> <span class='ocrx_word' id='word_1_117' title='bbox 2213 481 2541 536; x_wconf 79' lang='lat' dir='ltr'><strong>arbitramur</strong></span> <span class='ocrx_word' id='word_1_118' title='bbox 2567 498 2686 537; x_wconf 89' lang='lat' dir='ltr'><strong>esse</strong></span> <span class='ocrx_word' id='word_1_119' title='bbox 2715 483 3130 548; x_wconf 86' lang='lat' dir='ltr'><strong>emendandum,</strong></span> <span class='ocrx_word' id='word_1_120' title='bbox 3175 483 3260 538; x_wconf 90' lang='lat' dir='ltr'><strong>vel</strong></span> <span class='ocrx_word' id='word_1_121' title='bbox 3290 484 3637 551; x_wconf 76' lang='lat' dir='ltr'><strong>assuenduui,</strong></span> 
     </span>
    </p>
   </div>
   <div class='ocr_carea' id='block_1_20' title="bbox 2046 560 3639 644">
    <p class='ocr_par' dir='ltr' id='par_1_20' title="bbox 2046 560 3639 644">
     <span class='ocr_line' id='line_1_20' title="bbox 2046 560 3639 644; baseline -0.001 -17"><span class='ocrx_word' id='word_1_122' title='bbox 2046 573 2150 627; x_wconf 87' lang='lat' dir='ltr'><strong>nisi</strong></span> <span class='ocrx_word' id='word_1_123' title='bbox 2197 581 2256 627; x_wconf 93' lang='lat' dir='ltr'><strong>ut</strong></span> <span class='ocrx_word' id='word_1_124' title='bbox 2283 572 2398 628; x_wconf 88' lang='lat' dir='ltr'><strong>dies</strong></span> <span class='ocrx_word' id='word_1_125' title='bbox 2435 582 2635 628; x_wconf 69' lang='lat' dir='ltr'><strong>sancta:</strong></span> <span class='ocrx_word' id='word_1_126' title='bbox 2666 570 2881 629; x_wconf 74' lang='lat' dir='ltr'><strong>Pascha:</strong></span> <span class='ocrx_word' id='word_1_127' title='bbox 2928 560 3173 644; x_wconf 81' lang='lat' dir='ltr'><strong>tempore</strong></span> <span class='ocrx_word' id='word_1_128' title='bbox 3217 572 3431 629; x_wconf 87' lang='lat' dir='ltr'><strong>concilii</strong></span> <span class='ocrx_word' id='word_1_129' title='bbox 3478 571 3639 626; x_wconf 86' lang='lat' dir='ltr'><strong>inno-</strong></span> 
     </span>
    </p>
   </div>
   <div class='ocr_carea' id='block_1_21' title="bbox 2048 672 2240 720">
    <p class='ocr_par' dir='ltr' id='par_1_21' title="bbox 2048 672 2240 720">
     <span class='ocr_line' id='line_1_21' title="bbox 2048 672 2240 720; baseline -0.005 0"><span class='ocrx_word' id='word_1_130' title='bbox 2048 672 2240 720; x_wconf 87' lang='lat' dir='ltr'><strong>tescat.</strong></span> 
     </span>
    </p>
   </div>
   <div class='ocr_carea' id='block_1_22' title="bbox 2052 752 3636 842">
    <p class='ocr_par' dir='ltr' id='par_1_22' title="bbox 2052 752 3636 842">
     <span class='ocr_line' id='line_1_22' title="bbox 2052 752 3636 842; baseline 0.004 -33"><span class='ocrx_word' id='word_1_131' title='bbox 2052 752 2121 809; x_wconf 93' lang='lat' dir='ltr'><strong>Ut</strong></span> <span class='ocrx_word' id='word_1_132' title='bbox 2151 757 2398 828; x_wconf 73' lang='lat' dir='ltr'><strong>episcopi,</strong></span> <span class='ocrx_word' id='word_1_133' title='bbox 2442 757 2518 813; x_wconf 82' lang='lat' dir='ltr'><strong>vel</strong></span> <span class='ocrx_word' id='word_1_134' title='bbox 2562 758 2759 824; x_wconf 80' lang='lat' dir='ltr'><strong>clerici,</strong></span> <span class='ocrx_word' id='word_1_135' title='bbox 2788 777 2894 842; x_wconf 70' lang='lat' dir='ltr'><strong>non</strong></span> <span class='ocrx_word' id='word_1_136' title='bbox 2926 758 3078 831; x_wconf 78' lang='lat' dir='ltr'><strong>facile</strong></span> <span class='ocrx_word' id='word_1_137' title='bbox 3118 760 3255 830; x_wconf 82' lang='lat' dir='ltr'><strong>ﬁlios</strong></span> <span class='ocrx_word' id='word_1_138' title='bbox 3295 777 3413 815; x_wconf 85' lang='lat' dir='ltr'><strong>suos</strong></span> <span class='ocrx_word' id='word_1_139' title='bbox 3455 778 3636 816; x_wconf 83' lang='lat' dir='ltr'><strong>entan-</strong></span> 
     </span>
    </p>
   </div>
   <div class='ocr_carea' id='block_1_23' title="bbox 2754 841 2943 901">
    <p class='ocr_par' dir='ltr' id='par_1_23' title="bbox 2754 841 2943 901">
     <span class='ocr_line' id='line_1_23' title="bbox 2754 841 2943 901; baseline 0.005 -18"><span class='ocrx_word' id='word_1_140' title='bbox 2754 841 2943 901; x_wconf 78' lang='lat' dir='ltr'><strong>cipent.</strong></span> 
     </span>
    </p>
   </div>
   <div class='ocr_carea' id='block_1_24' title="bbox 2119 917 3641 995">
    <p class='ocr_par' dir='ltr' id='par_1_24' title="bbox 2119 917 3641 995">
     <span class='ocr_line' id='line_1_24' title="bbox 2119 917 3641 995; baseline 0.007 -22"><span class='ocrx_word' id='word_1_141' title='bbox 2119 917 2334 976; x_wconf 88' lang='lat' dir='ltr'><strong>XXXV.</strong></span> <span class='ocrx_word' id='word_1_142' title='bbox 2374 921 2440 977; x_wconf 95' lang='lat' dir='ltr'><strong>Ut</strong></span> <span class='ocrx_word' id='word_1_143' title='bbox 2482 924 2746 995; x_wconf 88' lang='lat' dir='ltr'><strong>episcopi,</strong></span> <span class='ocrx_word' id='word_1_144' title='bbox 2793 925 2878 979; x_wconf 92' lang='lat' dir='ltr'><strong>vel</strong></span> <span class='ocrx_word' id='word_1_145' title='bbox 2927 924 3131 991; x_wconf 85' lang='lat' dir='ltr'><strong>clerici,</strong></span> <span class='ocrx_word' id='word_1_146' title='bbox 3166 922 3303 983; x_wconf 85' lang='lat' dir='ltr'><strong>lilies</strong></span> <span class='ocrx_word' id='word_1_147' title='bbox 3331 941 3457 981; x_wconf 85' lang='lat' dir='ltr'><strong>suos</strong></span> <span class='ocrx_word' id='word_1_148' title='bbox 3484 943 3512 980; x_wconf 86' lang='lat' dir='ltr'><strong>a</strong></span> <span class='ocrx_word' id='word_1_149' title='bbox 3543 939 3641 983; x_wconf 86' lang='lat' dir='ltr'><strong>sua</strong></span> 
     </span>
    </p>
   </div>
   <div class='ocr_carea' id='block_1_25' title="bbox 2049 1016 3641 1087">
    <p class='ocr_par' dir='ltr' id='par_1_25' title="bbox 2049 1016 3641 1087">
     <span class='ocr_line' id='line_1_25' title="bbox 2049 1016 3641 1087; baseline 0.004 -21"><span class='ocrx_word' id='word_1_150' title='bbox 2049 1022 2320 1083; x_wconf 80' lang='lat' dir='ltr'><strong>potestate</strong></span> <span class='ocrx_word' id='word_1_151' title='bbox 2349 1031 2445 1084; x_wconf 90' lang='lat' dir='ltr'><strong>per</strong></span> <span class='ocrx_word' id='word_1_152' title='bbox 2466 1016 2953 1087; x_wconf 88' lang='lat' dir='ltr'><strong>emancipationem</strong></span> <span class='ocrx_word' id='word_1_153' title='bbox 2985 1018 3134 1072; x_wconf 72' lang='lat' dir='ltr'><strong>exire</strong></span> <span class='ocrx_word' id='word_1_154' title='bbox 3164 1033 3269 1073; x_wconf 90' lang='lat' dir='ltr'><strong>non</strong></span> <span class='ocrx_word' id='word_1_155' title='bbox 3298 1020 3477 1073; x_wconf 86' lang='lat' dir='ltr'><strong>sinant</strong></span> <span class='ocrx_word' id='word_1_156' title='bbox 3498 1060 3512 1085; x_wconf 92' lang='lat'><strong>,</strong></span> <span class='ocrx_word' id='word_1_157' title='bbox 3539 1017 3641 1074; x_wconf 86' lang='lat' dir='ltr'><strong>nisi</strong></span> 
     </span>
    </p>
   </div>
   <div class='ocr_carea' id='block_1_26' title="bbox 2047 1103 3642 1180">
    <p class='ocr_par' dir='ltr' id='par_1_26' title="bbox 2047 1103 3642 1180">
     <span class='ocr_line' id='line_1_26' title="bbox 2047 1103 3642 1180; baseline 0.006 -23"><span class='ocrx_word' id='word_1_158' title='bbox 2047 1103 2116 1158; x_wconf 92' lang='lat' dir='ltr'><strong>de</strong></span> <span class='ocrx_word' id='word_1_159' title='bbox 2146 1105 2385 1160; x_wconf 83' lang='lat' dir='ltr'><strong>moribus</strong></span> <span class='ocrx_word' id='word_1_160' title='bbox 2404 1122 2591 1162; x_wconf 88' lang='lat' dir='ltr'><strong>eorum</strong></span> <span class='ocrx_word' id='word_1_161' title='bbox 2622 1108 2841 1168; x_wconf 86' lang='lat' dir='ltr'><strong>fuerint,</strong></span> <span class='ocrx_word' id='word_1_162' title='bbox 2860 1116 2915 1162; x_wconf 89' lang='lat' dir='ltr'><strong>et</strong></span> <span class='ocrx_word' id='word_1_163' title='bbox 2938 1108 3004 1163; x_wconf 94' lang='lat' dir='ltr'><strong>de</strong></span> <span class='ocrx_word' id='word_1_164' title='bbox 3025 1116 3184 1164; x_wconf 84' lang='lat' dir='ltr'><strong>actate</strong></span> <span class='ocrx_word' id='word_1_165' title='bbox 3213 1111 3409 1177; x_wconf 89' lang='lat' dir='ltr'><strong>securi,</strong></span> <span class='ocrx_word' id='word_1_166' title='bbox 3441 1116 3498 1164; x_wconf 91' lang='lat' dir='ltr'><strong>ut</strong></span> <span class='ocrx_word' id='word_1_167' title='bbox 3524 1124 3642 1180; x_wconf 85' lang='lat' dir='ltr'><strong>pos-</strong></span> 
     </span>
    </p>
   </div>
   <div class='ocr_carea' id='block_1_27' title="bbox 2048 1193 3317 1270">
    <p class='ocr_par' dir='ltr' id='par_1_27' title="bbox 2048 1193 3317 1270">
     <span class='ocr_line' id='line_1_27' title="bbox 2048 1193 3317 1270; baseline 0.006 -23"><span class='ocrx_word' id='word_1_168' title='bbox 2048 1193 2154 1248; x_wconf 87' lang='lat' dir='ltr'><strong>sint</strong></span> <span class='ocrx_word' id='word_1_169' title='bbox 2174 1194 2241 1249; x_wconf 89' lang='lat' dir='ltr'><strong>ad</strong></span> <span class='ocrx_word' id='word_1_170' title='bbox 2272 1211 2366 1251; x_wconf 91' lang='lat' dir='ltr'><strong>eos</strong></span> <span class='ocrx_word' id='word_1_171' title='bbox 2390 1198 2499 1266; x_wconf 89' lang='lat' dir='ltr'><strong>jam</strong></span> <span class='ocrx_word' id='word_1_172' title='bbox 2524 1199 2741 1270; x_wconf 89' lang='lat' dir='ltr'><strong>propria</strong></span> <span class='ocrx_word' id='word_1_173' title='bbox 2774 1200 3046 1269; x_wconf 87' lang='lat' dir='ltr'><strong>pertinere</strong></span> <span class='ocrx_word' id='word_1_174' title='bbox 3074 1210 3317 1270; x_wconf 79' lang='lat' dir='ltr'><strong>peccata.</strong></span> 
     </span>
    </p>
   </div>
   <div class='ocr_carea' id='block_1_28' title="bbox 2052 1301 3733 1380">
    <p class='ocr_par' dir='ltr' id='par_1_28' title="bbox 2052 1301 3733 1380">
     <span class='ocr_line' id='line_1_28' title="bbox 2052 1301 3733 1380; baseline 0.01 -23"><span class='ocrx_word' id='word_1_175' title='bbox 2052 1301 2121 1357; x_wconf 90' lang='lat' dir='ltr'><strong>Ut</strong></span> <span class='ocrx_word' id='word_1_176' title='bbox 2148 1306 2394 1377; x_wconf 77' lang='lat' dir='ltr'><strong>episcopi,</strong></span> <span class='ocrx_word' id='word_1_177' title='bbox 2413 1310 2489 1364; x_wconf 79' lang='lat' dir='ltr'><strong>vel</strong></span> <span class='ocrx_word' id='word_1_178' title='bbox 2512 1310 2708 1378; x_wconf 86' lang='lat' dir='ltr'><strong>clerici,</strong></span> <span class='ocrx_word' id='word_1_179' title='bbox 2733 1328 2835 1366; x_wconf 81' lang='lat' dir='ltr'><strong>non</strong></span> <span class='ocrx_word' id='word_1_180' title='bbox 2860 1313 3184 1380; x_wconf 73' lang='lat' dir='ltr'><strong>ordinentur,</strong></span> <span class='ocrx_word' id='word_1_181' title='bbox 3210 1315 3499 1371; x_wconf 87' lang='lat' dir='ltr'><strong>nisiomnes</strong></span> <span class='ocrx_word' id='word_1_182' title='bbox 3520 1332 3641 1372; x_wconf 87' lang='lat' dir='ltr'><strong>suos</strong></span> <span class='ocrx_word' id='word_1_183' title='bbox 3728 1314 3733 1315; x_wconf 24' lang='grc' dir='ltr'>ί</span> 
     </span>
    </p>
   </div>
   <div class='ocr_carea' id='block_1_29' title="bbox 2553 1383 3144 1453">
    <p class='ocr_par' dir='ltr' id='par_1_29' title="bbox 2553 1383 3144 1453">
     <span class='ocr_line' id='line_1_29' title="bbox 2553 1383 3144 1453; baseline 0.007 -17"><span class='ocrx_word' id='word_1_184' title='bbox 2553 1384 2769 1453; x_wconf 73' lang='lat' dir='ltr'><strong>fecerint</strong></span> <span class='ocrx_word' id='word_1_185' title='bbox 2798 1383 3144 1439; x_wconf 81' lang='lat' dir='ltr'><strong>Christianos.</strong></span> 
     </span>
    </p>
   </div>
   <div class='ocr_carea' id='block_1_30' title="bbox 2121 1467 3642 1546">
    <p class='ocr_par' dir='ltr' id='par_1_30' title="bbox 2121 1467 3642 1546">
     <span class='ocr_line' id='line_1_30' title="bbox 2121 1467 3642 1546; baseline 0.008 -23"><span class='ocrx_word' id='word_1_186' title='bbox 2121 1467 2359 1526; x_wconf 82' lang='lat' dir='ltr'><strong>XXXVI.</strong></span> <span class='ocrx_word' id='word_1_187' title='bbox 2395 1470 2463 1526; x_wconf 88' lang='lat' dir='ltr'><strong>Ut</strong></span> <span class='ocrx_word' id='word_1_188' title='bbox 2491 1473 2752 1544; x_wconf 88' lang='lat' dir='ltr'><strong>episcopi,</strong></span> <span class='ocrx_word' id='word_1_189' title='bbox 2785 1482 2839 1529; x_wconf 88' lang='lat' dir='ltr'><strong>et</strong></span> <span class='ocrx_word' id='word_1_190' title='bbox 2869 1476 3189 1546; x_wconf 81' lang='lat' dir='ltr'><strong>presbyteri,</strong></span> <span class='ocrx_word' id='word_1_191' title='bbox 3222 1485 3277 1532; x_wconf 93' lang='lat' dir='ltr'><strong>et</strong></span> <span class='ocrx_word' id='word_1_192' title='bbox 3296 1477 3507 1534; x_wconf 86' lang='lat' dir='ltr'><strong>diaconi</strong></span> <span class='ocrx_word' id='word_1_193' title='bbox 3531 1492 3642 1536; x_wconf 90' lang='lat' dir='ltr'><strong>non</strong></span> 
     </span>
    </p>
   </div>
   <div class='ocr_carea' id='block_1_31' title="bbox 2049 1562 3644 1637">
    <p class='ocr_par' dir='ltr' id='par_1_31' title="bbox 2049 1562 3644 1637">
     <span class='ocr_line' id='line_1_31' title="bbox 2049 1562 3644 1637; baseline 0.008 -21"><span class='ocrx_word' id='word_1_194' title='bbox 2049 1562 2386 1630; x_wconf 87' lang='lat' dir='ltr'><strong>ordinentur,</strong></span> <span class='ocrx_word' id='word_1_195' title='bbox 2420 1564 2728 1634; x_wconf 88' lang='lat' dir='ltr'><strong>priusquam</strong></span> <span class='ocrx_word' id='word_1_196' title='bbox 2760 1582 2968 1633; x_wconf 90' lang='lat' dir='ltr'><strong>omnes,</strong></span> <span class='ocrx_word' id='word_1_197' title='bbox 2995 1569 3088 1637; x_wconf 90' lang='lat' dir='ltr'><strong>qui</strong></span> <span class='ocrx_word' id='word_1_198' title='bbox 3129 1578 3256 1624; x_wconf 89' lang='lat' dir='ltr'><strong>sunt</strong></span> <span class='ocrx_word' id='word_1_199' title='bbox 3282 1571 3334 1624; x_wconf 90' lang='lat' dir='ltr'><strong>in</strong></span> <span class='ocrx_word' id='word_1_200' title='bbox 3358 1570 3519 1627; x_wconf 93' lang='lat' dir='ltr'><strong>domo</strong></span> <span class='ocrx_word' id='word_1_201' title='bbox 3548 1587 3644 1627; x_wconf 80' lang='lat' dir='ltr'><strong>eo-</strong></span> 
     </span>
    </p>
   </div>
   <div class='ocr_carea' id='block_1_32' title="bbox 2046 1653 3164 1720">
    <p class='ocr_par' dir='ltr' id='par_1_32' title="bbox 2046 1653 3164 1720">
     <span class='ocr_line' id='line_1_32' title="bbox 2046 1653 3164 1720; baseline 0.008 -14"><span class='ocrx_word' id='word_1_202' title='bbox 2046 1668 2187 1720; x_wconf 89' lang='lat' dir='ltr'><strong>rum,</strong></span> <span class='ocrx_word' id='word_1_203' title='bbox 2218 1653 2561 1712; x_wconf 88' lang='lat' dir='ltr'><strong>Christianos</strong></span> <span class='ocrx_word' id='word_1_204' title='bbox 2590 1658 2889 1715; x_wconf 89' lang='lat' dir='ltr'><strong>catholicos</strong></span> <span class='ocrx_word' id='word_1_205' title='bbox 2919 1660 3164 1716; x_wconf 89' lang='lat' dir='ltr'><strong>fecerint.</strong></span> 
     </span>
    </p>
   </div>
   <div class='ocr_carea' id='block_1_33' title="bbox 350 1752 1931 1856">
    <p class='ocr_par' dir='ltr' id='par_1_33' title="bbox 350 1752 1931 1856">
     <span class='ocr_line' id='line_1_33' title="bbox 350 1752 1931 1856; baseline 0.001 -15"><span class='ocrx_word' id='word_1_206' title='bbox 350 1784 458 1842; x_wconf 84' lang='lat' dir='ltr'><strong>hoc</strong></span> <span class='ocrx_word' id='word_1_207' title='bbox 500 1752 728 1847; x_wconf 77' lang='lat' dir='ltr'><strong>concilio</strong></span> <span class='ocrx_word' id='word_1_208' title='bbox 754 1785 915 1854; x_wconf 86' lang='lat' dir='ltr'><strong>legati</strong></span> <span class='ocrx_word' id='word_1_209' title='bbox 946 1783 1140 1839; x_wconf 89' lang='lat' dir='ltr'><strong>delecti</strong></span> <span class='ocrx_word' id='word_1_210' title='bbox 1171 1793 1294 1840; x_wconf 87' lang='lat' dir='ltr'><strong>sunt</strong></span> <span class='ocrx_word' id='word_1_211' title='bbox 1323 1785 1560 1855; x_wconf 89' lang='lat' dir='ltr'><strong>episcopi</strong></span> <span class='ocrx_word' id='word_1_212' title='bbox 1592 1787 1931 1856; x_wconf 86' lang='lat' dir='ltr'><strong>proconsula-</strong></span> 
     </span>
    </p>
   </div>
   <div class='ocr_carea' id='block_1_34' title="bbox 2042 1752 3647 1856">
    <p class='ocr_par' dir='ltr' id='par_1_34' title="bbox 2053 1764 3647 1856">
     <span class='ocr_line' id='line_1_34' title="bbox 2053 1764 3647 1856; baseline 0.009 -36"><span class='ocrx_word' id='word_1_213' title='bbox 2053 1764 2205 1831; x_wconf 86' lang='lat' dir='ltr'><strong>Quod</strong></span> <span class='ocrx_word' id='word_1_214' title='bbox 2232 1778 2424 1840; x_wconf 71' lang='lat' dir='ltr'><strong>praeter</strong></span> <span class='ocrx_word' id='word_1_215' title='bbox 2453 1788 2662 1841; x_wconf 87' lang='lat' dir='ltr'><strong>panem,</strong></span> <span class='ocrx_word' id='word_1_216' title='bbox 2703 1781 2753 1825; x_wconf 92' lang='lat' dir='ltr'><strong>et</strong></span> <span class='ocrx_word' id='word_1_217' title='bbox 2768 1789 2975 1856; x_wconf 43' lang='lat' dir='ltr'><strong>onerum</strong></span> <span class='ocrx_word' id='word_1_218' title='bbox 2997 1775 3223 1856; x_wconf 63' lang='lat' dir='ltr'><strong>mixtum</strong></span> <span class='ocrx_word' id='word_1_219' title='bbox 3255 1791 3409 1846; x_wconf 80' lang='lat' dir='ltr'><strong>aqua,</strong></span> <span class='ocrx_word' id='word_1_220' title='bbox 3438 1777 3563 1833; x_wconf 78' lang='lat' dir='ltr'><strong>nihil</strong></span> <span class='ocrx_word' id='word_1_221' title='bbox 3590 1778 3647 1833; x_wconf 84' lang='lat' dir='ltr'><strong>in</strong></span> 
     </span>
    </p>
   </div>
   <div class='ocr_carea' id='block_1_35' title="bbox 348 1876 1315 1933">
    <p class='ocr_par' dir='ltr' id='par_1_35' title="bbox 348 1876 1315 1933">
     <span class='ocr_line' id='line_1_35' title="bbox 348 1876 1315 1933; baseline -0.002 -2"><span class='ocrx_word' id='word_1_222' title='bbox 348 1892 439 1933; x_wconf 90' lang='lat' dir='ltr'><strong>res</strong></span> <span class='ocrx_word' id='word_1_223' title='bbox 465 1876 541 1932; x_wconf 71' lang='lat' dir='ltr'><strong>ad‘</strong></span> <span class='ocrx_word' id='word_1_224' title='bbox 562 1877 853 1933; x_wconf 86' lang='lat' dir='ltr'><strong>concilium</strong></span> <span class='ocrx_word' id='word_1_225' title='bbox 884 1876 1315 1931; x_wconf 86' lang='lat' dir='ltr'><strong>Adrumetinum.</strong></span> 
     </span>
    </p>
   </div>
   <div class='ocr_carea' id='block_1_36' title="bbox 350 1966 1936 2039">
    <p class='ocr_par' dir='ltr' id='par_1_36' title="bbox 350 1966 1936 2039">
     <span class='ocr_line' id='line_1_36' title="bbox 350 1966 1936 2039; baseline 0.002 -18"><span class='ocrx_word' id='word_1_226' title='bbox 350 1966 432 2023; x_wconf 85' lang='lat' dir='ltr'><strong>De</strong></span> <span class='ocrx_word' id='word_1_227' title='bbox 460 1969 676 2024; x_wconf 85' lang='lat' dir='ltr'><strong>concilio</strong></span> <span class='ocrx_word' id='word_1_228' title='bbox 707 1966 1127 2039; x_wconf 85' lang='lat' dir='ltr'><strong>Carthaginensi,</strong></span> <span class='ocrx_word' id='word_1_229' title='bbox 1172 1969 1256 2021; x_wconf 87' lang='lat' dir='ltr'><strong>ubi</strong></span> <span class='ocrx_word' id='word_1_230' title='bbox 1290 1970 1453 2022; x_wconf 85' lang='lat' dir='ltr'><strong>multa</strong></span> <span class='ocrx_word' id='word_1_231' title='bbox 1494 1980 1613 2024; x_wconf 86' lang='lat' dir='ltr'><strong>sunt</strong></span> <span class='ocrx_word' id='word_1_232' title='bbox 1639 1973 1936 2025; x_wconf 85' lang='lat' dir='ltr'><strong>constituta.</strong></span> 
     </span>
    </p>
   </div>
   <div class='ocr_carea' id='block_1_37' title="bbox 421 2045 1939 2131">
    <p class='ocr_par' dir='ltr' id='par_1_37' title="bbox 421 2045 1939 2131">
     <span class='ocr_line' id='line_1_37' title="bbox 421 2045 1939 2131; baseline 0.003 -17"><span class='ocrx_word' id='word_1_233' title='bbox 421 2059 654 2117; x_wconf 72' lang='lat' dir='ltr'><strong>Cmsario</strong></span> <span class='ocrx_word' id='word_1_234' title='bbox 697 2069 751 2115; x_wconf 91' lang='lat' dir='ltr'><strong>et</strong></span> <span class='ocrx_word' id='word_1_235' title='bbox 778 2060 955 2115; x_wconf 88' lang='lat' dir='ltr'><strong>Attico</strong></span> <span class='ocrx_word' id='word_1_236' title='bbox 1005 2045 1089 2113; x_wconf 84' lang='lat' dir='ltr'><strong>vv.</strong></span> <span class='ocrx_word' id='word_1_237' title='bbox 1120 2075 1203 2114; x_wconf 91' lang='lat' dir='ltr'><strong>cc.</strong></span> <span class='ocrx_word' id='word_1_238' title='bbox 1235 2076 1447 2127; x_wconf 90' lang='lat' dir='ltr'><strong>conss.,</strong></span> <span class='ocrx_word' id='word_1_239' title='bbox 1489 2062 1679 2131; x_wconf 88' lang='lat' dir='ltr'><strong>quinto</strong></span> <span class='ocrx_word' id='word_1_240' title='bbox 1707 2063 1811 2118; x_wconf 89' lang='lat' dir='ltr'><strong>cal.</strong></span> <span class='ocrx_word' id='word_1_241' title='bbox 1839 2064 1939 2118; x_wconf 89' lang='lat' dir='ltr'><strong>Se-</strong></span> 
     </span>
    </p>
   </div>
   <div class='ocr_carea' id='block_1_38' title="bbox 349 2150 1939 2226">
    <p class='ocr_par' dir='ltr' id='par_1_38' title="bbox 349 2150 1939 2226">
     <span class='ocr_line' id='line_1_38' title="bbox 349 2150 1939 2226; baseline -0.001 -17"><span class='ocrx_word' id='word_1_242' title='bbox 349 2153 631 2226; x_wconf 86' lang='lat' dir='ltr'><strong>ptembris,</strong></span> <span class='ocrx_word' id='word_1_243' title='bbox 654 2150 980 2221; x_wconf 87' lang='lat' dir='ltr'><strong>Carthagine</strong></span> <span class='ocrx_word' id='word_1_244' title='bbox 1004 2151 1056 2205; x_wconf 90' lang='lat' dir='ltr'><strong>in</strong></span> <span class='ocrx_word' id='word_1_245' title='bbox 1078 2152 1371 2207; x_wconf 85' lang='lat' dir='ltr'><strong>secretario</strong></span> <span class='ocrx_word' id='word_1_246' title='bbox 1394 2152 1629 2208; x_wconf 62' lang='lat' dir='ltr'><strong>basilice</strong></span> <span class='ocrx_word' id='word_1_247' title='bbox 1658 2154 1939 2223; x_wconf 80' lang='lat' dir='ltr'><strong>restitutae,</strong></span> 
     </span>
    </p>
   </div>
   <div class='ocr_carea' id='block_1_39' title="bbox 349 2243 1938 2315">
    <p class='ocr_par' dir='ltr' id='par_1_39' title="bbox 349 2243 1938 2315">
     <span class='ocr_line' id='line_1_39' title="bbox 349 2243 1938 2315; baseline -0.002 -13"><span class='ocrx_word' id='word_1_248' title='bbox 349 2261 472 2303; x_wconf 90' lang='lat' dir='ltr'><strong>cum</strong></span> <span class='ocrx_word' id='word_1_249' title='bbox 503 2244 753 2299; x_wconf 85' lang='lat' dir='ltr'><strong>Aurelius</strong></span> <span class='ocrx_word' id='word_1_250' title='bbox 800 2243 1086 2314; x_wconf 88' lang='lat' dir='ltr'><strong>episcopus</strong></span> <span class='ocrx_word' id='word_1_251' title='bbox 1132 2258 1238 2297; x_wconf 89' lang='lat' dir='ltr'><strong>una</strong></span> <span class='ocrx_word' id='word_1_252' title='bbox 1287 2259 1409 2298; x_wconf 92' lang='lat' dir='ltr'><strong>cum</strong></span> <span class='ocrx_word' id='word_1_253' title='bbox 1447 2243 1715 2315; x_wconf 85' lang='lat' dir='ltr'><strong>episcopis</strong></span> <span class='ocrx_word' id='word_1_254' title='bbox 1745 2260 1938 2299; x_wconf 88' lang='lat' dir='ltr'><strong>conse-</strong></span> 
     </span>
    </p>
   </div>
   <div class='ocr_carea' id='block_1_40' title="bbox 348 2333 1940 2403">
    <p class='ocr_par' dir='ltr' id='par_1_40' title="bbox 348 2333 1940 2403">
     <span class='ocr_line' id='line_1_40' title="bbox 348 2333 1940 2403; baseline -0.002 -9"><span class='ocrx_word' id='word_1_255' title='bbox 348 2339 516 2395; x_wconf 88' lang='lat' dir='ltr'><strong>disset</strong></span> <span class='ocrx_word' id='word_1_256' title='bbox 538 2379 553 2403; x_wconf 95' lang='lat'><strong>,</strong></span> <span class='ocrx_word' id='word_1_257' title='bbox 585 2337 885 2392; x_wconf 88' lang='lat' dir='ltr'><strong>astantibus</strong></span> <span class='ocrx_word' id='word_1_258' title='bbox 934 2335 1096 2391; x_wconf 88' lang='lat' dir='ltr'><strong>etiam</strong></span> <span class='ocrx_word' id='word_1_259' title='bbox 1128 2333 1444 2391; x_wconf 88' lang='lat' dir='ltr'><strong>diaconibus</strong></span> <span class='ocrx_word' id='word_1_260' title='bbox 1464 2375 1478 2398; x_wconf 83' lang='lat'><strong>.</strong></span> <span class='ocrx_word' id='word_1_261' title='bbox 1527 2336 1940 2391; x_wconf 87' lang='lat' dir='ltr'><strong>advenientibus</strong></span> 
     </span>
    </p>
   </div>
   <div class='ocr_carea' id='block_1_41' title="bbox 347 2427 1935 2503">
    <p class='ocr_par' dir='ltr' id='par_1_41' title="bbox 347 2427 1935 2503">
     <span class='ocr_line' id='line_1_41' title="bbox 347 2427 1935 2503; baseline -0.001 -16"><span class='ocrx_word' id='word_1_262' title='bbox 347 2446 565 2503; x_wconf 82' lang='lat' dir='ltr'><strong>quoque</strong></span> <span class='ocrx_word' id='word_1_263' title='bbox 588 2430 809 2486; x_wconf 76' lang='lat' dir='ltr'><strong>Victore</strong></span> <span class='ocrx_word' id='word_1_264' title='bbox 838 2444 967 2485; x_wconf 88' lang='lat' dir='ltr'><strong>sene</strong></span> <span class='ocrx_word' id='word_1_265' title='bbox 996 2427 1389 2501; x_wconf 86' lang='lat' dir='ltr'><strong>Puppianense,</strong></span> <span class='ocrx_word' id='word_1_266' title='bbox 1425 2427 1564 2485; x_wconf 84' lang='lat' dir='ltr'><strong>Tuto</strong></span> <span class='ocrx_word' id='word_1_267' title='bbox 1595 2428 1935 2499; x_wconf 82' lang='lat' dir='ltr'><strong>Migirpense,</strong></span> 
     </span>
    </p>
   </div>
   <div class='ocr_carea' id='block_1_42' title="bbox 348 2518 984 2591">
    <p class='ocr_par' dir='ltr' id='par_1_42' title="bbox 348 2518 984 2591">
     <span class='ocr_line' id='line_1_42' title="bbox 348 2518 984 2591; baseline 0 -16"><span class='ocrx_word' id='word_1_268' title='bbox 348 2518 618 2591; x_wconf 82' lang='lat' dir='ltr'><strong>Evangelo</strong></span> <span class='ocrx_word' id='word_1_269' title='bbox 649 2521 984 2576; x_wconf 84' lang='lat' dir='ltr'><strong>Assuritano.</strong></span> 
     </span>
    </p>
   </div>
   <div class='ocr_carea' id='block_1_43' title="bbox 348 2610 1937 2696">
    <p class='ocr_par' dir='ltr' id='par_1_43' title="bbox 348 2610 1937 2696">
     <span class='ocr_line' id='line_1_43' title="bbox 348 2610 1937 2696; baseline 0.004 -30"><span class='ocrx_word' id='word_1_270' title='bbox 348 2612 601 2667; x_wconf 78' lang='lat' dir='ltr'><strong>Allocutio</strong></span> <span class='ocrx_word' id='word_1_271' title='bbox 662 2610 732 2665; x_wconf 86' lang='lat' dir='ltr'><strong>ad</strong></span> <span class='ocrx_word' id='word_1_272' title='bbox 791 2612 1055 2684; x_wconf 73' lang='lat' dir='ltr'><strong>episcopos</strong></span> <span class='ocrx_word' id='word_1_273' title='bbox 1106 2614 1301 2696; x_wconf 77' lang='lat' dir='ltr'><strong>Aurelii</strong></span> <span class='ocrx_word' id='word_1_274' title='bbox 1352 2612 1776 2685; x_wconf 66' lang='lat' dir='ltr'><strong>Carthaginiensis</strong></span> <span class='ocrx_word' id='word_1_275' title='bbox 1824 2618 1937 2689; x_wconf 87' lang='lat' dir='ltr'><strong>epi-</strong></span> 
     </span>
    </p>
   </div>
   <div class='ocr_carea' id='block_1_44' title="bbox 1059 2700 1221 2755">
    <p class='ocr_par' dir='ltr' id='par_1_44' title="bbox 1059 2700 1221 2755">
     <span class='ocr_line' id='line_1_44' title="bbox 1059 2700 1221 2755; baseline -0.006 -17"><span class='ocrx_word' id='word_1_276' title='bbox 1059 2700 1221 2755; x_wconf 81' lang='lat' dir='ltr'><strong>scopi.</strong></span> 
     </span>
    </p>
   </div>
   <div class='ocr_carea' id='block_1_45' title="bbox 423 2769 1936 2849">
    <p class='ocr_par' dir='ltr' id='par_1_45' title="bbox 423 2769 1936 2849">
     <span class='ocr_line' id='line_1_45' title="bbox 423 2769 1936 2849; baseline 0.005 -20"><span class='ocrx_word' id='word_1_277' title='bbox 423 2769 668 2831; x_wconf 78' lang='lat' dir='ltr'><strong>Aurelius</strong></span> <span class='ocrx_word' id='word_1_278' title='bbox 708 2772 994 2846; x_wconf 88' lang='lat' dir='ltr'><strong>episcopus</strong></span> <span class='ocrx_word' id='word_1_279' title='bbox 1020 2774 1193 2829; x_wconf 84' lang='lat' dir='ltr'><strong>dixit:</strong></span> <span class='ocrx_word' id='word_1_280' title='bbox 1229 2774 1359 2831; x_wconf 83' lang='lat' dir='ltr'><strong>Post</strong></span> <span class='ocrx_word' id='word_1_281' title='bbox 1394 2776 1535 2833; x_wconf 69' lang='lat' dir='ltr'><strong>diem</strong></span> <span class='ocrx_word' id='word_1_282' title='bbox 1579 2781 1936 2849; x_wconf 64' lang='lat' dir='ltr'><strong>praestitutam</strong></span> 
     </span>
    </p>
   </div>
   <div class='ocr_carea' id='block_1_46' title="bbox 346 2864 1937 2934">
    <p class='ocr_par' dir='ltr' id='par_1_46' title="bbox 346 2864 1937 2934">
     <span class='ocr_line' id='line_1_46' title="bbox 346 2864 1937 2934; baseline 0.002 -11"><span class='ocrx_word' id='word_1_283' title='bbox 346 2864 557 2923; x_wconf 74' lang='lat' dir='ltr'><strong>concilii</strong></span> <span class='ocrx_word' id='word_1_284' title='bbox 588 2866 947 2930; x_wconf 86' lang='lat' dir='ltr'><strong>consedimus,</strong></span> <span class='ocrx_word' id='word_1_285' title='bbox 999 2874 1059 2920; x_wconf 89' lang='lat' dir='ltr'><strong>ut</strong></span> <span class='ocrx_word' id='word_1_286' title='bbox 1084 2865 1466 2934; x_wconf 81' lang='lat' dir='ltr'><strong>recordamini,</strong></span> <span class='ocrx_word' id='word_1_287' title='bbox 1512 2870 1704 2925; x_wconf 88' lang='lat' dir='ltr'><strong>fratres</strong></span> <span class='ocrx_word' id='word_1_288' title='bbox 1732 2872 1937 2927; x_wconf 87' lang='lat' dir='ltr'><strong>beatis-</strong></span> 
     </span>
    </p>
   </div>
   <div class='ocr_carea' id='block_1_47' title="bbox 344 2956 1935 3033">
    <p class='ocr_par' dir='ltr' id='par_1_47' title="bbox 344 2956 1935 3033">
     <span class='ocr_line' id='line_1_47' title="bbox 344 2956 1935 3033; baseline 0.003 -20"><span class='ocrx_word' id='word_1_289' title='bbox 344 2956 492 3025; x_wconf 80' lang='lat' dir='ltr'><strong>simi,</strong></span> <span class='ocrx_word' id='word_1_290' title='bbox 504 2966 560 3011; x_wconf 89' lang='lat' dir='ltr'><strong>et</strong></span> <span class='ocrx_word' id='word_1_291' title='bbox 584 2957 979 3013; x_wconf 87' lang='lat' dir='ltr'><strong>arbitrabamur</strong></span> <span class='ocrx_word' id='word_1_292' title='bbox 994 2959 1235 3014; x_wconf 84' lang='lat' dir='ltr'><strong>omnium</strong></span> <span class='ocrx_word' id='word_1_293' title='bbox 1248 2961 1658 3029; x_wconf 81' lang='lat' dir='ltr'><strong>provinciarum</strong></span> <span class='ocrx_word' id='word_1_294' title='bbox 1683 2979 1781 3033; x_wconf 84' lang='lat' dir='ltr'><strong>per</strong></span> <span class='ocrx_word' id='word_1_295' title='bbox 1793 2963 1935 3019; x_wconf 85' lang='lat' dir='ltr'><strong>Afri-</strong></span> 
     </span>
    </p>
   </div>
   <div class='ocr_carea' id='block_1_48' title="bbox 346 3048 1938 3125">
    <p class='ocr_par' dir='ltr' id='par_1_48' title="bbox 346 3048 1938 3125">
     <span class='ocr_line' id='line_1_48' title="bbox 346 3048 1938 3125; baseline 0.004 -21"><span class='ocrx_word' id='word_1_296' title='bbox 346 3063 467 3104; x_wconf 83' lang='lat' dir='ltr'><strong>cam</strong></span> <span class='ocrx_word' id='word_1_297' title='bbox 498 3049 795 3118; x_wconf 76' lang='lat' dir='ltr'><strong>legationes</strong></span> <span class='ocrx_word' id='word_1_298' title='bbox 823 3048 1143 3106; x_wconf 83' lang='lat' dir='ltr'><strong>convenisse</strong></span> <span class='ocrx_word' id='word_1_299' title='bbox 1172 3051 1240 3106; x_wconf 90' lang='lat' dir='ltr'><strong>ad</strong></span> <span class='ocrx_word' id='word_1_300' title='bbox 1269 3052 1431 3118; x_wconf 88' lang='lat' dir='ltr'><strong>diem,</strong></span> <span class='ocrx_word' id='word_1_301' title='bbox 1477 3061 1535 3107; x_wconf 93' lang='lat' dir='ltr'><strong>ut</strong></span> <span class='ocrx_word' id='word_1_302' title='bbox 1569 3054 1701 3121; x_wconf 80' lang='lat' dir='ltr'><strong>dixi,</strong></span> <span class='ocrx_word' id='word_1_303' title='bbox 1728 3058 1938 3125; x_wconf 55' lang='lat' dir='ltr'><strong>praesti-</strong></span> 
     </span>
    </p>
   </div>
   <div class='ocr_carea' id='block_1_49' title="bbox 2465 1844 3234 1912">
    <p class='ocr_par' dir='ltr' id='par_1_49' title="bbox 2465 1844 3234 1912">
     <span class='ocr_line' id='line_1_49' title="bbox 2465 1844 3234 1912; baseline 0.008 -18"><span class='ocrx_word' id='word_1_304' title='bbox 2465 1846 2806 1896; x_wconf 82' lang='lat' dir='ltr'><strong>sucramentis</strong></span> <span class='ocrx_word' id='word_1_305' title='bbox 2829 1844 3007 1912; x_wconf 67' lang='lat' dir='ltr'><strong>offerri</strong></span> <span class='ocrx_word' id='word_1_306' title='bbox 3037 1845 3234 1900; x_wconf 85' lang='lat' dir='ltr'><strong>debeat.</strong></span> 
     </span>
    </p>
   </div>
   <div class='ocr_carea' id='block_1_50' title="bbox 2119 1930 3648 2011">
    <p class='ocr_par' dir='ltr' id='par_1_50' title="bbox 2119 1930 3648 2011">
     <span class='ocr_line' id='line_1_50' title="bbox 2119 1930 3648 2011; baseline 0.008 -25"><span class='ocrx_word' id='word_1_307' title='bbox 2119 1930 2384 2011; x_wconf 79' lang='lat' dir='ltr'><strong>XXXVII.</strong></span> <span class='ocrx_word' id='word_1_308' title='bbox 2420 1930 2490 1987; x_wconf 82' lang='lat' dir='ltr'><strong>Ut</strong></span> <span class='ocrx_word' id='word_1_309' title='bbox 2521 1934 2575 1988; x_wconf 92' lang='lat' dir='ltr'><strong>in</strong></span> <span class='ocrx_word' id='word_1_310' title='bbox 2616 1936 2969 1991; x_wconf 82' lang='lat' dir='ltr'><strong>sacramentis</strong></span> <span class='ocrx_word' id='word_1_311' title='bbox 3019 1938 3264 2007; x_wconf 86' lang='lat' dir='ltr'><strong>corporis</strong></span> <span class='ocrx_word' id='word_1_312' title='bbox 3292 1948 3347 1995; x_wconf 90' lang='lat' dir='ltr'><strong>et</strong></span> <span class='ocrx_word' id='word_1_313' title='bbox 3375 1942 3648 2011; x_wconf 77' lang='lat' dir='ltr'><strong>sanguinis</strong></span> 
     </span>
    </p>
   </div>
   <div class='ocr_carea' id='block_1_51' title="bbox 2051 2010 3647 2103">
    <p class='ocr_par' dir='ltr' id='par_1_51' title="bbox 2051 2010 3647 2103">
     <span class='ocr_line' id='line_1_51' title="bbox 2051 2010 3647 2103; baseline 0.008 -27"><span class='ocrx_word' id='word_1_314' title='bbox 2051 2021 2263 2080; x_wconf 87' lang='lat' dir='ltr'><strong>Domini</strong></span> <span class='ocrx_word' id='word_1_315' title='bbox 2292 2010 2425 2080; x_wconf 83' lang='lat' dir='ltr'><strong>nihil</strong></span> <span class='ocrx_word' id='word_1_316' title='bbox 2447 2026 2703 2097; x_wconf 61' lang='lat' dir='ltr'><strong>ampliuso</strong></span> <span class='ocrx_word' id='word_1_317' title='bbox 2722 2026 2998 2095; x_wconf 79' lang='lat' dir='ltr'><strong>offeratur,</strong></span> <span class='ocrx_word' id='word_1_318' title='bbox 3030 2045 3191 2098; x_wconf 88' lang='lat' dir='ltr'><strong>quam</strong></span> <span class='ocrx_word' id='word_1_319' title='bbox 3221 2031 3364 2099; x_wconf 87' lang='lat' dir='ltr'><strong>quod</strong></span> <span class='ocrx_word' id='word_1_320' title='bbox 3394 2010 3509 2103; x_wconf 87' lang='lat' dir='ltr'><strong>ipse</strong></span> <span class='ocrx_word' id='word_1_321' title='bbox 3536 2033 3647 2088; x_wconf 81' lang='lat' dir='ltr'><strong>Do-</strong></span> 
     </span>
    </p>
   </div>
   <div class='ocr_carea' id='block_1_52' title="bbox 2046 2116 3644 2193">
    <p class='ocr_par' dir='ltr' id='par_1_52' title="bbox 2046 2116 3644 2193">
     <span class='ocr_line' id='line_1_52' title="bbox 2046 2116 3644 2193; baseline 0.007 -23"><span class='ocrx_word' id='word_1_322' title='bbox 2046 2116 2227 2173; x_wconf 89' lang='lat' dir='ltr'><strong>minus</strong></span> <span class='ocrx_word' id='word_1_323' title='bbox 2250 2120 2493 2189; x_wconf 88' lang='lat' dir='ltr'><strong>tradidit,</strong></span> <span class='ocrx_word' id='word_1_324' title='bbox 2511 2121 2614 2177; x_wconf 92' lang='lat' dir='ltr'><strong>hoc</strong></span> <span class='ocrx_word' id='word_1_325' title='bbox 2635 2129 2719 2177; x_wconf 89' lang='lat' dir='ltr'><strong>est</strong></span> <span class='ocrx_word' id='word_1_326' title='bbox 2748 2123 2920 2192; x_wconf 88' lang='lat' dir='ltr'><strong>panis,</strong></span> <span class='ocrx_word' id='word_1_327' title='bbox 2940 2131 2994 2177; x_wconf 92' lang='lat' dir='ltr'><strong>et</strong></span> <span class='ocrx_word' id='word_1_328' title='bbox 3008 2123 3191 2178; x_wconf 89' lang='lat' dir='ltr'><strong>vinum</strong></span> <span class='ocrx_word' id='word_1_329' title='bbox 3222 2140 3360 2193; x_wconf 87' lang='lat' dir='ltr'><strong>aqua</strong></span> <span class='ocrx_word' id='word_1_330' title='bbox 3387 2126 3644 2181; x_wconf 79' lang='lat' dir='ltr'><strong>mixtum:</strong></span> 
     </span>
    </p>
   </div>
   <div class='ocr_carea' id='block_1_53' title="bbox 2048 2204 3648 2283">
    <p class='ocr_par' dir='ltr' id='par_1_53' title="bbox 2048 2204 3648 2283">
     <span class='ocr_line' id='line_1_53' title="bbox 2048 2204 3648 2283; baseline 0.006 -20"><span class='ocrx_word' id='word_1_331' title='bbox 2048 2210 2299 2279; x_wconf 65' lang='lat' dir='ltr'><strong>primitiae</strong></span> <span class='ocrx_word' id='word_1_332' title='bbox 2321 2204 2474 2276; x_wconf 83' lang='lat' dir='ltr'><strong>vero,</strong></span> <span class='ocrx_word' id='word_1_333' title='bbox 2522 2228 2618 2268; x_wconf 89' lang='lat' dir='ltr'><strong>seu</strong></span> <span class='ocrx_word' id='word_1_334' title='bbox 2648 2214 2776 2276; x_wconf 89' lang='lat' dir='ltr'><strong>mel,</strong></span> <span class='ocrx_word' id='word_1_335' title='bbox 2810 2222 2867 2268; x_wconf 90' lang='lat' dir='ltr'><strong>et</strong></span> <span class='ocrx_word' id='word_1_336' title='bbox 2894 2214 2996 2278; x_wconf 89' lang='lat' dir='ltr'><strong>lac,</strong></span> <span class='ocrx_word' id='word_1_337' title='bbox 3025 2213 3169 2283; x_wconf 90' lang='lat' dir='ltr'><strong>quod</strong></span> <span class='ocrx_word' id='word_1_338' title='bbox 3200 2231 3306 2270; x_wconf 92' lang='lat' dir='ltr'><strong>uno</strong></span> <span class='ocrx_word' id='word_1_339' title='bbox 3333 2216 3419 2271; x_wconf 89' lang='lat' dir='ltr'><strong>die</strong></span> <span class='ocrx_word' id='word_1_340' title='bbox 3450 2217 3648 2273; x_wconf 87' lang='lat' dir='ltr'><strong>solem-</strong></span> 
     </span>
    </p>
   </div>
   <div class='ocr_carea' id='block_1_54' title="bbox 2045 2304 3647 2379">
    <p class='ocr_par' dir='ltr' id='par_1_54' title="bbox 2045 2304 3647 2379">
     <span class='ocr_line' id='line_1_54' title="bbox 2045 2304 3647 2379; baseline 0.004 -21"><span class='ocrx_word' id='word_1_341' title='bbox 2045 2304 2271 2361; x_wconf 85' lang='lat' dir='ltr'><strong>nissimo</strong></span> <span class='ocrx_word' id='word_1_342' title='bbox 2301 2304 2355 2360; x_wconf 90' lang='lat' dir='ltr'><strong>in</strong></span> <span class='ocrx_word' id='word_1_343' title='bbox 2387 2305 2650 2361; x_wconf 78' lang='lat' dir='ltr'><strong>infantum</strong></span> <span class='ocrx_word' id='word_1_344' title='bbox 2679 2307 2938 2379; x_wconf 90' lang='lat' dir='ltr'><strong>mysterio</strong></span> <span class='ocrx_word' id='word_1_345' title='bbox 2984 2307 3127 2363; x_wconf 88' lang='lat' dir='ltr'><strong>solet</strong></span> <span class='ocrx_word' id='word_1_346' title='bbox 3156 2307 3373 2373; x_wconf 77' lang='lat' dir='ltr'><strong>offerri,</strong></span> <span class='ocrx_word' id='word_1_347' title='bbox 3403 2310 3647 2378; x_wconf 86' lang='lat' dir='ltr'><strong>quamvis</strong></span> 
     </span>
    </p>
   </div>
   <div class='ocr_carea' id='block_1_55' title="bbox 2047 2393 3645 2479">
    <p class='ocr_par' dir='ltr' id='par_1_55' title="bbox 2047 2393 3645 2479">
     <span class='ocr_line' id='line_1_55' title="bbox 2047 2393 3645 2479; baseline 0.003 -30"><span class='ocrx_word' id='word_1_348' title='bbox 2047 2394 2104 2449; x_wconf 91' lang='lat' dir='ltr'><strong>iu</strong></span> <span class='ocrx_word' id='word_1_349' title='bbox 2142 2393 2301 2450; x_wconf 84' lang='lat' dir='ltr'><strong>altari</strong></span> <span class='ocrx_word' id='word_1_350' title='bbox 2332 2394 2657 2461; x_wconf 83' lang='lat' dir='ltr'><strong>offerantur,</strong></span> <span class='ocrx_word' id='word_1_351' title='bbox 2704 2411 2858 2451; x_wconf 89' lang='lat' dir='ltr'><strong>suam</strong></span> <span class='ocrx_word' id='word_1_352' title='bbox 2900 2404 3077 2452; x_wconf 85' lang='lat' dir='ltr'><strong>tamen</strong></span> <span class='ocrx_word' id='word_1_353' title='bbox 3108 2396 3344 2479; x_wconf 87' lang='lat' dir='ltr'><strong>habeant</strong></span> <span class='ocrx_word' id='word_1_354' title='bbox 3372 2398 3645 2468; x_wconf 86' lang='lat' dir='ltr'><strong>propriam</strong></span> 
     </span>
    </p>
   </div>
   <div class='ocr_carea' id='block_1_56' title="bbox 2046 2488 3648 2561">
    <p class='ocr_par' dir='ltr' id='par_1_56' title="bbox 2046 2488 3648 2561">
     <span class='ocr_line' id='line_1_56' title="bbox 2046 2488 3648 2561; baseline 0.001 -18"><span class='ocrx_word' id='word_1_355' title='bbox 2046 2488 2505 2553; x_wconf 89' lang='lat' dir='ltr'><strong>benedictionem,</strong></span> <span class='ocrx_word' id='word_1_356' title='bbox 2558 2498 2674 2544; x_wconf 90' lang='lat' dir='ltr'><strong>uta</strong></span> <span class='ocrx_word' id='word_1_357' title='bbox 2700 2498 3041 2546; x_wconf 87' lang='lat' dir='ltr'><strong>sacramento</strong></span> <span class='ocrx_word' id='word_1_358' title='bbox 3087 2489 3357 2546; x_wconf 88' lang='lat' dir='ltr'><strong>dominico</strong></span> <span class='ocrx_word' id='word_1_359' title='bbox 3402 2489 3648 2561; x_wconf 87' lang='lat' dir='ltr'><strong>corporis</strong></span> 
     </span>
    </p>
   </div>
   <div class='ocr_carea' id='block_1_57' title="bbox 2047 2582 3649 2655">
    <p class='ocr_par' dir='ltr' id='par_1_57' title="bbox 2047 2582 3649 2655">
     <span class='ocr_line' id='line_1_57' title="bbox 2047 2582 3649 2655; baseline 0.003 -19"><span class='ocrx_word' id='word_1_360' title='bbox 2047 2589 2105 2636; x_wconf 88' lang='lat' dir='ltr'><strong>et</strong></span> <span class='ocrx_word' id='word_1_361' title='bbox 2133 2582 2409 2650; x_wconf 87' lang='lat' dir='ltr'><strong>sanguinis</strong></span> <span class='ocrx_word' id='word_1_362' title='bbox 2434 2582 2856 2652; x_wconf 84' lang='lat' dir='ltr'><strong>distinguantur,</strong></span> <span class='ocrx_word' id='word_1_363' title='bbox 2900 2600 2999 2639; x_wconf 90' lang='lat' dir='ltr'><strong>nec</strong></span> <span class='ocrx_word' id='word_1_364' title='bbox 3048 2584 3275 2655; x_wconf 87' lang='lat' dir='ltr'><strong>amplius</strong></span> <span class='ocrx_word' id='word_1_365' title='bbox 3317 2584 3368 2638; x_wconf 90' lang='lat' dir='ltr'><strong>in</strong></span> <span class='ocrx_word' id='word_1_366' title='bbox 3400 2583 3649 2654; x_wconf 82' lang='lat' dir='ltr'><strong>primitiis</strong></span> 
     </span>
    </p>
   </div>
   <div class='ocr_carea' id='block_1_58' title="bbox 1946 2671 3167 2749">
    <p class='ocr_par' dir='ltr' id='par_1_58' title="bbox 1946 2671 3167 2749">
     <span class='ocr_line' id='line_1_58' title="bbox 1946 2671 3167 2749; baseline 0.003 -22"><span class='ocrx_word' id='word_1_367' title='bbox 1946 2746 1949 2749; x_wconf 91' lang='lat'><em>_</em></span> <span class='ocrx_word' id='word_1_368' title='bbox 2044 2671 2306 2728; x_wconf 79' lang='lat' dir='ltr'><strong>offeratur</strong></span> <span class='ocrx_word' id='word_1_369' title='bbox 2334 2690 2499 2745; x_wconf 88' lang='lat' dir='ltr'><strong>quam</strong></span> <span class='ocrx_word' id='word_1_370' title='bbox 2529 2675 2598 2730; x_wconf 93' lang='lat' dir='ltr'><strong>de</strong></span> <span class='ocrx_word' id='word_1_371' title='bbox 2628 2675 2747 2730; x_wconf 87' lang='lat' dir='ltr'><strong>uvis</strong></span> <span class='ocrx_word' id='word_1_372' title='bbox 2776 2684 2833 2731; x_wconf 89' lang='lat' dir='ltr'><strong>et</strong></span> <span class='ocrx_word' id='word_1_373' title='bbox 2861 2675 3167 2731; x_wconf 86' lang='lat' dir='ltr'><strong>frumentis.</strong></span> 
     </span>
    </p>
   </div>
   <div class='ocr_carea' id='block_1_59' title="bbox 2049 2786 3697 2915">
    <p class='ocr_par' dir='ltr' id='par_1_59' title="bbox 2049 2786 3697 2915">
     <span class='ocr_line' id='line_1_59' title="bbox 2049 2786 3697 2915; baseline 0.002 -72"><span class='ocrx_word' id='word_1_374' title='bbox 2049 2786 2117 2843; x_wconf 88' lang='lat' dir='ltr'><strong>Ut</strong></span> <span class='ocrx_word' id='word_1_375' title='bbox 2145 2790 2339 2857; x_wconf 85' lang='lat' dir='ltr'><strong>clerici,</strong></span> <span class='ocrx_word' id='word_1_376' title='bbox 2373 2791 2450 2845; x_wconf 83' lang='lat' dir='ltr'><strong>vel</strong></span> <span class='ocrx_word' id='word_1_377' title='bbox 2475 2792 2820 2857; x_wconf 82' lang='lat' dir='ltr'><strong>continentes,</strong></span> <span class='ocrx_word' id='word_1_378' title='bbox 2840 2792 2914 2915; x_wconf 50' lang='grc' dir='ltr'><strong>ἔα</strong></span> <span class='ocrx_word' id='word_1_379' title='bbox 2940 2792 3185 2863; x_wconf 84' lang='lat' dir='ltr'><strong>virgines,</strong></span> <span class='ocrx_word' id='word_1_380' title='bbox 3210 2790 3288 2845; x_wconf 86' lang='lat' dir='ltr'><strong>vel</strong></span> <span class='ocrx_word' id='word_1_381' title='bbox 3315 2791 3515 2858; x_wconf 84' lang='lat' dir='ltr'><strong>viduas,</strong></span> <span class='ocrx_word' id='word_1_382' title='bbox 3540 2807 3644 2847; x_wconf 85' lang='lat' dir='ltr'><strong>non</strong></span> <span class='ocrx_word' id='word_1_383' title='bbox 3694 2868 3697 2873; x_wconf 28' lang='grc' dir='ltr'><strong>Ι</strong></span> 
     </span>
     <span class='ocr_line' id='line_1_60' title="bbox 2718 2872 2985 2915; baseline 0 0"><span class='ocrx_word' id='word_1_384' title='bbox 2718 2879 2837 2915; x_wconf 85' lang='lat' dir='ltr'><strong>acce</strong></span> <span class='ocrx_word' id='word_1_385' title='bbox 2875 2872 2985 2915; x_wconf 86' lang='lat' dir='ltr'><strong>ant.</strong></span> 
     </span>
    </p>
   </div>
   <div class='ocr_carea' id='block_1_60' title="bbox 2718 2872 2985 2916">
    <p class='ocr_par' dir='ltr' id='par_1_60' title="bbox 2718 2872 2985 2916">
     <span class='ocr_line' id='line_1_61' title="bbox 2718 2872 2985 2916; baseline -0.004 0"><span class='ocrx_word' id='word_1_386' title='bbox 2718 2872 2985 2916; x_wconf 84' lang='lat' dir='ltr'><strong>accedant.</strong></span> 
     </span>
    </p>
   </div>
   <div class='ocr_carea' id='block_1_61' title="bbox 2117 2951 3646 3024">
    <p class='ocr_par' dir='ltr' id='par_1_61' title="bbox 2117 2951 3646 3024">
     <span class='ocr_line' id='line_1_62' title="bbox 2117 2951 3646 3024; baseline 0.003 -18"><span class='ocrx_word' id='word_1_387' title='bbox 2117 2951 2400 3009; x_wconf 80' lang='lat' dir='ltr'><strong>XXXVIII.</strong></span> <span class='ocrx_word' id='word_1_388' title='bbox 2433 2953 2651 3021; x_wconf 88' lang='lat' dir='ltr'><strong>Clerici,</strong></span> <span class='ocrx_word' id='word_1_389' title='bbox 2694 2955 2779 3009; x_wconf 92' lang='lat' dir='ltr'><strong>vel</strong></span> <span class='ocrx_word' id='word_1_390' title='bbox 2811 2954 3170 3021; x_wconf 87' lang='lat' dir='ltr'><strong>continentes,</strong></span> <span class='ocrx_word' id='word_1_391' title='bbox 3223 2953 3289 3010; x_wconf 87' lang='lat' dir='ltr'><strong>ad</strong></span> <span class='ocrx_word' id='word_1_392' title='bbox 3322 2955 3528 3024; x_wconf 87' lang='lat' dir='ltr'><strong>viduas,</strong></span> <span class='ocrx_word' id='word_1_393' title='bbox 3560 2956 3646 3011; x_wconf 75' lang='lat' dir='ltr'><strong>vel</strong></span> 
     </span>
    </p>
   </div>
   <div class='ocr_carea' id='block_1_62' title="bbox 2042 3046 3645 3120">
    <p class='ocr_par' dir='ltr' id='par_1_62' title="bbox 2042 3046 3645 3120">
     <span class='ocr_line' id='line_1_63' title="bbox 2042 3046 3645 3120; baseline 0.002 -20"><span class='ocrx_word' id='word_1_394' title='bbox 2042 3048 2278 3112; x_wconf 77' lang='lat' dir='ltr'><strong>virgines</strong></span> <span class='ocrx_word' id='word_1_395' title='bbox 2306 3089 2321 3114; x_wconf 93' lang='lat'><strong>,</strong></span> <span class='ocrx_word' id='word_1_396' title='bbox 2376 3046 2477 3103; x_wconf 84' lang='lat' dir='ltr'><strong>nisi</strong></span> <span class='ocrx_word' id='word_1_397' title='bbox 2518 3064 2585 3104; x_wconf 81' lang='lat' dir='ltr'><strong>ex</strong></span> <span class='ocrx_word' id='word_1_398' title='bbox 2628 3047 2781 3119; x_wconf 83' lang='lat' dir='ltr'><strong>jussu</strong></span> <span class='ocrx_word' id='word_1_399' title='bbox 2822 3047 2907 3102; x_wconf 92' lang='lat' dir='ltr'><strong>vel</strong></span> <span class='ocrx_word' id='word_1_400' title='bbox 2956 3049 3221 3118; x_wconf 88' lang='lat' dir='ltr'><strong>permissu</strong></span> <span class='ocrx_word' id='word_1_401' title='bbox 3269 3048 3645 3120; x_wconf 89' lang='lat' dir='ltr'><strong>episcoporum</strong></span> 
     </span>
    </p>
   </div>
   <div class='ocr_carea' id='block_1_63' title="bbox 344 3134 3645 3215">
    <p class='ocr_par' dir='ltr' id='par_1_63' title="bbox 344 3134 3645 3215">
     <span class='ocr_line' id='line_1_64' title="bbox 344 3134 3645 3215; baseline 0.003 -21"><span class='ocrx_word' id='word_1_402' title='bbox 344 3146 520 3195; x_wconf 85' lang='lat' dir='ltr'><strong>tutam</strong></span> <span class='ocrx_word' id='word_1_403' title='bbox 551 3140 721 3196; x_wconf 78' lang='lat' dir='ltr'><strong>nostri</strong></span> <span class='ocrx_word' id='word_1_404' title='bbox 749 3134 1046 3209; x_wconf 86' lang='lat' dir='ltr'><strong>tractatus;</strong></span> <span class='ocrx_word' id='word_1_405' title='bbox 1075 3143 1168 3198; x_wconf 90' lang='lat' dir='ltr'><strong>sed</strong></span> <span class='ocrx_word' id='word_1_406' title='bbox 1199 3159 1321 3199; x_wconf 89' lang='lat' dir='ltr'><strong>cum</strong></span> <span class='ocrx_word' id='word_1_407' title='bbox 1347 3144 1689 3201; x_wconf 73' lang='lat' dir='ltr'><strong>sacerdotum</strong></span> <span class='ocrx_word' id='word_1_408' title='bbox 1720 3160 1935 3205; x_wconf 87' lang='lat' dir='ltr'><strong>nostro-</strong></span> <span class='ocrx_word' id='word_1_409' title='bbox 1964 3147 2011 3212; x_wconf 89' lang='lat' dir='ltr'><strong>c</strong></span> <span class='ocrx_word' id='word_1_410' title='bbox 2041 3150 2135 3193; x_wconf 75' lang='lat' dir='ltr'><strong>aut</strong></span> <span class='ocrx_word' id='word_1_411' title='bbox 2163 3140 2610 3215; x_wconf 79' lang='lat' dir='ltr'><strong>presbyterorum</strong></span> <span class='ocrx_word' id='word_1_412' title='bbox 2631 3156 2739 3195; x_wconf 85' lang='lat' dir='ltr'><strong>non</strong></span> <span class='ocrx_word' id='word_1_413' title='bbox 2760 3138 3024 3195; x_wconf 73' lang='lat' dir='ltr'><strong>accedant</strong></span> <span class='ocrx_word' id='word_1_414' title='bbox 3054 3156 3067 3192; x_wconf 77' lang='grc' dir='ltr'>ε</span> <span class='ocrx_word' id='word_1_415' title='bbox 3100 3141 3279 3196; x_wconf 78' lang='lat' dir='ltr'><strong>ethoc</strong></span> <span class='ocrx_word' id='word_1_416' title='bbox 3304 3155 3414 3195; x_wconf 84' lang='lat' dir='ltr'><strong>non</strong></span> <span class='ocrx_word' id='word_1_417' title='bbox 3442 3139 3543 3196; x_wconf 87' lang='lat' dir='ltr'><strong>soli</strong></span> <span class='ocrx_word' id='word_1_418' title='bbox 3561 3135 3645 3195; x_wconf 80' lang='lat' dir='ltr'><strong>fa-</strong></span> 
     </span>
    </p>
   </div>
   <div class='ocr_carea' id='block_1_64' title="bbox 346 3232 1935 3311">
    <p class='ocr_par' dir='ltr' id='par_1_64' title="bbox 346 3232 1935 3311">
     <span class='ocr_line' id='line_1_65' title="bbox 346 3232 1935 3311; baseline 0.004 -20"><span class='ocrx_word' id='word_1_419' title='bbox 346 3250 471 3291; x_wconf 89' lang='lat' dir='ltr'><strong>rum</strong></span> <span class='ocrx_word' id='word_1_420' title='bbox 499 3232 723 3306; x_wconf 81' lang='lat' dir='ltr'><strong>epistola</strong></span> <span class='ocrx_word' id='word_1_421' title='bbox 750 3233 1154 3309; x_wconf 87' lang='lat' dir='ltr'><strong>Byzacenorum</strong></span> <span class='ocrx_word' id='word_1_422' title='bbox 1181 3236 1371 3294; x_wconf 90' lang='lat' dir='ltr'><strong>fuisset</strong></span> <span class='ocrx_word' id='word_1_423' title='bbox 1398 3239 1643 3306; x_wconf 89' lang='lat' dir='ltr'><strong>recitata,</strong></span> <span class='ocrx_word' id='word_1_424' title='bbox 1697 3242 1779 3296; x_wconf 93' lang='lat' dir='ltr'><strong>vel</strong></span> <span class='ocrx_word' id='word_1_425' title='bbox 1810 3244 1935 3311; x_wconf 87' lang='lat' dir='ltr'><strong>quid</strong></span> 
     </span>
    </p>
   </div>
   <div class='ocr_carea' id='block_1_65' title="bbox 346 3327 1937 3403">
    <p class='ocr_par' dir='ltr' id='par_1_65' title="bbox 346 3327 1937 3403">
     <span class='ocr_line' id='line_1_66' title="bbox 346 3327 1937 3403; baseline 0.004 -20"><span class='ocrx_word' id='word_1_426' title='bbox 346 3341 558 3384; x_wconf 87' lang='lat' dir='ltr'><strong>mecum</strong></span> <span class='ocrx_word' id='word_1_427' title='bbox 588 3327 746 3382; x_wconf 90' lang='lat' dir='ltr'><strong>iidem</strong></span> <span class='ocrx_word' id='word_1_428' title='bbox 768 3329 861 3399; x_wconf 86' lang='lat' dir='ltr'><strong>qui</strong></span> <span class='ocrx_word' id='word_1_429' title='bbox 894 3338 1105 3399; x_wconf 90' lang='lat' dir='ltr'><strong>tempus</strong></span> <span class='ocrx_word' id='word_1_430' title='bbox 1148 3338 1203 3384; x_wconf 92' lang='lat' dir='ltr'><strong>et</strong></span> <span class='ocrx_word' id='word_1_431' title='bbox 1250 3330 1393 3386; x_wconf 90' lang='lat' dir='ltr'><strong>diem</strong></span> <span class='ocrx_word' id='word_1_432' title='bbox 1424 3332 1634 3387; x_wconf 83' lang='lat' dir='ltr'><strong>concilii</strong></span> <span class='ocrx_word' id='word_1_433' title='bbox 1664 3348 1937 3403; x_wconf 68' lang='lat' dir='ltr'><strong>prtevene-</strong></span> 
     </span>
    </p>
   </div>
   <div class='ocr_carea' id='block_1_66' title="bbox 346 3424 1935 3495">
    <p class='ocr_par' dir='ltr' id='par_1_66' title="bbox 346 3424 1935 3495">
     <span class='ocr_line' id='line_1_67' title="bbox 346 3424 1935 3495; baseline 0.004 -19"><span class='ocrx_word' id='word_1_434' title='bbox 346 3430 491 3489; x_wconf 84' lang='lat' dir='ltr'><strong>rant,</strong></span> <span class='ocrx_word' id='word_1_435' title='bbox 525 3430 867 3491; x_wconf 83' lang='lat' dir='ltr'><strong>tractassem,</strong></span> <span class='ocrx_word' id='word_1_436' title='bbox 914 3432 1108 3478; x_wconf 75' lang='lat' dir='ltr'><strong>vestrae</strong></span> <span class='ocrx_word' id='word_1_437' title='bbox 1149 3424 1399 3479; x_wconf 89' lang='lat' dir='ltr'><strong>charitati</strong></span> <span class='ocrx_word' id='word_1_438' title='bbox 1444 3424 1745 3495; x_wconf 79' lang='lat' dir='ltr'><strong>legeretur,</strong></span> <span class='ocrx_word' id='word_1_439' title='bbox 1798 3428 1935 3484; x_wconf 89' lang='lat' dir='ltr'><strong>lecta</strong></span> 
     </span>
    </p>
   </div>
   <div class='ocr_carea' id='block_1_67' title="bbox 343 3513 1932 3589">
    <p class='ocr_par' dir='ltr' id='par_1_67' title="bbox 343 3513 1932 3589">
     <span class='ocr_line' id='line_1_68' title="bbox 343 3513 1932 3589; baseline 0.003 -19"><span class='ocrx_word' id='word_1_440' title='bbox 343 3524 427 3570; x_wconf 85' lang='lat' dir='ltr'><strong>est</strong></span> <span class='ocrx_word' id='word_1_441' title='bbox 455 3514 614 3569; x_wconf 86' lang='lat' dir='ltr'><strong>etiam</strong></span> <span class='ocrx_word' id='word_1_442' title='bbox 645 3530 674 3568; x_wconf 89' lang='lat' dir='ltr'><strong>a</strong></span> <span class='ocrx_word' id='word_1_443' title='bbox 702 3514 956 3570; x_wconf 84' lang='lat' dir='ltr'><strong>fratribus</strong></span> <span class='ocrx_word' id='word_1_444' title='bbox 985 3513 1261 3571; x_wconf 81' lang='lat' dir='ltr'><strong>Honorato</strong></span> <span class='ocrx_word' id='word_1_445' title='bbox 1286 3525 1341 3571; x_wconf 92' lang='lat' dir='ltr'><strong>et</strong></span> <span class='ocrx_word' id='word_1_446' title='bbox 1369 3515 1606 3584; x_wconf 88' lang='lat' dir='ltr'><strong>Urbano,</strong></span> <span class='ocrx_word' id='word_1_447' title='bbox 1629 3520 1718 3589; x_wconf 89' lang='lat' dir='ltr'><strong>qui</strong></span> <span class='ocrx_word' id='word_1_448' title='bbox 1750 3521 1932 3575; x_wconf 89' lang='lat' dir='ltr'><strong>nobis-</strong></span> 
     </span>
    </p>
   </div>
   <div class='ocr_carea' id='block_1_68' title="bbox 346 3589 1934 3677">
    <p class='ocr_par' dir='ltr' id='par_1_68' title="bbox 346 3589 1934 3677">
     <span class='ocr_line' id='line_1_69' title="bbox 346 3589 1934 3677; baseline 0.003 -15"><span class='ocrx_word' id='word_1_449' title='bbox 346 3589 467 3662; x_wconf 85' lang='lat' dir='ltr'><strong>cum</strong></span> <span class='ocrx_word' id='word_1_450' title='bbox 502 3606 662 3662; x_wconf 89' lang='lat' dir='ltr'><strong>hodie</strong></span> <span class='ocrx_word' id='word_1_451' title='bbox 684 3607 972 3663; x_wconf 90' lang='lat' dir='ltr'><strong>concilium</strong></span> <span class='ocrx_word' id='word_1_452' title='bbox 1002 3607 1412 3677; x_wconf 89' lang='lat' dir='ltr'><strong>participantur,</strong></span> <span class='ocrx_word' id='word_1_453' title='bbox 1444 3608 1643 3677; x_wconf 88' lang='lat' dir='ltr'><strong>legatio</strong></span> <span class='ocrx_word' id='word_1_454' title='bbox 1666 3609 1934 3667; x_wconf 84' lang='lat' dir='ltr'><strong>Sitifensis</strong></span> 
     </span>
    </p>
   </div>
   <div class='ocr_carea' id='block_1_69' title="bbox 343 3698 1933 3771">
    <p class='ocr_par' dir='ltr' id='par_1_69' title="bbox 343 3698 1933 3771">
     <span class='ocr_line' id='line_1_70' title="bbox 343 3698 1933 3771; baseline 0.003 -17"><span class='ocrx_word' id='word_1_455' title='bbox 343 3698 633 3770; x_wconf 77' lang='lat' dir='ltr'><strong>provincia:</strong></span> <span class='ocrx_word' id='word_1_456' title='bbox 658 3699 941 3755; x_wconf 84' lang='lat' dir='ltr'><strong>destinata.</strong></span> <span class='ocrx_word' id='word_1_457' title='bbox 976 3699 1167 3756; x_wconf 86' lang='lat' dir='ltr'><strong>Frater</strong></span> <span class='ocrx_word' id='word_1_458' title='bbox 1196 3702 1355 3755; x_wconf 87' lang='lat' dir='ltr'><strong>etiam</strong></span> <span class='ocrx_word' id='word_1_459' title='bbox 1401 3701 1638 3771; x_wconf 82' lang='lat' dir='ltr'><strong>Reginus</strong></span> <span class='ocrx_word' id='word_1_460' title='bbox 1677 3702 1933 3759; x_wconf 65' lang='lat' dir='ltr'><strong>Ecclesiae</strong></span> 
     </span>
    </p>
   </div>
   <div class='ocr_carea' id='block_1_70' title="bbox 344 3786 1935 3865">
    <p class='ocr_par' dir='ltr' id='par_1_70' title="bbox 344 3786 1935 3865">
     <span class='ocr_line' id='line_1_71' title="bbox 344 3786 1935 3865; baseline 0.009 -24"><span class='ocrx_word' id='word_1_461' title='bbox 344 3786 508 3860; x_wconf 79' lang='lat' dir='ltr'><strong>Vegei</strong></span> <span class='ocrx_word' id='word_1_462' title='bbox 536 3792 788 3848; x_wconf 82' lang='lat' dir='ltr'><strong>Selitanac</strong></span> <span class='ocrx_word' id='word_1_463' title='bbox 820 3794 1029 3849; x_wconf 88' lang='lat' dir='ltr'><strong>litteras</strong></span> <span class='ocrx_word' id='word_1_464' title='bbox 1052 3796 1069 3813; x_wconf 76' lang='lat'><strong><em>‘</em></strong></span> <span class='ocrx_word' id='word_1_465' title='bbox 1096 3794 1162 3848; x_wconf 90' lang='lat' dir='ltr'><strong>ad</strong></span> <span class='ocrx_word' id='word_1_466' title='bbox 1204 3796 1524 3865; x_wconf 86' lang='lat' dir='ltr'><strong>parvitatem</strong></span> <span class='ocrx_word' id='word_1_467' title='bbox 1565 3813 1740 3852; x_wconf 88' lang='lat' dir='ltr'><strong>meam</strong></span> <span class='ocrx_word' id='word_1_468' title='bbox 1778 3799 1935 3855; x_wconf 88' lang='lat' dir='ltr'><strong>datas</strong></span> 
     </span>
    </p>
   </div>
   <div class='ocr_carea' id='block_1_71' title="bbox 342 3881 1932 3959">
    <p class='ocr_par' dir='ltr' id='par_1_71' title="bbox 342 3881 1932 3959">
     <span class='ocr_line' id='line_1_72' title="bbox 342 3881 1932 3959; baseline 0.006 -21"><span class='ocrx_word' id='word_1_469' title='bbox 342 3881 710 3940; x_wconf 89' lang='lat' dir='ltr'><strong>Crescentiani</strong></span> <span class='ocrx_word' id='word_1_470' title='bbox 743 3887 928 3956; x_wconf 74' lang='lat' dir='ltr'><strong>prima:</strong></span> <span class='ocrx_word' id='word_1_471' title='bbox 954 3887 1115 3953; x_wconf 86' lang='lat' dir='ltr'><strong>sedis,</strong></span> <span class='ocrx_word' id='word_1_472' title='bbox 1147 3896 1205 3942; x_wconf 90' lang='lat' dir='ltr'><strong>ut</strong></span> <span class='ocrx_word' id='word_1_473' title='bbox 1235 3888 1347 3958; x_wconf 90' lang='lat' dir='ltr'><strong>ipse</strong></span> <span class='ocrx_word' id='word_1_474' title='bbox 1375 3890 1631 3959; x_wconf 80' lang='lat' dir='ltr'><strong>insinuat,</strong></span> <span class='ocrx_word' id='word_1_475' title='bbox 1658 3892 1932 3947; x_wconf 84' lang='lat' dir='ltr'><strong>Numidia-</strong></span> 
     </span>
    </p>
   </div>
   <div class='ocr_carea' id='block_1_72' title="bbox 343 3978 1934 4058">
    <p class='ocr_par' dir='ltr' id='par_1_72' title="bbox 343 3978 1934 4058">
     <span class='ocr_line' id='line_1_73' title="bbox 343 3978 1934 4058; baseline 0.005 -25"><span class='ocrx_word' id='word_1_476' title='bbox 343 3994 482 4044; x_wconf 88' lang='lat' dir='ltr'><strong>rum,</strong></span> <span class='ocrx_word' id='word_1_477' title='bbox 509 3987 563 4034; x_wconf 90' lang='lat' dir='ltr'><strong>et</strong></span> <span class='ocrx_word' id='word_1_478' title='bbox 582 3978 804 4058; x_wconf 85' lang='lat' dir='ltr'><strong>Aurelii,</strong></span> <span class='ocrx_word' id='word_1_479' title='bbox 833 3982 1277 4053; x_wconf 87' lang='lat' dir='ltr'><strong>coepiscoporum</strong></span> <span class='ocrx_word' id='word_1_480' title='bbox 1306 3993 1632 4052; x_wconf 89' lang='lat' dir='ltr'><strong>nostrorum,</strong></span> <span class='ocrx_word' id='word_1_481' title='bbox 1657 3986 1709 4040; x_wconf 92' lang='lat' dir='ltr'><strong>in</strong></span> <span class='ocrx_word' id='word_1_482' title='bbox 1740 3986 1934 4056; x_wconf 86' lang='lat' dir='ltr'><strong>quibus</strong></span> 
     </span>
    </p>
   </div>
   <div class='ocr_carea' id='block_1_73' title="bbox 344 4070 1934 4148">
    <p class='ocr_par' dir='ltr' id='par_1_73' title="bbox 344 4070 1934 4148">
     <span class='ocr_line' id='line_1_74' title="bbox 344 4070 1934 4148; baseline 0.004 -19"><span class='ocrx_word' id='word_1_483' title='bbox 344 4072 559 4143; x_wconf 86' lang='lat' dir='ltr'><strong>scriptis</strong></span> <span class='ocrx_word' id='word_1_484' title='bbox 581 4080 763 4128; x_wconf 88' lang='lat' dir='ltr'><strong>vestra</strong></span> <span class='ocrx_word' id='word_1_485' title='bbox 784 4090 991 4129; x_wconf 86' lang='lat' dir='ltr'><strong>mecum</strong></span> <span class='ocrx_word' id='word_1_486' title='bbox 1013 4075 1249 4130; x_wconf 88' lang='lat' dir='ltr'><strong>charitas</strong></span> <span class='ocrx_word' id='word_1_487' title='bbox 1265 4070 1605 4148; x_wconf 84' lang='lat' dir='ltr'><strong>recognoscit</strong></span> <span class='ocrx_word' id='word_1_488' title='bbox 1618 4080 1934 4148; x_wconf 87' lang='lat' dir='ltr'><strong>promisisse</strong></span> 
     </span>
    </p>
   </div>
   <div class='ocr_carea' id='block_1_74' title="bbox 343 4164 1933 4238">
    <p class='ocr_par' dir='ltr' id='par_1_74' title="bbox 343 4164 1933 4238">
     <span class='ocr_line' id='line_1_75' title="bbox 343 4164 1933 4238; baseline 0.006 -20"><span class='ocrx_word' id='word_1_489' title='bbox 343 4164 585 4229; x_wconf 87' lang='lat' dir='ltr'><strong>eosdem,</strong></span> <span class='ocrx_word' id='word_1_490' title='bbox 616 4165 757 4236; x_wconf 87' lang='lat' dir='ltr'><strong>quod</strong></span> <span class='ocrx_word' id='word_1_491' title='bbox 788 4174 878 4220; x_wconf 82' lang='lat' dir='ltr'><strong>adt</strong></span> <span class='ocrx_word' id='word_1_492' title='bbox 925 4166 1025 4237; x_wconf 89' lang='lat' dir='ltr'><strong>ipsi</strong></span> <span class='ocrx_word' id='word_1_493' title='bbox 1071 4167 1419 4237; x_wconf 81' lang='lat' dir='ltr'><strong>dignarentur</strong></span> <span class='ocrx_word' id='word_1_494' title='bbox 1465 4170 1669 4238; x_wconf 89' lang='lat' dir='ltr'><strong>venire,</strong></span> <span class='ocrx_word' id='word_1_495' title='bbox 1723 4185 1817 4226; x_wconf 85' lang='lat' dir='ltr'><strong>aut</strong></span> <span class='ocrx_word' id='word_1_496' title='bbox 1864 4171 1933 4227; x_wconf 92' lang='lat' dir='ltr'><strong>ad</strong></span> 
     </span>
    </p>
   </div>
   <div class='ocr_carea' id='block_1_75' title="bbox 339 4251 1926 4332">
    <p class='ocr_par' dir='ltr' id='par_1_75' title="bbox 339 4251 1926 4332">
     <span class='ocr_line' id='line_1_76' title="bbox 339 4251 1926 4332; baseline 0.004 -25"><span class='ocrx_word' id='word_1_497' title='bbox 339 4251 446 4308; x_wconf 87' lang='lat' dir='ltr'><strong>hoc</strong></span> <span class='ocrx_word' id='word_1_498' title='bbox 475 4254 761 4310; x_wconf 88' lang='lat' dir='ltr'><strong>concilium</strong></span> <span class='ocrx_word' id='word_1_499' title='bbox 793 4256 1017 4311; x_wconf 85' lang='lat' dir='ltr'><strong>fuissent</strong></span> <span class='ocrx_word' id='word_1_500' title='bbox 1043 4273 1111 4312; x_wconf 81' lang='lat' dir='ltr'><strong>ex</strong></span> <span class='ocrx_word' id='word_1_501' title='bbox 1150 4275 1303 4314; x_wconf 89' lang='lat' dir='ltr'><strong>more</strong></span> <span class='ocrx_word' id='word_1_502' title='bbox 1331 4259 1652 4316; x_wconf 85' lang='lat' dir='ltr'><strong>destinaturi</strong></span> <span class='ocrx_word' id='word_1_503' title='bbox 1680 4262 1888 4332; x_wconf 88' lang='lat' dir='ltr'><strong>legatos</strong></span> <span class='ocrx_word' id='word_1_504' title='bbox 1914 4281 1926 4313; x_wconf 88' lang='lat'><strong>:</strong></span> 
     </span>
    </p>
   </div>
   <div class='ocr_carea' id='block_1_76' title="bbox 339 4343 1928 4419">
    <p class='ocr_par' dir='ltr' id='par_1_76' title="bbox 339 4343 1928 4419">
     <span class='ocr_line' id='line_1_77' title="bbox 339 4343 1928 4419; baseline 0.008 -20"><span class='ocrx_word' id='word_1_505' title='bbox 339 4343 435 4399; x_wconf 90' lang='lat' dir='ltr'><strong>sed</strong></span> <span class='ocrx_word' id='word_1_506' title='bbox 465 4345 569 4401; x_wconf 92' lang='lat' dir='ltr'><strong>hoc</strong></span> <span class='ocrx_word' id='word_1_507' title='bbox 595 4347 719 4416; x_wconf 88' lang='lat' dir='ltr'><strong>quia</strong></span> <span class='ocrx_word' id='word_1_508' title='bbox 746 4347 969 4403; x_wconf 88' lang='lat' dir='ltr'><strong>minime</strong></span> <span class='ocrx_word' id='word_1_509' title='bbox 994 4348 1195 4405; x_wconf 88' lang='lat' dir='ltr'><strong>factum</strong></span> <span class='ocrx_word' id='word_1_510' title='bbox 1225 4351 1458 4419; x_wconf 88' lang='lat' dir='ltr'><strong>videtur,</strong></span> <span class='ocrx_word' id='word_1_511' title='bbox 1490 4353 1581 4407; x_wconf 91' lang='lat' dir='ltr'><strong>diu</strong></span> <span class='ocrx_word' id='word_1_512' title='bbox 1612 4369 1671 4409; x_wconf 90' lang='lat' dir='ltr'><strong>se</strong></span> <span class='ocrx_word' id='word_1_513' title='bbox 1698 4354 1928 4411; x_wconf 83' lang='lat' dir='ltr'><strong>detineri</strong></span> 
     </span>
    </p>
   </div>
   <div class='ocr_carea' id='block_1_77' title="bbox 337 4432 1931 4512">
    <p class='ocr_par' dir='ltr' id='par_1_77' title="bbox 337 4432 1931 4512">
     <span class='ocr_line' id='line_1_78' title="bbox 337 4432 1931 4512; baseline 0.009 -25"><span class='ocrx_word' id='word_1_514' title='bbox 337 4432 724 4507; x_wconf 82' lang='lat' dir='ltr'><strong>delonginquo</strong></span> <span class='ocrx_word' id='word_1_515' title='bbox 752 4439 1031 4496; x_wconf 86' lang='lat' dir='ltr'><strong>venientes</strong></span> <span class='ocrx_word' id='word_1_516' title='bbox 1078 4442 1238 4512; x_wconf 86' lang='lat' dir='ltr'><strong>legati</strong></span> <span class='ocrx_word' id='word_1_517' title='bbox 1282 4442 1614 4500; x_wconf 75' lang='lat' dir='ltr'><strong>Mauritaniae</strong></span> <span class='ocrx_word' id='word_1_518' title='bbox 1664 4445 1931 4503; x_wconf 62' lang='lat' dir='ltr'><strong>Sitifensis</strong></span> 
     </span>
    </p>
   </div>
   <div class='ocr_carea' id='block_1_78' title="bbox 2042 3231 3645 3303">
    <p class='ocr_par' dir='ltr' id='par_1_78' title="bbox 2042 3231 3645 3303">
     <span class='ocr_line' id='line_1_79' title="bbox 2042 3231 3645 3303; baseline 0.003 -19"><span class='ocrx_word' id='word_1_519' title='bbox 2042 3231 2207 3297; x_wconf 89' lang='lat' dir='ltr'><strong>ciant,</strong></span> <span class='ocrx_word' id='word_1_520' title='bbox 2238 3232 2333 3287; x_wconf 89' lang='lat' dir='ltr'><strong>sed</strong></span> <span class='ocrx_word' id='word_1_521' title='bbox 2378 3247 2500 3287; x_wconf 90' lang='lat' dir='ltr'><strong>cum</strong></span> <span class='ocrx_word' id='word_1_522' title='bbox 2532 3232 2871 3297; x_wconf 83' lang='lat' dir='ltr'><strong>conclericis,</strong></span> <span class='ocrx_word' id='word_1_523' title='bbox 2920 3232 3007 3287; x_wconf 92' lang='lat' dir='ltr'><strong>vel</strong></span> <span class='ocrx_word' id='word_1_524' title='bbox 3040 3248 3161 3289; x_wconf 91' lang='lat' dir='ltr'><strong>cum</strong></span> <span class='ocrx_word' id='word_1_525' title='bbox 3189 3233 3271 3289; x_wconf 89' lang='lat' dir='ltr'><strong>his</strong></span> <span class='ocrx_word' id='word_1_526' title='bbox 3299 3250 3421 3289; x_wconf 86' lang='lat' dir='ltr'><strong>cuni</strong></span> <span class='ocrx_word' id='word_1_527' title='bbox 3450 3234 3645 3303; x_wconf 78' lang='lat' dir='ltr'><strong>quibus</strong></span> 
     </span>
    </p>
   </div>
   <div class='ocr_carea' id='block_1_79' title="bbox 2039 3324 3641 3401">
    <p class='ocr_par' dir='ltr' id='par_1_79' title="bbox 2039 3324 3641 3401">
     <span class='ocr_line' id='line_1_80' title="bbox 2039 3324 3641 3401; baseline 0.004 -23"><span class='ocrx_word' id='word_1_528' title='bbox 2039 3324 2334 3394; x_wconf 89' lang='lat' dir='ltr'><strong>episcopus</strong></span> <span class='ocrx_word' id='word_1_529' title='bbox 2365 3334 2459 3379; x_wconf 89' lang='lat' dir='ltr'><strong>aut</strong></span> <span class='ocrx_word' id='word_1_530' title='bbox 2499 3326 2783 3398; x_wconf 81' lang='lat' dir='ltr'><strong>presbyter</strong></span> <span class='ocrx_word' id='word_1_531' title='bbox 2817 3326 3061 3397; x_wconf 88' lang='lat' dir='ltr'><strong>jusserit,</strong></span> <span class='ocrx_word' id='word_1_532' title='bbox 3108 3344 3213 3384; x_wconf 89' lang='lat' dir='ltr'><strong>nec</strong></span> <span class='ocrx_word' id='word_1_533' title='bbox 3261 3328 3361 3398; x_wconf 91' lang='lat' dir='ltr'><strong>ipsi</strong></span> <span class='ocrx_word' id='word_1_534' title='bbox 3403 3329 3641 3401; x_wconf 85' lang='lat' dir='ltr'><strong>episcopi</strong></span> 
     </span>
    </p>
   </div>
   <div class='ocr_carea' id='block_1_80' title="bbox 2041 3416 3645 3489">
    <p class='ocr_par' dir='ltr' id='par_1_80' title="bbox 2041 3416 3645 3489">
     <span class='ocr_line' id='line_1_81' title="bbox 2041 3416 3645 3489; baseline 0.004 -19"><span class='ocrx_word' id='word_1_535' title='bbox 2041 3423 2097 3470; x_wconf 85' lang='lat' dir='ltr'><strong>et</strong></span> <span class='ocrx_word' id='word_1_536' title='bbox 2138 3416 2441 3486; x_wconf 86' lang='lat' dir='ltr'><strong>presbyteri</strong></span> <span class='ocrx_word' id='word_1_537' title='bbox 2475 3417 2576 3473; x_wconf 90' lang='lat' dir='ltr'><strong>soli</strong></span> <span class='ocrx_word' id='word_1_538' title='bbox 2619 3417 2859 3472; x_wconf 88' lang='lat' dir='ltr'><strong>habeant</strong></span> <span class='ocrx_word' id='word_1_539' title='bbox 2900 3434 3177 3475; x_wconf 88' lang='lat' dir='ltr'><strong>accessum</strong></span> <span class='ocrx_word' id='word_1_540' title='bbox 3225 3419 3290 3475; x_wconf 90' lang='lat' dir='ltr'><strong>ad</strong></span> <span class='ocrx_word' id='word_1_541' title='bbox 3338 3419 3645 3489; x_wconf 73' lang='lat' dir='ltr'><strong>hujusmrdi</strong></span> 
     </span>
    </p>
   </div>
   <div class='ocr_carea' id='block_1_81' title="bbox 2041 3506 3643 3581">
    <p class='ocr_par' dir='ltr' id='par_1_81' title="bbox 2041 3506 3643 3581">
     <span class='ocr_line' id='line_1_82' title="bbox 2041 3506 3643 3581; baseline 0.005 -22"><span class='ocrx_word' id='word_1_542' title='bbox 2041 3506 2268 3562; x_wconf 85' lang='lat' dir='ltr'><strong>feminas</strong></span> <span class='ocrx_word' id='word_1_543' title='bbox 2291 3549 2306 3573; x_wconf 95' lang='lat'><strong>,</strong></span> <span class='ocrx_word' id='word_1_544' title='bbox 2340 3509 2434 3563; x_wconf 88' lang='lat' dir='ltr'><strong>sed</strong></span> <span class='ocrx_word' id='word_1_545' title='bbox 2463 3510 2553 3565; x_wconf 89' lang='lat' dir='ltr'><strong>ubi</strong></span> <span class='ocrx_word' id='word_1_546' title='bbox 2585 3519 2679 3565; x_wconf 88' lang='lat' dir='ltr'><strong>aut</strong></span> <span class='ocrx_word' id='word_1_547' title='bbox 2704 3510 2884 3565; x_wconf 88' lang='lat' dir='ltr'><strong>clerici</strong></span> <span class='ocrx_word' id='word_1_548' title='bbox 2917 3520 3211 3581; x_wconf 65' lang='lat' dir='ltr'><strong>praesentes</strong></span> <span class='ocrx_word' id='word_1_549' title='bbox 3235 3520 3380 3578; x_wconf 87' lang='lat' dir='ltr'><strong>sunt,</strong></span> <span class='ocrx_word' id='word_1_550' title='bbox 3409 3522 3501 3566; x_wconf 86' lang='lat' dir='ltr'><strong>aut</strong></span> <span class='ocrx_word' id='word_1_551' title='bbox 3521 3525 3643 3580; x_wconf 83' lang='lat' dir='ltr'><strong>gra-</strong></span> 
     </span>
    </p>
   </div>
   <div class='ocr_carea' id='block_1_82' title="bbox 2039 3599 2665 3669">
    <p class='ocr_par' dir='ltr' id='par_1_82' title="bbox 2039 3599 2665 3669">
     <span class='ocr_line' id='line_1_83' title="bbox 2039 3599 2665 3669; baseline 0.008 -17"><span class='ocrx_word' id='word_1_552' title='bbox 2039 3614 2134 3654; x_wconf 86' lang='lat' dir='ltr'><strong>ves</strong></span> <span class='ocrx_word' id='word_1_553' title='bbox 2162 3600 2326 3669; x_wconf 89' lang='lat' dir='ltr'><strong>aliqui</strong></span> <span class='ocrx_word' id='word_1_554' title='bbox 2351 3599 2665 3657; x_wconf 90' lang='lat' dir='ltr'><strong>Christiani.</strong></span> 
     </span>
    </p>
   </div>
   <div class='ocr_carea' id='block_1_83' title="bbox 2108 3691 3573 3771">
    <p class='ocr_par' dir='ltr' id='par_1_83' title="bbox 2108 3691 3573 3771">
     <span class='ocr_line' id='line_1_84' title="bbox 2108 3691 3573 3771; baseline 0.004 -24"><span class='ocrx_word' id='word_1_555' title='bbox 2108 3691 2176 3747; x_wconf 84' lang='lat' dir='ltr'><strong>Ut</strong></span> <span class='ocrx_word' id='word_1_556' title='bbox 2202 3694 2439 3763; x_wconf 78' lang='lat' dir='ltr'><strong>princeps</strong></span> <span class='ocrx_word' id='word_1_557' title='bbox 2461 3695 2788 3751; x_wconf 76' lang='lat' dir='ltr'><strong>sacerdotum</strong></span> <span class='ocrx_word' id='word_1_558' title='bbox 2819 3714 2921 3751; x_wconf 87' lang='lat' dir='ltr'><strong>non</strong></span> <span class='ocrx_word' id='word_1_559' title='bbox 2954 3698 3241 3769; x_wconf 81' lang='lat' dir='ltr'><strong>appelletur</strong></span> <span class='ocrx_word' id='word_1_560' title='bbox 3285 3716 3573 3771; x_wconf 79' lang='lat' dir='ltr'><strong>episwpus.</strong></span> 
     </span>
    </p>
   </div>
   <div class='ocr_carea' id='block_1_84' title="bbox 2112 3783 3640 3862">
    <p class='ocr_par' dir='ltr' id='par_1_84' title="bbox 2112 3783 3640 3862">
     <span class='ocr_line' id='line_1_85' title="bbox 2112 3783 3640 3862; baseline 0.005 -25"><span class='ocrx_word' id='word_1_561' title='bbox 2112 3783 2355 3839; x_wconf 81' lang='lat' dir='ltr'><strong>XXXIX.</strong></span> <span class='ocrx_word' id='word_1_562' title='bbox 2394 3785 2461 3841; x_wconf 92' lang='lat' dir='ltr'><strong>Ut</strong></span> <span class='ocrx_word' id='word_1_563' title='bbox 2504 3788 2690 3857; x_wconf 78' lang='lat' dir='ltr'><strong>prima:</strong></span> <span class='ocrx_word' id='word_1_564' title='bbox 2720 3788 2865 3845; x_wconf 90' lang='lat' dir='ltr'><strong>sedis</strong></span> <span class='ocrx_word' id='word_1_565' title='bbox 2893 3790 3179 3861; x_wconf 88' lang='lat' dir='ltr'><strong>episcopus</strong></span> <span class='ocrx_word' id='word_1_566' title='bbox 3204 3807 3309 3846; x_wconf 89' lang='lat' dir='ltr'><strong>non</strong></span> <span class='ocrx_word' id='word_1_567' title='bbox 3340 3792 3640 3862; x_wconf 88' lang='lat' dir='ltr'><strong>appelletur</strong></span> 
     </span>
    </p>
   </div>
   <div class='ocr_carea' id='block_1_85' title="bbox 2038 3879 3640 3951">
    <p class='ocr_par' dir='ltr' id='par_1_85' title="bbox 2038 3879 3640 3951">
     <span class='ocr_line' id='line_1_86' title="bbox 2038 3879 3640 3951; baseline 0.003 -18"><span class='ocrx_word' id='word_1_568' title='bbox 2038 3879 2291 3951; x_wconf 89' lang='lat' dir='ltr'><strong>princeps</strong></span> <span class='ocrx_word' id='word_1_569' title='bbox 2346 3881 2726 3948; x_wconf 86' lang='lat' dir='ltr'><strong>sacerdotum,</strong></span> <span class='ocrx_word' id='word_1_570' title='bbox 2782 3892 2875 3937; x_wconf 89' lang='lat' dir='ltr'><strong>aut</strong></span> <span class='ocrx_word' id='word_1_571' title='bbox 2922 3900 3162 3939; x_wconf 89' lang='lat' dir='ltr'><strong>summus</strong></span> <span class='ocrx_word' id='word_1_572' title='bbox 3214 3884 3493 3951; x_wconf 82' lang='lat' dir='ltr'><strong>sacerdos,</strong></span> <span class='ocrx_word' id='word_1_573' title='bbox 3547 3893 3640 3940; x_wconf 88' lang='lat' dir='ltr'><strong>aut</strong></span> 
     </span>
    </p>
   </div>
   <div class='ocr_carea' id='block_1_86' title="bbox 2037 3972 3638 4057">
    <p class='ocr_par' dir='ltr' id='par_1_86' title="bbox 2037 3972 3638 4057">
     <span class='ocr_line' id='line_1_87' title="bbox 2037 3972 3638 4057; baseline 0.002 -30"><span class='ocrx_word' id='word_1_574' title='bbox 2037 3972 2242 4042; x_wconf 89' lang='lat' dir='ltr'><strong>aliquid</strong></span> <span class='ocrx_word' id='word_1_575' title='bbox 2291 3973 2599 4044; x_wconf 89' lang='lat' dir='ltr'><strong>hujusmodi</strong></span> <span class='ocrx_word' id='word_1_576' title='bbox 2632 4015 2648 4040; x_wconf 93' lang='lat'><strong>,</strong></span> <span class='ocrx_word' id='word_1_577' title='bbox 2690 3975 2783 4031; x_wconf 89' lang='lat' dir='ltr'><strong>sed</strong></span> <span class='ocrx_word' id='word_1_578' title='bbox 2834 3984 3043 4030; x_wconf 87' lang='lat' dir='ltr'><strong>tantum</strong></span> <span class='ocrx_word' id='word_1_579' title='bbox 3099 3977 3288 4046; x_wconf 75' lang='lat' dir='ltr'><strong>primae</strong></span> <span class='ocrx_word' id='word_1_580' title='bbox 3334 3976 3476 4057; x_wconf 80' lang='lat' dir='ltr'><strong>sedis</strong></span> <span class='ocrx_word' id='word_1_581' title='bbox 3520 3975 3638 4045; x_wconf 90' lang='lat' dir='ltr'><strong>epi—</strong></span> 
     </span>
    </p>
   </div>
   <div class='ocr_carea' id='block_1_87' title="bbox 2036 4082 2252 4138">
    <p class='ocr_par' dir='ltr' id='par_1_87' title="bbox 2036 4082 2252 4138">
     <span class='ocr_line' id='line_1_88' title="bbox 2036 4082 2252 4138; baseline 0 -17"><span class='ocrx_word' id='word_1_582' title='bbox 2036 4082 2252 4138; x_wconf 82' lang='lat' dir='ltr'><strong>scopas.</strong></span> 
     </span>
    </p>
   </div>
   <div class='ocr_carea' id='block_1_88' title="bbox 2040 4178 3636 4255">
    <p class='ocr_par' dir='ltr' id='par_1_88' title="bbox 2040 4178 3636 4255">
     <span class='ocr_line' id='line_1_89' title="bbox 2040 4178 3636 4255; baseline 0.004 -22"><span class='ocrx_word' id='word_1_583' title='bbox 2040 4178 2110 4233; x_wconf 86' lang='lat' dir='ltr'><strong>Ut</strong></span> <span class='ocrx_word' id='word_1_584' title='bbox 2150 4181 2321 4234; x_wconf 84' lang='lat' dir='ltr'><strong>clerici</strong></span> <span class='ocrx_word' id='word_1_585' title='bbox 2364 4180 2639 4247; x_wconf 75' lang='lat' dir='ltr'><strong>tabernas,</strong></span> <span class='ocrx_word' id='word_1_586' title='bbox 2705 4184 2807 4255; x_wconf 83' lang='lat' dir='ltr'><strong>nisi</strong></span> <span class='ocrx_word' id='word_1_587' title='bbox 2844 4184 2896 4237; x_wconf 87' lang='lat' dir='ltr'><strong>in</strong></span> <span class='ocrx_word' id='word_1_588' title='bbox 2936 4184 3253 4254; x_wconf 77' lang='lat' dir='ltr'><strong>peregrinis,</strong></span> <span class='ocrx_word' id='word_1_589' title='bbox 3310 4200 3409 4237; x_wconf 86' lang='lat' dir='ltr'><strong>non</strong></span> <span class='ocrx_word' id='word_1_590' title='bbox 3460 4186 3636 4255; x_wconf 80' lang='lat' dir='ltr'><strong>ingrc-</strong></span> 
     </span>
    </p>
   </div>
   <div class='ocr_carea' id='block_1_89' title="bbox 2720 4254 2952 4307">
    <p class='ocr_par' dir='ltr' id='par_1_89' title="bbox 2720 4254 2952 4307">
     <span class='ocr_line' id='line_1_90' title="bbox 2720 4254 2952 4307; baseline 0.009 -4"><span class='ocrx_word' id='word_1_591' title='bbox 2720 4254 2952 4307; x_wconf 81' lang='lat' dir='ltr'><strong>diantnr.</strong></span> 
     </span>
    </p>
   </div>
   <div class='ocr_carea' id='block_1_90' title="bbox 2105 4341 3635 4415">
    <p class='ocr_par' dir='ltr' id='par_1_90' title="bbox 2105 4341 3635 4415">
     <span class='ocr_line' id='line_1_91' title="bbox 2105 4341 3635 4415; baseline 0.005 -19"><span class='ocrx_word' id='word_1_592' title='bbox 2105 4341 2218 4397; x_wconf 73' lang='lat' dir='ltr'><strong>XL.</strong></span> <span class='ocrx_word' id='word_1_593' title='bbox 2254 4341 2323 4399; x_wconf 91' lang='lat' dir='ltr'><strong>Ut</strong></span> <span class='ocrx_word' id='word_1_594' title='bbox 2342 4343 2543 4410; x_wconf 88' lang='lat' dir='ltr'><strong>clerici,</strong></span> <span class='ocrx_word' id='word_1_595' title='bbox 2576 4344 2773 4400; x_wconf 89' lang='lat' dir='ltr'><strong>edendi</strong></span> <span class='ocrx_word' id='word_1_596' title='bbox 2801 4346 2886 4401; x_wconf 90' lang='lat' dir='ltr'><strong>vel</strong></span> <span class='ocrx_word' id='word_1_597' title='bbox 2914 4345 3130 4400; x_wconf 89' lang='lat' dir='ltr'><strong>bibendi</strong></span> <span class='ocrx_word' id='word_1_598' title='bbox 3165 4362 3350 4415; x_wconf 83' lang='lat' dir='ltr'><strong>causa,</strong></span> <span class='ocrx_word' id='word_1_599' title='bbox 3382 4347 3635 4404; x_wconf 77' lang='lat' dir='ltr'><strong>tabernas</strong></span> 
     </span>
    </p>
   </div>
   <div class='ocr_carea' id='block_1_91' title="bbox 2034 4430 3638 4507">
    <p class='ocr_par' dir='ltr' id='par_1_91' title="bbox 2034 4430 3638 4507">
     <span class='ocr_line' id='line_1_92' title="bbox 2034 4430 3638 4507; baseline 0.001 -15"><span class='ocrx_word' id='word_1_600' title='bbox 2034 4450 2144 4492; x_wconf 80' lang='lat' dir='ltr'><strong>ron</strong></span> <span class='ocrx_word' id='word_1_601' title='bbox 2202 4436 2613 4507; x_wconf 88' lang='lat' dir='ltr'><strong>ingrediantur,</strong></span> <span class='ocrx_word' id='word_1_602' title='bbox 2660 4437 2762 4494; x_wconf 91' lang='lat' dir='ltr'><strong>nisi</strong></span> <span class='ocrx_word' id='word_1_603' title='bbox 2812 4438 3262 4507; x_wconf 85' lang='lat' dir='ltr'><strong>peregrinationis</strong></span> <span class='ocrx_word' id='word_1_604' title='bbox 3315 4430 3638 4499; x_wconf 79' lang='lat' dir='ltr'><strong>necessitate</strong></span> 
     </span>
    </p>
   </div>
   <div class='ocr_carea' id='block_1_92' title="bbox 336 4526 2318 4602">
    <p class='ocr_par' dir='ltr' id='par_1_92' title="bbox 336 4526 2318 4602">
     <span class='ocr_line' id='line_1_93' title="bbox 336 4526 2318 4602; baseline 0.003 -22"><span class='ocrx_word' id='word_1_605' title='bbox 336 4540 444 4581; x_wconf 87' lang='lat' dir='ltr'><strong>non</strong></span> <span class='ocrx_word' id='word_1_606' title='bbox 470 4542 629 4596; x_wconf 91' lang='lat' dir='ltr'><strong>posse</strong></span> <span class='ocrx_word' id='word_1_607' title='bbox 659 4526 943 4597; x_wconf 79' lang='lat' dir='ltr'><strong>testantur;</strong></span> <span class='ocrx_word' id='word_1_608' title='bbox 964 4540 1019 4586; x_wconf 89' lang='lat' dir='ltr'><strong>et</strong></span> <span class='ocrx_word' id='word_1_609' title='bbox 1048 4532 1191 4598; x_wconf 90' lang='lat' dir='ltr'><strong>ideo,</strong></span> <span class='ocrx_word' id='word_1_610' title='bbox 1216 4533 1429 4602; x_wconf 86' lang='lat' dir='ltr'><strong>fratres,</strong></span> <span class='ocrx_word' id='word_1_611' title='bbox 1459 4537 1503 4591; x_wconf 92' lang='lat' dir='ltr'><strong>si</strong></span> <span class='ocrx_word' id='word_1_612' title='bbox 1532 4546 1724 4594; x_wconf 84' lang='lat' dir='ltr'><strong>vestrae</strong></span> <span class='ocrx_word' id='word_1_613' title='bbox 1752 4540 1931 4593; x_wconf 80' lang='lat' dir='ltr'><strong>chari-</strong></span> <span class='ocrx_word' id='word_1_614' title='bbox 1960 4537 2010 4600; x_wconf 85' lang='lat' dir='ltr'><strong>D</strong></span> <span class='ocrx_word' id='word_1_615' title='bbox 2035 4531 2318 4601; x_wconf 89' lang='lat' dir='ltr'><strong>compulsi.</strong></span> 
     </span>
    </p>
   </div>
   <div class='ocr_carea' id='block_1_93' title="bbox 337 4615 1924 4701">
    <p class='ocr_par' dir='ltr' id='par_1_93' title="bbox 337 4615 1924 4701">
     <span class='ocr_line' id='line_1_94' title="bbox 337 4615 1924 4701; baseline 0.013 -34"><span class='ocrx_word' id='word_1_616' title='bbox 337 4615 436 4669; x_wconf 88' lang='lat' dir='ltr'><strong>tati</strong></span> <span class='ocrx_word' id='word_1_617' title='bbox 463 4616 703 4685; x_wconf 88' lang='lat' dir='ltr'><strong>videtur,</strong></span> <span class='ocrx_word' id='word_1_618' title='bbox 750 4620 942 4677; x_wconf 82' lang='lat' dir='ltr'><strong>litterae</strong></span> <span class='ocrx_word' id='word_1_619' title='bbox 986 4621 1211 4679; x_wconf 86' lang='lat' dir='ltr'><strong>fratrum</strong></span> <span class='ocrx_word' id='word_1_620' title='bbox 1259 4635 1568 4682; x_wconf 89' lang='lat' dir='ltr'><strong>nostrorum</strong></span> <span class='ocrx_word' id='word_1_621' title='bbox 1616 4628 1924 4701; x_wconf 78' lang='lat' dir='ltr'><strong>Byzaceno-</strong></span> 
     </span>
    </p>
   </div>
   <div class='ocr_carea' id='block_1_94' title="bbox 335 4710 1926 4790">
    <p class='ocr_par' dir='ltr' id='par_1_94' title="bbox 335 4710 1926 4790">
     <span class='ocr_line' id='line_1_95' title="bbox 335 4710 1926 4790; baseline 0.009 -28"><span class='ocrx_word' id='word_1_622' title='bbox 335 4722 476 4776; x_wconf 90' lang='lat' dir='ltr'><strong>rum,</strong></span> <span class='ocrx_word' id='word_1_623' title='bbox 505 4710 601 4766; x_wconf 86' lang='lat' dir='ltr'><strong>sed</strong></span> <span class='ocrx_word' id='word_1_624' title='bbox 629 4719 684 4766; x_wconf 89' lang='lat' dir='ltr'><strong>et</strong></span> <span class='ocrx_word' id='word_1_625' title='bbox 709 4712 1057 4783; x_wconf 88' lang='lat' dir='ltr'><strong>breviarium,</strong></span> <span class='ocrx_word' id='word_1_626' title='bbox 1087 4716 1230 4785; x_wconf 89' lang='lat' dir='ltr'><strong>quod</strong></span> <span class='ocrx_word' id='word_1_627' title='bbox 1262 4717 1435 4773; x_wconf 86' lang='lat' dir='ltr'><strong>eidem</strong></span> <span class='ocrx_word' id='word_1_628' title='bbox 1467 4719 1709 4789; x_wconf 69' lang='lat' dir='ltr'><strong>epistola:</strong></span> <span class='ocrx_word' id='word_1_629' title='bbox 1741 4720 1926 4790; x_wconf 85' lang='lat' dir='ltr'><strong>adjun-</strong></span> 
     </span>
    </p>
   </div>
   <div class='ocr_carea' id='block_1_95' title="bbox 335 4804 1923 4883">
    <p class='ocr_par' dir='ltr' id='par_1_95' title="bbox 335 4804 1923 4883">
     <span class='ocr_line' id='line_1_96' title="bbox 335 4804 1923 4883; baseline 0.009 -26"><span class='ocrx_word' id='word_1_630' title='bbox 335 4811 551 4869; x_wconf 81' lang='lat' dir='ltr'><strong>xerunt,</strong></span> <span class='ocrx_word' id='word_1_631' title='bbox 602 4804 668 4858; x_wconf 89' lang='lat' dir='ltr'><strong>ad</strong></span> <span class='ocrx_word' id='word_1_632' title='bbox 696 4806 838 4862; x_wconf 91' lang='lat' dir='ltr'><strong>hunc</strong></span> <span class='ocrx_word' id='word_1_633' title='bbox 866 4816 1065 4864; x_wconf 77' lang='lat' dir='ltr'><strong>ccetum</strong></span> <span class='ocrx_word' id='word_1_634' title='bbox 1106 4819 1458 4881; x_wconf 79' lang='lat' dir='ltr'><strong>corrogatum</strong></span> <span class='ocrx_word' id='word_1_635' title='bbox 1488 4812 1755 4883; x_wconf 88' lang='lat' dir='ltr'><strong>legantur,</strong></span> <span class='ocrx_word' id='word_1_636' title='bbox 1790 4823 1847 4869; x_wconf 93' lang='lat' dir='ltr'><strong>ut</strong></span> <span class='ocrx_word' id='word_1_637' title='bbox 1878 4817 1923 4871; x_wconf 90' lang='lat' dir='ltr'><strong>si</strong></span> 
     </span>
    </p>
   </div>
   <div class='ocr_carea' id='block_1_96' title="bbox 333 4892 1922 4978">
    <p class='ocr_par' dir='ltr' id='par_1_96' title="bbox 333 4892 1922 4978">
     <span class='ocr_line' id='line_1_97' title="bbox 333 4892 1922 4978; baseline 0.011 -31"><span class='ocrx_word' id='word_1_638' title='bbox 333 4908 440 4963; x_wconf 87' lang='lat' dir='ltr'><strong>qua</strong></span> <span class='ocrx_word' id='word_1_639' title='bbox 468 4892 605 4952; x_wconf 89' lang='lat' dir='ltr'><strong>forte</strong></span> <span class='ocrx_word' id='word_1_640' title='bbox 631 4896 739 4953; x_wconf 91' lang='lat' dir='ltr'><strong>illic</strong></span> <span class='ocrx_word' id='word_1_641' title='bbox 763 4915 981 4955; x_wconf 90' lang='lat' dir='ltr'><strong>movere</strong></span> <span class='ocrx_word' id='word_1_642' title='bbox 1010 4903 1287 4959; x_wconf 88' lang='lat' dir='ltr'><strong>charitatis</strong></span> <span class='ocrx_word' id='word_1_643' title='bbox 1308 4913 1497 4961; x_wconf 73' lang='lat' dir='ltr'><strong>vestrae</strong></span> <span class='ocrx_word' id='word_1_644' title='bbox 1527 4906 1763 4961; x_wconf 89' lang='lat' dir='ltr'><strong>animum</strong></span> <span class='ocrx_word' id='word_1_645' title='bbox 1796 4923 1922 4978; x_wconf 85' lang='lat' dir='ltr'><strong>pos-</strong></span> 
     </span>
    </p>
   </div>
   <div class='ocr_carea' id='block_1_97' title="bbox 333 4986 1924 5064">
    <p class='ocr_par' dir='ltr' id='par_1_97' title="bbox 333 4986 1924 5064">
     <span class='ocr_line' id='line_1_98' title="bbox 333 4986 1924 5064; baseline 0.009 -25"><span class='ocrx_word' id='word_1_646' title='bbox 333 4993 475 5049; x_wconf 88' lang='lat' dir='ltr'><strong>sunt,</strong></span> <span class='ocrx_word' id='word_1_647' title='bbox 530 4986 582 5041; x_wconf 93' lang='lat' dir='ltr'><strong>in</strong></span> <span class='ocrx_word' id='word_1_648' title='bbox 630 4988 823 5045; x_wconf 86' lang='lat' dir='ltr'><strong>eodem</strong></span> <span class='ocrx_word' id='word_1_649' title='bbox 876 4990 1144 5047; x_wconf 90' lang='lat' dir='ltr'><strong>breviario</strong></span> <span class='ocrx_word' id='word_1_650' title='bbox 1195 5008 1314 5063; x_wconf 62' lang='lat' dir='ltr'><strong>quae</strong></span> <span class='ocrx_word' id='word_1_651' title='bbox 1364 4994 1669 5064; x_wconf 87' lang='lat' dir='ltr'><strong>diligentius</strong></span> <span class='ocrx_word' id='word_1_652' title='bbox 1722 4998 1924 5054; x_wconf 85' lang='lat' dir='ltr'><strong>fuerint</strong></span> 
     </span>
    </p>
   </div>
   <div class='ocr_carea' id='block_1_98' title="bbox 332 5079 1916 5149">
    <p class='ocr_par' dir='ltr' id='par_1_98' title="bbox 332 5079 1916 5149">
     <span class='ocr_line' id='line_1_99' title="bbox 332 5079 1916 5149; baseline 0.008 -16"><span class='ocrx_word' id='word_1_653' title='bbox 332 5079 722 5149; x_wconf 83' lang='lat' dir='ltr'><strong>animadversa,</strong></span> <span class='ocrx_word' id='word_1_654' title='bbox 755 5083 807 5137; x_wconf 91' lang='lat' dir='ltr'><strong>in</strong></span> <span class='ocrx_word' id='word_1_655' title='bbox 838 5084 1027 5140; x_wconf 89' lang='lat' dir='ltr'><strong>melius</strong></span> <span class='ocrx_word' id='word_1_656' title='bbox 1058 5084 1443 5143; x_wconf 88' lang='lat' dir='ltr'><strong>reformentur.</strong></span> <span class='ocrx_word' id='word_1_657' title='bbox 1475 5086 1591 5144; x_wconf 85' lang='lat' dir='ltr'><strong>Hoc</strong></span> <span class='ocrx_word' id='word_1_658' title='bbox 1635 5089 1776 5144; x_wconf 92' lang='lat' dir='ltr'><strong>enim</strong></span> <span class='ocrx_word' id='word_1_659' title='bbox 1807 5090 1916 5146; x_wconf 90' lang='lat' dir='ltr'><strong>fra-</strong></span> 
     </span>
    </p>
   </div>
   <div class='ocr_carea' id='block_1_99' title="bbox 334 5176 1920 5255">
    <p class='ocr_par' dir='ltr' id='par_1_99' title="bbox 334 5176 1920 5255">
     <span class='ocr_line' id='line_1_100' title="bbox 334 5176 1920 5255; baseline 0.011 -30"><span class='ocrx_word' id='word_1_660' title='bbox 334 5179 416 5227; x_wconf 92' lang='lat' dir='ltr'><strong>ter</strong></span> <span class='ocrx_word' id='word_1_661' title='bbox 441 5181 497 5229; x_wconf 91' lang='lat' dir='ltr'><strong>et</strong></span> <span class='ocrx_word' id='word_1_662' title='bbox 524 5176 877 5249; x_wconf 89' lang='lat' dir='ltr'><strong>coepiscopus</strong></span> <span class='ocrx_word' id='word_1_663' title='bbox 898 5187 1083 5234; x_wconf 89' lang='lat' dir='ltr'><strong>noster</strong></span> <span class='ocrx_word' id='word_1_664' title='bbox 1103 5180 1289 5250; x_wconf 75' lang='lat' dir='ltr'><strong>prima:</strong></span> <span class='ocrx_word' id='word_1_665' title='bbox 1309 5182 1468 5250; x_wconf 86' lang='lat' dir='ltr'><strong>sedis,</strong></span> <span class='ocrx_word' id='word_1_666' title='bbox 1494 5184 1583 5239; x_wconf 82' lang='lat' dir='ltr'><strong>vir</strong></span> <span class='ocrx_word' id='word_1_667' title='bbox 1606 5195 1920 5255; x_wconf 90' lang='lat' dir='ltr'><strong>perspectus</strong></span> 
     </span>
    </p>
   </div>
   <div class='ocr_carea' id='block_1_100' title="bbox 332 5265 1919 5343">
    <p class='ocr_par' dir='ltr' id='par_1_100' title="bbox 332 5265 1919 5343">
     <span class='ocr_line' id='line_1_101' title="bbox 332 5265 1919 5343; baseline 0.008 -24"><span class='ocrx_word' id='word_1_668' title='bbox 332 5265 525 5321; x_wconf 88' lang='lat' dir='ltr'><strong>merito</strong></span> <span class='ocrx_word' id='word_1_669' title='bbox 571 5282 682 5322; x_wconf 60' lang='lat' dir='ltr'><strong>suae</strong></span> <span class='ocrx_word' id='word_1_670' title='bbox 727 5270 1006 5339; x_wconf 83' lang='lat' dir='ltr'><strong>gravitatis</strong></span> <span class='ocrx_word' id='word_1_671' title='bbox 1049 5278 1211 5340; x_wconf 90' lang='lat' dir='ltr'><strong>atque</strong></span> <span class='ocrx_word' id='word_1_672' title='bbox 1257 5273 1592 5343; x_wconf 73' lang='lat' dir='ltr'><strong>prudentiae,</strong></span> <span class='ocrx_word' id='word_1_673' title='bbox 1658 5274 1919 5334; x_wconf 82' lang='lat' dir='ltr'><strong>Mizonius</strong></span> 
     </span>
    </p>
   </div>
   <div class='ocr_carea' id='block_1_101' title="bbox 328 5356 1918 5442">
    <p class='ocr_par' dir='ltr' id='par_1_101' title="bbox 328 5356 1918 5442">
     <span class='ocr_line' id='line_1_102' title="bbox 328 5356 1918 5442; baseline 0.009 -32"><span class='ocrx_word' id='word_1_674' title='bbox 328 5356 568 5413; x_wconf 89' lang='lat' dir='ltr'><strong>scribens</strong></span> <span class='ocrx_word' id='word_1_675' title='bbox 596 5359 662 5414; x_wconf 87' lang='lat' dir='ltr'><strong>ad</strong></span> <span class='ocrx_word' id='word_1_676' title='bbox 683 5376 860 5416; x_wconf 89' lang='lat' dir='ltr'><strong>meam</strong></span> <span class='ocrx_word' id='word_1_677' title='bbox 888 5362 1205 5433; x_wconf 88' lang='lat' dir='ltr'><strong>parvitatem</strong></span> <span class='ocrx_word' id='word_1_678' title='bbox 1230 5366 1540 5433; x_wconf 86' lang='lat' dir='ltr'><strong>postulavit.</strong></span> <span class='ocrx_word' id='word_1_679' title='bbox 1571 5366 1627 5423; x_wconf 89' lang='lat' dir='ltr'><strong>Si</strong></span> <span class='ocrx_word' id='word_1_680' title='bbox 1651 5383 1781 5439; x_wconf 87' lang='lat' dir='ltr'><strong>ergo</strong></span> <span class='ocrx_word' id='word_1_681' title='bbox 1801 5370 1918 5442; x_wconf 88' lang='lat' dir='ltr'><strong>pla-</strong></span> 
     </span>
    </p>
   </div>
   <div class='ocr_carea' id='block_1_102' title="bbox 328 5454 1917 5530">
    <p class='ocr_par' dir='ltr' id='par_1_102' title="bbox 328 5454 1917 5530">
     <span class='ocr_line' id='line_1_103' title="bbox 328 5454 1917 5530; baseline 0.01 -29"><span class='ocrx_word' id='word_1_682' title='bbox 328 5454 433 5513; x_wconf 88' lang='lat' dir='ltr'><strong>cet,</strong></span> <span class='ocrx_word' id='word_1_683' title='bbox 455 5462 575 5518; x_wconf 66' lang='lat' dir='ltr'><strong>quae</strong></span> <span class='ocrx_word' id='word_1_684' title='bbox 609 5458 838 5507; x_wconf 88' lang='lat' dir='ltr'><strong>tractata</strong></span> <span class='ocrx_word' id='word_1_685' title='bbox 894 5462 1019 5509; x_wconf 90' lang='lat' dir='ltr'><strong>sunt</strong></span> <span class='ocrx_word' id='word_1_686' title='bbox 1044 5454 1309 5524; x_wconf 86' lang='lat' dir='ltr'><strong>legantur,</strong></span> <span class='ocrx_word' id='word_1_687' title='bbox 1360 5464 1416 5512; x_wconf 88' lang='lat' dir='ltr'><strong>et</strong></span> <span class='ocrx_word' id='word_1_688' title='bbox 1442 5458 1647 5530; x_wconf 83' lang='lat' dir='ltr'><strong>singula</strong></span> <span class='ocrx_word' id='word_1_689' title='bbox 1679 5476 1709 5516; x_wconf 90' lang='lat' dir='ltr'><strong>a</strong></span> <span class='ocrx_word' id='word_1_690' title='bbox 1738 5471 1917 5518; x_wconf 80' lang='lat' dir='ltr'><strong>vestra</strong></span> 
     </span>
    </p>
   </div>
   <div class='ocr_carea' id='block_1_103' title="bbox 329 5535 1051 5611">
    <p class='ocr_par' dir='ltr' id='par_1_103' title="bbox 329 5535 1051 5611">
     <span class='ocr_line' id='line_1_104' title="bbox 329 5535 1051 5611; baseline 0.015 -22"><span class='ocrx_word' id='word_1_691' title='bbox 329 5535 591 5611; x_wconf 82' lang='lat' dir='ltr'><strong>cliaritate</strong></span> <span class='ocrx_word' id='word_1_692' title='bbox 619 5542 1051 5600; x_wconf 74' lang='lat' dir='ltr'><strong>considerantur.</strong></span> 
     </span>
    </p>
   </div>
   <div class='ocr_carea' id='block_1_104' title="bbox 327 5623 1913 5709">
    <p class='ocr_par' dir='ltr' id='par_1_104' title="bbox 327 5623 1913 5709">
     <span class='ocr_line' id='line_1_105' title="bbox 327 5623 1913 5709; baseline 0.015 -30"><span class='ocrx_word' id='word_1_693' title='bbox 327 5623 477 5692; x_wconf 74' lang='lat' dir='ltr'><strong>Quod</strong></span> <span class='ocrx_word' id='word_1_694' title='bbox 517 5632 647 5687; x_wconf 80' lang='lat' dir='ltr'><strong>nihil</strong></span> <span class='ocrx_word' id='word_1_695' title='bbox 689 5634 753 5689; x_wconf 86' lang='lat' dir='ltr'><strong>de</strong></span> <span class='ocrx_word' id='word_1_696' title='bbox 794 5634 1119 5709; x_wconf 83' lang='lat' dir='ltr'><strong>Hipponensi</strong></span> <span class='ocrx_word' id='word_1_697' title='bbox 1148 5638 1370 5695; x_wconf 89' lang='lat' dir='ltr'><strong>concilio</strong></span> <span class='ocrx_word' id='word_1_698' title='bbox 1402 5641 1474 5695; x_wconf 91' lang='lat' dir='ltr'><strong>sit</strong></span> <span class='ocrx_word' id='word_1_699' title='bbox 1511 5643 1913 5704; x_wconf 84' lang='lat' dir='ltr'><strong>emendandum.</strong></span> 
     </span>
    </p>
   </div>
   <div class='ocr_carea' id='block_1_105' title="bbox 396 5715 1912 5799">
    <p class='ocr_par' dir='ltr' id='par_1_105' title="bbox 396 5715 1912 5799">
     <span class='ocr_line' id='line_1_106' title="bbox 396 5715 1912 5799; baseline 0.015 -27"><span class='ocrx_word' id='word_1_700' title='bbox 396 5715 636 5777; x_wconf 85' lang='lat' dir='ltr'><strong>XXXIV.</strong></span> <span class='ocrx_word' id='word_1_701' title='bbox 666 5721 960 5794; x_wconf 86' lang='lat' dir='ltr'><strong>Epigonius</strong></span> <span class='ocrx_word' id='word_1_702' title='bbox 1008 5729 1291 5799; x_wconf 88' lang='lat' dir='ltr'><strong>episcopus</strong></span> <span class='ocrx_word' id='word_1_703' title='bbox 1331 5729 1502 5785; x_wconf 83' lang='lat' dir='ltr'><strong>dixit:</strong></span> <span class='ocrx_word' id='word_1_704' title='bbox 1536 5730 1594 5787; x_wconf 83' lang='lat' dir='ltr'><strong>In</strong></span> <span class='ocrx_word' id='word_1_705' title='bbox 1638 5732 1743 5792; x_wconf 89' lang='lat' dir='ltr'><strong>hoc</strong></span> <span class='ocrx_word' id='word_1_706' title='bbox 1786 5736 1912 5792; x_wconf 82' lang='lat' dir='ltr'><strong>bre-</strong></span> 
     </span>
    </p>
   </div>
   <div class='ocr_carea' id='block_1_106' title="bbox 2256 4624 3407 4699">
    <p class='ocr_par' dir='ltr' id='par_1_106' title="bbox 2256 4624 3407 4699">
     <span class='ocr_line' id='line_1_107' title="bbox 2256 4624 3407 4699; baseline 0.008 -20"><span class='ocrx_word' id='word_1_707' title='bbox 2256 4624 2327 4680; x_wconf 91' lang='lat' dir='ltr'><strong>Ut</strong></span> <span class='ocrx_word' id='word_1_708' title='bbox 2352 4642 2385 4679; x_wconf 91' lang='lat' dir='ltr'><strong>a</strong></span> <span class='ocrx_word' id='word_1_709' title='bbox 2418 4628 2607 4698; x_wconf 73' lang='lat' dir='ltr'><strong>jejunis</strong></span> <span class='ocrx_word' id='word_1_710' title='bbox 2641 4626 2747 4683; x_wconf 78' lang='lat' dir='ltr'><strong>Deo</strong></span> <span class='ocrx_word' id='word_1_711' title='bbox 2777 4629 3041 4699; x_wconf 81' lang='lat' dir='ltr'><strong>sacriﬁcia</strong></span> <span class='ocrx_word' id='word_1_712' title='bbox 3067 4631 3407 4688; x_wconf 83' lang='lat' dir='ltr'><strong>celebrentur.</strong></span> 
     </span>
    </p>
   </div>
   <div class='ocr_carea' id='block_1_107' title="bbox 2104 4716 3631 4797">
    <p class='ocr_par' dir='ltr' id='par_1_107' title="bbox 2104 4716 3631 4797">
     <span class='ocr_line' id='line_1_108' title="bbox 2104 4716 3631 4797; baseline 0.009 -27"><span class='ocrx_word' id='word_1_713' title='bbox 2104 4716 2238 4771; x_wconf 85' lang='lat' dir='ltr'><strong>XLI.</strong></span> <span class='ocrx_word' id='word_1_714' title='bbox 2276 4717 2346 4772; x_wconf 91' lang='lat' dir='ltr'><strong>Ut</strong></span> <span class='ocrx_word' id='word_1_715' title='bbox 2375 4730 2713 4776; x_wconf 89' lang='lat' dir='ltr'><strong>sacramenta</strong></span> <span class='ocrx_word' id='word_1_716' title='bbox 2747 4721 2931 4777; x_wconf 90' lang='lat' dir='ltr'><strong>altaris</strong></span> <span class='ocrx_word' id='word_1_717' title='bbox 2959 4739 3067 4778; x_wconf 89' lang='lat' dir='ltr'><strong>non</strong></span> <span class='ocrx_word' id='word_1_718' title='bbox 3096 4724 3198 4779; x_wconf 90' lang='lat' dir='ltr'><strong>nisi</strong></span> <span class='ocrx_word' id='word_1_719' title='bbox 3227 4741 3257 4779; x_wconf 91' lang='lat' dir='ltr'><strong>a</strong></span> <span class='ocrx_word' id='word_1_720' title='bbox 3299 4724 3501 4797; x_wconf 87' lang='lat' dir='ltr'><strong>jejunis</strong></span> <span class='ocrx_word' id='word_1_721' title='bbox 3528 4724 3631 4784; x_wconf 86' lang='lat' dir='ltr'><strong>ho-</strong></span> 
     </span>
    </p>
   </div>
   <div class='ocr_carea' id='block_1_108' title="bbox 2032 4807 3631 4885">
    <p class='ocr_par' dir='ltr' id='par_1_108' title="bbox 2032 4807 3631 4885">
     <span class='ocr_line' id='line_1_109' title="bbox 2032 4807 3631 4885; baseline 0.009 -24"><span class='ocrx_word' id='word_1_722' title='bbox 2032 4807 2265 4862; x_wconf 90' lang='lat' dir='ltr'><strong>minibus</strong></span> <span class='ocrx_word' id='word_1_723' title='bbox 2306 4809 2669 4881; x_wconf 89' lang='lat' dir='ltr'><strong>celebrentur,</strong></span> <span class='ocrx_word' id='word_1_724' title='bbox 2714 4820 2944 4883; x_wconf 81' lang='lat' dir='ltr'><strong>excepto</strong></span> <span class='ocrx_word' id='word_1_725' title='bbox 2974 4829 3082 4868; x_wconf 91' lang='lat' dir='ltr'><strong>uno</strong></span> <span class='ocrx_word' id='word_1_726' title='bbox 3121 4814 3209 4869; x_wconf 90' lang='lat' dir='ltr'><strong>die</strong></span> <span class='ocrx_word' id='word_1_727' title='bbox 3238 4817 3631 4885; x_wconf 85' lang='lat' dir='ltr'><strong>anniversario,</strong></span> 
     </span>
    </p>
   </div>
   <div class='ocr_carea' id='block_1_109' title="bbox 2032 4901 3633 4979">
    <p class='ocr_par' dir='ltr' id='par_1_109' title="bbox 2032 4901 3633 4979">
     <span class='ocr_line' id='line_1_110' title="bbox 2032 4901 3633 4979; baseline 0.005 -25"><span class='ocrx_word' id='word_1_728' title='bbox 2032 4916 2139 4969; x_wconf 89' lang='lat' dir='ltr'><strong>quo</strong></span> <span class='ocrx_word' id='word_1_729' title='bbox 2161 4916 2317 4956; x_wconf 72' lang='lat' dir='ltr'><strong>coena</strong></span> <span class='ocrx_word' id='word_1_730' title='bbox 2345 4901 2561 4956; x_wconf 90' lang='lat' dir='ltr'><strong>Domini</strong></span> <span class='ocrx_word' id='word_1_731' title='bbox 2586 4902 2930 4971; x_wconf 87' lang='lat' dir='ltr'><strong>celebratur;</strong></span> <span class='ocrx_word' id='word_1_732' title='bbox 2964 4921 3087 4960; x_wconf 89' lang='lat' dir='ltr'><strong>nam</strong></span> <span class='ocrx_word' id='word_1_733' title='bbox 3125 4907 3170 4961; x_wconf 92' lang='lat' dir='ltr'><strong>si</strong></span> <span class='ocrx_word' id='word_1_734' title='bbox 3201 4907 3503 4979; x_wconf 88' lang='lat' dir='ltr'><strong>aliquorum</strong></span> <span class='ocrx_word' id='word_1_735' title='bbox 3533 4924 3633 4978; x_wconf 81' lang='lat' dir='ltr'><strong>po-</strong></span> 
     </span>
    </p>
   </div>
   <div class='ocr_carea' id='block_1_110' title="bbox 2034 4991 3626 5074">
    <p class='ocr_par' dir='ltr' id='par_1_110' title="bbox 2034 4991 3626 5074">
     <span class='ocr_line' id='line_1_111' title="bbox 2034 4991 3626 5074; baseline 0.008 -28"><span class='ocrx_word' id='word_1_736' title='bbox 2034 4991 2338 5049; x_wconf 90' lang='lat' dir='ltr'><strong>meridiano</strong></span> <span class='ocrx_word' id='word_1_737' title='bbox 2371 5003 2618 5066; x_wconf 90' lang='lat' dir='ltr'><strong>tempore</strong></span> <span class='ocrx_word' id='word_1_738' title='bbox 2646 4996 3046 5066; x_wconf 88' lang='lat' dir='ltr'><strong>defunctorum,</strong></span> <span class='ocrx_word' id='word_1_739' title='bbox 3086 5001 3199 5057; x_wconf 88' lang='lat' dir='ltr'><strong>sive</strong></span> <span class='ocrx_word' id='word_1_740' title='bbox 3227 5002 3626 5074; x_wconf 86' lang='lat' dir='ltr'><strong>episcoporum,</strong></span> 
     </span>
    </p>
   </div>
   <div class='ocr_carea' id='block_1_111' title="bbox 2030 5082 3628 5159">
    <p class='ocr_par' dir='ltr' id='par_1_111' title="bbox 2030 5082 3628 5159">
     <span class='ocr_line' id='line_1_112' title="bbox 2030 5082 3628 5159; baseline 0.006 -21"><span class='ocrx_word' id='word_1_741' title='bbox 2030 5082 2145 5138; x_wconf 89' lang='lat' dir='ltr'><strong>sive</strong></span> <span class='ocrx_word' id='word_1_742' title='bbox 2175 5092 2496 5140; x_wconf 62' lang='lat' dir='ltr'><strong>caeterorum</strong></span> <span class='ocrx_word' id='word_1_743' title='bbox 2525 5086 2925 5143; x_wconf 89' lang='lat' dir='ltr'><strong>commendatio</strong></span> <span class='ocrx_word' id='word_1_744' title='bbox 2950 5088 3193 5145; x_wconf 87' lang='lat' dir='ltr'><strong>facienda</strong></span> <span class='ocrx_word' id='word_1_745' title='bbox 3216 5100 3319 5159; x_wconf 89' lang='lat' dir='ltr'><strong>est,</strong></span> <span class='ocrx_word' id='word_1_746' title='bbox 3350 5093 3477 5147; x_wconf 89' lang='lat' dir='ltr'><strong>solis</strong></span> <span class='ocrx_word' id='word_1_747' title='bbox 3504 5107 3628 5147; x_wconf 86' lang='lat' dir='ltr'><strong>ora-</strong></span> 
     </span>
    </p>
   </div>
   <div class='ocr_carea' id='block_1_112' title="bbox 2030 5175 3628 5257">
    <p class='ocr_par' dir='ltr' id='par_1_112' title="bbox 2030 5175 3628 5257">
     <span class='ocr_line' id='line_1_113' title="bbox 2030 5175 3628 5257; baseline 0.008 -29"><span class='ocrx_word' id='word_1_748' title='bbox 2030 5175 2267 5232; x_wconf 87' lang='lat' dir='ltr'><strong>tionibus</strong></span> <span class='ocrx_word' id='word_1_749' title='bbox 2309 5175 2444 5257; x_wconf 33' lang='lat' dir='ltr'><strong>Iiat&#39;,</strong></span> <span class='ocrx_word' id='word_1_750' title='bbox 2505 5177 2550 5232; x_wconf 91' lang='lat' dir='ltr'><strong>si</strong></span> <span class='ocrx_word' id='word_1_751' title='bbox 2608 5177 2686 5233; x_wconf 91' lang='lat' dir='ltr'><strong>illi</strong></span> <span class='ocrx_word' id='word_1_752' title='bbox 2727 5180 2821 5249; x_wconf 88' lang='lat' dir='ltr'><strong>qui</strong></span> <span class='ocrx_word' id='word_1_753' title='bbox 2860 5179 3062 5237; x_wconf 89' lang='lat' dir='ltr'><strong>faciunt</strong></span> <span class='ocrx_word' id='word_1_754' title='bbox 3105 5182 3215 5251; x_wconf 89' lang='lat' dir='ltr'><strong>jam</strong></span> <span class='ocrx_word' id='word_1_755' title='bbox 3253 5184 3434 5254; x_wconf 87' lang='lat' dir='ltr'><strong>pransi</strong></span> <span class='ocrx_word' id='word_1_756' title='bbox 3472 5184 3628 5240; x_wconf 80' lang='lat' dir='ltr'><strong>inve-</strong></span> 
     </span>
    </p>
   </div>
   <div class='ocr_carea' id='block_1_113' title="bbox 2030 5267 2863 5351">
    <p class='ocr_par' dir='ltr' id='par_1_113' title="bbox 2030 5267 2863 5351">
     <span class='ocr_line' id='line_1_114' title="bbox 2030 5267 2863 5351; baseline 0.005 -29"><span class='ocrx_word' id='word_1_757' title='bbox 2030 5267 2270 5324; x_wconf 91' lang='lat' dir='ltr'><strong>niuntur.</strong></span> <span class='ocrx_word' id='word_1_758' title='bbox 2465 5300 2473 5308; x_wconf 91' lang='lat'><strong><em>-</em></strong></span> <span class='ocrx_word' id='word_1_759' title='bbox 2500 5346 2509 5351; x_wconf 11' lang='grc' dir='ltr'><strong><em>ᾳ</em></strong></span> <span class='ocrx_word' id='word_1_760' title='bbox 2852 5346 2863 5351; x_wconf 32' lang='grc' dir='ltr'><strong>ν</strong></span> 
     </span>
    </p>
   </div>
   <div class='ocr_carea' id='block_1_114' title="bbox 2198 5346 3443 5429">
    <p class='ocr_par' dir='ltr' id='par_1_114' title="bbox 2198 5346 3443 5429">
     <span class='ocr_line' id='line_1_115' title="bbox 2198 5346 3443 5429; baseline 0.007 -10"><span class='ocrx_word' id='word_1_761' title='bbox 2198 5364 2269 5420; x_wconf 89' lang='lat' dir='ltr'><strong>Ut</strong></span> <span class='ocrx_word' id='word_1_762' title='bbox 2295 5365 2352 5421; x_wconf 88' lang='lat' dir='ltr'><strong>in</strong></span> <span class='ocrx_word' id='word_1_763' title='bbox 2374 5366 2599 5423; x_wconf 85' lang='lat' dir='ltr'><strong>ecclesiis</strong></span> <span class='ocrx_word' id='word_1_764' title='bbox 2621 5346 2861 5425; x_wconf 68' lang='lat' dir='ltr'><strong>convivia</strong></span> <span class='ocrx_word' id='word_1_765' title='bbox 2874 5368 3088 5422; x_wconf 85' lang='lat' dir='ltr'><strong>minime</strong></span> <span class='ocrx_word' id='word_1_766' title='bbox 3116 5368 3443 5429; x_wconf 70' lang='lat' dir='ltr'><strong>celebrentur;</strong></span> 
     </span>
    </p>
   </div>
   <div class='ocr_carea' id='block_1_115' title="bbox 2100 5456 3645 5535">
    <p class='ocr_par' dir='ltr' id='par_1_115' title="bbox 2100 5456 3645 5535">
     <span class='ocr_line' id='line_1_116' title="bbox 2100 5456 3645 5535; baseline 0.008 -24"><span class='ocrx_word' id='word_1_767' title='bbox 2100 5456 2254 5513; x_wconf 86' lang='lat' dir='ltr'><strong>XLII.</strong></span> <span class='ocrx_word' id='word_1_768' title='bbox 2291 5458 2359 5514; x_wconf 92' lang='lat' dir='ltr'><strong>Ut</strong></span> <span class='ocrx_word' id='word_1_769' title='bbox 2385 5461 2516 5516; x_wconf 92' lang='lat' dir='ltr'><strong>nulli</strong></span> <span class='ocrx_word' id='word_1_770' title='bbox 2543 5461 2801 5535; x_wconf 82' lang='lat' dir='ltr'><strong>episcopi,</strong></span> <span class='ocrx_word' id='word_1_771' title='bbox 2832 5462 2918 5516; x_wconf 91' lang='lat' dir='ltr'><strong>vel</strong></span> <span class='ocrx_word' id='word_1_772' title='bbox 2944 5461 3126 5518; x_wconf 90' lang='lat' dir='ltr'><strong>clerici</strong></span> <span class='ocrx_word' id='word_1_773' title='bbox 3154 5463 3207 5518; x_wconf 91' lang='lat' dir='ltr'><strong>in</strong></span> <span class='ocrx_word' id='word_1_774' title='bbox 3243 5465 3471 5522; x_wconf 89' lang='lat' dir='ltr'><strong>ecclesia</strong></span> <span class='ocrx_word' id='word_1_775' title='bbox 3495 5468 3645 5522; x_wconf 44' lang='lat' dir='ltr'><strong>con?</strong></span> 
     </span>
    </p>
   </div>
   <div class='ocr_carea' id='block_1_116' title="bbox 2025 5554 3618 5631">
    <p class='ocr_par' dir='ltr' id='par_1_116' title="bbox 2025 5554 3618 5631">
     <span class='ocr_line' id='line_1_117' title="bbox 2025 5554 3618 5631; baseline 0.002 -20"><span class='ocrx_word' id='word_1_776' title='bbox 2025 5554 2329 5622; x_wconf 88' lang='lat' dir='ltr'><strong>veniantur,</strong></span> <span class='ocrx_word' id='word_1_777' title='bbox 2366 5557 2469 5611; x_wconf 91' lang='lat' dir='ltr'><strong>nisi</strong></span> <span class='ocrx_word' id='word_1_778' title='bbox 2496 5555 2638 5612; x_wconf 87' lang='lat' dir='ltr'><strong>forte</strong></span> <span class='ocrx_word' id='word_1_779' title='bbox 2670 5564 3012 5612; x_wconf 87' lang='lat' dir='ltr'><strong>transeuntes</strong></span> <span class='ocrx_word' id='word_1_780' title='bbox 3047 5556 3399 5631; x_wconf 90' lang='lat' dir='ltr'><strong>hospitiorum</strong></span> <span class='ocrx_word' id='word_1_781' title='bbox 3430 5576 3618 5615; x_wconf 83' lang='lat' dir='ltr'><strong>neces-</strong></span> 
     </span>
    </p>
   </div>
   <div class='ocr_carea' id='block_1_117' title="bbox 2024 5646 3612 5723">
    <p class='ocr_par' dir='ltr' id='par_1_117' title="bbox 2024 5646 3612 5723">
     <span class='ocr_line' id='line_1_118' title="bbox 2024 5646 3612 5723; baseline 0.002 -22"><span class='ocrx_word' id='word_1_782' title='bbox 2024 5646 2182 5702; x_wconf 89' lang='lat' dir='ltr'><strong>sitate</strong></span> <span class='ocrx_word' id='word_1_783' title='bbox 2211 5647 2321 5703; x_wconf 90' lang='lat' dir='ltr'><strong>illic</strong></span> <span class='ocrx_word' id='word_1_784' title='bbox 2348 5647 2619 5714; x_wconf 75' lang='lat' dir='ltr'><strong>reficiant;</strong></span> <span class='ocrx_word' id='word_1_785' title='bbox 2650 5647 2837 5718; x_wconf 89' lang='lat' dir='ltr'><strong>populi</strong></span> <span class='ocrx_word' id='word_1_786' title='bbox 2857 5648 3020 5704; x_wconf 89' lang='lat' dir='ltr'><strong>etiam</strong></span> <span class='ocrx_word' id='word_1_787' title='bbox 3053 5650 3118 5707; x_wconf 90' lang='lat' dir='ltr'><strong>ab</strong></span> <span class='ocrx_word' id='word_1_788' title='bbox 3149 5652 3447 5723; x_wconf 89' lang='lat' dir='ltr'><strong>hujusmodi</strong></span> <span class='ocrx_word' id='word_1_789' title='bbox 3478 5666 3612 5705; x_wconf 86' lang='lat' dir='ltr'><strong>con-</strong></span> 
     </span>
    </p>
   </div>
   <div class='ocr_carea' id='block_1_118' title="bbox 2022 5737 3272 5813">
    <p class='ocr_par' dir='ltr' id='par_1_118' title="bbox 2022 5737 3272 5813">
     <span class='ocr_line' id='line_1_119' title="bbox 2022 5737 3272 5813; baseline 0.005 -21"><span class='ocrx_word' id='word_1_790' title='bbox 2022 5737 2203 5807; x_wconf 88' lang='lat' dir='ltr'><strong>viviis,</strong></span> <span class='ocrx_word' id='word_1_791' title='bbox 2230 5747 2491 5810; x_wconf 90' lang='lat' dir='ltr'><strong>quantum</strong></span> <span class='ocrx_word' id='word_1_792' title='bbox 2523 5738 2638 5795; x_wconf 79' lang='lat' dir='ltr'><strong>fieri</strong></span> <span class='ocrx_word' id='word_1_793' title='bbox 2660 5746 2859 5811; x_wconf 89' lang='lat' dir='ltr'><strong>potest,</strong></span> <span class='ocrx_word' id='word_1_794' title='bbox 2882 5741 3272 5813; x_wconf 86' lang='lat' dir='ltr'><strong>prohibeantur</strong></span> 
     </span>
    </p>
   </div>
   <div class='ocr_carea' id='block_1_119' title="bbox 402 5855 2865 5953">
    <p class='ocr_par' dir='ltr' id='par_1_119' title="bbox 402 5855 2865 5953">
     <span class='ocr_line' id='line_1_120' title="bbox 402 5855 2865 5953; baseline 0.011 -40"><span class='ocrx_word' id='word_1_795' title='bbox 402 5857 418 5880; x_wconf 82' lang='grc'><strong><em>⁵</em></strong></span> <span class='ocrx_word' id='word_1_796' title='bbox 445 5855 605 5918; x_wconf 77' lang='lat' dir='ltr'><strong>Caret</strong></span> <span class='ocrx_word' id='word_1_797' title='bbox 635 5860 843 5935; x_wconf 88' lang='lat' dir='ltr'><strong>phrasis</strong></span> <span class='ocrx_word' id='word_1_798' title='bbox 868 5865 1056 5937; x_wconf 90' lang='lat' dir='ltr'><strong>verbo,</strong></span> <span class='ocrx_word' id='word_1_799' title='bbox 1103 5882 1212 5939; x_wconf 87' lang='lat' dir='ltr'><strong>quo</strong></span> <span class='ocrx_word' id='word_1_800' title='bbox 1254 5885 1360 5927; x_wconf 81' lang='lat' dir='ltr'><strong>vox</strong></span> <span class='ocrx_word' id='word_1_801' title='bbox 1389 5870 1590 5929; x_wconf 78' lang='lat' dir='ltr'><strong>litteras</strong></span> <span class='ocrx_word' id='word_1_802' title='bbox 1628 5882 1845 5945; x_wconf 81' lang='lat' dir='ltr'><strong>regatur</strong></span> <span class='ocrx_word' id='word_1_803' title='bbox 1874 5892 1888 5930; x_wconf 87' lang='lat'><strong>:</strong></span> <span class='ocrx_word' id='word_1_804' title='bbox 1922 5873 2060 5933; x_wconf 90' lang='lat' dir='ltr'><strong>forte</strong></span> <span class='ocrx_word' id='word_1_805' title='bbox 2084 5875 2514 5935; x_wconf 89' lang='lat' dir='ltr'><strong>substituendum</strong></span> <span class='ocrx_word' id='word_1_806' title='bbox 2541 5877 2683 5953; x_wconf 82' lang='lat' dir='ltr'><strong>legit.</strong></span> <span class='ocrx_word' id='word_1_807' title='bbox 2708 5876 2865 5941; x_wconf 78' lang='grc' dir='ltr'><strong>Ευιτ.</strong></span> 
     </span>
    </p>
   </div>
  </div>
