4092 6348
514 335 615 395 I95

1059 450 1132 503 De
1161 448 1537 518 pwnitentibus.

582 546 762 602 XLIII.
818 544 885 601 Ut
930 542 1347 613 paenitentibus,
1396 538 1687 596 secundum
1736 537 2089 597 differentiam

514 644 879 708 peccatorum,
932 630 1167 701 episcopi
1214 629 1435 685 arbitrio
1477 628 1805 697 pmnitentiaa
1848 635 2092 699 tempora

513 728 887 790 decernantur,
912 730 1043 777 etut
1068 721 1347 792 presbyter
1374 720 1674 775 inconsulto
1702 720 1956 791 episcopo
1976 712 2094 785 non

514 816 820 874 reconciliet
866 812 1243 883 pmnitentem,
1273 810 1372 875 nisi
1418 810 1674 865 absentia:
1721 810 1957 883 episcopi
1998 825 2093 866 ne-

511 909 759 966 cessitate
804 914 1048 976 cogente.
1106 902 1482 972 Cujuscunque
1539 910 1721 956 autem
1780 902 2095 973 prauitentis

510 1000 778 1075 publicum
819 1005 876 1052 et
901 995 1321 1064 vulgatissimum
1352 990 1553 1050 crimen
1583 999 1683 1058 est,
1708 993 1855 1065 quod
1878 993 2092 1049 univer-

510 1106 620 1155 sam
648 1088 944 1151 Ecclesiam
975 1086 1345 1155 commoverit,
1398 1093 1525 1151 ante
1550 1084 1788 1157 absidem
1826 1100 2017 1159 manus
2045 1085 2096 1140 ei

510 1182 837 1251 imponatur.
1422 1162 1428 1170 ’

1098 1295 1175 1363 De
1204 1294 1501 1366 virginibus.

585 1387 765 1443 XLIV.
801 1387 872 1442 Ut
900 1386 1134 1455 virgines
1178 1402 1365 1452 sacrm,
1419 1400 1541 1447 cum
1572 1383 1902 1457 parentibus,
1928 1397 1959 1437 a
1979 1382 2098 1452 qui-

512 1482 614 1539 bus
660 1478 1129 1543 custodiebantur,
1182 1477 1404 1547 privata:
1452 1477 1676 1543 fuerint,
1727 1476 1966 1546 episcopi
2013 1475 2099 1530 vel

514 1571 829 1643 presbyteri,
880 1570 971 1625 ubi
1015 1569 1299 1641 episcopus
1338 1569 1531 1629 absens
1578 1576 1678 1632 est,
1734 1565 2093 1637 providentia,

515 1663 850 1733 gravioribus
878 1660 1089 1717 feminis
1116 1660 1581 1724 commendentur,
1624 1669 1716 1716 aut
1754 1658 1917 1725 sintul
1941 1658 2089 1729 habi~

517 1764 695 1812 tantes
743 1756 970 1811 invicem
1018 1770 1076 1808 se
1120 1755 1445 1820 custodiant,
1503 1769 1570 1809 ne
1613 1754 1812 1825 passim
1854 1754 2098 1825 vagando

516 1846 768 1902 Ecclesia:
798 1846 993 1900 tradant
1017 1845 1494 1909 existimationem.

519 1961 596 2014 De
624 1960 989 2031 aegrotantibus
1029 1960 1115 2029 qui
1142 1976 1233 2029 pro
1264 1976 1317 2012 se
1370 1958 1678 2027 respondere
1712 1976 1818 2013 non
1866 1970 2096 2028 possunt.

590 2048 746 2103 XLV.
784 2046 854 2102 Ut
899 2056 1224 2117 aegrotantes
1272 2048 1362 2118 qui
1405 2062 1504 2116 pro
1540 2062 1599 2111 se
1636 2047 1964 2117 respondere
1992 2064 2099 2104 non

520 2152 763 2217 possunt,
796 2158 917 2198 cum
975 2141 1263 2196 voluntatis
1291 2157 1477 2197 eorum
1508 2141 1877 2199 testimonium
1898 2142 1981 2197 sui
2008 2158 2102 2213 pe—

518 2236 687 2293 riculo
725 2235 945 2307 proprio
975 2234 1228 2299 dixerint,
1265 2232 1620 2302 baptizentur.
1656 2228 1723 2287 Ut
1749 2232 1999 2300 scenicis,
2022 2242 2103 2288 at-

517 2341 623 2397 que
649 2324 1017 2392 histrionibus,
1039 2325 1351 2392 exterisque
1382 2322 1687 2391 huiusmodi
1715 2324 1982 2392 personis,
2013 2324 2101 2381 vel

518 2417 828 2488 apostaticis
852 2416 1127 2472 conversis
1154 2414 1240 2469 vel
1268 2413 1588 2484 reversismd
1607 2413 1799 2480 Deum,
1820 2414 1995 2483 gratia
2018 2413 2103 2471 vel

521 2510 892 2570 reconciliatio
920 2525 1028 2565 non
1056 2516 1295 2577 negetur.

930 2620 1009 2676 De
1034 2619 1358 2693 passionibus
1387 2628 1689 2691 martyrum.

588 2712 768 2768 XLVI.
802 2712 985 2767 Liceat
1005 2710 1164 2765 etiam
1194 2710 1297 2778 legi
1325 2711 1602 2779 passiones
1632 2717 1945 2781 martyrum,
1979 2726 2103 2766 cum

434 2880 439 2885 π
498 2804 875 2860 anniversarii
904 2802 1019 2859 dies
1047 2816 1235 2858 eorum
1265 2800 1623 2861 celebrantur.

614 2916 691 2969 De
713 2917 939 2997 parvulis
971 2916 1055 2986 qui
1086 2914 1222 2983 apud
1266 2912 1573 2967 Donatista:
1591 2911 1838 2985 baptizati
1869 2922 2005 2985 sunt.

587 3009 792 3094 XLVII.
820 3010 892 3063 De
916 3008 1204 3063 Donatistis
1226 3006 1425 3077 placuit
1454 3014 1513 3079 ut
1554 3006 1892 3060 consulamus
1913 3007 2104 3061 fratres

515 3110 571 3158 et
592 3100 1002 3156 consacerdotes
1037 3107 1251 3154 nostros
1279 3096 1525 3151 Siricium
1549 3105 1602 3150 et
1622 3096 2021 3166 Simplicianum
2036 3096 2104 3151 de

1786 324 1983 384 DIONY
1993 326 2141 383 SIUS
2178 324 2493 383 EXIGUUS.

2117 448 2167 509 Α
2195 456 2294 512 est,
2320 454 2379 500 ut
2404 444 2695 513 dignemini
2715 446 2843 500 dare
2862 444 3108 500 ﬁduciam
3127 446 3290 515 quod,
3309 447 3420 517 jam
3449 450 3793 505 necessitate

3674 326 3797 383 4M

2198 538 2309 608 ipsa
2340 546 2590 606 cogente,
2619 537 2844 592 liberum
2862 535 3020 592 nobis
3056 536 3126 591 sit
3163 548 3429 593 rectorem
3458 539 3785 607 provinciae,

2193 628 2485 685 secundum
2516 634 2715 685 statuta
2752 626 3260 698 gloriosissimam
3306 629 3625 698 principum,
3683 630 3789 683 ad-

2192 734 2379 775 versus
2400 719 2550 774 illum
2573 718 2742 784 adire,
2796 726 2855 773 ut
2884 718 2976 789 qui
2996 717 3112 772 miti
3162 717 3529 774 admonitione
3574 720 3785 774 sancti-
3876 782 3879 785 ν

2195 812 2318 867 tatis
2340 819 2529 865 vestra:
2557 807 2903 879 acquiesdere
2919 808 3109 878 noluit,
3130 816 3188 865 et
3204 809 3493 866 emendare
3504 810 3789 879 illicitum,

2195 906 2516 962 auctoritate
2547 898 2827 973 iudiciaria
2874 903 3116 974 protinus
3140 902 3470 959 excludatur.
3525 904 3791 959 Aurelius

2198 997 2480 1067 episcopus
2501 996 2637 1051 dixit
2661 1013 2675 1048 :
2719 994 2941 1051 Servata
2964 993 3136 1050 forma
3156 994 3465 1064 disciplinae,
3497 1010 3606 1051 non
3632 997 3792 1051 testi-

2196 1087 2428 1141 mabitur
2454 1086 2741 1157 appetitus,
2772 1086 2816 1140 si
2845 1100 2875 1139 a
2902 1095 3083 1141 vestra
3099 1085 3359 1141 eharitate
3378 1085 3625 1141 modeste
3645 1102 3795 1143 con-

2197 1185 2389 1233 ventus
2434 1178 2685 1233 recedere
2720 1177 3116 1243 detractaverit,
3152 1193 3273 1235 cum
3299 1176 3478 1245 fuerit,
3519 1194 3620 1233 suo
3644 1194 3796 1235 con-9

2196 1276 2424 1339 temptu,
2450 1278 2505 1324 et
2552 1270 2888 1326 contumacia
2912 1313 2928 1338 ,
2977 1268 3203 1326 faciente
3240 1271 3402 1327 etiam
3458 1272 3795 1328 auctoritate

2193 1360 2494 1430 iudiciaria,
2524 1371 2838 1417 conventus.
2863 1360 3174 1419 Honoratus
3195 1370 3251 1419 et
3272 1360 3517 1419 Urbanus
3541 1364 3793 1435 episcopi

2198 1454 2481 1511 dixerunt:
2514 1454 2629 1512 Hoc
2674 1469 2805 1523 ergo
2850 1455 3101 1519 omnibus
3137 1456 3319 1526 placet
3335 1458 3369 1513 ‘tr
3389 1456 3472 1513 Ab
3518 1456 3795 1521 universis

2200 1544 2463 1615 episcopis
2489 1547 2691 1601 dictum
2717 1556 2799 1601 est
2823 1565 2835 1599 :
2859 1545 3068 1602 Justum
3096 1558 3199 1612 est,
3226 1549 3419 1618 placet.
3824 1556 3840 1567 '

2366 1651 2504 1718 Quot
2529 1654 2757 1726 episcopi
2786 1656 3028 1709 ordinare
3052 1658 3345 1728 episcopum
3373 1659 3611 1715 debeant.

2271 1746 2453 1803 XLIX.
2497 1747 2803 1804 Honoratus
2851 1756 2907 1804 et
2939 1747 3182 1805 Urbanus
3218 1752 3461 1823 episcopi
3493 1754 3791 1810 dixerunt:

2131 1832 2177 1893 B
2204 1838 2273 1894 Et
2299 1840 2428 1895 illud
2456 1840 2612 1896 nobis
2648 1840 2959 1895 mandatum
2988 1850 3092 1910 est,
3131 1851 3191 1897 ut
3233 1844 3357 1912 quia
3387 1846 3635 1914 proxime
3679 1844 3796 1902 εὶ-

2203 1940 2310 1988 tres
2336 1934 2505 1989 nostri
2530 1932 2792 1988 Numidia:
2819 1933 2928 1988 duo
2961 1934 3200 2004 episcopi
3246 1935 3499 1992 ordinare
3536 1952 3796 2007 praesum-

2202 2033 2421 2096 pserunt
2444 2025 2749 2096 pontificem
2772 2068 2786 2092 ,
2836 2041 2943 2082 non
2983 2027 3085 2082 nisi
3132 2042 3163 2081 a
3209 2028 3490 2085 duodecim
3520 2033 3794 2089 censeatis

2206 2116 2465 2172 celebrari
2493 2116 2866 2187 episcoporum
2888 2116 3271 2173 ordinationes.
3295 2119 3544 2176 Aurelius
3571 2123 3795 2193 episco-

2200 2226 2302 2281 pus
2321 2210 2493 2265 dixit:
2525 2208 2720 2266 Forma
2745 2211 2963 2280 antiqua
3008 2210 3329 2279 servabitur,
3375 2219 3433 2267 ut
3459 2228 3566 2267 non
3609 2215 3795 2271 minus

2203 2317 2363 2373 quam
2393 2310 2503 2357 tres
2524 2301 2815 2371 sufficiant,
2844 2302 2935 2371 qui
2963 2301 3165 2357 fuerint
3191 2302 3441 2359 destinati
3469 2304 3537 2358 ad
3574 2307 3793 2376 episco-

2203 2409 2329 2465 pum
2360 2393 2729 2449 ordinandum.
2763 2392 3076 2464 Propterea,
3104 2395 3230 2466 quia
3271 2396 3325 2450 in
3369 2394 3573 2467 Tripoli
3620 2396 3791 2468 forte,

2203 2494 2258 2543 et
2304 2484 2357 2539 in
2403 2484 2610 2553 Arzuge
2659 2483 2975 2554 interjaeere
3000 2484 3251 2541 videntur
3277 2486 3520 2542 barbara:
3557 2497 3789 2557 gentes;

2205 2591 2329 2630 nam
2353 2576 2407 2631 in
2437 2575 2657 2645 Tripoli,
2689 2584 2749 2630 ut
2767 2577 3044 2641 asseritur,
3092 2576 3333 2648 episcopi
3379 2586 3506 2633 sunt
3550 2578 3793 2648 quinque

2206 2668 2599 2736 tantummodo,
2628 2679 2682 2723 et
2728 2677 2956 2738 possunt
3002 2668 3142 2723 forte
3181 2669 3249 2725 de
3270 2669 3387 2739 ipso
3428 2683 3654 2724 numero
3701 2670 3792 2724 vel

2206 2762 2313 2817 duo
2338 2763 2654 2818 necessitate
2675 2762 2850 2829 aliqua
2880 2762 3153 2839 occupari,
3184 2760 3400 2816 difficile
3437 2767 3521 2816 est
3555 2760 3702 2829 enim
3732 2770 3791 2816 ut

2206 2854 2272 2911 de
2299 2854 2539 2925 quolibet
2567 2865 2789 2908 numero
2818 2867 3008 2908 omnes
3036 2852 3242 2923 possint
3267 2866 3554 2908 occurrere
3578 2868 3593 2917 ;
3646 2840 3798 2907 nun-V

2206 2945 2332 3017 quid
2354 2946 2514 3002 debet
2534 2945 2639 3017 hoc
2662 2946 2833 3017 ipsum
2857 2944 3238 3015 impedimento
3259 2960 3377 3001 esse
3409 2944 3792 3000 ecclesiastica

2208 3038 2460 3093 utilitati?
2488 3035 2621 3092 Nam
2648 3046 2701 3092 et
2751 3037 2802 3090 in
2833 3035 2937 3092 hac
2967 3035 3227 3101 Ecclesia,
3275 3021 3342 3089 ad
3370 3048 3530 3106 quam
3572 3034 3795 3115 dignata

2207 3140 2289 3187 est
2315 3140 2493 3187 vestra
2537 3130 2793 3186 sanctitas
2832 3130 3138 3201 convenire,
3175 3128 3368 3183 crebro
3406 3143 3471 3183 ac
3526 3142 3663 3199 pene
3691 3142 3792 3201 per
3826 3122 3831 3127 ’

516 3194 655 3289 δθιίεῖ
697 3193 985 3247 infamibus
1012 3192 1121 3289 ,Ψή
1171 3190 1511 3289 b3}","*f‘.‘“,"’
1547 3205 1712 3260 penes
1740 3189 2005 3289 e,°ide',‘",
2036 3203 2101 3243 "e
2131 3208 2176 3277 C
2205 3221 2345 3278 diem
2374 3222 2694 3277 dominicam
2724 3196 3051 3276 ordinandos
3077 3189 3374 3289 habemus;
3422 3189 3791 3287 nun-quidnam

516 3282 659 3351 quod
705 3297 802 3335 suo
854 3297 959 3335 non
1008 3281 1248 3334 fecerunt
1283 3277 1505 3346 judicio,
1556 3293 1676 3332 cum
1714 3277 1779 3330 ad
1807 3275 2100 3332 Ecclesiam

518 3374 614 3427 Dei
642 3372 841 3428 salubri
872 3372 1149 3442 proposito
1172 3368 1367 3423 fuerint
1389 3368 1654 3430 conversi,
1679 3376 1959 3437 parentum
1983 3367 2103 3423 illos

516 3478 669 3517 error
724 3460 980 3532 impediat
1024 3475 1091 3515 ne
1127 3466 1543 3528 promoveantur
1587 3457 1725 3512 sacri
1774 3456 1953 3512 altaris
1996 3457 2101 3511 mi-

519 3553 692 3609 nistri.

586 3643 789 3710 Quibus
835 3641 1071 3704 insertis,
1122 3637 1431 3692 Honoratus
1476 3645 1531 3691 et
1558 3635 1804 3691 Urbanus
1840 3636 2096 3707 episcopi,

516 3736 676 3807 legati
699 3734 986 3805 provincia:
1010 3730 1339 3786 Mauritania:
1354 3725 1641 3789 Sitifensis,
1667 3728 1919 3783 dixerunt
1944 3745 1956 3779 :
1982 3727 2099 3782 Jam

515 3829 738 3896 dudum,
771 3842 893 3882 cum
924 3824 1064 3895 apud
1107 3824 1445 3878 sanctitatem
1477 3829 1704 3875 vestram
1749 3820 2103 3888 aliegaremus

514 3920 733 3991 scripta,
786 3918 935 3972 dilati
983 3931 1167 3971 sumus
1195 3930 1259 3969 ea
1297 3912 1772 3983 contemplatione,
1823 3925 2101 3979 quousque

514 4010 705 4063 fratres
750 4009 920 4063 nostri
962 4006 1213 4061 advenire
1258 4010 1482 4074 possent
1527 4000 1596 4057 de
1623 4000 1866 4055 Numidia
1898 3999 2097 4068 legati;

512 4102 606 4157 sed
631 4101 753 4170 quia
780 4116 887 4155 non
917 4098 1064 4169 parvi
1096 4097 1211 4152 dies
1258 4104 1401 4158 sunt,
1434 4094 1627 4164 quibus
1656 4092 1955 4162 exspectati
1994 4094 2096 4145 mi-

514 4194 658 4249 nime
678 4200 961 4255 venerunt,
1010 4190 1152 4244 ultra
1180 4186 1607 4258 pnetermittere,
1636 4198 1755 4253 quae
1778 4183 1933 4255 nobis
1955 4197 2101 4237 man-

513 4285 640 4341 data
680 4293 806 4341 sunt
834 4300 863 4339 a
894 4283 1090 4338 nostris
1118 4280 1454 4351 coepiscopis
1496 4294 1603 4333 non
1644 4284 1886 4348 oportet;
1939 4281 2101 4345 atque

513 4378 655 4441 ideo,
673 4376 883 4439 fratres,
898 4372 1296 4443 suggestionem
1312 4368 1792 4439 nostramlibenter
1810 4366 2096 4421 admittite.

512 4470 592 4525 De
622 4469 725 4523 ﬁde
754 4467 898 4522 enim
927 4465 1127 4520 Nicaeni
1158 4470 1419 4518 tractatus
1446 4460 1774 4520 audivimus;
1799 4472 1985 4513 verum
2014 4463 2100 4511 est

511 4560 578 4615 de
609 4556 886 4617 sacrificiis
915 4555 1218 4646 inhibendis
1245 4561 1366 4622 post
1394 4550 1695 4623 prandium,
1737 4556 1797 4601 ut
1820 4563 1853 4600 a
2125 4585 2178 4646 Β

511 4651 651 4704 sicut
679 4650 895 4718 dignum
924 4655 1027 4712 est,
1057 4644 1371 4713 offerantur,
1398 4651 1455 4699 et
1478 4650 1624 4707 tunc,
1656 4648 1712 4701 et
1740 4655 1882 4695 nunc
1911 4637 2091 4694 firma-

511 4748 625 4795 tum
654 4748 756 4794 est.

513 4854 589 4912 De
618 4857 1106 4927 rebaptizationibus
1136 4862 1184 4909 et
1233 4851 1723 4917 reordinationibus,
1754 4850 1830 4904 vel
1860 4852 2091 4905 transla-

993 4927 1211 4982 tionibus
1240 4927 1613 4995 episcoporum.

579 5017 809 5074 XLVIII.
851 5018 986 5073 Illud
1017 5028 1193 5073 autem
1229 5016 1561 5086 suggerimus
1586 5013 2091 5081 mandatmnobis,

506 5117 653 5186 quod
673 5116 908 5173 etiamin
924 5113 1192 5185 Capuensi
1209 5113 1448 5182 plenaria
1467 5112 1676 5185 synodo
1697 5111 2093 5168 videtin-tatam-

507 5217 641 5275 tum,
665 5219 726 5263 ut
740 5207 1020 5265 nouliceat
1034 5205 1147 5261 fieri
1161 5202 2093 5282 rebaptizationes,'reordinationes,

506 5299 591 5353 vel
610 5299 992 5354 translationes
1017 5297 1410 5367 episcoporum.
1435 5294 1568 5350 Nam
1589 5294 1917 5375 Cresconius.
1932 5292 2095 5348 Vilia-

506 5390 813 5459 Rhegensis
839 5391 1147 5461 episcopus,
1168 5387 1328 5459 plebe
1354 5402 1453 5442 sua
1478 5386 1757 5451 derelicta,
1789 5384 2097 5443 Tubunien-

503 5496 618 5537 sem
647 5481 843 5537 invasit
870 5480 1185 5545 Ecclesiam,
1210 5488 1264 5533 et
1302 5493 1471 5547 usque
1499 5476 1660 5534 hodie
1706 5470 2085 5539 cemmouitus,

501 5570 797 5629 secundum
827 5571 970 5639 quod
994 5578 1249 5627 statutum
1270 5570 1461 5634 fuerat,
1494 5569 1798 5638 relinquere
1823 5566 2087 5631 eamdem.

413 5698 419 5705 -
498 5675 665 5731 quam
689 5661 978 5726 invaserat,
1013 5661 1247 5731 plebem,
1272 5660 1616 5731 contempsit.
1639 5659 1908 5721 Adversus
1930 5658 2090 5721 istum

501 5766 619 5821 qua:
647 5752 994 5822 pronuntiata
1028 5750 1239 5808 fuerant
1280 5749 1595 5807 conﬁrmata
1632 5749 1855 5819 quidem
1889 5747 2094 5811 audivi-

500 5859 618 5900 mus
644 5861 657 5911 ;
687 5843 781 5900 sed
810 5849 1063 5914 petimus,
1092 5841 1389 5907 secundum
1415 5840 1563 5927 quod
1591 5839 1747 5897 nobis
1777 5836 2092 5894 mandatum

2206 3317 2514 3387 frequenter
2561 3314 2843 3369 duodecim
2890 3321 3101 3383 potero,
3157 3314 3243 3368 vel
3289 3313 3497 3378 decent,
3547 3312 3632 3366 vel
3676 3325 3790 3366 non

2206 3410 2375 3464 multo
2403 3408 2580 3462 minus
2608 3407 2874 3463 advocare
2896 3404 3215 3476 episcopos?
3243 3404 3338 3460 sed
3362 3404 3518 3459 facile
3545 3410 3629 3459 est
3655 3403 3789 3460 mihi

2203 3500 2336 3555 duos
2371 3498 2659 3568 adjungere
2690 3506 2841 3553 ‘meae
2880 3497 3129 3569 parvitati
3173 3496 3397 3551 vicinos.
3448 3496 3789 3567 Quapropter

2205 3591 2380 3646 cernit
2425 3606 2645 3647 mecum
2662 3590 2896 3646 charitas
2926 3598 3105 3646 vestra
3131 3588 3235 3645 hoc
3279 3590 3451 3661 ipsum
3507 3590 3785 3657 observari

2202 3697 2308 3736 non
2334 3697 2511 3752 posse.

2206 3796 2339 3863 Quot
2369 3795 2492 3849 addi
2520 3793 2733 3848 debeant
2762 3796 2984 3862 episcopi
3006 3812 3215 3850 numero
3246 3796 3624 3860 ordinaturum,
3655 3796 3697 3847 si
3721 3794 3785 3853 de

2411 3865 2701 3919 ordinando
2723 3866 2957 3933 episcopo
2993 3866 3145 3935 fuerit
3174 3866 3565 3919 contradictum.

2275 3977 2334 4029 L.
2378 3976 2483 4031 Sed
2506 3976 2635 4031 illud
2666 3986 2747 4045 est
2774 3977 3138 4046 statuendum,
3168 3987 3227 4032 ut
3254 3978 3463 4049 quando
3484 3978 3551 4033 ad
3582 3976 3783 4049 eligen-

2203 4069 2326 4123 dum
2368 4069 2675 4139 episcopum
2718 4070 3145 4133 convenerimus,
3191 4070 3234 4125 si
3273 4086 3375 4140 qua
3428 4069 3782 4125 contradictio

2200 4160 2360 4216 fuerit
2387 4160 2600 4227 oborta,
2629 4160 2753 4229 quia
2784 4160 2911 4214 talia
2940 4168 3166 4216 tractata
3202 4168 3327 4217 sunt
3351 4160 3492 4230 apud
3524 4175 3646 4227 nos,
3675 4175 3781 4214 non

2198 4260 2524 4323 praesumant
2548 4251 2615 4305 ad
2653 4252 2988 4321 purgandum
3020 4268 3143 4309 eum
3184 4252 3275 4322 qui
3325 4250 3653 4305 ordinandus
3698 4258 3783 4303 est

2201 4353 2312 4400 tres
2335 4344 2467 4413 jam,
2511 4343 2607 4399 sed
2626 4344 2930 4415 postuletur
2950 4344 3018 4400 ad
3038 4359 3318 4400 numerum
3352 4341 3780 4414 supradictorum

2200 4452 2339 4493 unus
2361 4435 2447 4490 vel
2476 4434 2615 4505 duo,
2640 4444 2693 4492 et
2720 4436 2773 4491 in
2813 4437 2999 4492 eadem
3028 4436 3184 4505 plebe
3210 4435 3293 4490 eui
3325 4431 3656 4489 ordinandus
3697 4438 3781 4486 est

2203 4525 2560 4581 discutiantur
2608 4528 2782 4597 primo
2828 4538 3072 4596 personae
3127 4523 3629 4577 contradicentium.
3676 4519 3774 4573 Po-

2201 4626 2406 4674 stremo
2436 4619 2601 4675 etiam
2629 4618 2718 4672 illa
2746 4632 2866 4687 qua:
2894 4614 3217 4685 objiciuntur
3257 4620 3694 4683 pertractentur;
3723 4617 3779 4663 et

2201 4725 2324 4767 cum
2350 4718 2609 4780 purgatus
2630 4708 2790 4763 fuerit
2817 4708 2872 4761 in
2895 4713 3185 4777 conspectu
3209 4704 3442 4775 publico,
3471 4704 3541 4757 ita
3563 4702 3776 4757 demum

2198 4802 2496 4859 ordinetur.
2528 4800 2584 4854 Si
2610 4800 2711 4854 hoc
2737 4814 2859 4854 cum
2885 4806 3072 4853 vestrae
3103 4796 3406 4851 sanctitatis
3437 4795 3614 4848 animo
3643 4808 3778 4846 con-

2197 4892 2407 4965 cordat,
2436 4891 2720 4945 roboretur
2748 4896 2939 4943 vestrae
2959 4887 3280 4957 dignationis
3302 4885 3669 4954 responsione.
3695 4882 3776 4937 Ab

2199 4964 2462 5042 universis
2488 4981 2755 5052 episc0pis
2778 4980 2978 5034 dictum
3004 4964 3121 5034 est:
3154 4978 3297 5033 Satis
3334 4979 3525 5047 placet.

2201 5097 2275 5153 Ut
2315 5098 2379 5153 de
2420 5095 2653 5163 Ecclesia
2694 5092 3022 5164 Carthaginis
3069 5091 3180 5146 dies
3229 5088 3447 5155 Pascha:
3494 5089 3773 5159 nuntietur.

2267 5189 2352 5244 L1.
2386 5187 2689 5249 Honoratus
2720 5192 2774 5238 et
2806 5181 3048 5238 Urbanus
3068 5181 3306 5252 episcopi
3326 5179 3573 5234 dixerunt
3596 5195 3609 5230 :
3634 5176 3773 5245 Quo.

2199 5282 2341 5345 niam
2362 5280 2434 5335 de
2451 5276 2864 5345 commonitorio
2888 5283 3071 5330 nostro
3093 5274 3273 5328 omnia
3296 5279 3523 5339 tractata
3544 5286 3777 5326 noscun-

2200 5381 2306 5435 tur.
2328 5369 2573 5433 addimus
2601 5368 2761 5433 etiam
2792 5366 2858 5423 de
2885 5366 2968 5421 die
2997 5364 3215 5419 Pascha:
3245 5363 3399 5417 nobis
3419 5376 3535 5416 esse
3558 5358 3777 5414 manda-

2202 5473 2336 5535 turn,
2362 5469 2421 5533 ut
2446 5461 2513 5523 de
2540 5459 2776 5533 Ecclesia
2809 5472 3020 5527 semper
3044 5453 3473 5527 Cartliaginensi,
3506 5452 3659 5517 sicuti
3690 5465 3775 5503 as-

2200 5557 2356 5622 solet,
2374 5556 2717 5617 instruamur,
2742 5561 2795 5607 et
2816 5567 2921 5606 non
2942 5551 3039 5605 sub
3060 5549 3564 5621 angustotemporis
3579 5543 3771 5616 spatio.

2202 5647 2459 5721 Aurelius,
2473 5647 2761 5721 episcopus
2788 5643 2957 5699 dixit:
3007 5641 3063 5697 Si
3093 5641 3366 5697 sanctitati
3397 5648 3585 5694 vesti-ae
3631 5635 3777 5690 vide-

2202 5750 2304 5808 tur,
2333 5741 2584 5810 quoniam
2614 5754 2714 5794 nos
2754 5736 3103 5807 spopondisse
3141 5733 3253 5811 jam
3282 5732 3480 5787 dudum
3528 5726 3773 5783 memini.-

2199 5850 2335 5900 mus,
2370 5842 2429 5888 ut
2447 5832 2669 5901 singulis
2689 5829 2984 5900 quibusque
3013 5826 3166 5881 annis
3194 5824 3262 5879 ad
3282 5820 3619 5878 tractandum
3646 5833 3781 5884 con,
