4092 6348
313 333 416 393 I97

1294 310 1519 373 consx
1552 304 1882 390 eminuit
1919 294 2611 385 sectastasricoauu

3493 278 3594 359 ψει

309 447 615 521 veniamus,
642 450 700 519 et
724 457 846 515 cum
878 439 1179 518 venerimus
1205 438 1257 513 in
1284 451 1469 511 unum,
1504 442 1631 509 tunc
1667 429 1905 509 divulge:
1930 432 1979 515 Δ
2005 426 2215 499 palibus
2236 421 2507 480 cathedris
2531 422 2932 493 removeantur.
2969 408 3195 514 Oportet
3214 403 3477 521 ‘enimrul
3504 400 3598 471 qui

310 542 461 613 bitur
489 520 708 609 sanetus
739 534 955 611 lJascllia;
984 532 1097 607 dies
1122 546 1219 603 per
1248 530 1455 599 legatos
1500 524 1594 603 qui
1625 520 1899 599 adfuerint,

313 632 568 691 concilio.
600 628 908 684 Honoratus
955 632 1010 678 et
1052 621 1299 677 Urbanus
1342 616 1584 689 episcopi
1609 615 1902 689 dixerunt:

314 724 471 781 Nunc
499 724 566 778 de
594 719 845 792 praesenti
890 724 1030 773 coetu
1059 714 1311 784 petimus,
1346 719 1403 767 ut
1450 708 1643 764 litteris
1691 704 1909 779 provirg-

317 819 462 874 ciam
492 823 732 871 nostram
761 812 828 867 de
854 811 957 869 hac
1003 809 1089 881 die
1115 807 1406 881 informare
1433 800 1745 873 dignemini.
1797 798 1909 853 Au-

319 912 491 967 relius
516 909 802 978 episcopus
830 904 965 958 dixit
990 921 1002 956 :
1036 902 1113 956 lta
1136 902 1229 954 fiat
1253 912 1472 955 necesse
1495 903 1598 952 est.

772 1020 852 1075 De
879 1017 1145 1087 uisitandi;
1173 1015 1468 1087 provinciis.

398 1136 506 1209 ω.
550 1135 857 1201 Honoratus
878 1140 934 1197 ει
976 1129 1225 1189 Urbanus
1254 1126 1496 1198 episcOpi
1526 1122 1817 1189 dixerunt:
1849 1119 1918 1179 Et

328 1227 465 1291 illud
488 1225 641 1291 nobis
670 1224 834 1297 verbo
862 1220 1171 1289 mandatum
1190 1228 1297 1283 est,
1331 1227 1390 1284 ut
1414 1217 1540 1288 quia
1566 1213 1917 1273 constitutum

330 1329 418 1381 est
453 1321 507 1374 in
540 1316 771 1373 concilio
816 1312 1149 1386 Hipponiensi
1178 1309 1415 1378 singulas
1455 1307 1654 1363 debere
1696 1305 1917 1375 provin-

331 1412 448 1475 cias
500 1418 744 1481 tempore
810 1406 1023 1477 concilii
1072 1401 1363 1458 visitandas
1415 1415 1565 1466 esse,
1630 1395 1924 1468 dignemini

334 1503 523 1575 etiam,
554 1500 697 1573 quod
718 1500 822 1553 hoc
840 1512 981 1552 anno
1010 1494 1303 1559 secundum
1334 1492 1577 1547 ordinem
1620 1488 1923 1556 distulistis,

334 1593 424 1649 vel
450 1592 556 1647 alio
586 1607 729 1646 anno
773 1588 1150 1643 Mauritaniam
1178 1586 1508 1657 provinciam
1542 1583 1778 1637 visitare.
1823 1580 1928 1639 Alte

338 1683 508 1740 relius
535 1682 821 1753 episcopus
839 1680 1009 1735 dixit:
1047 1678 1195 1732 Tunc
1233 1677 1298 1730 de
1348 1674 1621 1746 provincia
1669 1672 1929 1727 Maurita-

341 1775 453 1842 nia,
483 1782 774 1846 propterea
801 1771 944 1842 quod
972 1772 1025 1827 in
1055 1770 1248 1833 ﬁnibus
1269 1767 1460 1841 Africa:
1489 1767 1663 1837 posita
1682 1766 1771 1829 sit,
1793 1764 1929 1819 nihil

342 1866 655 1931 statuimus,
683 1863 947 1934 siquidem
973 1861 1161 1916 vicinae
1189 1869 1313 1915 sunt
1333 1858 1649 1922 barbarico;
1680 1854 1775 1911 sed
1805 1869 1933 1924 prm-

344 1964 456 2014 stet
484 1957 623 2012 Deus
651 1964 730 2024 ut,
775 1970 844 2011 ex
890 1953 1181 2009 abundanti
1230 1968 1336 2007 non
1368 1951 1706 2022 pollicentes,
1732 1948 1933 2004 venire

347 2047 615 2119 possimus
638 2048 707 2104 ad
726 2054 963 2104 vestram
1004 2045 1356 2115 provinciam.
1388 2042 1642 2111 Cogitare
1668 2041 1811 2096 enim
1841 2038 1935 2093 de-

349 2140 514 2209 betis,
547 2141 762 2207 fratres,
792 2141 919 2211 quia
946 2139 1052 2194 hoc
1086 2138 1206 2201 sibi,
1238 2144 1294 2192 et
1316 2134 1655 2205 Tripolitani,
1687 2141 1741 2187 et
1768 2132 1937 2186 Arzu-

349 2232 523 2304 gitani
545 2232 740 2288 fratres
764 2238 1016 2302 poterant
1041 2229 1274 2296 exigere,
1304 2229 1350 2281 si
1374 2226 1512 2280 ratio
1535 2231 1826 2294 pateretur.

356 2346 431 2402 Ut
462 2347 721 2409 dictaea,
746 2344 849 2399 nisi
876 2360 941 2397 ea:
966 2356 1217 2397 consensu
1248 2340 1471 2409 episcopi
1501 2337 1717 2407 proprii,
1742 2336 1941 2406 episco-.

858 2431 980 2485 pum
1012 2429 1117 2471 non
1164 2412 1443 2481 accipiant.

432 2529 564 2586 ωι.
601 2525 895 2597 Epigonius
922 2522 1208 2594 episcopus
1255 2520 1430 2574 dixit:
1475 2516 1655 2572 Multis
1701 2514 1945 2570 conciliis

365 2628 471 2681 hoc
490 2628 746 2679 statutum
772 2632 805 2670 a
832 2623 976 2671 coetu
1003 2610 1327 2670 sacerdotali
1354 2617 1454 2675 est,
1511 2616 1570 2662 ut
1618 2606 1802 2677 plebes
1825 2618 1946 2673 quae

365 2722 421 2775 in
450 2715 767 2775 dioecesibus
795 2712 862 2765 ab
890 2707 1156 2779 episcopis
1202 2705 1521 2766 retinentur,
1572 2708 1691 2770 qua:
1739 2698 1950 2768 episco-

366 2827 470 2884 pos
516 2819 786 2875 nunquam
834 2801 1155 2862 habuerunt,
1207 2813 1314 2852 non
1365 2797 1466 2851 nisi
1504 2810 1627 2851 cum
1666 2793 1951 2851 voluntate

368 2904 488 2972 ejus
531 2897 793 2970 episc0pi,
843 2910 872 2948 a
913 2909 1021 2963 quo
1060 2898 1334 2956 tenentur,
1391 2888 1638 2958 pr0prios
1689 2885 1955 2955 accipiant

371 3002 629 3056 rectores,
653 2988 705 3045 id
731 2995 833 3048 est,
873 2986 1176 3055 episcopos.
1226 2981 1295 3035 At
1332 2995 1462 3034 vero
1512 2979 1635 3047 quia
1691 2974 1952 3040 nonnulli,

371 3086 647 3142 dominatu
697 3080 932 3151 quodam
980 3076 1213 3145 adepto,
1259 3073 1688 3129 communionem
1732 3068 1955 3123 fratrum

374 3178 685 3239 abhorrent,
715 3171 801 3227 vel
821 3178 991 3234 certe,
1028 3182 1151 3222 cum
1179 3164 1458 3235 depravati
1488 3161 1705 3229 fuerint,
1728 3159 1879 3229 quasi
1906 3158 1960 3212 in

374 3269 609 3338 quadam
653 3280 777 3321 arce
820 3248 1105 3333 tyrannica.
1126 3258 1229 3313 sibi
1258 3258 1593 3313 dominatum
1644 3252 1953 3319 vindicant,

376 3359 524 3428 quod
545 3358 780 3427 plerique
803 3352 1014 3418 tumidi,
1061 3359 1223 3419 atque
1256 3348 1459 3416 stolidi,
1510 3347 1792 3402 adversum
1840 3346 1958 3417 epi-

376 3463 599 3518 scopum
628 3461 755 3501 suas
783 3443 1023 3498 cervices
1050 3442 1261 3509 erigunt
1290 3440 1610 3511 presbyteri,
1647 3436 1734 3493 vel
1770 3437 1960 3492 convi-

378 3539 478 3594 viis
518 3538 622 3592 sibi
660 3536 1047 3592 coucinnantes
1087 3532 1319 3601 plebem,
1374 3530 1461 3585 vel
1511 3537 1658 3585 certe
1706 3544 1964 3600 persuasu

378 3633 633 3700 maligno,
658 3637 716 3684 ut
736 3628 923 3682 illicito
944 3625 1126 3680 favore
1147 3624 1369 3680 eosdem
1389 3622 1555 3677 velint
1575 3621 1676 3676 sibi
1697 3621 1966 3677 collocare

378 3710 654 3789 maeres;
679 3722 824 3792 quod
852 3719 1066 3789 quidem
1111 3718 1318 3787 insigne
1366 3716 1563 3771 mentis
1592 3722 1696 3769 ture
1723 3722 1968 3773 tenemus

376 3828 593 3885 votum,
618 3814 784 3869 frater
814 3812 1063 3881 religiose
1093 3810 1296 3874 Aureli,
1319 3809 1411 3877 qui
1440 3808 1554 3862 haec
1581 3822 1723 3877 saepe
1752 3819 1969 3876 oppres—

382 3914 521 3977 sisti,
548 3928 656 3966 non
685 3908 924 3965 curando
953 3907 1087 3962 tales
1117 3907 1417 3976 petitores;
1463 3905 1556 3960 sed
1601 3914 1823 3975 propter
1878 3918 1972 3958 eo-

381 4021 502 4061 rum
544 4002 715 4057 malos
752 4000 1036 4068 cogitatus,
1077 4006 1132 4053 et
1177 4012 1342 4066 prave
1380 3997 1701 4051 concinnata
1750 3994 1971 4053 consilia

370 4100 492 4169 [hoc
512 4097 650 4162 dico,
678 4110 788 4149 non
810 4092 1007 4147 debere
1026 4099 1289 4146 rectorem
1322 4091 1570 4160 accipere
1591 4106 1708 4145 eam
1738 4090 1973 4160 plebem,

386 4205 508 4259 quae
535 4188 589 4243 in
615 4185 837 4241 dioecesi
864 4199 1076 4253 semper
1105 4182 1389 4251 subjacuit,
1431 4198 1533 4237 nec
1567 4197 1803 4250 unquam
1850 4198 1977 4251 pro—

386 4280 564 4351 prium
584 4278 895 4348 episcopum
917 4274 1123 4329 habuit.
1149 4273 1493 4344 Quapropter
1511 4275 1555 4328 si
1583 4273 1834 4328 universo
1854 4288 1979 4328 san-

387 4371 631 4427 ctissimo
674 4368 836 4425 ccetui
879 4366 1058 4435 placet
1102 4366 1236 4429 hoc,
1276 4365 1421 4434 quod
1470 4373 1790 4436 prosecutus
1835 4381 1975 4430 sum,

388 4464 757 4519 conﬁrmetur.
781 4460 1029 4515 Aurelius
1050 4460 1335 4529 episcopus
1353 4459 1487 4514 dixit
1511 4478 1526 4513 :
1549 4458 1751 4514 Fratris
1770 4467 1826 4513 et
1846 4475 1979 4513 con-

390 4556 690 4613 sacerdotis
738 4553 907 4609 nostri
949 4553 1313 4623 prosecutioni
1342 4569 1449 4607 non
1480 4554 1686 4608 obsisto
1714 4571 1727 4605 :
1762 4552 1853 4607 sed
1876 4553 1980 4607 hoc

389 4662 481 4702 me
509 4653 566 4701 et
615 4645 806 4700 fecisse
835 4652 890 4698 et
936 4640 1199 4697 facturum
1242 4658 1361 4697 esse
1398 4643 1657 4712 proﬁteor
1701 4643 1843 4698 circa
1885 4658 1981 4698 eos

392 4754 546 4801 sane,
576 4738 669 4807 qui
699 4736 899 4792 fuerint
926 4736 1241 4801 concordes,
1272 4751 1378 4789 non
1406 4735 1577 4790 solum
1606 4735 1749 4790 circa
1790 4734 1980 4791 Eccle-

395 4832 531 4885 siam
574 4826 1069 4897 Carthaginiensem,
1103 4826 1197 4881 sed
1246 4826 1391 4880 circa
1439 4841 1601 4881 omne
1643 4825 1984 4880 sacerdotale

398 4921 752 4976 consortium.
800 4919 938 4973 Sunt
961 4918 1105 4973 enim
1151 4918 1391 4987 plerique
1439 4916 1812 4987 conspirantes
1859 4932 1980 4970 cum

399 5014 643 5084 plebibus
685 5012 937 5082 propriis,
986 5026 1122 5079 quas
1169 5010 1465 5081 decipiunt,
1522 5018 1584 5065 ut
1622 5010 1825 5065 dictum
1880 5019 1984 5077 est,

401 5123 584 5163 earum
618 5106 924 5173 scalpentes
956 5120 1135 5167 aures,
1167 5104 1347 5158 blandi
1378 5103 1445 5158 ad
1473 5102 1864 5165 seduccndum,
1911 5103 1991 5155 vi-

402 5198 551 5255 tiosa:
573 5198 691 5251 vita-
715 5196 981 5257 homines,
1009 5196 1093 5249 vel
1138 5205 1285 5253 certe
1334 5193 1527 5271 inﬂati,
1559 5203 1614 5249 et
1638 5195 1706 5249 ab
1733 5195 1840 5249 hoc
1868 5210 1993 5250 con-

403 5292 572 5346 sortio
596 5290 847 5360 separati,
871 5288 961 5358 qui
983 5286 1171 5358 putant
1196 5289 1427 5358 propria:
1444 5288 1585 5358 plebi
1606 5287 1989 5353 incubandum,

404 5394 461 5442 et
488 5399 874 5454 nonnunquam
901 5382 1153 5438 conventi
1177 5382 1243 5436 ad
1269 5382 1557 5441 concilium
1590 5384 1774 5438 venire
1813 5382 1993 5438 detre-

405 5485 576 5544 ctant,
630 5492 729 5531 sua
775 5475 913 5529 forte
966 5490 1034 5528 ne
1080 5474 1376 5545 prodantur
1429 5473 1628 5542 ﬂagitia
1670 5484 1990 5531 metuentes.

406 5567 560 5634 Dico,
585 5568 633 5623 si
661 5567 860 5637 placet,
890 5568 1033 5621 circa
1056 5566 1157 5622 hos
1203 5581 1309 5621 non
1358 5574 1564 5619 tantum
1590 5565 1855 5622 dimceses
1884 5582 1993 5622 non

408 5675 529 5717 esse
575 5659 887 5725 servandas,
918 5652 1104 5714 verum
1148 5668 1204 5713 et
1227 5658 1294 5714 de
1320 5657 1538 5728 propria
1562 5654 1838 5727 Beelesia,
1875 5673 1996 5728 qua:

411 5753 514 5807 illis
540 5754 681 5809 male
708 5753 921 5820 faverit,
962 5753 1274 5807 omnimodo
1324 5752 1688 5816 adnitendum,
1732 5760 1791 5805 ut
1830 5754 1994 5807 etiam

414 5844 733 5899 auctoritate
763 5844 975 5913 publica
1002 5843 1331 5914 rejiciantur,
1363 5851 1522 5912 atque
1546 5844 1613 5898 ab
1639 5842 1767 5913 ipsis
1792 5841 1997 5913 princi-

2010 519 2278 595 upiversis
2305 515 2575 591 fratribus,
2618 526 2684 567 ac
2728 517 2845 583 toto
2885 504 3118 575 concilio
3158 499 3449 567 inhaeserit,
3493 510 3601 549 non

2009 590 2187 689 solum
2216 626 2369 681 suam
2390 590 2601 679 integro
2627 604 2768 679 jure,
2811 600 2906 667 sed
2936 606 2991 654 et
3019 597 3277 675 dioeceses
3305 590 3596 664 possideat.

2011 708 2083 779 At
2111 685 2261 779 vero,
2294 686 2387 779 qui
2407 701 2623 773 sibimet
2650 693 3047 768 putant-plebes
3074 688 3343 753 sufﬁcere,
3367 685 3600 739 fraterna

2012 777 2658 871 dilectione-contempta,
2686 804 2795 845 non
2818 793 3022 861 tantum
3050 783 3310 857 diaereses
3336 777 3604 855 amittant,

2014 890 2129 964 sed,
2250 866 2383 953 disi,
2414 866 2579 955 etiam
2610 879 2841 959 propriis
2867 875 3082 949 publica
3124 879 3345 931 careant
3369 866 3605 923 auctori-

2172 991 2232 1055 ut
2250 979 2494 1038 rebelles.
2523 976 2829 1033 Honoratus
2850 978 2905 1026 et
2930 968 3176 1022 Urbanus
3198 960 3438 1035 episcopi
3457 959 3611 1014 dixe-

2016 1054 2146 1147 runt
2168 1094 2182 1129 :
2208 1075 2428 1135 Summa
2455 1066 2693 1142 provisio
2722 1059 3024 1135 sanctitatis
3065 1068 3169 1113 tua:
3210 1054 3431 1129 cohaesit
3459 1066 3612 1105 men-

2019 1168 2163 1239 tibus
2209 1165 2563 1237 s’ingulorum,
2600 1168 2655 1217 et
2693 1164 2843 1228 puto,
2876 1152 3116 1225 omnium
3152 1146 3505 1219 responsione
3547 1156 3613 1198 ea

2021 1275 2142 1336 quae
2162 1234 2419 1331 prosequi
2440 1255 2689 1322 dignatus
2728 1264 2806 1308 es,
2842 1246 3164 1321 roboranda.
3218 1236 3461 1303 Universi
3507 1234 3617 1307 epi-

2023 1351 2174 1423 scopi
2197 1350 2485 1428 dixerunt:
2521 1344 2725 1408 Placet,
2756 1340 2953 1413 placet.

2136 1462 2208 1519 Ut
2226 1461 2426 1519 alienus
2456 1457 2674 1511 clericus
2702 1452 2909 1513 minime
2938 1449 3253 1518 suscipiatur
3276 1445 3339 1500 ab
3381 1441 3507 1529 alio:

2099 1551 2232 1610 LIV.
2272 1549 2567 1621 Epigonius
2596 1547 2884 1617 episcopus
2924 1540 3096 1597 dixit:
3139 1537 3198 1592 in
3227 1535 3410 1592 multis
3437 1531 3620 1591 conci-

2028 1645 2241 1709 liishoc
2279 1648 2542 1699 statutum
2589 1646 2691 1701 est,
2718 1635 2883 1691 etiam
2913 1648 3057 1691 nunc
3098 1630 3205 1691 hoc
3245 1627 3620 1689 conﬁrmatum

2034 1745 2119 1801 est
2146 1750 2178 1791 a
2206 1741 2386 1795 vestra
2428 1728 2735 1800 prudentia,
2786 1722 3081 1791 beatissimi
3108 1719 3326 1786 fratres,
3371 1724 3429 1773 ut
3468 1714 3625 1773 cleri-

1961 1814 2010 1887 Β
2036 1842 2161 1885 cum
2189 1825 2426 1883 alienum
2456 1819 2633 1887 nullus
2655 1816 2755 1875 sibi
2793 1813 3068 1885 praeripiat
3108 1810 3391 1881 episcopus
3435 1812 3627 1876 praeter

2036 1921 2155 1991 ejus
2177 1916 2479 1981 arbitrium,
2511 1912 2664 1982 cujus
2684 1910 2847 1966 fuerit
2876 1908 3125 1975 clericus.
3171 1903 3302 1965 Dico
3331 1911 3509 1957 autem
3538 1897 3629 1954 Ju-

2037 2014 2262 2077 lianum,
2287 2008 2378 2078 qui
2401 2008 2642 2075 ingratus
2669 2011 2752 2059 est
2778 2000 2875 2059 Dei
2895 1997 3169 2056 beneﬁciis
3191 2011 3288 2066 per
3307 2009 3483 2053 meam
3506 2006 3630 2063 par-
3694 2040 3697 2043 .

2039 2107 2268 2162 vitatem
2297 2103 2351 2157 in
2377 2115 2436 2157 se
2464 2098 2675 2156 collatis
2700 2135 2715 2160 ,
2769 2095 2840 2151 ita
2893 2091 3234 2149 temerarium
3274 2096 3331 2145 et
3375 2085 3634 2145 audacem

2043 2198 2340 2265 exstitisse,
2364 2200 2421 2249 ut
2447 2207 2570 2248 eum
2598 2190 2748 2259 quia
2788 2202 2874 2242 me
2895 2183 3199 2255 baptizatus
3222 2186 3323 2251 est,
3352 2193 3473 2239 cum
3495 2184 3636 2233 esset

2047 2308 2185 2365 puer
2233 2287 2632 2359 egentissimus,
2671 2280 2803 2337 mihi
2850 2280 2919 2335 ab
2963 2276 3154 2335 eodem
3210 2270 3635 2333 commendatus,

2046 2364 2275 2453 cumque
2304 2379 2486 2447 multis
2508 2376 2664 2445 annis
2692 2391 2722 2431 a
2752 2388 2840 2428 me
2890 2371 3128 2426 aleretur
3166 2375 3328 2437 atque
3371 2364 3639 2421 inerms

2046 2486 2150 2547 ret,
2183 2476 2344 2543 hunc,
2377 2480 2436 2539 ut
2466 2468 2596 2534 dixi,
2632 2466 2962 2538 baptizatum
2990 2476 3112 2527 esse
3140 2459 3194 2513 in
3218 2454 3458 2521 Ecclesia
3499 2466 3639 2514 mea,

2050 2542 2147 2641 per
2174 2542 2392 2633 manum
2422 2559 2701 2632 parvitatis
2730 2572 2865 2613 meae
2880 2562 3097 2619 constat
3123 2570 3135 2603 :
3170 2549 3312 2607 idem
3342 2548 3397 2621 in
3426 2542 3644 2605 dioecesi

2050 2638 2402 2732 Mappaliensi
2457 2656 2627 2717 lector
2667 2667 2784 2709 esse
2828 2656 3089 2719 cmperat,
3139 2646 3249 2701 imo
3297 2640 3448 2698 annis
3482 2638 3648 2695 ferme

2047 2727 2262 2825 ,duubus
2303 2747 2530 2820 legerat,
2579 2743 2762 2803 nescio
2812 2756 2920 2809 quo
2969 2743 3285 2806 contemptu
3332 2727 3646 2788 humilitatis

2054 2818 2208 2917 mea},
2230 2818 2377 2899 idem
2415 2836 2663 2905 Julianus
2693 2849 2813 2895 eum
2846 2829 3091 2899 arripuit,
3138 2841 3297 2901 quem
3328 2822 3458 2880 dicit
3495 2818 3647 2888 quasi

2055 2910 2334 3005 proprium
2355 2929 2527 2985 civem
2563 2927 2648 2982 sui
2689 2926 2793 2980 loci
2840 2920 3163 2985 Vazaritani,
3214 2932 3303 2971 me
3350 2910 3654 2977 inconsulto

2058 3036 2342 3094 usurpare,
2374 3006 2499 3093 nam
2530 3026 2584 3074 et
2612 3017 2896 3085 diaconum
2928 3013 3076 3087 illum
3121 3006 3390 3063 ordinavit
3419 3022 3431 3057 :
3466 3004 3573 3060 hoc
3609 2999 3653 3059 si

2061 3114 2248 3179 liceat,
2282 3120 2465 3183 pateat
2493 3111 2608 3177 haec
2634 3108 2851 3171 licentia
2881 3106 3061 3173 nobis,
3088 3098 3385 3163 beatissimi
3429 3097 3653 3159 fratres,

1986 3196 2032 3263 C
2066 3207 2112 3261 si
2142 3204 2339 3281 minus,
2385 3212 2492 3257 tam
2523 3198 2805 3272 impudens
2833 3195 3171 3261 cohibeatur,
3224 3205 3291 3246 ne
3337 3203 3396 3251 se
3436 3186 3655 3243 misceat

2065 3277 2432 3369 communioni
2465 3292 2802 3362 cujusquam.
2834 3286 3113 3347 Numidius
3157 3283 3442 3353 episcopus
3485 3276 3655 3337 dixit:

2065 3386 2123 3443 Si
2153 3402 2263 3442 non
2293 3368 2567 3461 postulata
2623 3396 2798 3455 neque
2838 3378 3083 3449 consulta
3123 3384 3211 3431 tua
3261 3371 3569 3457 dignatione
3609 3368 3658 3432 ω

2068 3482 2277 3557 videtur
2298 3479 2488 3537 fecisse
2516 3474 2780 3547 Julianus,
2805 3472 3108 3545 judicamus
3136 3481 3326 3535 omnes
3354 3465 3537 3533 inique
3578 3461 3659 3521 fa-

2068 3555 2233 3639 ctum,
2266 3579 2428 3641 atque
2460 3568 2695 3637 indigne.
2720 3563 3061 3639 Quapropter
3096 3561 3203 3631 nisi
3241 3559 3385 3627 idem
3422 3555 3663 3611 Julianus

2070 3663 2371 3735 correxerit
2397 3674 2638 3735 errorem
2678 3673 2855 3732 suum,
2885 3664 2941 3711 et
2968 3670 3090 3713 cum
3113 3649 3482 3723 satisfactione
3511 3660 3662 3713 eum-

2072 3756 2194 3817 dem
2226 3753 2501 3815 clericum,
2533 3764 2693 3820 quem
2722 3746 2897 3804 fuerat
2921 3761 3084 3817 ausus
3124 3742 3391 3807 ordinare,
3445 3752 3665 3795 revoca-

2074 3853 2211 3907 verit
2243 3859 2341 3905 tuae
2371 3847 2535 3919 plebi,
2566 3853 2753 3907 contra
2784 3850 2983 3898 statuta
3028 3837 3240 3895 concilii
3268 3835 3489 3895 faciens,
3531 3845 3666 3891 conc

2077 3944 2325 4011 tumaciae
2363 3957 2473 3999 suae
2498 3946 2780 4010 separatus
2818 3952 2849 3990 a
2879 3934 3053 3999 nobis,
3107 3931 3341 4001 excipiet
3384 3924 3667 4001 judicium.

2076 4037 2368 4109 Epigonius
2396 4035 2682 4106 episcopus
2708 4030 2843 4086 dixit
2870 4047 2883 4081 :
2908 4026 3092 4083 Aitate
3120 4035 3293 4095 pater,
3318 4030 3373 4077 et
3401 4021 3517 4091 ipsa
3544 4033 3671 4087 pro-

2079 4106 2319 4182 motione
2349 4122 2771 4193 antiquissimus,
2802 4120 2883 4173 vir
2910 4115 3216 4185 laudabilis,
3250 4114 3417 4168 frater
3454 4119 3511 4166 et
3556 4106 3671 4164 col

2080 4218 2197 4285 lega
2226 4224 2412 4270 noster
2440 4213 2624 4271 Victor
2670 4210 2783 4263 vult
2823 4209 2963 4264 hanc
3003 4205 3318 4276 petitionem
3366 4198 3671 4269 generalem

2082 4308 2330 4369 omnibus
2359 4302 2519 4358 efﬁci.

2044 4425 2057 4435 ~
2087 4398 2154 4454 Ut
2208 4396 2603 4467 Curthggtinensi
2652 4387 3091 4515 ipjscppodande
3126 4424 3141 4425 κ
3166 4385 3382 4441 voluerit
3434 4382 3673 4436 clericum

2674 4479 2779 4515 tcea
2831 4478 2889 4514 ΟΥ
2929 4476 3095 4512 mare.

2674 4476 2803 4516 treat
2831 4476 3095 4514 oramare.

2158 4561 2264 4617 LV.
2308 4558 2555 4631 Aurelius
2606 4557 2891 4627 episcopus
2937 4552 3110 4607 dixit:
3141 4549 3458 4623 Sermorieitt
3496 4560 3676 4601 meum

2084 4653 2367 4717 admittite,
2400 4651 2610 4704 fratres.
2642 4646 2917 4723 Contingit
2960 4657 3367 4712 nonnunquam,
3412 4648 3470 4693 ut
3493 4645 3678 4721 postu-

2085 4749 2264 4802 lentur
2285 4745 2352 4819 ab
2383 4741 2661 4821 Ecclesiis,
2692 4720 2823 4809 qum
2854 4737 3154 4809 prmpositis
3200 4742 3377 4807 egent,
3423 4720 3509 4803 vel
3558 4746 3680 4801 pre-

2085 4836 2337 4907 sbyteris,
2368 4834 2452 4888 vel
2482 4830 2749 4905 episcopis
2774 4848 2784 4881 :
2815 4838 2869 4884 et
2901 4837 3079 4883 tamen
3122 4822 3330 4893 memor
3358 4832 3681 4883 statutorum

2088 4928 2142 4981 id
2179 4941 2394 4995 sequor,
2435 4934 2493 4978 ut
2534 4922 2849 4978 conveniam
2878 4921 3190 4991 episcopum
3234 4918 3370 4989 ejus,
3422 4928 3584 4986 atque
3631 4914 3681 4969 ei

2091 5016 2386 5077 inculcem,
2438 5012 2579 5082 quod
2620 5011 2735 5080 ejus
2778 5011 3012 5083 clericus
3064 5025 3095 5064 a
3147 5008 3391 5083 qualibet
3446 5003 3682 5059 Ecclesia

2093 5108 2430 5179 postuletur:
2464 5106 2556 5160 sed
2591 5106 2726 5160 forte
2757 5106 2808 5158 in
2840 5104 3101 5179 hodierno
3133 5119 3238 5156 non
3263 5098 3508 5171 reluctati
3533 5103 3675 5167 sunt,

2094 5208 2145 5253 et
2175 5195 2457 5269 nequando
2486 5196 2760 5262 contingat
2784 5202 2839 5247 ut
2884 5174 3229 5267 reluctentur,
3276 5204 3396 5241 cum
3425 5170 3623 5237 fuerint
3648 5198 3684 5247 a

2096 5303 2183 5342 me
2213 5287 2267 5341 in
2296 5286 2396 5340 hac
2424 5300 2581 5339 causa
2614 5284 2885 5355 postulati,
2918 5264 3075 5352 quem
3098 5280 3243 5336 scitis
3272 5268 3559 5331 multarum
3584 5271 3685 5345 Ec-

2097 5381 2403 5453 clesia_rum,
2438 5388 2491 5434 et
2514 5378 2929 5434 ordinandorum
2951 5390 3134 5429 curam
3161 5372 3448 5428 sustinere.
3477 5370 3685 5443 iustum

2096 5483 2182 5526 est
2224 5485 2372 5538 ergo,
2421 5478 2478 5523 ut
2528 5469 2822 5537 quemlibet
2866 5463 3311 5533 consacerdotum
3365 5461 3684 5539 conveniam

2101 5580 2223 5619 cum
2263 5562 2475 5617 duobus
2500 5578 2530 5616 e
2556 5554 2830 5617 Consortio
2854 5567 3058 5625 nostro,
3088 5558 3175 5613 vel
3218 5558 3389 5635 tribus
3438 5557 3682 5631 testibus.

2099 5654 2193 5710 Sin
2225 5671 2354 5711 vero
2396 5656 2680 5710 indevotus
2726 5654 3011 5716 exstiterit,
3044 5651 3170 5722 quid
3218 5661 3403 5708 censet
3451 5648 3686 5705 Charitas

2099 5758 2276 5804 vestra
2303 5746 2644 5803 faciendum?
2666 5746 2776 5817 Ego
2797 5746 2941 5801 enim
2963 5753 3277 5800 cunctarum
3298 5742 3681 5797 Eeclesiarum,

2099 5839 2405 5908 dignatione
2433 5838 2548 5905 Dei,
2572 5848 2630 5894 ut
2656 5839 2822 5899 scitis.
2851 5839 3065 5902 fratres,
3084 5835 3497 5893 sollicitudinem
3528 5827 3687 5885 susti-
