4092 6348
494 319 596 375 ιιι)

1770 307 2122 365 υὩΝγὸίυδ
2160 304 2489 362 EXIGUUS.

3678 303 3784 353 200

490 452 613 491 nco.
636 430 911 488 Numidiﬁs
936 432 1220 505 episcopus
1247 429 1418 485 dixit:
1452 428 1573 484 Fuit
1602 442 1814 499 semper
1851 428 1967 482 haec
2007 427 2076 480 li-
2102 436 2152 497 Α
2179 424 2520 494 Carthagine,
2566 417 2781 493 placuit
2812 426 2869 474 ut
2910 416 3087 473 nullus
3134 415 3513 489 episcoporum
3555 416 3784 486 naviget

489 527 665 583 ceutia
697 524 821 580 huic
843 523 977 589 sedi,
1006 533 1062 578 ut
1086 522 1224 578 unde
1255 522 1437 586 vellet,
1485 530 1540 576 et
1568 520 1634 575 de
1677 518 1829 588 cujus
1858 517 2080 573 nomine

491 619 677 673 fuisset
720 624 1034 681 conventus,
1083 631 1180 685 pro
1209 613 1478 669 desiderio
1516 612 1774 682 cujusque
1820 609 2080 665 Ecclesia:

492 709 741 764 ordinare
770 708 1101 780 episcopum.
1135 707 1423 779 Epigonius
1452 707 1735 778 episcopus
1759 704 1929 759 dixit:
1970 702 2076 759 Bo-

494 802 633 855 nitas
660 808 961 871 sequestrat
1005 799 1436 870 possibilitatem,
1484 798 1660 852 minus
1690 796 1831 869 enim
1880 809 2082 865 ιιι-αδδυ-

492 892 616 960 mis,
650 894 981 957 trater,cum
1018 901 1070 948 te
1118 893 1317 947 bonum
1366 900 1421 946 et
1469 891 1787 946 clementem
1831 886 2083 942 omnibus

490 983 736 1052 praebes;
771 984 934 1039 habes
967 984 1109 1039 enim
1156 983 1258 1038 hoc
1292 984 1344 1037 in
1375 982 1616 1046 arbitrio,
1659 981 1753 1036 sed
1797 980 1953 1048 longe
1999 984 2083 1033 est

491 1086 551 1131 ut
577 1078 804 1132 satisfiat
830 1093 1075 1147 persona:
1104 1076 1518 1146 uniuscujusque
1546 1076 1784 1145 episcopi
1829 1074 1879 1127 in
1908 1073 2081 1143 prima

494 1169 866 1224 tantummodo
896 1170 1273 1225 conventione.
1323 1168 1378 1223 Si
1408 1178 1585 1223 autem
1616 1166 1760 1237 quod
1797 1166 1921 1220 licet
1960 1165 2084 1219 huic

494 1262 607 1317 sedi
630 1262 1004 1317 vindicandum
1031 1261 1139 1316 sibi
1156 1262 1313 1316 fuerit
1334 1261 1639 1324 arbitratus,
1664 1273 1889 1313 necesse
1914 1256 2083 1310 habes

498 1366 552 1409 tu
575 1372 762 1411 omnes
784 1355 1051 1411 Ecclesias
1076 1356 1284 1424 fulcire,
1314 1354 1453 1409 unde
1482 1354 1575 1410 tibi
1621 1370 1728 1407 non
1760 1358 2082 1422 potestatem

497 1448 704 1514 damus,
736 1449 827 1503 sed
857 1446 961 1503 tua:
989 1450 1347 1518 assignanius,
1374 1458 1431 1501 ut
1460 1448 1617 1501 liceat
1658 1447 1873 1500 volunta
1901 1445 1915 1498 i
1959 1452 2081 1510 tute,

500 1550 555 1595 et
580 1558 793 1613 semper
823 1553 1005 1600 tenere
1032 1561 1191 1615 quem
1229 1544 1397 1610 voles,
1445 1554 1501 1599 ut
1548 1544 1864 1614 praepositos
1917 1541 2085 1613 plebi-

497 1633 595 1689 bus
639 1635 724 1689 vel
745 1632 997 1691 Ecclesiis
1024 1652 1131 1690 non
1180 1636 1494 1701 constituas,
1538 1635 1628 1705 qui
1678 1634 1929 1705 postulati
1972 1632 2085 1688 fuc-

496 1724 621 1789 rint,
641 1733 695 1780 et
718 1725 855 1780 unde
877 1726 1127 1781 volueris.
1156 1725 1568 1781 Posthumianus
1611 1726 1899 1797 episcopus
1920 1725 2081 1779 dixit:

496 1815 717 1881 Deinde,
751 1816 841 1886 qui
874 1834 1034 1871 unum
1066 1818 1334 1887 habuerit,
1369 1818 1604 1887 nunquid
1636 1818 1796 1873 debet
1840 1818 1915 1872 illi
1948 1833 2083 1871 unus
2116 1834 2163 1894 Β

1983 1911 2090 1965 Sed

499 2000 784 2070 episcopus
824 2016 960 2056 unus
1014 2017 1134 2058 esse
1182 2012 1379 2073 potest,
1430 2019 1527 2073 per
1574 2018 1731 2071 quem
1782 2002 2090 2070 dignatione

499 2089 678 2145 divina
709 2092 1004 2164 presbyteri
1053 2095 1202 2148 multi
1251 2095 1506 2150 constitui
1546 2096 1772 2165 possint,
1819 2111 1957 2151 unus
1998 2112 2090 2149 au-

501 2188 607 2237 tem
631 2184 913 2257 episcopus
937 2186 1155 2243 difﬁcile
1181 2190 1450 2244 invenitur
1486 2189 1913 2245 constituendus.
1946 2188 2088 2255 Qua-

501 2290 723 2350 propter
776 2280 821 2335 si
876 2285 1238 2339 necessarium
1287 2285 1620 2356 episCOpatui
1675 2285 1795 2353 quis
1847 2285 2093 2339 habuerit

500 2370 891 2443 presbyterum,
923 2382 979 2428 et
1017 2390 1199 2440 unum,
1245 2384 1303 2429 ut
1348 2376 1553 2443 dixisti,
1588 2376 1789 2437 ulrater.
1826 2376 2091 2441 habuerit,

499 2462 667 2518 etiam
698 2464 873 2534 ipsum
900 2464 966 2521 ad
994 2468 1389 2536 promotionem
1438 2469 1568 2524 dare
1590 2456 1825 2524 debebit.
1872 2467 2095 2523 Posthu-

502 2554 714 2610 mianus
734 2558 1018 2627 episcopus
1046 2558 1180 2612 dixit
1205 2576 1216 2611 :
1246 2557 1386 2627 Ergo
1408 2561 1451 2615 si
1475 2560 1637 2614 habet
1660 2560 1795 2615 alius
1816 2559 2094 2614 abundan-

501 2654 587 2702 tes
614 2648 859 2714 clericos,
889 2648 1049 2705 debet
1080 2651 1205 2705 mihi
1236 2652 1337 2706 alia
1370 2653 1519 2723 plebs
1563 2652 1891 2707 subvenire?
1921 2653 2094 2707 Aure-

503 2737 607 2795 lius
629 2741 914 2812 episcopus
942 2743 1075 2798 dixit
1100 2762 1111 2797 :
1136 2744 1295 2811 Sane,
1325 2746 1542 2816 quando
1568 2755 1621 2800 tu
1653 2745 2098 2817 Ecclesiaaﬁlteri

504 2830 838 2898 subveneris,
871 2833 1283 2904 persuadebitur
1335 2837 1409 2891 illi
1439 2838 1529 2906 qui
1560 2837 1743 2908 plures
1785 2838 1947 2893 habet
1989 2839 2099 2894 cle-

505 2921 669 2991 ricos,
700 2931 761 2979 ut
781 2941 945 2981 unum
970 2927 1066 2982 tibi
1096 2928 1452 2983 ordinandum
1481 2929 1759 2997 largiatur.

509 3030 579 3086 Ut
607 3035 832 3108 episcopi
862 3040 948 3110 qui
982 3040 1035 3093 in
1066 3040 1363 3095 diozcesibus
1415 3042 1606 3109 fuerint
1660 3041 1888 3096 ordinati
1917 3042 2099 3097 dioece-

932 3112 1030 3164 sim
1051 3111 1149 3165 sibi
1170 3114 1364 3165 nullam
1394 3114 1669 3167 vindicent.

497 1911 778 1981 presbyter
814 1912 1052 1965 auferri?
1105 1912 1352 1967 Aurelius
1400 1913 1683 1984 episcopus
1738 1912 1871 1965 dixit
1918 1930 1929 1964 :

2184 517 2300 570 sine
2324 514 2553 570 formata
2580 512 2840 583 primatis.
2864 510 3026 567 Gesta
3056 510 3110 565 in
3131 510 3475 579 authenticis,
3505 510 3595 581 qui
3620 524 3778 580 quaa-

2184 618 2285 674 ret,
2318 608 2575 664 inveniet.

2186 722 2264 778 De
2295 724 2510 778 concilio
2555 724 2652 778 isto
2695 721 2852 795 legati
2916 720 2984 775 ad
3029 721 3389 795 imperatorem
3416 719 3557 792 infra
3586 720 3777 788 scripti

2701 794 2992 865 diriguntur
3012 794 3260 865 episcopi.

2262 909 2389 967 Post
2416 909 2752 966 consulatum
2791 908 3161 977 gloriosissimi
3204 908 3549 979 imperatoris
3587 906 3779 963 Hono-

2186 1004 2251 1059 rii
2282 1004 2504 1071 Augusti
2536 1001 2597 1055 IV
2630 1011 2684 1057 et
2714 1000 3031 1073 Eutychiani
3062 1017 3115 1055 v.
3147 1016 3224 1069 c.,
3246 1000 3435 1071 Quinto
3455 1000 3777 1070 cal.Maias,

2185 1093 2535 1162 Carthagine,
2570 1096 2622 1149 in
2652 1096 2946 1150 secretario
2984 1095 3219 1150 basilica:
3256 1096 3539 1150 restitutae.
3581 1094 3642 1149 ιιι
3676 1097 3777 1150 hoc

2187 1189 2413 1244 concilio
2441 1190 2759 1257 legationem
2816 1199 3170 1260 susceperunt
3210 1187 3500 1261 Epigonius
3546 1198 3604 1245 et
3646 1188 3780 1243 Vin-

2187 1282 2394 1336 centius
2422 1283 2705 1352 episcopi,
2759 1290 2816 1335 ut
2847 1297 2945 1351 pro
2992 1282 3423 1352 confugientibus
3470 1281 3536 1337 ad
3595 1282 3778 1336 eccle-

2187 1375 2341 1440 siam,
2373 1390 2693 1445 quocunque
2736 1384 2887 1429 reatu
2939 1376 3213 1440 involutis,
3261 1376 3430 1444 legem
3472 1374 3540 1430 de
3572 1374 3779 1443 glorio-

2187 1468 2411 1522 sissimis
2434 1468 2760 1538 principibus
2784 1477 3113 1533 mereantur,
3169 1484 3235 1523 ne
3269 1468 3389 1537 quis
3432 1483 3529 1523 eos
3578 1465 3781 1521 audeat

2190 1562 2522 1616 abstrahere.

2192 1672 2255 1729 In
2285 1675 2379 1729 hoc
2410 1658 2627 1728 concilio
2654 1674 2842 1744 legatio
2865 1676 3151 1729 destinatur
3178 1676 3245 1729 ad
3270 1675 3560 1730 Romanum
3590 1685 3643 1729 et
3674 1673 3779 1730 Me-

2264 1748 2613 1818 diolanensem
2635 1749 2920 1818 episcopos,
2953 1746 3016 1799 de
3059 1748 3285 1814 parvulis
3316 1748 3403 1818 qni
3438 1748 3575 1813 apud
3605 1748 3776 1801 Intre-

2263 1819 2388 1870 ticos
2425 1817 2673 1885 baptizati
2707 1826 2844 1881 sunt,
2875 1826 2923 1870 et
2950 1818 3018 1869 ad
3047 1817 3409 1886 imperatorem
3437 1820 3501 1871 de
3519 1819 3781 1871 idolorum

2263 1888 2487 1957 reliquiis
2514 1887 2827 1954 (inferendis,
2853 1896 2899 1941 et
2942 1889 3005 1941 de
3046 1889 3162 1941 aliis
3190 1888 3337 1942 rebus
3364 1888 3781 1958 quamplurimis.

2266 1988 2395 2056 Post
2424 2002 2760 2057 consulatum
2789 2000 2869 2054 Fl.
2909 2001 3181 2057 Stiliconis
3206 2018 3258 2056 v.
3300 2019 3379 2069 c.,
3414 2017 3501 2056 xlv
3540 2003 3645 2057 cal.
3692 2000 3782 2056 Ju-

2192 2092 2310 2157 lias,
2363 2093 2707 2161 Carthagine,
2755 2094 2807 2147 in
2855 2095 3146 2149 secretario
3202 2095 3434 2149 basilica:
3490 2095 3777 2150 restitutae.

2192 2183 2325 2237 Cum
2360 2185 2607 2241 Aurelius
2636 2186 2919 2255 episcopus
2957 2202 3060 2240 una
3111 2203 3233 2241 cum
3279 2188 3615 2257 coepiscopis
3671 2188 3785 2242 suis

2194 2276 2549 2341 consedisset,
2581 2277 2880 2332 astantibus
2908 2278 3170 2345 diaconis,
3203 2278 3451 2336 Aurelius
3496 2280 3785 2351 episcOpus

2195 2368 2364 2423 dixit:
2408 2370 2766 2426 Ecclesiarum
2806 2372 2901 2427 Dei
2951 2387 3046 2443 per
3092 2372 3324 2426 Africam
3368 2374 3784 2427 constitutarum

2197 2466 2546 2521 necessitates
2590 2481 2801 2521 mecum
2846 2466 3049 2538 optime
3096 2474 3246 2521 novit
3289 2464 3521 2520 Charitas
3576 2475 3783 2530 vestra,

2196 2557 2519 2611 sanctissimi
2554 2557 2765 2621 fratres,
2809 2566 2864 2613 et
2902 2558 3155 2627 quoniam
3202 2558 3453 2628 praestitit
3501 2557 3785 2623 Dominus,

2200 2654 2261 2700 ut
2282 2663 2350 2701 ex
2370 2648 2549 2716 aliqua
2578 2657 2731 2717 parte
2769 2649 2941 2703 sancti
2963 2657 3134 2703 canus
3170 2648 3331 2703 vestri
3371 2655 3516 2702 esset
3556 2664 3787 2718 congre-

2200 2750 2323 2808 gata
2348 2742 2655 2810 praesentia,
2704 2740 2915 2795 videtur
2958 2742 3089 2795 mihi
3118 2751 3175 2795 ut
3217 2741 3312 2795 has
3342 2741 3557 2796 easdem
3597 2756 3788 2796 necese

2200 2833 2407 2898 sitates,
2440 2848 2575 2901 quas
2598 2850 2693 2903 pro
2724 2834 3081 2888 sollicitudine
3112 2842 3293 2889 nostra
3325 2833 3577 2902 indagare
3608 2835 3787 2903 potui-

2196 2921 2339 2987 ‘mus,
2373 2924 2424 2976 in
2458 2923 2692 2978 medium
2723 2924 3073 2993 proferamus,
3098 2939 3231 2993 quas
3251 2938 3372 2978 cum
3399 2925 3785 2993 approbaverit

2205 3024 2381 3070 vestra
2429 3016 2730 3080 sinceritas,
2782 3016 2850 3070 sit
2897 3032 3251 3085 consequens,
3303 3017 3607 3085 eligendum
3665 3034 3788 3073 esse

2204 3124 2369 3162 unum
2393 3124 2423 3161 a
2447 3116 2631 3163 nostro
2653 3124 2876 3163 numero
2900 3108 3362 3176 consacerdotem,
3385 3109 3476 3179 qui
3497 3109 3789 3166 auxiliante

581 3196 713 3251 LVI.
763 3197 1068 3255 Honoratus
1120 3210 1175 3256 ct
1226 3200 1471 3256 Urbanus
1522 3205 1760 3273 episcopi
1804 3205 2056 3261 dixerunt
2085 3224 2095 3258 :
2128 3212 2175 3277 ρ
2209 3200 2457 3268 Domino,
2485 3211 2539 3255 et
2567 3203 2897 3257 orationibus
2920 3204 3131 3263 vestris,
3171 3212 3225 3257 et
3252 3202 3351 3259 has
3380 3203 3524 3273 ipsas
3553 3206 3791 3260 necessi-

512 3290 825 3347 Audivimus
860 3286 1210 3348 constitutum
1258 3303 1315 3348 ut
1352 3295 1614 3350 diceceses
1650 3313 1757 3350 non
1798 3307 2105 3352 mereantur

506 3385 797 3455 episcopos
825 3387 1092 3456 accipere,
1122 3387 1223 3441 nisi
1252 3404 1517 3443 consensu
1562 3388 1677 3455 ejus
1710 3388 1807 3442 sub
1830 3405 1945 3459 quo
1990 3390 2106 3443 fue-

514 3486 637 3535 rant
665 3480 967 3534 constituta:
993 3498 1007 3534 :
1032 3480 1127 3535 sed
1152 3482 1203 3536 in
1228 3483 1504 3553 provincia
1549 3492 1731 3538 nostra
1772 3500 1892 3539 cum
1943 3484 2105 3553 aliqui

515 3573 653 3627 forte
684 3574 736 3627 in
777 3574 1021 3643 dioecesi,
1054 3575 1381 3631 concedente
1408 3593 1475 3632 eo
1516 3578 1791 3647 episcopo,
1846 3580 1898 3631 in
1950 3577 2104 3647 cujus

516 3660 785 3735 putestate
816 3665 1028 3721 fuerant
1057 3668 1355 3733 constituti,
1398 3669 1631 3723 orlinati
1676 3677 1799 3723 sunt
1841 3670 2103 3739 episcopi,

517 3757 681 3811 etiam
709 3758 970 3814 diwceses
997 3760 1096 3814 sibi
1124 3761 1418 3825 vindicant,
1452 3761 1553 3815 hoc
1599 3772 1652 3815 et
1697 3763 1891 3830 corrigi
1932 3763 2109 3817 chari-

521 3848 644 3902 tatis
671 3858 866 3904 vestrae
883 3848 1106 3917 judicio,
1138 3861 1191 3905 et
1216 3850 1443 3905 inhiberi
1467 3851 1534 3905 de
1561 3860 1755 3905 caetero
1777 3851 1955 3905 debet.
1983 3850 2076 3920 l‘lpi
2095 3883 2108 3890 -

521 3941 711 4008 gonius
738 3943 1023 4014 episcopus
1052 3944 1183 3998 dixit
1212 3962 1224 3996 :
1258 3944 1491 4012 Singulis
1535 3945 1801 4015 episcopis
1840 3954 2109 4000 servatum

522 4034 781 4103 estquod
834 4035 1102 4103 decebat,
1148 4047 1205 4092 ut
1252 4054 1320 4093 ex
1369 4054 1545 4093 massa
1599 4039 1909 4094 ditecesium
1968 4039 2110 4093 nulla

523 4132 834 4193 carperetur
875 4135 934 4180 ut
975 4126 1249 4197 proprium
1296 4127 1610 4199 episcopum
1658 4128 1950 4191 habuisset,
2012 4128 2111 4183 nisi

452 4206 455 4209 ’
523 4216 637 4286 ipse
683 4234 1003 4275 consensum
1054 4220 1389 4276 adhibuisset
1454 4220 1805 4276 concedendi.
1871 4220 2113 4275 Sufficiat

523 4310 688 4379 enim,
733 4311 777 4367 si
818 4314 1164 4378 concesserit,
1200 4321 1258 4367 ut
1305 4314 1491 4370 eadem
1532 4313 1777 4369 diwcesis
1828 4318 2110 4385 permissa,

524 4404 799 4475 proprium
833 4414 1039 4462 tantum
1078 4407 1390 4475 episcopum
1434 4406 1637 4460 habeat»
1665 4446 1680 4471 ,
1737 4414 1961 4461 caeteras
2008 4398 2129 4460 sibi'

527 4509 632 4548 non
664 4496 933 4557 vindicent
956 4497 1234 4560 dioecescs,
1272 4497 1395 4565 quia
1427 4505 1678 4566 exempta
1708 4497 1774 4551 de
1801 4498 1946 4551 fasce
1975 4496 2114 4549 mul-

2220 3301 2359 3345 tates
2394 3293 2666 3362 suscipere
2694 3295 2879 3363 possit,
2930 3302 2983 3349 et
3030 3294 3275 3361 gnaviter
3317 3294 3654 3364 peragendas
3700 3297 3794 3351 im-

2211 3390 2376 3455 plere,
2411 3373 2755 3455 perrecinrus
2781 3387 2846 3441 ad
2879 3388 3261 3442 transmarinas
3288 3386 3452 3441 Italia:
3495 3398 3697 3457 partes,
3739 3394 3793 3442 ut

2212 3489 2319 3532 tam
2360 3480 2561 3533 sanctis
2589 3479 2843 3535 fratribus
2868 3489 2919 3535 et
2949 3480 3421 3535 consacerdotibus
3451 3481 3667 3546 nostris,
3693 3496 3793 3535 ve-

2210 3571 2435 3625 nerabili
2485 3579 2673 3627 sancto
2715 3570 2865 3626 fratri
2920 3572 3239 3639 Anastasio,
3272 3570 3438 3653 .sedis
3483 3572 3795 3642 apostolica:

2211 3666 2488 3736 episcOpo,
2514 3681 2674 3736 quam
2698 3668 2860 3722 etiam
2891 3675 3078 3721 sancto
3103 3666 3250 3721 fratri
3274 3652 3503 3723 Venerio
3525 3652 3794 3724 saceriloti

2212 3759 2628 3813 Mediolanensis
2658 3758 2927 3825 Ecclesiae,
2960 3759 3332 3813 necessitatem
3364 3759 3556 3830 ipsam,
3597 3774 3660 3813 ac
3692 3759 3797 3815 do-

2213 3851 2381 3905 lorem
2427 3860 2587 3918 atque
2628 3850 2863 3919 inopiam
2906 3861 3143 3904 nostram
3193 3850 3371 3903 valeat
3414 3850 3683 3904 intimare.
3714 3848 3797 3905 Ex

2216 3944 2297 4021 his
2320 3945 2461 4003 enim
2492 3944 2703 4000 sedibus
2731 3945 2833 3999 hoc
2864 3944 3036 3999 fuerat
3065 3945 3389 4015 prohibitum
3408 3986 3421 4012 ,
3456 3946 3601 4015 quod
3627 3961 3797 4001 nove-

2213 4037 2336 4104 rim,
2362 4036 2631 4091 communi
2654 4038 2894 4109 periculo
2925 4037 3313 4108 providendum
3340 4080 3353 4104 ,
3394 4040 3625 4094 maxime
3670 4039 3799 4109 quia

2214 4137 2362 4182 tanta
2392 4129 2679 4196 indigentia
2703 4129 3021 4184 clericorum
3065 4138 3165 4193 est,
3207 4130 3495 4201 multisque
3540 4128 3799 4186 Ecclesia:

2215 4220 2287 4275 ita
2309 4222 2534 4278 desertzn
2564 4229 2705 4287 sunt,
2741 4231 2799 4276 ut
2827 4238 2893 4276 ne
2923 4238 3085 4276 unum
3116 4222 3331 4293 quidem
3384 4218 3669 4278 diaconum
3715 4224 3799 4278 vel

2218 4311 2527 4367 illiteratum
2564 4312 2765 4366 habere
2796 4310 3152 4381 reperiantur.
3193 4310 3323 4365 Nam
3354 4312 3421 4366 de
3457 4312 3665 4367 ceteris
3710 4328 3800 4366 sn-

2216 4405 2516 4473 pcrioribus
2575 4402 2826 4471 gradibus
2874 4412 2928 4457 et
2967 4403 3157 4459 ofllciis
3213 4403 3493 4457 tacendum
3546 4404 3800 4471 arbitror,

2216 4495 2362 4563 quia,
2396 4503 2454 4549 ut
2473 4495 2602 4559 dixi,
2636 4495 2679 4549 si
2710 4494 3060 4555 ministerium
3089 4494 3299 4549 diaconi
3331 4494 3488 4549 facile
3519 4510 3625 4550 non
3652 4496 3802 4549 inve-

526 4592 701 4639 tarum
732 4585 845 4640 sola
887 4586 1083 4640 meruit
1130 4586 1391 4665 honorem
1433 4588 1776 4658 episcopatus
1822 4588 2112 4660 suscipere.
2146 4617 2199 4677 Β
2223 4588 2383 4650 nitur,
2414 4588 2583 4641 multo
2605 4588 2772 4655 magis
2793 4586 3129 4656 superiorum
3151 4586 3415 4641 honorum
3446 4586 3672 4641 inveniri
3692 4602 3804 4641 non

525 4674 775 4731 Aurelius
803 4676 1089 4748 episcopus
1103 4678 1235 4732 dixit
1258 4697 1269 4731 :
1302 4678 1419 4733 Non
1442 4679 1629 4734 dubito
1657 4680 1905 4735 charitati
1931 4690 2118 4737 vestra“:

527 4768 766 4823 omnium
795 4770 1009 4839 placere
1032 4785 1153 4825 eum
1184 4771 1275 4841 qui
1305 4773 1357 4825 in
1386 4771 1625 4837 dioecesi,
1651 4772 1980 4842 concedente
2002 4775 2118 4845 epi-

526 4877 714 4931 scopo,
747 4862 837 4932 qui
867 4863 1144 4919 matricem
1176 4864 1367 4933 tenuit,
1391 4865 1564 4921 solam
1615 4866 1859 4921 eamdem
1887 4868 2121 4923 retinere

527 4954 741 5023 plebem
797 4956 851 5009 in
896 4970 1001 5025 qua
1057 4956 1230 5011 fuerat
1294 4959 1591 5015 ordinatus.
1646 4960 1909 5027 Quoniam
1962 4962 2122 5031 igitur

516 5047 777 5102 universa
806 5047 1038 5104 arbitror
1057 5048 1219 5105 fuisse
1242 5058 1487 5120 tractata,
1515 5054 1560 5107 si
1588 5054 1768 5110 omnia
1791 5072 1911 5111 cum
1938 5056 2119 5111 animo

530 5145 712 5192 vestro
734 5150 1122 5207 convenerunt,
1153 5157 1402 5198 sermone
1423 5151 1599 5199 VBSU‘O
1629 5154 1819 5200 cuncta
1840 5146 2116 5201 roborate.

532 5225 778 5287 Universi
808 5232 1049 5305 episcopi
1071 5233 1360 5290 dixerunt:
1394 5233 1655 5291 Omnibus
1678 5237 1835 5294 nobis
1870 5237 1986 5295 hzec
2007 5238 2119 5309 pla-

532 5334 778 5391 cucrunt,
809 5335 863 5381 et
892 5326 1005 5384 bzec
1036 5337 1217 5383 nostra
1255 5329 1645 5400 subscriptione
1696 5330 2041 5396 firmavimus,
2068 5339 2123 5386 et

530 5416 981 5488 subscripserunt.
1014 5420 1262 5477 Aurelius
1289 5422 1574 5495 episcopus
1602 5422 1857 5479 Ecclesia:
1895 5423 2115 5479 Cartha-

533 5508 768 5592 giniensis
796 5510 919 5567 huic
943 5512 1164 5569 decreto
1187 5516 1460 5584 consensi,
1499 5525 1555 5572 et
1585 5518 1837 5587 prmlecto
1878 5517 2117 5573 subscri-

532 5600 635 5669 psi.
665 5598 923 5657 Similiter
949 5611 1005 5659 et
1033 5605 1214 5661 caeteri
1252 5607 1490 5679 episcopi
1520 5607 1971 5680 subscripserunt.

534 5717 603 5774 In
642 5721 735 5776 hoc
763 5723 979 5778 concilio
1009 5731 1259 5779 statutum
1285 5734 1358 5779 est
1387 5733 1440 5779 ut
1480 5726 1703 5795 episcopi
1738 5726 1849 5779 sine
1886 5727 2111 5795 formata

1128 5812 1230 5850 non
1263 5798 1518 5867 navigem.

605 5884 836 5945 (Sa-sario
866 5896 920 5944 et
950 5887 1127 5946 Attico
1156 5902 1240 5943 vv.
1268 5904 1347 5943 cc.
1382 5902 1585 5953 conss.,
1614 5894 1768 5945 sexto
1793 5887 1894 5945 cal.
1922 5885 2112 5971 lulias,

2223 4694 2381 4749 posse
2409 4680 2765 4734 certissimum
2793 4686 2893 4733 est.
2936 4675 3004 4730 Et
3043 4676 3385 4746 quotidianos
3424 4677 3667 4747 planctus
3720 4677 3804 4731 di-

2223 4789 2494 4828 versarum
2524 4788 2662 4842 pene
2691 4780 3057 4827 emortuarum
3088 4771 3321 4839 plebium
3354 4769 3464 4838 jam
3490 4784 3597 4823 non
3638 4771 3801 4824 susti-

2225 4880 2414 4918 nemus
2438 4881 2448 4917 :
2483 4863 2676 4932 quibus
2697 4863 2797 4917 nisi
2828 4861 2988 4915 fuerit
3009 4860 3295 4931 aliquando
3318 4861 3656 4926 subventum,
3680 4876 3804 4930 gra-

2224 4957 2304 5011 vis
2326 4957 2479 5013 nobis
2506 4966 2559 5011 et
2588 4955 2962 5010 inexcusabilis
3011 4954 3475 5009 innumerabilium
3506 4953 3805 5008 animarum

2226 5050 2563 5118 pereuntium
2593 5064 2754 5103 causa
2786 5047 2925 5117 apud
2957 5047 3121 5101 Deum
3145 5062 3393 5101 mansura
3424 5054 3525 5101 est.

2229 5160 2297 5215 Ut
2344 5161 2544 5232 parvuli
2594 5160 2730 5232 apud
2802 5159 3098 5229 Donatium
3162 5160 3409 5231 baptizati
3458 5160 3513 5213 in
3556 5159 3806 5214 catholica

2619 5230 2855 5285 Ecclesia
2885 5234 3055 5285 clerici
3087 5232 3407 5285 ordinentur.

2298 5322 2449 5378 LVll.
2496 5322 2645 5379 Unde
2674 5324 2925 5394 quoniam
2969 5325 3234 5394 superiori
3265 5324 3496 5381 concilio
3546 5335 3804 5381 statutum

2228 5434 2347 5475 esse
2376 5433 2585 5473 mecum
2607 5418 2943 5488 recognoscit
2964 5419 3287 5474 unanimitas
3310 5428 3505 5485 vestra,
3555 5428 3614 5473 ut
3641 5420 3694 5475 hi
3717 5419 3806 5490 qui

2228 5511 2367 5581 apud
2396 5510 2697 5567 Donatistas
2719 5512 2920 5583 parvuli
2950 5512 3204 5582 haptizati
3232 5522 3379 5578 sunt,
3409 5512 3644 5568 nondum
3668 5513 3804 5568 scire

2226 5607 2467 5663 valentes
2489 5609 2686 5665 erroris
2705 5624 2892 5665 eorum
2923 5609 3221 5673 interitum,
3273 5618 3329 5664 et
3356 5618 3708 5680 posteaquam
3738 5607 3825 5662 ad’

2226 5708 2441 5756 aetatem
2458 5702 2677 5758 rationis
2692 5717 2944 5773 capacem
2967 5708 3342 5771 pervenerunt,
3360 5702 3538 5770 agnita
3563 5701 3803 5761 veritate,

2226 5791 2513 5848 falsitatem
2535 5810 2722 5849 eorum
2755 5796 3133 5860 abhorrentes,
3159 5795 3225 5849 ad
3255 5794 3549 5852 Ecclesiam
3577 5794 3673 5849 Dei
3720 5808 3806 5848 ca-

2227 5883 2479 5941 tholicam
2527 5899 2623 5956 per
2676 5886 2979 5944 universum
3027 5885 3280 5943 mundum
3328 5885 3572 5942 diﬂusam
3620 5883 3805 5941 ordine
