4092 6348
240 400 339 452 2υὸ

242 609 377 660 bere
407 606 601 662 talibus
624 609 1023 678 suscipiendum
1053 627 1247 666 munus
1275 612 1561 667 clericatus
1589 630 1695 667 nou
1732 613 1832 667 im-

218 695 433 773 pedire
452 713 650 753 nomen
678 700 878 755 erroris
902 718 915 754 :
940 717 1065 756 cum
1090 718 1274 759 veram
1296 702 1591 757 Ecclesiam
1621 703 1833 757 illorum

248 788 558 858 putaverint
580 788 648 843 ad
676 788 835 845 ﬁdem
875 792 1204 860 accedendo,
1230 800 1287 849 et
1314 794 1384 849 ibi
1420 792 1634 849 Christo
1662 794 1836 849 credi-

243 877 443 946 derint,
490 887 547 936 et
595 879 871 938 Trinitatis
918 894 1255 940 sacramenta
1302 886 1665 956 perceperint,
1714 901 1835 956 quae

241 972 431 1025 omnia
457 985 602 1037 vera,
627 980 684 1027 et
703 982 888 1029 sancta
911 983 1073 1044 atque
1111 975 1291 1030 divina
1321 991 1440 1032 esse
1475 977 1833 1032 certissimum

242 1070 350 1126 est,
376 1062 506 1118 etin
534 1063 617 1137 bis
637 1079 855 1120 omnem
877 1066 1069 1120 anima:
1095 1082 1251 1137 spem
1263 1068 1634 1124 constitutam.
1658 1067 1832 1135 Quan-

240 1168 409 1222 quam
439 1162 493 1209 et
523 1154 897 1213 hmreticorum
934 1168 1257 1229 praesumpta
1300 1160 1543 1227 audacia,
1591 1161 1833 1216 veritatis

239 1245 466 1300 nomine
487 1246 725 1316 palliata,
755 1248 873 1304 hzec
914 1250 1130 1305 tradere
1156 1251 1370 1317 audeat,
1416 1266 1539 1320 qua:
1578 1254 1831 1323 quoniam

236 1338 508 1407 simplicia
558 1348 705 1408 sunt,
752 1349 813 1396 ut
846 1352 1143 1412 prazmonet
1187 1345 1379 1399 beatus
1418 1343 1707 1413 Apostolus
1752 1344 1833 1400 di-

237 1426 440 1491 cendo,
459 1447 478 1479 t
499 1426 647 1484 Unus
659 1430 822 1497 Deus,
838 1447 943 1487 una
964 1430 1115 1498 ﬁdes,
1136 1449 1297 1488 unum
1321 1434 1605 1504 baptisma,
1627 1456 1644 1486 ι
1662 1445 1717 1490 et
1740 1436 1836 1491 ite-

241 1520 353 1574 rari
378 1536 489 1575 non
511 1521 689 1585 liceat,
723 1524 868 1593 quod
890 1525 1059 1581 semel
1087 1526 1219 1579 dare
1246 1534 1492 1595 oportet,
1521 1528 1835 1581 anathema-

238 1611 413 1666 tizato
441 1612 658 1668 nomine
682 1615 884 1670 erroris
912 1616 1243 1686 recipiantur
1263 1633 1363 1687 per
1384 1633 1575 1675 manus
1614 1619 1834 1689 imposi-

238 1702 449 1757 tionem
480 1703 532 1757 in
556 1719 718 1759 unam
737 1703 1053 1775 Ecclesiam,
1074 1708 1401 1772 columbam,
1428 1717 1487 1764 ut
1505 1710 1705 1765 dictum
1728 1719 1831 1779 est,

239 1801 300 1846 et
328 1808 488 1848 unam
517 1803 747 1850 matrem
774 1798 1015 1851 omnium
1046 1797 1496 1866 Christianorum,
1530 1802 1618 1856 ubi
1651 1802 1831 1858 omnia

238 1883 332 1940 illa
360 1896 699 1942 sacramenta
726 1888 1035 1956 salubriter,
1063 1898 1118 1945 et
1145 1900 1374 1959 aeterna,
1404 1902 1459 1949 et
1488 1894 1720 1949 vitaliter
1749 1911 1832 1950 ας-
1863 1906 1909 1965 Β
1929 1885 2085 1955 juriis
2148 1885 2550 1941 lascivienlibus
2612 1895 2898 1957 appetatur
2945 1904 2957 1938 :

234 1976 546 2045 cipiuntur:
578 1993 698 2047 qua:
736 1984 1205 2050 perseverantibus
1253 1984 1305 2039 in
1348 1984 1536 2040 hmresi
1580 2000 1828 2055 magnam

236 2066 603 2124 damnationis
626 2086 841 2140 poenam
871 2076 1218 2145 conquirunt,
1254 2085 1312 2130 ut
1338 2076 1482 2146 quod
1511 2078 1589 2134 eis
1628 2080 1679 2132 in
1738 2095 1830 2133 ve-

236 2160 397 2215 ritate
422 2161 487 2216 ad
511 2173 772 2219 :eternam
801 2167 963 2221 vitam
1008 2171 1443 2238 consequendam
1488 2177 1635 2226 esset
1674 2173 1831 2226 lumi-

234 2254 443 2318 nosins,
474 2256 577 2311 hoc
616 2256 669 2311 in
714 2273 899 2314 errore
929 2261 998 2315 sit
1038 2263 1375 2319 tenebrosius
1415 2270 1577 2334 atque
1606 2265 1829 2319 damno-

214 2342 367 2397 .sius.
399 2342 557 2410 Quod
596 2345 863 2414 fugientes
916 2352 1181 2417 nonnulli,
1234 2361 1290 2407 et
1347 2355 1534 2408 matris
1579 2353 1829 2410 Ecclesice

206 2433 515 2497 catholica:
544 2435 708 2492 ubera
752 2450 1165 2509 cognoscentes,
1192 2443 1283 2512 qui
1314 2443 1401 2496 illa
1432 2445 1611 2498 omnia
1640 2454 1828 2501 sancta

233 2524 493 2594 mysteria
521 2541 710 2582 amore
734 2526 979 2586 veritatis
1006 2532 1375 2601 crediderunt,
1398 2543 1559 2604 atque
1581 2552 1831 2607 percepe-

235 2622 380 2678 runt,
411 2615 603 2683 quibus
630 2628 1094 2677 sacramentorum
1138 2624 1300 2679 rebus
1343 2642 1465 2680 cum
1508 2626 1630 2681 vitm
1676 2630 1828 2685 bona:

233 2704 479 2774 probitas
507 2711 817 2773 accesserit,
847 2712 965 2767 sine
985 2712 1150 2769 dubio
1186 2716 1252 2770 ad
1276 2716 1514 2772 ollicium
1543 2719 1829 2777 clericatus

234 2796 375 2853 tales
418 2814 541 2855 esse
573 2803 944 2873 applicandos,
970 2815 1027 2862 et
1066 2810 1301 2865 maxime
1347 2809 1403 2865 in
1450 2820 1599 2866 tanta
1647 2828 1827 2868 rerum

234 2893 581 2960 necessitate,
615 2897 795 2952 nullus
820 2907 904 2953 est
940 2900 1035 2970 qui
1064 2916 1173 2957 non
1204 2904 1483 2959 concedat.
1508 2904 1826 2975 Quanquam

236 2985 481 3040 nonnulli
510 2986 753 3057 ejusdem
776 3000 939 3047 sectte
962 2993 1145 3049 clerici
1196 3010 1319 3049 cum
1362 2996 1629 3066 plebibus,
1664 3005 1828 3067 atque

232 3075 532 3134 honoribus
551 3080 663 3135 suis
689 3081 756 3135 ad
785 3098 885 3137 nos
906 3084 1137 3145 transire
1156 3083 1467 3141 desiderent
1491 3104 1503 3139 :
1530 3089 1621 3156 qui
1643 3103 1828 3143 amore

235 3164 458 3222 honoris
486 3177 578 3223 aut
606 3171 932 3240 persuadent
960 3174 1027 3229 ad
1057 3175 1243 3240 vitam,
1272 3185 1365 3230 aut
1392 3177 1628 3232 retinent
1652 3179 1719 3233 ad
1739 3195 1828 3235 sa-

234 3258 424 3315 lutem.
457 3261 565 3317 Sed
592 3264 696 3319 hoc
726 3265 917 3333 majori
958 3268 1183 3322 fratrum
1223 3269 1653 3338 supradictorum
1695 3287 1827 3327 con-
1853 3288 1897 3349 ε

232 3351 549 3408 siderationi
578 3354 950 3411 dimittendum
995 3374 1194 3414 censeo
1219 3379 1231 3412 :
1275 3369 1331 3414 ut
1360 3362 1695 3431 prudentiori
1724 3379 1823 3419 suo

228 3444 459 3500 consilio
482 3456 677 3503 nostrae
698 3451 1057 3519 suggestionis
1095 3468 1401 3510 sermonem
1430 3471 1555 3511 cum
1588 3472 1821 3529 perpen-

231 3533 427 3601 derint,
456 3535 582 3606 quid
613 3539 681 3594 de
720 3542 823 3597 hac
872 3557 932 3597 re
969 3544 1047 3599 eis
1090 3544 1322 3615 placeat,
1386 3563 1483 3603 nos
1531 3548 1823 3608 informare

230 3626 534 3695 dignentur.
594 3630 825 3688 Tantum
874 3636 941 3689 de
987 3636 1089 3699 his,
1139 3638 1233 3706 qui
1282 3639 1512 3696 infantes
1564 3643 1823 3713 baptizati

232 3728 373 3783 sunt,
398 3722 710 3792 satagimus,
741 3733 799 3778 ut
828 3736 1049 3795 nostrte,
1078 3729 1124 3783 si
1148 3729 1345 3799 placet,
1380 3732 1431 3786 in
1462 3732 1648 3789 iisdem
1678 3736 1824 3791 ordi-

231 3812 424 3867 nandis
446 3817 790 3871 consentiant
813 3818 1098 3874 voluntati.
1122 3820 1312 3877 Omnia
1335 3838 1485 3893 ergo,
1508 3840 1629 3895 qua:
1654 3843 1821 3898 supe-

232 3902 342 3955 rius
364 3904 887 3974 comprehendimus,
906 3911 1044 3979 apud
1069 3921 1288 3969 sanctos
1308 3916 1595 3987 episcopos
1614 3920 1820 3989 agenda

230 4006 353 4047 esse
374 4009 584 4049 mecum
613 3997 945 4055 honorabilis
969 4000 1277 4058 fraternitas
1300 4014 1476 4060 vestra
1497 4011 1817 4080 perpendat.

231 4083 311 4139 De
351 4088 580 4159 reliquiis
629 4090 881 4146 idolorum
900 4094 1049 4219 ,ὺοῖει
1072 4098 1298 4219 dtemplis
1327 4096 1391 4150 ab
1420 4099 1817 4169 imperatoribus

883 4182 914 4216 a
1004 4182 1066 4219 en
1108 4184 1173 4219 is.

883 4182 1173 4220 anotenats.

208 4252 213 4259 '
300 4245 715 4307 LVIII..Instant
760 4255 921 4310 etiam
949 4258 1067 4313 alia:
1107 4262 1461 4318 necessitates
1490 4280 1521 4319 a
1551 4266 1819 4336 religiosis

229 4338 643 4409 imperatoribus
690 4347 1024 4415 postulanda:
1066 4369 1079 4405 :
1126 4360 1185 4407 ut
1234 4355 1492 4424 reliquias
1544 4357 1816 4416 idolorum

230 4444 330 4500 per
355 4446 569 4488 omnem
601 4434 832 4492 Africam
852 4439 1079 4508 jubeant
1106 4446 1321 4515 penitus
1348 4449 1614 4517 amputari
1645 4467 1658 4503 :
1691 4466 1816 4506 nam

227 4520 499 4593 plerisque
544 4525 599 4579 in
647 4525 782 4582 locis
838 4532 1140 4598 maritimis,
1174 4546 1335 4605 atque
1382 4540 1814 4607 possessionibus

228 4612 468 4680 diversis,
503 4615 676 4672 adhuc
704 4621 905 4676 erroris
926 4622 1078 4679 istius
1107 4625 1361 4697 iniquitas
1387 4629 1569 4696 viget:
1602 4638 1813 4701 utprm-

206 4705 495 4775 ’cipiantur
536 4716 593 4763 et
639 4710 754 4780 ipsa
802 4711 991 4779 deleri,
1023 4724 1077 4770 et
1106 4720 1307 4790 templa
1337 4735 1544 4787 eorum,
1589 4737 1710 4792 qua:
1760 4725 1813 4779 in

228 4798 391 4865 agris,
417 4798 499 4853 vel
523 4799 576 4853 in
602 4801 733 4857 locis
763 4803 957 4861 abditis
983 4811 1297 4876 constituta,
1327 4812 1473 4867 nullo
1495 4825 1814 4869 ornamento

226 4896 369 4951 sunt,
399 4889 689 4959 julteantur
717 4895 1028 4952 omnimodo
1054 4899 1296 4955 destrui.-

226 4983 299 5039 Ut
328 4984 501 5040 clerici
534 4988 598 5041 de
617 4987 804 5068 judicii
845 4993 925 5068 sui
970 4996 1265 5065 cognitione
1318 5015 1419 5051 non
1462 5009 1715 5068 cogantur
1755 5002 1807 5053 in

618 5060 819 5128 publico
848 5062 1017 5117 dicere
1033 5060 1409 5121 testimonium.

291 5144 426 5200 LIX.
458 5145 753 5205 Petcndum
797 5154 992 5217 etiam,
1022 5164 1079 5209 ut
1108 5165 1347 5212 statuere
1388 5160 1673 5227 dignentur
1704 5180 1716 5214 :
1753 5172 1811 5215 ut

220 5238 266 5291 si
297 5236 437 5293 forte
464 5240 520 5293 in
542 5239 780 5297 Ecclesia
803 5248 1099 5313 quamlibet
1115 5264 1333 5304 causam
1351 5250 1474 5320 jure
1512 5254 1809 5323 apostolico

220 5326 477 5385 Ecclesiis
500 5332 753 5401 imposito
782 5350 943 5404 agere
971 5338 1259 5403 voluerint,
1309 5349 1366 5396 et
1395 5342 1622 5400 fortasse
1660 5345 1808 5400 deci-

219 5420 304 5474 sio
330 5421 649 5478 clericorum
677 5428 765 5479 uni
797 5429 934 5495 parti
965 5430 1338 5500 displicuerit,
1373 5449 1478 5488 non
1507 5435 1671 5491 liceat
1699 5437 1810 5493 cle-

220 5511 389 5567 ricum
436 5514 489 5568 in
531 5513 791 5583 judicium
835 5520 901 5572 ad
934 5522 1302 5576 testimonium
1352 5524 1600 5580 devocari
1647 5544 1807 5593 eum,

217 5604 309 5671 qui
338 5607 615 5673 cognitor,
658 5610 743 5663 vel
783 5626 1019 5679 pncseats
1068 5612 1166 5667 fuit
1201 5632 1214 5679 ;
1249 5625 1308 5669 ut
1359 5617 1502 5670 nulla
1545 5618 1615 5671 ad
1656 5621 1811 5675 testi-

221 5696 460 5751 monium
500 5698 784 5755 dicendum
833 5703 1185 5761 ecclesiastici
1235 5705 1525 5776 cujuslibet
1580 5723 1809 5778 persona

222 5788 481 5859 pulsetur.

1230 401 1456 460 CODEX
1493 402 1819 461 CANONUM
1858 399 2556 459 ECCLESIASTICORUH.

238 514 494 582 antiquo,
526 527 623 584 per
653 528 842 571 manus
870 516 1270 588 impositionem
1314 520 1517 589 recepti
1556 527 1700 584 sunt,
1728 519 1827 574 de-
1859 523 1905 582 Α

3414 400 3518 455 202

2217 515 2297 570 De
2315 532 2639 587 paganorum
2658 517 2896 573 conviviis
2914 518 3229 588 auferendis.
3472 573 3479 580 ,

2007 607 2116 662 LX.
2150 608 2282 663 Illud
2329 609 2489 665 etiam
2544 609 2852 679 petendum,
2887 619 2943 665 ut
2970 626 3089 681 qua:
3134 622 3321 667 contra
3376 628 3513 681 prm-

1935 710 2089 772 cepta
2112 702 2290 756 divina
2316 702 2561 756 convivia
2596 701 2777 756 multis
2801 702 2854 756 in
2880 702 3011 757 locis
3035 714 3373 767 exercentur,
3398 717 3520 770 qua!

1935 790 2003 844 ab
2056 806 2243 846 errore
2270 791 2457 859 gentili
2486 798 2717 845 attracta
2745 800 2905 856 sunt,
2935 792 3007 846 ita
3039 802 3096 846 ut
3124 806 3267 846 nunc
3294 807 3325 845 a
3356 806 3523 861 paga-

1935 882 2019 938 nis
2066 882 2357 939 Christiani
2384 882 2450 937 ad
2496 882 2609 937 haec
2634 882 2957 938 celebranda
2983 892 3244 952 cogantur
3272 901 3285 936 :
3319 898 3386 938 ex
3412 898 3522 952 qua

1934 988 1995 1028 re
2048 974 2382 1043 temporibus
2409 973 2840 1028 Christianorum
2888 974 3275 1044 imperatorum
3326 989 3518 1045 perse-

1934 1063 2082 1119 cutio
2111 1065 2280 1119 altera
2312 1064 2429 1119 ﬁeri
2477 1065 2688 1119 occulte
2734 1064 2982 1119 videatur
3013 1083 3026 1119 :
3060 1066 3232 1121 vetari
3271 1066 3399 1120 talia
3426 1065 3517 1135 ju-

1934 1156 2117 1222 beant,
2149 1164 2206 1210 et
2234 1155 2302 1210 de
2329 1156 2657 1220 civitatibus,
2692 1164 2746 1211 et
2790 1155 2858 1211 de
2885 1156 3318 1227 possessionibus
3346 1157 3523 1228 impo-

1936 1248 2093 1302 sitam
2120 1262 2335 1318 pmnam
2359 1252 2376 1270 “
2399 1247 2707 1317 prohiberi:
2733 1247 2967 1301 maxime
2996 1263 3117 1302 cum
3146 1246 3308 1302 etiam
3340 1248 3393 1302 in
3425 1264 3521 1302 na-

1935 1337 2130 1393 talibus
2156 1346 2454 1409 martyrum
2484 1353 2580 1407 per
2611 1339 2897 1394 nonnullas
2926 1339 3205 1403 civitates,
3232 1347 3288 1393 et
3318 1338 3370 1393 in
3393 1338 3521 1408 ipsis

1934 1429 2069 1485 locis
2088 1434 2255 1485 sacris
2279 1431 2405 1483 talia
2433 1431 2771 1486 committere
2789 1446 2898 1485 non
2920 1429 3287 1486 reformident.
3316 1429 3521 1497 Quibus

1933 1522 2122 1577 diebus
2151 1522 2333 1586 etiam,
2364 1521 2510 1591 quod
2555 1522 2777 1592 pudoris
2824 1530 2908 1578 est
2952 1523 3164 1591 dicere,
3197 1523 3521 1577 saltationes

1933 1612 2377 1667 sceleratissimas
2432 1627 2531 1682 per
2573 1612 2719 1667 vicos
2756 1620 2918 1683 atque
2958 1611 3165 1681 plateas
3220 1619 3519 1666 exercent:

1934 1711 1995 1758 ut
2022 1703 2338 1759 matronalis
2389 1706 2586 1772 honor,
2615 1714 2671 1760 et
2700 1705 3170 1761 innumerabilium
3200 1705 3521 1760 feminarum

1934 1795 2127 1865 pudor,
2155 1794 2349 1850 devote
2370 1796 2698 1851 venientium
2728 1796 2795 1851 ad
2814 1795 3230 1851 sacratissimum
3252 1795 3414 1861 diem,
3439 1796 3521 1849 in-

3013 1894 3072 1939 ut
3125 1885 3290 1939 etiam
3345 1885 3514 1956 ipsius

1932 1984 2132 2029 sancite
2152 1975 2428 2044 religionis
2450 1993 2588 2046 pene
2611 1976 2844 2046 fugiatur
2871 1992 3141 2032 accessus.

1931 2067 2013 2123 De
2040 2070 2366 2139 spectaculis,
2398 2080 2451 2122 ut
2472 2070 2556 2123 die
2584 2070 2865 2137 dominico,
2893 2071 2971 2123 vel
2992 2068 3189 2123 cwteris
3219 2077 3521 2124 sanctorum

2230 2141 2588 2210 festivitatibus
2635 2142 2841 2194 minime
2885 2140 3220 2195 celebrentur.

2002 2227 2137 2282 LXI.
2171 2228 2279 2283 Nec
2335 2247 2440 2284 non
2491 2242 2543 2285 et
2592 2232 2718 2285 illud
2749 2232 3062 2301 petendum,
3101 2240 3158 2284 ut
3206 2232 3515 2300 spectacula

1934 2321 2265 2374 theatrorum
2324 2332 2751 2392 (aeterm-anque
2799 2322 3045 2376 ludorum
3076 2321 3161 2375 die
3209 2320 3515 2384 dominica,

1930 2410 2016 2464 vel
2045 2412 2259 2466 caeteris
2283 2412 2558 2481 religionis
2581 2413 2899 2467 Christiana:
2926 2412 3115 2466 diebus
3148 2412 3518 2467 celeberrimis

1882 2534 1887 2537 -
1931 2512 2317 2568 amoveantur,
2348 2505 2581 2559 maxime
2608 2505 2733 2573 quia
2761 2504 2932 2559 sancti
2961 2502 3178 2558 Paschtc
3203 2511 3517 2559 octavarum

1930 2596 2018 2651 die
2062 2597 2248 2667 populi
2296 2598 2364 2652 ad
2410 2598 2615 2654 circum
2664 2597 2862 2664 magis,
2908 2612 3067 2667 quam
3117 2597 3183 2650 ad
3232 2598 3517 2652 ecclesiam

1931 2689 2279 2755 conveniunt,
2309 2688 2493 2744 deberi
2527 2688 2805 2745 transferri
2832 2688 3136 2745 devotionis
3188 2704 3375 2744 eorum
3404 2689 3518 2745 dies

1930 2780 1975 2833 si
2020 2781 2237 2851 quando
2284 2782 2639 2850 occurrerint,
2672 2798 2771 2837 nec
2816 2793 3089 2851 oporteret
3119 2783 3281 2837 etiam
3326 2799 3516 2852 quem-

1928 2885 2090 2938 quam
2154 2870 2586 2927 Christianorum
2650 2872 2770 2942 cogi
2834 2872 2901 2926 ad
2964 2873 3080 2927 hmo
3143 2876 3452 2942 spectacula
3499 2894 3513 2927 :

1930 2962 2182 3026 maxime,
2236 2963 2361 3031 quia
2404 2963 2457 3017 in
2500 2964 2583 3017 his
2625 2962 2961 3029 exercendis,
2992 2977 3111 3032 qua:
3138 2972 3329 3018 contra
3376 2980 3516 3034 pm:-

1928 3062 2087 3123 ccpta
2110 3053 2203 3109 Dei
2235 3064 2383 3121 sunt,
2413 3055 2557 3109 nulla
2588 3054 2981 3125 persecutionis
3006 3056 3301 3111 necessitas
3320 3071 3350 3111 a
3376 3072 3517 3126 quo-

1930 3160 2089 3212 quam
2138 3145 2440 3199 adltibenda
2470 3154 2553 3201 est
2584 3164 2594 3199 :
2626 3145 2741 3209 sed,
2772 3146 2848 3200 uti
2878 3155 3114 3217 oportet,
3159 3147 3323 3204 homo
3346 3149 3514 3205 libera

1934 3240 2211 3293 voluntate
2250 3239 2509 3294 subsistat
2538 3239 2639 3294 sibi
2664 3239 2917 3294 divinitus
2945 3255 3221 3296 concessa.
3248 3240 3517 3313 Corpora-

1933 3340 2107 3385 torum
2154 3332 2295 3385 enim
2346 3332 2582 3386 maxime
2610 3331 2907 3402 periculum
2937 3332 3383 3388 considerandum
3412 3342 3517 3403 est,

1927 3421 2022 3490 qui
2046 3432 2234 3478 contra
2259 3430 2531 3493 praecepta
2558 3422 2676 3488 Dei,
2708 3437 2903 3494 magno
2924 3433 3132 3480 terrore
3157 3434 3421 3493 coguntur
3448 3427 3515 3481 ad

1925 3514 2233 3583 spectacula
2260 3514 2570 3569 convenire.

2418 3606 2494 3662 De
2514 3608 2712 3661 clericis
2743 3608 3023 3661 damnatis.

1995 3700 2152 3755 LXII.
2188 3700 2252 3754 Et
2308 3700 2436 3755 illud
2464 3701 2779 3771 petandunt,
2815 3710 2872 3753 ut
2916 3709 3156 3755 statuere
3179 3701 3511 3769 dignentur:

1924 3805 1983 3852 ut
2009 3798 2054 3851 si
2092 3798 2213 3865 quis
2240 3796 2530 3865 cujuslibet
2555 3795 2782 3850 honoris
2806 3794 3037 3850 clericus
3060 3794 3264 3863 judicio
3291 3796 3513 3866 episco-

1923 3904 2113 3959 porum
2143 3902 2468 3959 quocunque
2510 3887 2737 3942 crimine
2774 3885 2936 3941 fuerit
2962 3886 3268 3955 damnatus,
3294 3903 3400 3942 non
3447 3887 3513 3941 li~

1923 3987 2194 4053 ceateum
2223 3980 2337 4034 sive
2382 3978 2450 4033 ab
2492 3976 2768 4042 Ecclesiis,
2799 3977 2994 4046 quibus
3040 3976 3269 4047 przefuit,
3316 3980 3428 4035 sive
3481 3993 3511 4037 λ

1921 4060 2165 4141 qualibet
2192 4072 2410 4127 homine
2438 4069 2729 4133 defensuri,
2761 4070 3075 4139 interposita
3105 4085 3264 4139 pmna
3294 4070 3510 4136 damni,

1919 4168 2183 4238 pecunim,
2214 4175 2376 4234 atque
2404 4163 2645 4228 honoris,
2676 4179 2783 4233 quo
2812 4178 2911 4217 nec
2940 4171 3172 4227 zelatem,
3197 4178 3299 4218 nec
3323 4178 3510 4219 sexum

1921 4257 2291 4314 excusandum
2319 4270 2440 4311 esse
2462 4255 2798 4325 prmcipiant.

2233 4348 2311 4402 De
2330 4346 2669 4402 histrionibus
2698 4346 3009 4401 Christianis
3039 4348 3210 4417 factis.

1991 4440 2169 4496 LXIII.
2187 4441 2256 4496 Et
2277 4440 2345 4495 de
2362 4439 2446 4493 his
2460 4439 2623 4493 etiam
2649 4438 2941 4509 petendum
2967 4458 2979 4492 :
3006 4448 3064 4492 ut
3089 4441 3132 4494 si
3154 4441 3274 4509 quis
3295 4455 3362 4496 ex
3383 4455 3508 4511 qua-

1920 4535 2049 4589 libet
2070 4534 2275 4588 ludicra
2292 4541 2407 4587 arte
2435 4532 2502 4586 ad
2530 4531 2940 4587 christianitatis
2959 4532 3183 4601 gratiam
3203 4535 3387 4590 venire
3410 4551 3509 4590 vo-

1919 4627 2108 4690 luerit,
2139 4640 2204 4680 ac
2224 4625 2360 4680 liber
2383 4625 2450 4679 ab
2488 4624 2575 4678 illa
2606 4623 2815 4679 macula
2848 4638 3169 4692 permanere
3195 4667 3211 4691 ,
3245 4640 3351 4680 non
3379 4640 3504 4681 eum

1919 4719 2083 4772 liceat
2109 4732 2140 4772 a
2171 4730 2442 4785 quoquam
2466 4715 2659 4770 iterum
2691 4713 2757 4769 ad
2781 4714 2971 4769 eadem
2999 4715 3299 4770 exercenda
3322 4715 3508 4773 reduci

1918 4809 2003 4862 vel
2034 4821 2174 4876 cogl.

1989 4903 2067 4957 De
2103 4903 2597 4958 manumissionibus
2626 4903 2681 4956 in
2729 4904 2943 4957 ecclesia
2993 4902 3336 4973 celebrandis,
3365 4906 3431 4960 ab

2374 4976 2684 5045 imperatore
2709 4974 3040 5044 poscendum.

1986 5067 2167 5127 LXIV.
2198 5067 2275 5123 De
2318 5068 2828 5124 manumissionibus
2856 5083 2987 5121 sane
3035 5068 3089 5122 in
3146 5069 3371 5123 ecclesia
3419 5067 3504 5122 di—

1916 5162 2099 5216 cendis
2125 5201 2141 5227 ,
2174 5162 2217 5217 si
2249 5161 2298 5214 id
2328 5162 2500 5216 nostri
2523 5160 2937 5213 consacerdotes
2964 5174 3059 5227 per
3088 5158 3295 5213 Italiam
3325 5160 3505 5214 facere

1872 5286 1875 5287 ν
1917 5252 2277 5320 reperiuntur,
2302 5258 2497 5304 nostra:
2527 5250 2688 5305 etiam
2719 5250 2823 5303 erit
2852 5248 3054 5304 ﬁducia:
3100 5248 3324 5303 istorum
3352 5250 3500 5304 ordi—

1917 5358 2041 5396 nent
2072 5341 2327 5410 consequi
2363 5359 2374 5393 :
2407 5340 2529 5394 data
2564 5342 2721 5409 plane
2773 5340 2984 5394 licentia
3015 5339 3178 5393 misso
3209 5340 3407 5407 legato,
3444 5353 3501 5397 ttt

1916 5448 2252 5504 quacunque
2275 5432 2431 5501 digna
2462 5433 2563 5486 fide
2603 5448 2698 5502 pro
2740 5439 2883 5487 statu
2932 5429 3201 5497 Ecclesiae,
3233 5440 3287 5487 et
3326 5434 3500 5491 saltte

1917 5530 2216 5583 animarum
2272 5541 2431 5595 agere
2488 5525 2742 5594 potuerit,
2776 5540 2875 5578 nos
2904 5524 3243 5581 laudabiliter
3284 5526 3335 5582 in
3366 5545 3497 5585 con--

1914 5628 2100 5689 specta
2126 5618 2333 5672 Domini
2365 5628 2705 5686 accepturos.
2747 5615 2876 5681 Qua:
2916 5618 3116 5680 omnia,
3151 5619 3196 5676 si
3224 5621 3499 5676 sanctitati

1912 5717 2105 5764 vestra:
2126 5710 2358 5779 placent,
2384 5708 2579 5762 elicite
2608 5723 2622 5759 :
2657 5716 2780 5761 utet
2800 5723 2971 5763 meam
2990 5711 3383 5777 suggestionem
3405 5728 3494 5766 ra-

1914 5810 2023 5855 tam
2048 5816 2166 5856 esse
2194 5801 2341 5857 vobis
2370 5800 2680 5867 adventant,
2710 5809 2762 5855 et
2805 5810 3046 5857 nostram
3077 5804 3313 5857 onmium
3357 5820 3492 5857 cnn-

293 5907 308 5923 ⁵
348 5902 662 5973 Legendum
688 5906 900 5961 videtur
918 5908 1159 5979 imposita
1194 5927 1362 5981 parua,
1395 5913 1446 5968 in
1476 5913 1709 5969 ablativo
1736 5929 1882 5970 casu.
1913 5914 2068 5970 Eutr.

646 6003 926 6090 Pareat“
966 6004 1214 6066 LXVII.

2968 6014 3004 6068 7
