  <div class='ocr_page' id='page_1' title='image "/cluster/home/n/w/nwhite01/storage/ocr_20150623/67/hvd.32044015547185/109.png"; bbox 0 0 4092 6348; ppageno 0'>
   <div class='ocr_carea' id='block_1_1' title="bbox 647 283 762 335">
    <p class='ocr_par' dir='ltr' id='par_1_1' title="bbox 647 283 762 335">
     <span class='ocr_line' id='line_1_1' title="bbox 647 283 762 335; baseline -0.017 0"><span class='ocrx_word' id='word_1_1' title='bbox 647 283 762 335; x_wconf 58' lang='grc' dir='ltr'><strong>ΫΟῚ</strong></span> 
     </span>
    </p>
   </div>
   <div class='ocr_carea' id='block_1_2' title="bbox 1931 278 2216 338">
    <p class='ocr_par' dir='ltr' id='par_1_2' title="bbox 1931 278 2216 332">
     <span class='ocr_line' id='line_1_2' title="bbox 1931 278 2216 332; baseline 0 -1"><span class='ocrx_word' id='word_1_2' title='bbox 1931 278 2216 332; x_wconf 61' lang='lat' dir='ltr'><strong>[NONYSII</strong></span> 
     </span>
    </p>
   </div>
   <div class='ocr_carea' id='block_1_3' title="bbox 2311 278 3859 338">
    <p class='ocr_par' dir='ltr' id='par_1_3' title="bbox 2319 278 3859 338">
     <span class='ocr_line' id='line_1_3' title="bbox 2319 278 3859 338; baseline 0.004 -8"><span class='ocrx_word' id='word_1_3' title='bbox 2319 278 2630 333; x_wconf 66' lang='lat' dir='ltr'><strong>EXICIEUS.</strong></span> <span class='ocrx_word' id='word_1_4' title='bbox 3779 286 3859 338; x_wconf 57' lang='lat' dir='ltr'><strong>ﬁli</strong></span> 
     </span>
    </p>
   </div>
   <div class='ocr_carea' id='block_1_4' title="bbox 656 391 3858 468">
    <p class='ocr_par' dir='ltr' id='par_1_4' title="bbox 656 391 3858 468">
     <span class='ocr_line' id='line_1_4' title="bbox 656 391 3858 468; baseline 0.002 -22"><span class='ocrx_word' id='word_1_5' title='bbox 656 403 816 461; x_wconf 82' lang='lat' dir='ltr'><strong>atque</strong></span> <span class='ocrx_word' id='word_1_6' title='bbox 854 391 968 459; x_wconf 77' lang='lat' dir='ltr'><strong>ejus</strong></span> <span class='ocrx_word' id='word_1_7' title='bbox 1011 407 1205 444; x_wconf 81' lang='lat' dir='ltr'><strong>nomen</strong></span> <span class='ocrx_word' id='word_1_8' title='bbox 1255 392 1393 444; x_wconf 82' lang='lat' dir='ltr'><strong>inter</strong></span> <span class='ocrx_word' id='word_1_9' title='bbox 1425 393 1514 444; x_wconf 81' lang='lat' dir='ltr'><strong>Dei</strong></span> <span class='ocrx_word' id='word_1_10' title='bbox 1549 391 1854 443; x_wconf 68' lang='lat' dir='ltr'><strong>sacerdotes</strong></span> <span class='ocrx_word' id='word_1_11' title='bbox 1885 391 2030 443; x_wconf 78' lang='lat' dir='ltr'><strong>nullo</strong></span> <span class='ocrx_word' id='word_1_12' title='bbox 2073 391 2230 444; x_wconf 79' lang='lat' dir='ltr'><strong>modo</strong></span> <span class='ocrx_word' id='word_1_13' title='bbox 2267 402 2302 449; x_wconf 65' lang='grc' dir='ltr'>Α</span> <span class='ocrx_word' id='word_1_14' title='bbox 2338 393 2474 461; x_wconf 87' lang='lat' dir='ltr'><strong>apud</strong></span> <span class='ocrx_word' id='word_1_15' title='bbox 2504 391 2882 460; x_wconf 84' lang='lat' dir='ltr'><strong>Carthaginem</strong></span> <span class='ocrx_word' id='word_1_16' title='bbox 2919 394 3137 449; x_wconf 86' lang='lat' dir='ltr'><strong>deﬁnita</strong></span> <span class='ocrx_word' id='word_1_17' title='bbox 3162 435 3179 459; x_wconf 96' lang='lat'><strong>,</strong></span> <span class='ocrx_word' id='word_1_18' title='bbox 3219 411 3359 451; x_wconf 85' lang='lat' dir='ltr'><strong>nunc</strong></span> <span class='ocrx_word' id='word_1_19' title='bbox 3392 411 3606 468; x_wconf 87' lang='lat' dir='ltr'><strong>quoque</strong></span> <span class='ocrx_word' id='word_1_20' title='bbox 3647 401 3780 456; x_wconf 85' lang='lat' dir='ltr'><strong>nobis</strong></span> <span class='ocrx_word' id='word_1_21' title='bbox 3812 418 3858 456; x_wconf 75' lang='lat' dir='ltr'><strong>er</strong></span> 
     </span>
    </p>
   </div>
   <div class='ocr_carea' id='block_1_5' title="bbox 651 481 2230 552">
    <p class='ocr_par' dir='ltr' id='par_1_5' title="bbox 651 481 2230 552">
     <span class='ocr_line' id='line_1_5' title="bbox 651 481 2230 552; baseline -0.001 -16"><span class='ocrx_word' id='word_1_22' title='bbox 651 483 938 547; x_wconf 88' lang='lat' dir='ltr'><strong>recitelur;</strong></span> <span class='ocrx_word' id='word_1_23' title='bbox 982 497 1080 535; x_wconf 88' lang='lat' dir='ltr'><strong>nec</strong></span> <span class='ocrx_word' id='word_1_24' title='bbox 1123 483 1366 535; x_wconf 75' lang='lat' dir='ltr'><strong>excusari</strong></span> <span class='ocrx_word' id='word_1_25' title='bbox 1421 483 1627 552; x_wconf 82' lang='lat' dir='ltr'><strong>possit,</strong></span> <span class='ocrx_word' id='word_1_26' title='bbox 1686 482 1728 533; x_wconf 85' lang='lat' dir='ltr'><strong>si</strong></span> <span class='ocrx_word' id='word_1_27' title='bbox 1789 481 2072 534; x_wconf 80' lang='lat' dir='ltr'><strong>intestatus</strong></span> <span class='ocrx_word' id='word_1_28' title='bbox 2131 482 2230 535; x_wconf 83' lang='lat' dir='ltr'><strong>de-</strong></span> 
     </span>
    </p>
   </div>
   <div class='ocr_carea' id='block_1_6' title="bbox 652 571 2232 641">
    <p class='ocr_par' dir='ltr' id='par_1_6' title="bbox 652 571 2232 641">
     <span class='ocr_line' id='line_1_6' title="bbox 652 571 2232 641; baseline -0.001 -14"><span class='ocrx_word' id='word_1_29' title='bbox 652 573 896 639; x_wconf 89' lang='lat' dir='ltr'><strong>cesserit,</strong></span> <span class='ocrx_word' id='word_1_30' title='bbox 925 571 1047 641; x_wconf 89' lang='lat' dir='ltr'><strong>quia</strong></span> <span class='ocrx_word' id='word_1_31' title='bbox 1077 572 1260 640; x_wconf 88' lang='lat' dir='ltr'><strong>utique</strong></span> <span class='ocrx_word' id='word_1_32' title='bbox 1289 571 1473 626; x_wconf 89' lang='lat' dir='ltr'><strong>debuit</strong></span> <span class='ocrx_word' id='word_1_33' title='bbox 1503 571 1987 640; x_wconf 82' lang='lat' dir='ltr'><strong>factuscpiscopus</strong></span> <span class='ocrx_word' id='word_1_34' title='bbox 2017 571 2093 624; x_wconf 86' lang='lat' dir='ltr'><strong>rei</strong></span> <span class='ocrx_word' id='word_1_35' title='bbox 2122 587 2232 625; x_wconf 83' lang='lat' dir='ltr'><strong>sua:</strong></span> 
     </span>
    </p>
   </div>
   <div class='ocr_carea' id='block_1_7' title="bbox 654 661 2232 734">
    <p class='ocr_par' dir='ltr' id='par_1_7' title="bbox 654 661 2232 734">
     <span class='ocr_line' id='line_1_7' title="bbox 654 661 2232 734; baseline -0.001 -15"><span class='ocrx_word' id='word_1_36' title='bbox 654 665 1044 719; x_wconf 89' lang='lat' dir='ltr'><strong>ordinationem</strong></span> <span class='ocrx_word' id='word_1_37' title='bbox 1079 678 1372 731; x_wconf 82' lang='lat' dir='ltr'><strong>congruam</strong></span> <span class='ocrx_word' id='word_1_38' title='bbox 1398 679 1506 718; x_wconf 80' lang='lat' dir='ltr'><strong>sua:</strong></span> <span class='ocrx_word' id='word_1_39' title='bbox 1535 661 1852 734; x_wconf 87' lang='lat' dir='ltr'><strong>professioni</strong></span> <span class='ocrx_word' id='word_1_40' title='bbox 1893 679 2232 731; x_wconf 89' lang='lat' dir='ltr'><strong>nequaquam</strong></span> 
     </span>
    </p>
   </div>
   <div class='ocr_carea' id='block_1_8' title="bbox 652 756 886 811">
    <p class='ocr_par' dir='ltr' id='par_1_8' title="bbox 652 756 886 811">
     <span class='ocr_line' id='line_1_8' title="bbox 652 756 886 811; baseline 0 -1"><span class='ocrx_word' id='word_1_41' title='bbox 652 756 886 811; x_wconf 78' lang='lat' dir='ltr'><strong>differre.</strong></span> 
     </span>
    </p>
   </div>
   <div class='ocr_carea' id='block_1_9' title="bbox 1132 871 1750 927">
    <p class='ocr_par' dir='ltr' id='par_1_9' title="bbox 1132 871 1750 927">
     <span class='ocr_line' id='line_1_9' title="bbox 1132 871 1750 927; baseline 0.002 -2"><span class='ocrx_word' id='word_1_42' title='bbox 1132 871 1210 926; x_wconf 85' lang='lat' dir='ltr'><strong>De</strong></span> <span class='ocrx_word' id='word_1_43' title='bbox 1243 871 1750 927; x_wconf 85' lang='lat' dir='ltr'><strong>manumissionibus.</strong></span> 
     </span>
    </p>
   </div>
   <div class='ocr_carea' id='block_1_10' title="bbox 719 981 2232 1052">
    <p class='ocr_par' dir='ltr' id='par_1_10' title="bbox 719 981 2232 1052">
     <span class='ocr_line' id='line_1_10' title="bbox 719 981 2232 1052; baseline -0.001 -14"><span class='ocrx_word' id='word_1_44' title='bbox 719 981 924 1038; x_wconf 80' lang='lat' dir='ltr'><strong>XXCII.</strong></span> <span class='ocrx_word' id='word_1_45' title='bbox 955 982 1090 1038; x_wconf 85' lang='lat' dir='ltr'><strong>Item</strong></span> <span class='ocrx_word' id='word_1_46' title='bbox 1121 982 1340 1052; x_wconf 86' lang='lat' dir='ltr'><strong>placuit,</strong></span> <span class='ocrx_word' id='word_1_47' title='bbox 1370 992 1427 1036; x_wconf 91' lang='lat' dir='ltr'><strong>ut</strong></span> <span class='ocrx_word' id='word_1_48' title='bbox 1452 981 1518 1038; x_wconf 88' lang='lat' dir='ltr'><strong>de</strong></span> <span class='ocrx_word' id='word_1_49' title='bbox 1543 981 2050 1037; x_wconf 87' lang='lat' dir='ltr'><strong>manumissionibus</strong></span> <span class='ocrx_word' id='word_1_50' title='bbox 2073 983 2125 1036; x_wconf 87' lang='lat' dir='ltr'><strong>in</strong></span> <span class='ocrx_word' id='word_1_51' title='bbox 2148 997 2232 1037; x_wconf 89' lang='lat' dir='ltr'><strong>ec-</strong></span> 
     </span>
    </p>
   </div>
   <div class='ocr_carea' id='block_1_11' title="bbox 648 1073 1888 1144">
    <p class='ocr_par' dir='ltr' id='par_1_11' title="bbox 648 1073 1888 1144">
     <span class='ocr_line' id='line_1_11' title="bbox 648 1073 1888 1144; baseline 0 -16"><span class='ocrx_word' id='word_1_52' title='bbox 648 1075 811 1129; x_wconf 87' lang='lat' dir='ltr'><strong>clesia</strong></span> <span class='ocrx_word' id='word_1_53' title='bbox 840 1075 1176 1128; x_wconf 86' lang='lat' dir='ltr'><strong>celebrandis</strong></span> <span class='ocrx_word' id='word_1_54' title='bbox 1199 1073 1268 1127; x_wconf 91' lang='lat' dir='ltr'><strong>ab</strong></span> <span class='ocrx_word' id='word_1_55' title='bbox 1295 1074 1621 1143; x_wconf 80' lang='lat' dir='ltr'><strong>imperatore</strong></span> <span class='ocrx_word' id='word_1_56' title='bbox 1651 1084 1888 1144; x_wconf 86' lang='lat' dir='ltr'><strong>petatur.</strong></span> 
     </span>
    </p>
   </div>
   <div class='ocr_carea' id='block_1_12' title="bbox 1001 1183 1878 1256">
    <p class='ocr_par' dir='ltr' id='par_1_12' title="bbox 1001 1183 1878 1256">
     <span class='ocr_line' id='line_1_12' title="bbox 1001 1183 1878 1256; baseline 0.001 -19"><span class='ocrx_word' id='word_1_57' title='bbox 1001 1183 1080 1237; x_wconf 88' lang='lat' dir='ltr'><strong>De</strong></span> <span class='ocrx_word' id='word_1_58' title='bbox 1108 1185 1257 1256; x_wconf 80' lang='lat' dir='ltr'><strong>falsis</strong></span> <span class='ocrx_word' id='word_1_59' title='bbox 1284 1186 1544 1238; x_wconf 81' lang='lat' dir='ltr'><strong>memoriis</strong></span> <span class='ocrx_word' id='word_1_60' title='bbox 1574 1194 1878 1255; x_wconf 80' lang='lat' dir='ltr'><strong>martyrum.</strong></span> 
     </span>
    </p>
   </div>
   <div class='ocr_carea' id='block_1_13' title="bbox 721 1275 2232 1347">
    <p class='ocr_par' dir='ltr' id='par_1_13' title="bbox 721 1275 2232 1347">
     <span class='ocr_line' id='line_1_13' title="bbox 721 1275 2232 1347; baseline 0.001 -17"><span class='ocrx_word' id='word_1_61' title='bbox 721 1275 945 1330; x_wconf 76' lang='lat' dir='ltr'><strong>XXClll.</strong></span> <span class='ocrx_word' id='word_1_62' title='bbox 977 1276 1110 1331; x_wconf 85' lang='lat' dir='ltr'><strong>Item</strong></span> <span class='ocrx_word' id='word_1_63' title='bbox 1141 1277 1363 1346; x_wconf 83' lang='lat' dir='ltr'><strong>placuit,</strong></span> <span class='ocrx_word' id='word_1_64' title='bbox 1404 1285 1460 1330; x_wconf 92' lang='lat' dir='ltr'><strong>ut</strong></span> <span class='ocrx_word' id='word_1_65' title='bbox 1508 1277 1696 1330; x_wconf 89' lang='lat' dir='ltr'><strong>altaria</strong></span> <span class='ocrx_word' id='word_1_66' title='bbox 1745 1293 1863 1346; x_wconf 71' lang='lat' dir='ltr'><strong>quae</strong></span> <span class='ocrx_word' id='word_1_67' title='bbox 1892 1277 2090 1347; x_wconf 87' lang='lat' dir='ltr'><strong>passim</strong></span> <span class='ocrx_word' id='word_1_68' title='bbox 2132 1293 2232 1347; x_wconf 91' lang='lat' dir='ltr'><strong>per</strong></span> 
     </span>
    </p>
   </div>
   <div class='ocr_carea' id='block_1_14' title="bbox 639 1369 2232 1440">
    <p class='ocr_par' dir='ltr' id='par_1_14' title="bbox 639 1369 2232 1440">
     <span class='ocr_line' id='line_1_14' title="bbox 639 1369 2232 1440; baseline -0.001 -17"><span class='ocrx_word' id='word_1_69' title='bbox 639 1379 896 1438; x_wconf 57' lang='lat' dir='ltr'><strong>agroset</strong></span> <span class='ocrx_word' id='word_1_70' title='bbox 924 1385 1021 1440; x_wconf 84' lang='lat' dir='ltr'><strong>per</strong></span> <span class='ocrx_word' id='word_1_71' title='bbox 1045 1369 1178 1434; x_wconf 85' lang='lat' dir='ltr'><strong>vias,</strong></span> <span class='ocrx_word' id='word_1_72' title='bbox 1209 1378 1460 1439; x_wconf 82' lang='lat' dir='ltr'><strong>tanquam</strong></span> <span class='ocrx_word' id='word_1_73' title='bbox 1488 1369 1764 1423; x_wconf 90' lang='lat' dir='ltr'><strong>memoria:</strong></span> <span class='ocrx_word' id='word_1_74' title='bbox 1793 1381 2084 1440; x_wconf 81' lang='lat' dir='ltr'><strong>martyrum</strong></span> <span class='ocrx_word' id='word_1_75' title='bbox 2108 1387 2232 1422; x_wconf 87' lang='lat' dir='ltr'><strong>con-</strong></span> 
     </span>
    </p>
   </div>
   <div class='ocr_carea' id='block_1_15' title="bbox 646 1460 2229 1530">
    <p class='ocr_par' dir='ltr' id='par_1_15' title="bbox 646 1460 2229 1530">
     <span class='ocr_line' id='line_1_15' title="bbox 646 1460 2229 1530; baseline 0.001 -17"><span class='ocrx_word' id='word_1_76' title='bbox 646 1462 958 1527; x_wconf 86' lang='lat' dir='ltr'><strong>stituuntur,</strong></span> <span class='ocrx_word' id='word_1_77' title='bbox 1008 1461 1060 1514; x_wconf 92' lang='lat' dir='ltr'><strong>in</strong></span> <span class='ocrx_word' id='word_1_78' title='bbox 1091 1460 1288 1529; x_wconf 82' lang='lat' dir='ltr'><strong>quibus</strong></span> <span class='ocrx_word' id='word_1_79' title='bbox 1327 1460 1528 1514; x_wconf 91' lang='lat' dir='ltr'><strong>nullum</strong></span> <span class='ocrx_word' id='word_1_80' title='bbox 1580 1476 1806 1530; x_wconf 88' lang='lat' dir='ltr'><strong>corpus,</strong></span> <span class='ocrx_word' id='word_1_81' title='bbox 1852 1471 1945 1514; x_wconf 91' lang='lat' dir='ltr'><strong>aut</strong></span> <span class='ocrx_word' id='word_1_82' title='bbox 1992 1460 2229 1530; x_wconf 79' lang='lat' dir='ltr'><strong>reliquiae</strong></span> 
     </span>
    </p>
   </div>
   <div class='ocr_carea' id='block_1_16' title="bbox 647 1552 2230 1622">
    <p class='ocr_par' dir='ltr' id='par_1_16' title="bbox 647 1552 2230 1622">
     <span class='ocr_line' id='line_1_16' title="bbox 647 1552 2230 1622; baseline 0.002 -19"><span class='ocrx_word' id='word_1_83' title='bbox 647 1560 942 1622; x_wconf 77' lang='lat' dir='ltr'><strong>martyrum</strong></span> <span class='ocrx_word' id='word_1_84' title='bbox 970 1552 1204 1607; x_wconf 86' lang='lat' dir='ltr'><strong>condita:</strong></span> <span class='ocrx_word' id='word_1_85' title='bbox 1236 1553 1549 1620; x_wconf 76' lang='lat' dir='ltr'><strong>probantur,</strong></span> <span class='ocrx_word' id='word_1_86' title='bbox 1573 1552 1639 1605; x_wconf 93' lang='lat' dir='ltr'><strong>ab</strong></span> <span class='ocrx_word' id='word_1_87' title='bbox 1667 1552 1934 1622; x_wconf 84' lang='lat' dir='ltr'><strong>episcopis</strong></span> <span class='ocrx_word' id='word_1_88' title='bbox 1975 1553 2065 1621; x_wconf 89' lang='lat' dir='ltr'><strong>qui</strong></span> <span class='ocrx_word' id='word_1_89' title='bbox 2099 1552 2230 1606; x_wconf 83' lang='lat' dir='ltr'><strong>locis</strong></span> 
     </span>
    </p>
   </div>
   <div class='ocr_carea' id='block_1_17' title="bbox 643 1641 2227 1712">
    <p class='ocr_par' dir='ltr' id='par_1_17' title="bbox 643 1641 2227 1712">
     <span class='ocr_line' id='line_1_17' title="bbox 643 1641 2227 1712; baseline 0.001 -18"><span class='ocrx_word' id='word_1_90' title='bbox 643 1642 844 1697; x_wconf 85' lang='lat' dir='ltr'><strong>eisdem</strong></span> <span class='ocrx_word' id='word_1_91' title='bbox 870 1652 1128 1712; x_wconf 63' lang='lat' dir='ltr'><strong>praesunt,</strong></span> <span class='ocrx_word' id='word_1_92' title='bbox 1160 1642 1204 1696; x_wconf 92' lang='lat' dir='ltr'><strong>si</strong></span> <span class='ocrx_word' id='word_1_93' title='bbox 1233 1641 1342 1695; x_wconf 80' lang='lat' dir='ltr'><strong>fieri</strong></span> <span class='ocrx_word' id='word_1_94' title='bbox 1371 1651 1563 1712; x_wconf 83' lang='lat' dir='ltr'><strong>potest,</strong></span> <span class='ocrx_word' id='word_1_95' title='bbox 1589 1651 1900 1697; x_wconf 88' lang='lat' dir='ltr'><strong>cvertantur</strong></span> <span class='ocrx_word' id='word_1_96' title='bbox 1932 1662 1944 1695; x_wconf 91' lang='lat'><strong>:</strong></span> <span class='ocrx_word' id='word_1_97' title='bbox 1981 1646 2023 1696; x_wconf 91' lang='lat' dir='ltr'><strong>si</strong></span> <span class='ocrx_word' id='word_1_98' title='bbox 2047 1652 2227 1696; x_wconf 90' lang='lat' dir='ltr'><strong>autem</strong></span> 
     </span>
    </p>
   </div>
   <div class='ocr_carea' id='block_1_18' title="bbox 635 1732 2226 1801">
    <p class='ocr_par' dir='ltr' id='par_1_18' title="bbox 635 1732 2226 1801">
     <span class='ocr_line' id='line_1_18' title="bbox 635 1732 2226 1801; baseline 0 -16"><span class='ocrx_word' id='word_1_99' title='bbox 635 1734 746 1786; x_wconf 76' lang='lat' dir='ltr'><strong>lioc</strong></span> <span class='ocrx_word' id='word_1_100' title='bbox 777 1748 872 1801; x_wconf 90' lang='lat' dir='ltr'><strong>per</strong></span> <span class='ocrx_word' id='word_1_101' title='bbox 917 1732 1176 1785; x_wconf 76' lang='lat' dir='ltr'><strong>tumultus</strong></span> <span class='ocrx_word' id='word_1_102' title='bbox 1204 1733 1493 1801; x_wconf 87' lang='lat' dir='ltr'><strong>populares</strong></span> <span class='ocrx_word' id='word_1_103' title='bbox 1537 1746 1642 1784; x_wconf 92' lang='lat' dir='ltr'><strong>non</strong></span> <span class='ocrx_word' id='word_1_104' title='bbox 1669 1732 1878 1794; x_wconf 89' lang='lat' dir='ltr'><strong>sinitur,</strong></span> <span class='ocrx_word' id='word_1_105' title='bbox 1913 1733 2096 1801; x_wconf 83' lang='lat' dir='ltr'><strong>plebes</strong></span> <span class='ocrx_word' id='word_1_106' title='bbox 2143 1740 2226 1785; x_wconf 90' lang='lat' dir='ltr'><strong>ta-</strong></span> 
     </span>
    </p>
   </div>
   <div class='ocr_carea' id='block_1_19' title="bbox 647 1823 2224 1893">
    <p class='ocr_par' dir='ltr' id='par_1_19' title="bbox 647 1823 2224 1893">
     <span class='ocr_line' id='line_1_19' title="bbox 647 1823 2224 1893; baseline 0.001 -17"><span class='ocrx_word' id='word_1_107' title='bbox 647 1824 1205 1887; x_wconf 83' lang='lat' dir='ltr'><strong>meuadmoncantur,</strong></span> <span class='ocrx_word' id='word_1_108' title='bbox 1240 1839 1304 1877; x_wconf 91' lang='lat' dir='ltr'><strong>ne</strong></span> <span class='ocrx_word' id='word_1_109' title='bbox 1337 1824 1422 1878; x_wconf 87' lang='lat' dir='ltr'><strong>illa</strong></span> <span class='ocrx_word' id='word_1_110' title='bbox 1473 1825 1592 1876; x_wconf 84' lang='lat' dir='ltr'><strong>loca</strong></span> <span class='ocrx_word' id='word_1_111' title='bbox 1627 1823 1994 1893; x_wconf 81' lang='lat' dir='ltr'><strong>frequentem,</strong></span> <span class='ocrx_word' id='word_1_112' title='bbox 2031 1834 2084 1876; x_wconf 75' lang='lat' dir='ltr'><strong>ut</strong></span> <span class='ocrx_word' id='word_1_113' title='bbox 2134 1825 2224 1892; x_wconf 88' lang='lat' dir='ltr'><strong>qui</strong></span> 
     </span>
    </p>
   </div>
   <div class='ocr_carea' id='block_1_20' title="bbox 645 1914 2229 1984">
    <p class='ocr_par' dir='ltr' id='par_1_20' title="bbox 645 1914 2229 1984">
     <span class='ocr_line' id='line_1_20' title="bbox 645 1914 2229 1984; baseline 0.001 -16"><span class='ocrx_word' id='word_1_114' title='bbox 645 1924 792 1969; x_wconf 87' lang='lat' dir='ltr'><strong>recte</strong></span> <span class='ocrx_word' id='word_1_115' title='bbox 821 1914 1054 1983; x_wconf 85' lang='lat' dir='ltr'><strong>sapiunt,</strong></span> <span class='ocrx_word' id='word_1_116' title='bbox 1085 1915 1226 1968; x_wconf 89' lang='lat' dir='ltr'><strong>nulla</strong></span> <span class='ocrx_word' id='word_1_117' title='bbox 1256 1915 1324 1967; x_wconf 91' lang='lat' dir='ltr'><strong>ibi</strong></span> <span class='ocrx_word' id='word_1_118' title='bbox 1342 1916 1721 1984; x_wconf 85' lang='lat' dir='ltr'><strong>superstitione</strong></span> <span class='ocrx_word' id='word_1_119' title='bbox 1749 1916 1980 1968; x_wconf 78' lang='lat' dir='ltr'><strong>devincti</strong></span> <span class='ocrx_word' id='word_1_120' title='bbox 2013 1929 2229 1969; x_wconf 82' lang='lat' dir='ltr'><strong>tenean-</strong></span> 
     </span>
    </p>
   </div>
   <div class='ocr_carea' id='block_1_21' title="bbox 647 2007 2225 2079">
    <p class='ocr_par' dir='ltr' id='par_1_21' title="bbox 647 2007 2225 2079">
     <span class='ocr_line' id='line_1_21' title="bbox 647 2007 2225 2079; baseline 0 -18"><span class='ocrx_word' id='word_1_121' title='bbox 647 2020 731 2061; x_wconf 85' lang='lat' dir='ltr'><strong>tur</strong></span> <span class='ocrx_word' id='word_1_122' title='bbox 752 2048 766 2072; x_wconf 96' lang='lat'><strong>,</strong></span> <span class='ocrx_word' id='word_1_123' title='bbox 795 2017 848 2060; x_wconf 86' lang='lat' dir='ltr'><strong>ct</strong></span> <span class='ocrx_word' id='word_1_124' title='bbox 899 2009 1120 2060; x_wconf 88' lang='lat' dir='ltr'><strong>omnino</strong></span> <span class='ocrx_word' id='word_1_125' title='bbox 1153 2008 1295 2060; x_wconf 86' lang='lat' dir='ltr'><strong>nulla</strong></span> <span class='ocrx_word' id='word_1_126' title='bbox 1324 2007 1580 2061; x_wconf 86' lang='lat' dir='ltr'><strong>memoria</strong></span> <span class='ocrx_word' id='word_1_127' title='bbox 1607 2015 1903 2079; x_wconf 77' lang='lat' dir='ltr'><strong>martyrum</strong></span> <span class='ocrx_word' id='word_1_128' title='bbox 1935 2007 2225 2076; x_wconf 85' lang='lat' dir='ltr'><strong>probabili—</strong></span> 
     </span>
    </p>
   </div>
   <div class='ocr_carea' id='block_1_22' title="bbox 643 2096 2224 2166">
    <p class='ocr_par' dir='ltr' id='par_1_22' title="bbox 643 2096 2224 2166">
     <span class='ocr_line' id='line_1_22' title="bbox 643 2096 2224 2166; baseline -0.001 -14"><span class='ocrx_word' id='word_1_129' title='bbox 643 2109 725 2152; x_wconf 89' lang='lat' dir='ltr'><strong>ter</strong></span> <span class='ocrx_word' id='word_1_130' title='bbox 747 2106 1074 2166; x_wconf 85' lang='lat' dir='ltr'><strong>acccptetur,</strong></span> <span class='ocrx_word' id='word_1_131' title='bbox 1110 2097 1208 2149; x_wconf 79' lang='lat' dir='ltr'><strong>nisi</strong></span> <span class='ocrx_word' id='word_1_132' title='bbox 1260 2097 1345 2149; x_wconf 89' lang='lat' dir='ltr'><strong>ubi</strong></span> <span class='ocrx_word' id='word_1_133' title='bbox 1375 2112 1572 2166; x_wconf 83' lang='lat' dir='ltr'><strong>corpus</strong></span> <span class='ocrx_word' id='word_1_134' title='bbox 1611 2105 1704 2150; x_wconf 84' lang='lat' dir='ltr'><strong>aut</strong></span> <span class='ocrx_word' id='word_1_135' title='bbox 1755 2096 1944 2164; x_wconf 84' lang='lat' dir='ltr'><strong>aliqua:</strong></span> <span class='ocrx_word' id='word_1_136' title='bbox 1987 2096 2224 2166; x_wconf 72' lang='lat' dir='ltr'><strong>reliquizc</strong></span> 
     </span>
    </p>
   </div>
   <div class='ocr_carea' id='block_1_23' title="bbox 641 2188 2221 2258">
    <p class='ocr_par' dir='ltr' id='par_1_23' title="bbox 641 2188 2221 2258">
     <span class='ocr_line' id='line_1_23' title="bbox 641 2188 2221 2258; baseline -0.001 -15"><span class='ocrx_word' id='word_1_137' title='bbox 641 2199 788 2256; x_wconf 87' lang='lat' dir='ltr'><strong>sunt,</strong></span> <span class='ocrx_word' id='word_1_138' title='bbox 839 2197 930 2243; x_wconf 89' lang='lat' dir='ltr'><strong>aut</strong></span> <span class='ocrx_word' id='word_1_139' title='bbox 960 2188 1112 2256; x_wconf 82' lang='lat' dir='ltr'><strong>origo</strong></span> <span class='ocrx_word' id='word_1_140' title='bbox 1141 2189 1366 2255; x_wconf 83' lang='lat' dir='ltr'><strong>alicujus</strong></span> <span class='ocrx_word' id='word_1_141' title='bbox 1402 2188 1767 2252; x_wconf 82' lang='lat' dir='ltr'><strong>habitationis,</strong></span> <span class='ocrx_word' id='word_1_142' title='bbox 1810 2189 1893 2242; x_wconf 86' lang='lat' dir='ltr'><strong>vel</strong></span> <span class='ocrx_word' id='word_1_143' title='bbox 1925 2189 2221 2258; x_wconf 84' lang='lat' dir='ltr'><strong>posscssio-</strong></span> 
     </span>
    </p>
   </div>
   <div class='ocr_carea' id='block_1_24' title="bbox 639 2277 2220 2350">
    <p class='ocr_par' dir='ltr' id='par_1_24' title="bbox 639 2277 2220 2350">
     <span class='ocr_line' id='line_1_24' title="bbox 639 2277 2220 2350; baseline -0.002 -15"><span class='ocrx_word' id='word_1_144' title='bbox 639 2284 740 2346; x_wconf 85' lang='lat' dir='ltr'><strong>nis,</strong></span> <span class='ocrx_word' id='word_1_145' title='bbox 777 2281 860 2334; x_wconf 83' lang='lat' dir='ltr'><strong>vel</strong></span> <span class='ocrx_word' id='word_1_146' title='bbox 907 2280 1169 2350; x_wconf 79' lang='lat' dir='ltr'><strong>passionis</strong></span> <span class='ocrx_word' id='word_1_147' title='bbox 1215 2277 1522 2332; x_wconf 88' lang='lat' dir='ltr'><strong>ﬁdelissima</strong></span> <span class='ocrx_word' id='word_1_148' title='bbox 1561 2278 1768 2345; x_wconf 83' lang='lat' dir='ltr'><strong>origine</strong></span> <span class='ocrx_word' id='word_1_149' title='bbox 1813 2279 2062 2332; x_wconf 89' lang='lat' dir='ltr'><strong>traditur.</strong></span> <span class='ocrx_word' id='word_1_150' title='bbox 2089 2277 2220 2332; x_wconf 66' lang='lat' dir='ltr'><strong>Non</strong></span> 
     </span>
    </p>
   </div>
   <div class='ocr_carea' id='block_1_25' title="bbox 626 2367 2222 2442">
    <p class='ocr_par' dir='ltr' id='par_1_25' title="bbox 626 2367 2222 2442">
     <span class='ocr_line' id='line_1_25' title="bbox 626 2367 2222 2442; baseline -0.001 -18"><span class='ocrx_word' id='word_1_151' title='bbox 626 2386 759 2442; x_wconf 83' lang='lat' dir='ltr'><strong>qua:</strong></span> <span class='ocrx_word' id='word_1_152' title='bbox 799 2386 896 2438; x_wconf 88' lang='lat' dir='ltr'><strong>per</strong></span> <span class='ocrx_word' id='word_1_153' title='bbox 949 2369 1157 2423; x_wconf 89' lang='lat' dir='ltr'><strong>somnia</strong></span> <span class='ocrx_word' id='word_1_154' title='bbox 1202 2377 1258 2422; x_wconf 90' lang='lat' dir='ltr'><strong>et</strong></span> <span class='ocrx_word' id='word_1_155' title='bbox 1301 2382 1398 2437; x_wconf 92' lang='lat' dir='ltr'><strong>per</strong></span> <span class='ocrx_word' id='word_1_156' title='bbox 1447 2367 1634 2422; x_wconf 88' lang='lat' dir='ltr'><strong>inanes</strong></span> <span class='ocrx_word' id='word_1_157' title='bbox 1663 2368 1816 2436; x_wconf 87' lang='lat' dir='ltr'><strong>quasi</strong></span> <span class='ocrx_word' id='word_1_158' title='bbox 1864 2369 2222 2422; x_wconf 84' lang='lat' dir='ltr'><strong>revelationes</strong></span> 
     </span>
    </p>
   </div>
   <div class='ocr_carea' id='block_1_26' title="bbox 635 2457 2222 2530">
    <p class='ocr_par' dir='ltr' id='par_1_26' title="bbox 635 2457 2222 2530">
     <span class='ocr_line' id='line_1_26' title="bbox 635 2457 2222 2530; baseline -0.002 -15"><span class='ocrx_word' id='word_1_159' title='bbox 635 2460 1003 2530; x_wconf 86' lang='lat' dir='ltr'><strong>quorumlibet</strong></span> <span class='ocrx_word' id='word_1_160' title='bbox 1027 2460 1304 2514; x_wconf 90' lang='lat' dir='ltr'><strong>hominum</strong></span> <span class='ocrx_word' id='word_1_161' title='bbox 1328 2457 1632 2527; x_wconf 83' lang='lat' dir='ltr'><strong>ubicunque</strong></span> <span class='ocrx_word' id='word_1_162' title='bbox 1659 2457 2062 2513; x_wconf 90' lang='lat' dir='ltr'><strong>constituuntur</strong></span> <span class='ocrx_word' id='word_1_163' title='bbox 2086 2459 2222 2512; x_wconf 87' lang='lat' dir='ltr'><strong>aba-</strong></span> 
     </span>
    </p>
   </div>
   <div class='ocr_carea' id='block_1_27' title="bbox 629 2551 1472 2623">
    <p class='ocr_par' dir='ltr' id='par_1_27' title="bbox 629 2551 1472 2623">
     <span class='ocr_line' id='line_1_27' title="bbox 629 2551 1472 2623; baseline -0.002 -15"><span class='ocrx_word' id='word_1_164' title='bbox 629 2554 735 2619; x_wconf 82' lang='lat' dir='ltr'><strong>ria,</strong></span> <span class='ocrx_word' id='word_1_165' title='bbox 762 2551 1074 2608; x_wconf 88' lang='lat' dir='ltr'><strong>omnimodo</strong></span> <span class='ocrx_word' id='word_1_166' title='bbox 1096 2551 1472 2623; x_wconf 90' lang='lat' dir='ltr'><strong>reprobentur.</strong></span> 
     </span>
    </p>
   </div>
   <div class='ocr_carea' id='block_1_28' title="bbox 923 2662 1924 2734">
    <p class='ocr_par' dir='ltr' id='par_1_28' title="bbox 923 2662 1924 2734">
     <span class='ocr_line' id='line_1_28' title="bbox 923 2662 1924 2734; baseline 0 -18"><span class='ocrx_word' id='word_1_167' title='bbox 923 2662 1004 2717; x_wconf 85' lang='lat' dir='ltr'><strong>De</strong></span> <span class='ocrx_word' id='word_1_168' title='bbox 1024 2663 1278 2718; x_wconf 80' lang='lat' dir='ltr'><strong>idolorum</strong></span> <span class='ocrx_word' id='word_1_169' title='bbox 1299 2663 1526 2733; x_wconf 83' lang='lat' dir='ltr'><strong>reliquiis</strong></span> <span class='ocrx_word' id='word_1_170' title='bbox 1555 2663 1924 2734; x_wconf 76' lang='lat' dir='ltr'><strong>exstirpandis.</strong></span> 
     </span>
    </p>
   </div>
   <div class='ocr_carea' id='block_1_29' title="bbox 706 2750 2222 2826">
    <p class='ocr_par' dir='ltr' id='par_1_29' title="bbox 706 2750 2222 2826">
     <span class='ocr_line' id='line_1_29' title="bbox 706 2750 2222 2826; baseline 0.001 -17"><span class='ocrx_word' id='word_1_171' title='bbox 706 2750 933 2809; x_wconf 84' lang='lat' dir='ltr'><strong>XXCIV.</strong></span> <span class='ocrx_word' id='word_1_172' title='bbox 964 2753 1099 2810; x_wconf 84' lang='lat' dir='ltr'><strong>Item</strong></span> <span class='ocrx_word' id='word_1_173' title='bbox 1127 2754 1324 2826; x_wconf 87' lang='lat' dir='ltr'><strong>placuit</strong></span> <span class='ocrx_word' id='word_1_174' title='bbox 1351 2755 1418 2808; x_wconf 91' lang='lat' dir='ltr'><strong>ab</strong></span> <span class='ocrx_word' id='word_1_175' title='bbox 1459 2754 1871 2823; x_wconf 88' lang='lat' dir='ltr'><strong>imperatoribus</strong></span> <span class='ocrx_word' id='word_1_176' title='bbox 1909 2753 2222 2822; x_wconf 84' lang='lat' dir='ltr'><strong>gloriosissi-</strong></span> 
     </span>
    </p>
   </div>
   <div class='ocr_carea' id='block_1_30' title="bbox 627 2844 2218 2916">
    <p class='ocr_par' dir='ltr' id='par_1_30' title="bbox 627 2844 2218 2916">
     <span class='ocr_line' id='line_1_30' title="bbox 627 2844 2218 2916; baseline 0 -16"><span class='ocrx_word' id='word_1_177' title='bbox 627 2847 734 2901; x_wconf 86' lang='lat' dir='ltr'><strong>mis</strong></span> <span class='ocrx_word' id='word_1_178' title='bbox 746 2845 1185 2916; x_wconf 84' lang='lat' dir='ltr'><strong>peti,utreliquia:</strong></span> <span class='ocrx_word' id='word_1_179' title='bbox 1201 2844 1514 2900; x_wconf 76' lang='lat' dir='ltr'><strong>idololatrize</strong></span> <span class='ocrx_word' id='word_1_180' title='bbox 1529 2859 1634 2898; x_wconf 93' lang='lat' dir='ltr'><strong>non</strong></span> <span class='ocrx_word' id='word_1_181' title='bbox 1646 2844 1818 2898; x_wconf 77' lang='lat' dir='ltr'><strong>solum</strong></span> <span class='ocrx_word' id='word_1_182' title='bbox 1836 2845 1886 2898; x_wconf 92' lang='lat' dir='ltr'><strong>in</strong></span> <span class='ocrx_word' id='word_1_183' title='bbox 1898 2845 2218 2913; x_wconf 90' lang='lat' dir='ltr'><strong>simulacris,</strong></span> 
     </span>
    </p>
   </div>
   <div class='ocr_carea' id='block_1_31' title="bbox 633 2939 2218 3010">
    <p class='ocr_par' dir='ltr' id='par_1_31' title="bbox 633 2939 2218 3010">
     <span class='ocr_line' id='line_1_31' title="bbox 633 2939 2218 3010; baseline 0.001 -16"><span class='ocrx_word' id='word_1_184' title='bbox 633 2942 728 2994; x_wconf 84' lang='lat' dir='ltr'><strong>sed</strong></span> <span class='ocrx_word' id='word_1_185' title='bbox 759 2941 810 2994; x_wconf 91' lang='lat' dir='ltr'><strong>in</strong></span> <span class='ocrx_word' id='word_1_186' title='bbox 837 2941 1242 3010; x_wconf 89' lang='lat' dir='ltr'><strong>quibuseunqnc</strong></span> <span class='ocrx_word' id='word_1_187' title='bbox 1284 2941 1452 3005; x_wconf 87' lang='lat' dir='ltr'><strong>locis,</strong></span> <span class='ocrx_word' id='word_1_188' title='bbox 1497 2939 1580 2993; x_wconf 88' lang='lat' dir='ltr'><strong>vel</strong></span> <span class='ocrx_word' id='word_1_189' title='bbox 1611 2939 1776 3004; x_wconf 89' lang='lat' dir='ltr'><strong>lucis,</strong></span> <span class='ocrx_word' id='word_1_190' title='bbox 1825 2941 1906 2993; x_wconf 84' lang='lat' dir='ltr'><strong>vel</strong></span> <span class='ocrx_word' id='word_1_191' title='bbox 1936 2940 2218 2995; x_wconf 83' lang='lat' dir='ltr'><strong>arboribus</strong></span> 
     </span>
    </p>
   </div>
   <div class='ocr_carea' id='block_1_32' title="bbox 633 3031 1278 3089">
    <p class='ocr_par' dir='ltr' id='par_1_32' title="bbox 633 3031 1278 3089">
     <span class='ocr_line' id='line_1_32' title="bbox 633 3031 1278 3089; baseline -0.002 -2"><span class='ocrx_word' id='word_1_192' title='bbox 633 3031 947 3089; x_wconf 88' lang='lat' dir='ltr'><strong>omnimodo</strong></span> <span class='ocrx_word' id='word_1_193' title='bbox 973 3032 1278 3088; x_wconf 90' lang='lat' dir='ltr'><strong>deleantur.</strong></span> 
     </span>
    </p>
   </div>
   <div class='ocr_carea' id='block_1_33' title="bbox 2336 482 3859 546">
    <p class='ocr_par' dir='ltr' id='par_1_33' title="bbox 2336 482 3859 546">
     <span class='ocr_line' id='line_1_33' title="bbox 2336 482 3859 546; baseline 0.007 -11"><span class='ocrx_word' id='word_1_194' title='bbox 2336 483 2523 536; x_wconf 86' lang='lat' dir='ltr'><strong>ordine</strong></span> <span class='ocrx_word' id='word_1_195' title='bbox 2567 484 2876 538; x_wconf 88' lang='lat' dir='ltr'><strong>recitentur.</strong></span> <span class='ocrx_word' id='word_1_196' title='bbox 2925 482 3074 538; x_wconf 86' lang='lat' dir='ltr'><strong>Tunc</strong></span> <span class='ocrx_word' id='word_1_197' title='bbox 3098 487 3309 540; x_wconf 75' lang='lat' dir='ltr'><strong>deruunt</strong></span> <span class='ocrx_word' id='word_1_198' title='bbox 3341 487 3684 546; x_wconf 88' lang='lat' dir='ltr'><strong>fraternitatis</strong></span> <span class='ocrx_word' id='word_1_199' title='bbox 3710 501 3859 546; x_wconf 74' lang='lat' dir='ltr'><strong>vestra</strong></span> 
     </span>
    </p>
   </div>
   <div class='ocr_carea' id='block_1_34' title="bbox 2334 574 3859 652">
    <p class='ocr_par' dir='ltr' id='par_1_34' title="bbox 2334 574 3859 652">
     <span class='ocr_line' id='line_1_34' title="bbox 2334 574 3859 652; baseline 0.01 -26"><span class='ocrx_word' id='word_1_200' title='bbox 2334 574 2617 629; x_wconf 81' lang='lat' dir='ltr'><strong>concordia</strong></span> <span class='ocrx_word' id='word_1_201' title='bbox 2648 576 2765 630; x_wconf 90' lang='lat' dir='ltr'><strong>luce</strong></span> <span class='ocrx_word' id='word_1_202' title='bbox 2792 577 2987 632; x_wconf 89' lang='lat' dir='ltr'><strong>clarior</strong></span> <span class='ocrx_word' id='word_1_203' title='bbox 3014 580 3313 647; x_wconf 89' lang='lat' dir='ltr'><strong>apparebit,</strong></span> <span class='ocrx_word' id='word_1_204' title='bbox 3337 581 3382 634; x_wconf 91' lang='lat' dir='ltr'><strong>si</strong></span> <span class='ocrx_word' id='word_1_205' title='bbox 3429 581 3543 636; x_wconf 70' lang='lat' dir='ltr'><strong>hrec</strong></span> <span class='ocrx_word' id='word_1_206' title='bbox 3565 597 3676 652; x_wconf 76' lang='lat' dir='ltr'><strong>qua:</strong></span> <span class='ocrx_word' id='word_1_207' title='bbox 3697 599 3723 638; x_wconf 89' lang='lat' dir='ltr'><strong>a</strong></span> <span class='ocrx_word' id='word_1_208' title='bbox 3741 588 3859 642; x_wconf 87' lang='lat' dir='ltr'><strong>nobis</strong></span> 
     </span>
    </p>
   </div>
   <div class='ocr_carea' id='block_1_35' title="bbox 2333 667 3859 740">
    <p class='ocr_par' dir='ltr' id='par_1_35' title="bbox 2333 667 3859 740">
     <span class='ocr_line' id='line_1_35' title="bbox 2333 667 3859 740; baseline 0.01 -20"><span class='ocrx_word' id='word_1_209' title='bbox 2333 667 2697 734; x_wconf 88' lang='lat' dir='ltr'><strong>superioribus</strong></span> <span class='ocrx_word' id='word_1_210' title='bbox 2713 669 2953 723; x_wconf 88' lang='lat' dir='ltr'><strong>conciliis</strong></span> <span class='ocrx_word' id='word_1_211' title='bbox 2975 670 3217 738; x_wconf 89' lang='lat' dir='ltr'><strong>legaliter</strong></span> <span class='ocrx_word' id='word_1_212' title='bbox 3231 669 3447 727; x_wconf 85' lang='lat' dir='ltr'><strong>deﬁnita</strong></span> <span class='ocrx_word' id='word_1_213' title='bbox 3475 684 3764 740; x_wconf 85' lang='lat' dir='ltr'><strong>noscuntur,</strong></span> <span class='ocrx_word' id='word_1_214' title='bbox 3779 696 3859 734; x_wconf 83' lang='lat' dir='ltr'><strong>non</strong></span> 
     </span>
    </p>
   </div>
   <div class='ocr_carea' id='block_1_36' title="bbox 2333 759 3858 830">
    <p class='ocr_par' dir='ltr' id='par_1_36' title="bbox 2333 759 3858 830">
     <span class='ocr_line' id='line_1_36' title="bbox 2333 759 3858 830; baseline 0.008 -20"><span class='ocrx_word' id='word_1_215' title='bbox 2333 759 2505 811; x_wconf 90' lang='lat' dir='ltr'><strong>solum</strong></span> <span class='ocrx_word' id='word_1_216' title='bbox 2534 773 2800 815; x_wconf 90' lang='lat' dir='ltr'><strong>consensu</strong></span> <span class='ocrx_word' id='word_1_217' title='bbox 2828 769 3009 815; x_wconf 89' lang='lat' dir='ltr'><strong>vestro</strong></span> <span class='ocrx_word' id='word_1_218' title='bbox 3056 761 3140 816; x_wconf 91' lang='lat' dir='ltr'><strong>his</strong></span> <span class='ocrx_word' id='word_1_219' title='bbox 3169 763 3334 830; x_wconf 90' lang='lat' dir='ltr'><strong>actis,</strong></span> <span class='ocrx_word' id='word_1_220' title='bbox 3378 779 3564 817; x_wconf 88' lang='lat' dir='ltr'><strong>verum</strong></span> <span class='ocrx_word' id='word_1_221' title='bbox 3594 774 3644 819; x_wconf 91' lang='lat' dir='ltr'><strong>et</strong></span> <span class='ocrx_word' id='word_1_222' title='bbox 3669 768 3858 823; x_wconf 85' lang='lat' dir='ltr'><strong>subscri-</strong></span> 
     </span>
    </p>
   </div>
   <div class='ocr_carea' id='block_1_37' title="bbox 2334 850 3855 927">
    <p class='ocr_par' dir='ltr' id='par_1_37' title="bbox 2334 850 3855 927">
     <span class='ocr_line' id='line_1_37' title="bbox 2334 850 3855 927; baseline 0.007 -25"><span class='ocrx_word' id='word_1_223' title='bbox 2334 850 2605 919; x_wconf 84' lang='lat' dir='ltr'><strong>ptionibus</strong></span> <span class='ocrx_word' id='word_1_224' title='bbox 2650 851 3020 907; x_wconf 86' lang='lat' dir='ltr'><strong>manifestetis.</strong></span> <span class='ocrx_word' id='word_1_225' title='bbox 3068 851 3368 923; x_wconf 83' lang='lat' dir='ltr'><strong>Xantippus</strong></span> <span class='ocrx_word' id='word_1_226' title='bbox 3411 856 3685 924; x_wconf 87' lang='lat' dir='ltr'><strong>episcopus</strong></span> <span class='ocrx_word' id='word_1_227' title='bbox 3711 860 3855 927; x_wconf 77' lang='lat' dir='ltr'><strong>prima:</strong></span> 
     </span>
    </p>
   </div>
   <div class='ocr_carea' id='block_1_38' title="bbox 2332 939 3858 1015">
    <p class='ocr_par' dir='ltr' id='par_1_38' title="bbox 2332 939 3858 1015">
     <span class='ocr_line' id='line_1_38' title="bbox 2332 939 3858 1015; baseline 0.008 -21"><span class='ocrx_word' id='word_1_228' title='bbox 2332 939 2476 994; x_wconf 77' lang='lat' dir='ltr'><strong>sedis</strong></span> <span class='ocrx_word' id='word_1_229' title='bbox 2512 940 2775 996; x_wconf 71' lang='lat' dir='ltr'><strong>Numiditc</strong></span> <span class='ocrx_word' id='word_1_230' title='bbox 2818 941 2954 997; x_wconf 77' lang='lat' dir='ltr'><strong>dixit</strong></span> <span class='ocrx_word' id='word_1_231' title='bbox 2987 962 2998 996; x_wconf 94' lang='lat'><strong>:</strong></span> <span class='ocrx_word' id='word_1_232' title='bbox 3032 943 3206 999; x_wconf 85' lang='lat' dir='ltr'><strong>Credo</strong></span> <span class='ocrx_word' id='word_1_233' title='bbox 3235 949 3374 1015; x_wconf 88' lang='lat' dir='ltr'><strong>quod</strong></span> <span class='ocrx_word' id='word_1_234' title='bbox 3416 948 3561 1000; x_wconf 91' lang='lat' dir='ltr'><strong>omni</strong></span> <span class='ocrx_word' id='word_1_235' title='bbox 3593 948 3858 1007; x_wconf 82' lang='lat' dir='ltr'><strong>fraternitati</strong></span> 
     </span>
    </p>
   </div>
   <div class='ocr_carea' id='block_1_39' title="bbox 2325 1031 3858 1103">
    <p class='ocr_par' dir='ltr' id='par_1_39' title="bbox 2325 1031 3858 1103">
     <span class='ocr_line' id='line_1_39' title="bbox 2325 1031 3858 1103; baseline 0.01 -22"><span class='ocrx_word' id='word_1_236' title='bbox 2325 1031 2530 1100; x_wconf 79' lang='lat' dir='ltr'><strong>placuit</strong></span> <span class='ocrx_word' id='word_1_237' title='bbox 2559 1041 2615 1086; x_wconf 89' lang='lat' dir='ltr'><strong>et</strong></span> <span class='ocrx_word' id='word_1_238' title='bbox 2636 1042 2833 1087; x_wconf 88' lang='lat' dir='ltr'><strong>statuta</strong></span> <span class='ocrx_word' id='word_1_239' title='bbox 2862 1049 2956 1088; x_wconf 88' lang='lat' dir='ltr'><strong>sua</strong></span> <span class='ocrx_word' id='word_1_240' title='bbox 2987 1051 3146 1088; x_wconf 90' lang='lat' dir='ltr'><strong>manu</strong></span> <span class='ocrx_word' id='word_1_241' title='bbox 3171 1035 3642 1103; x_wconf 86' lang='lat' dir='ltr'><strong>conﬁrmaverunt,</strong></span> <span class='ocrx_word' id='word_1_242' title='bbox 3669 1041 3858 1096; x_wconf 84' lang='lat' dir='ltr'><strong>subscri-</strong></span> 
     </span>
    </p>
   </div>
   <div class='ocr_carea' id='block_1_40' title="bbox 2332 1123 3859 1197">
    <p class='ocr_par' dir='ltr' id='par_1_40' title="bbox 2332 1123 3859 1197">
     <span class='ocr_line' id='line_1_40' title="bbox 2332 1123 3859 1197; baseline 0.006 -19"><span class='ocrx_word' id='word_1_243' title='bbox 2332 1123 2508 1180; x_wconf 91' lang='lat' dir='ltr'><strong>bendo</strong></span> <span class='ocrx_word' id='word_1_244' title='bbox 2535 1127 2698 1180; x_wconf 88' lang='lat' dir='ltr'><strong>etiam</strong></span> <span class='ocrx_word' id='word_1_245' title='bbox 2729 1129 2884 1184; x_wconf 90' lang='lat' dir='ltr'><strong>nobis</strong></span> <span class='ocrx_word' id='word_1_246' title='bbox 2915 1128 3126 1196; x_wconf 84' lang='lat' dir='ltr'><strong>placere</strong></span> <span class='ocrx_word' id='word_1_247' title='bbox 3164 1143 3351 1197; x_wconf 81' lang='lat' dir='ltr'><strong>posse,</strong></span> <span class='ocrx_word' id='word_1_248' title='bbox 3386 1139 3442 1183; x_wconf 90' lang='lat' dir='ltr'><strong>et</strong></span> <span class='ocrx_word' id='word_1_249' title='bbox 3471 1138 3647 1184; x_wconf 89' lang='lat' dir='ltr'><strong>nostra</strong></span> <span class='ocrx_word' id='word_1_250' title='bbox 3675 1131 3859 1187; x_wconf 87' lang='lat' dir='ltr'><strong>subscri-</strong></span> 
     </span>
    </p>
   </div>
   <div class='ocr_carea' id='block_1_41' title="bbox 2333 1211 3858 1290">
    <p class='ocr_par' dir='ltr' id='par_1_41' title="bbox 2333 1211 3858 1290">
     <span class='ocr_line' id='line_1_41' title="bbox 2333 1211 3858 1290; baseline 0.007 -22"><span class='ocrx_word' id='word_1_251' title='bbox 2333 1217 2516 1286; x_wconf 90' lang='lat' dir='ltr'><strong>ptione</strong></span> <span class='ocrx_word' id='word_1_252' title='bbox 2561 1211 2850 1271; x_wconf 88' lang='lat' dir='ltr'><strong>ﬁrmamus.</strong></span> <span class='ocrx_word' id='word_1_253' title='bbox 2912 1218 3148 1273; x_wconf 85' lang='lat' dir='ltr'><strong>Nicetius</strong></span> <span class='ocrx_word' id='word_1_254' title='bbox 3193 1221 3482 1289; x_wconf 87' lang='lat' dir='ltr'><strong>episcopus</strong></span> <span class='ocrx_word' id='word_1_255' title='bbox 3535 1223 3708 1290; x_wconf 69' lang='lat' dir='ltr'><strong>primre</strong></span> <span class='ocrx_word' id='word_1_256' title='bbox 3751 1221 3858 1278; x_wconf 84' lang='lat' dir='ltr'><strong>sedis</strong></span> 
     </span>
    </p>
   </div>
   <div class='ocr_carea' id='block_1_42' title="bbox 2333 1308 3856 1377">
    <p class='ocr_par' dir='ltr' id='par_1_42' title="bbox 2333 1308 3856 1377">
     <span class='ocr_line' id='line_1_42' title="bbox 2333 1308 3856 1377; baseline 0.003 -15"><span class='ocrx_word' id='word_1_257' title='bbox 2333 1308 2664 1364; x_wconf 70' lang='lat' dir='ltr'><strong>Mauritanim</strong></span> <span class='ocrx_word' id='word_1_258' title='bbox 2681 1309 2947 1366; x_wconf 86' lang='lat' dir='ltr'><strong>Sitifensis</strong></span> <span class='ocrx_word' id='word_1_259' title='bbox 2958 1310 3092 1364; x_wconf 80' lang='lat' dir='ltr'><strong>dixit</strong></span> <span class='ocrx_word' id='word_1_260' title='bbox 3109 1330 3120 1362; x_wconf 89' lang='lat'><strong>:</strong></span> <span class='ocrx_word' id='word_1_261' title='bbox 3141 1311 3268 1377; x_wconf 79' lang='lat' dir='ltr'><strong>Qua:</strong></span> <span class='ocrx_word' id='word_1_262' title='bbox 3286 1313 3513 1366; x_wconf 87' lang='lat' dir='ltr'><strong>recitata</strong></span> <span class='ocrx_word' id='word_1_263' title='bbox 3533 1323 3652 1367; x_wconf 83' lang='lat' dir='ltr'><strong>sunt</strong></span> <span class='ocrx_word' id='word_1_264' title='bbox 3668 1313 3856 1376; x_wconf 80' lang='lat' dir='ltr'><strong>decreta,</strong></span> 
     </span>
    </p>
   </div>
   <div class='ocr_carea' id='block_1_43' title="bbox 2331 1402 3858 1475">
    <p class='ocr_par' dir='ltr' id='par_1_43' title="bbox 2331 1402 3858 1475">
     <span class='ocr_line' id='line_1_43' title="bbox 2331 1402 3858 1475; baseline 0.004 -21"><span class='ocrx_word' id='word_1_265' title='bbox 2331 1402 2587 1470; x_wconf 89' lang='lat' dir='ltr'><strong>quoniam</strong></span> <span class='ocrx_word' id='word_1_266' title='bbox 2617 1404 2828 1458; x_wconf 89' lang='lat' dir='ltr'><strong>ratione</strong></span> <span class='ocrx_word' id='word_1_267' title='bbox 2859 1419 2964 1458; x_wconf 91' lang='lat' dir='ltr'><strong>non</strong></span> <span class='ocrx_word' id='word_1_268' title='bbox 2995 1413 3198 1465; x_wconf 88' lang='lat' dir='ltr'><strong>carent,</strong></span> <span class='ocrx_word' id='word_1_269' title='bbox 3225 1413 3274 1458; x_wconf 91' lang='lat' dir='ltr'><strong>et</strong></span> <span class='ocrx_word' id='word_1_270' title='bbox 3306 1414 3433 1458; x_wconf 89' lang='lat' dir='ltr'><strong>sunt</strong></span> <span class='ocrx_word' id='word_1_271' title='bbox 3458 1407 3734 1475; x_wconf 75' lang='lat' dir='ltr'><strong>approbata</strong></span> <span class='ocrx_word' id='word_1_272' title='bbox 3760 1424 3858 1460; x_wconf 84' lang='lat' dir='ltr'><strong>cun-</strong></span> 
     </span>
    </p>
   </div>
   <div class='ocr_carea' id='block_1_44' title="bbox 2331 1493 3860 1567">
    <p class='ocr_par' dir='ltr' id='par_1_44' title="bbox 2331 1493 3860 1567">
     <span class='ocr_line' id='line_1_44' title="bbox 2331 1493 3860 1567; baseline 0.002 -19"><span class='ocrx_word' id='word_1_273' title='bbox 2331 1493 2448 1558; x_wconf 90' lang='lat' dir='ltr'><strong>ctis,</strong></span> <span class='ocrx_word' id='word_1_274' title='bbox 2472 1494 2632 1547; x_wconf 89' lang='lat' dir='ltr'><strong>etiam</strong></span> <span class='ocrx_word' id='word_1_275' title='bbox 2657 1505 2711 1548; x_wconf 92' lang='lat' dir='ltr'><strong>et</strong></span> <span class='ocrx_word' id='word_1_276' title='bbox 2734 1510 2864 1548; x_wconf 83' lang='lat' dir='ltr'><strong>mea:</strong></span> <span class='ocrx_word' id='word_1_277' title='bbox 2886 1496 3134 1564; x_wconf 89' lang='lat' dir='ltr'><strong>parvitati</strong></span> <span class='ocrx_word' id='word_1_278' title='bbox 3153 1496 3278 1550; x_wconf 72' lang='lat' dir='ltr'><strong>lucc</strong></span> <span class='ocrx_word' id='word_1_279' title='bbox 3301 1496 3536 1565; x_wconf 83' lang='lat' dir='ltr'><strong>placent,</strong></span> <span class='ocrx_word' id='word_1_280' title='bbox 3561 1512 3671 1566; x_wconf 64' lang='lat' dir='ltr'><strong>qure</strong></span> <span class='ocrx_word' id='word_1_281' title='bbox 3691 1497 3860 1567; x_wconf 83' lang='lat' dir='ltr'><strong>quidem</strong></span> 
     </span>
    </p>
   </div>
   <div class='ocr_carea' id='block_1_45' title="bbox 2331 1584 3233 1655">
    <p class='ocr_par' dir='ltr' id='par_1_45' title="bbox 2331 1584 3233 1655">
     <span class='ocr_line' id='line_1_45' title="bbox 2331 1584 3233 1655; baseline 0.006 -18"><span class='ocrx_word' id='word_1_282' title='bbox 2331 1584 2546 1654; x_wconf 91' lang='lat' dir='ltr'><strong>propria</strong></span> <span class='ocrx_word' id='word_1_283' title='bbox 2570 1587 2960 1655; x_wconf 89' lang='lat' dir='ltr'><strong>subscriptione</strong></span> <span class='ocrx_word' id='word_1_284' title='bbox 2989 1587 3233 1642; x_wconf 87' lang='lat' dir='ltr'><strong>tlrmabo.</strong></span> 
     </span>
    </p>
   </div>
   <div class='ocr_carea' id='block_1_46' title="bbox 2331 1697 3861 1771">
    <p class='ocr_par' dir='ltr' id='par_1_46' title="bbox 2331 1697 3861 1771">
     <span class='ocr_line' id='line_1_46' title="bbox 2331 1697 3861 1771; baseline 0.001 -19"><span class='ocrx_word' id='word_1_285' title='bbox 2331 1697 2410 1752; x_wconf 87' lang='lat' dir='ltr'><strong>De</strong></span> <span class='ocrx_word' id='word_1_286' title='bbox 2431 1699 2801 1771; x_wconf 85' lang='lat' dir='ltr'><strong>episcoporum</strong></span> <span class='ocrx_word' id='word_1_287' title='bbox 2817 1699 3020 1766; x_wconf 85' lang='lat' dir='ltr'><strong>ordine,</strong></span> <span class='ocrx_word' id='word_1_288' title='bbox 3048 1709 3103 1753; x_wconf 86' lang='lat' dir='ltr'><strong>ut</strong></span> <span class='ocrx_word' id='word_1_289' title='bbox 3129 1701 3215 1771; x_wconf 86' lang='lat' dir='ltr'><strong>qui</strong></span> <span class='ocrx_word' id='word_1_290' title='bbox 3245 1702 3504 1770; x_wconf 74' lang='lat' dir='ltr'><strong>posterius</strong></span> <span class='ocrx_word' id='word_1_291' title='bbox 3525 1701 3732 1754; x_wconf 75' lang='lat' dir='ltr'><strong>ordinati</strong></span> <span class='ocrx_word' id='word_1_292' title='bbox 3753 1707 3861 1769; x_wconf 76' lang='lat' dir='ltr'><strong>sunt,</strong></span> 
     </span>
    </p>
   </div>
   <div class='ocr_carea' id='block_1_47' title="bbox 2621 1770 3629 1842">
    <p class='ocr_par' dir='ltr' id='par_1_47' title="bbox 2621 1770 3629 1842">
     <span class='ocr_line' id='line_1_47' title="bbox 2621 1770 3629 1842; baseline 0.001 -19"><span class='ocrx_word' id='word_1_293' title='bbox 2621 1770 2879 1838; x_wconf 84' lang='lat' dir='ltr'><strong>prioribus</strong></span> <span class='ocrx_word' id='word_1_294' title='bbox 2899 1786 2956 1824; x_wconf 82' lang='lat' dir='ltr'><strong>se</strong></span> <span class='ocrx_word' id='word_1_295' title='bbox 2979 1787 3079 1823; x_wconf 88' lang='lat' dir='ltr'><strong>non</strong></span> <span class='ocrx_word' id='word_1_296' title='bbox 3103 1770 3326 1823; x_wconf 68' lang='lat' dir='ltr'><strong>audeant</strong></span> <span class='ocrx_word' id='word_1_297' title='bbox 3349 1775 3629 1842; x_wconf 78' lang='lat' dir='ltr'><strong>anteferre.</strong></span> 
     </span>
    </p>
   </div>
   <div class='ocr_carea' id='block_1_48' title="bbox 2399 1878 3861 1953">
    <p class='ocr_par' dir='ltr' id='par_1_48' title="bbox 2399 1878 3861 1953">
     <span class='ocr_line' id='line_1_48' title="bbox 2399 1878 3861 1953; baseline 0.001 -18"><span class='ocrx_word' id='word_1_298' title='bbox 2399 1878 2629 1936; x_wconf 78' lang='lat' dir='ltr'><strong>XXCVl.</strong></span> <span class='ocrx_word' id='word_1_299' title='bbox 2662 1881 2978 1937; x_wconf 80' lang='lat' dir='ltr'><strong>Valentinus</strong></span> <span class='ocrx_word' id='word_1_300' title='bbox 3015 1882 3300 1951; x_wconf 89' lang='lat' dir='ltr'><strong>episcopus</strong></span> <span class='ocrx_word' id='word_1_301' title='bbox 3327 1881 3470 1937; x_wconf 76' lang='lat' dir='ltr'><strong>dixit</strong></span> <span class='ocrx_word' id='word_1_302' title='bbox 3505 1902 3517 1936; x_wconf 93' lang='lat'><strong>:</strong></span> <span class='ocrx_word' id='word_1_303' title='bbox 3562 1881 3616 1938; x_wconf 91' lang='lat' dir='ltr'><strong>Si</strong></span> <span class='ocrx_word' id='word_1_304' title='bbox 3650 1884 3861 1953; x_wconf 83' lang='lat' dir='ltr'><strong>permittit</strong></span> 
     </span>
    </p>
   </div>
   <div class='ocr_carea' id='block_1_49' title="bbox 2327 1971 3860 2044">
    <p class='ocr_par' dir='ltr' id='par_1_49' title="bbox 2327 1971 3860 2044">
     <span class='ocr_line' id='line_1_49' title="bbox 2327 1971 3860 2044; baseline 0.001 -18"><span class='ocrx_word' id='word_1_305' title='bbox 2327 1971 2526 2027; x_wconf 85' lang='lat' dir='ltr'><strong>bonum</strong></span> <span class='ocrx_word' id='word_1_306' title='bbox 2569 1972 2842 2042; x_wconf 74' lang='lat' dir='ltr'><strong>patientia:</strong></span> <span class='ocrx_word' id='word_1_307' title='bbox 2869 1981 3092 2041; x_wconf 67' lang='lat' dir='ltr'><strong>vestrae,</strong></span> <span class='ocrx_word' id='word_1_308' title='bbox 3122 1989 3426 2044; x_wconf 87' lang='lat' dir='ltr'><strong>prosequor</strong></span> <span class='ocrx_word' id='word_1_309' title='bbox 3478 1989 3539 2029; x_wconf 90' lang='lat' dir='ltr'><strong>ea</strong></span> <span class='ocrx_word' id='word_1_310' title='bbox 3577 1989 3686 2043; x_wconf 78' lang='lat' dir='ltr'><strong>qua:</strong></span> <span class='ocrx_word' id='word_1_311' title='bbox 3710 1984 3860 2044; x_wconf 61' lang='lat' dir='ltr'><strong>practe-</strong></span> 
     </span>
    </p>
   </div>
   <div class='ocr_carea' id='block_1_50' title="bbox 2325 2063 3862 2135">
    <p class='ocr_par' dir='ltr' id='par_1_50' title="bbox 2325 2063 3862 2135">
     <span class='ocr_line' id='line_1_50' title="bbox 2325 2063 3862 2135; baseline 0.001 -19"><span class='ocrx_word' id='word_1_312' title='bbox 2325 2064 2430 2117; x_wconf 92' lang='lat' dir='ltr'><strong>rito</strong></span> <span class='ocrx_word' id='word_1_313' title='bbox 2462 2071 2704 2133; x_wconf 90' lang='lat' dir='ltr'><strong>tempore</strong></span> <span class='ocrx_word' id='word_1_314' title='bbox 2725 2064 2776 2120; x_wconf 91' lang='lat' dir='ltr'><strong>in</strong></span> <span class='ocrx_word' id='word_1_315' title='bbox 2808 2063 3044 2120; x_wconf 87' lang='lat' dir='ltr'><strong>Ecclesia</strong></span> <span class='ocrx_word' id='word_1_316' title='bbox 3073 2064 3489 2132; x_wconf 72' lang='lat' dir='ltr'><strong>Carthaginiensi</strong></span> <span class='ocrx_word' id='word_1_317' title='bbox 3511 2075 3653 2135; x_wconf 87' lang='lat' dir='ltr'><strong>gesta</strong></span> <span class='ocrx_word' id='word_1_318' title='bbox 3680 2073 3800 2128; x_wconf 88' lang='lat' dir='ltr'><strong>sunt,</strong></span> <span class='ocrx_word' id='word_1_319' title='bbox 3823 2075 3862 2119; x_wconf 82' lang='lat' dir='ltr'><strong>et</strong></span> 
     </span>
    </p>
   </div>
   <div class='ocr_carea' id='block_1_51' title="bbox 2325 2156 3860 2226">
    <p class='ocr_par' dir='ltr' id='par_1_51' title="bbox 2325 2156 3860 2226">
     <span class='ocr_line' id='line_1_51' title="bbox 2325 2156 3860 2226; baseline 0 -17"><span class='ocrx_word' id='word_1_320' title='bbox 2325 2156 2809 2226; x_wconf 88' lang='lat' dir='ltr'><strong>subscriptionibus</strong></span> <span class='ocrx_word' id='word_1_321' title='bbox 2840 2157 3061 2210; x_wconf 78' lang='lat' dir='ltr'><strong>fratrum</strong></span> <span class='ocrx_word' id='word_1_322' title='bbox 3111 2157 3316 2211; x_wconf 89' lang='lat' dir='ltr'><strong>ﬁrmata</strong></span> <span class='ocrx_word' id='word_1_323' title='bbox 3363 2157 3696 2222; x_wconf 87' lang='lat' dir='ltr'><strong>claruerunt,</strong></span> <span class='ocrx_word' id='word_1_324' title='bbox 3736 2157 3860 2210; x_wconf 82' lang='lat' dir='ltr'><strong>etiam</strong></span> 
     </span>
    </p>
   </div>
   <div class='ocr_carea' id='block_1_52' title="bbox 2326 2248 3858 2319">
    <p class='ocr_par' dir='ltr' id='par_1_52' title="bbox 2326 2248 3858 2319">
     <span class='ocr_line' id='line_1_52' title="bbox 2326 2248 3858 2319; baseline -0.002 -16"><span class='ocrx_word' id='word_1_325' title='bbox 2326 2265 2424 2304; x_wconf 92' lang='lat' dir='ltr'><strong>nos</strong></span> <span class='ocrx_word' id='word_1_326' title='bbox 2464 2249 2567 2304; x_wconf 91' lang='lat' dir='ltr'><strong>boc</strong></span> <span class='ocrx_word' id='word_1_327' title='bbox 2607 2257 2914 2304; x_wconf 88' lang='lat' dir='ltr'><strong>servaturos</strong></span> <span class='ocrx_word' id='word_1_328' title='bbox 2933 2265 3057 2305; x_wconf 88' lang='lat' dir='ltr'><strong>esse</strong></span> <span class='ocrx_word' id='word_1_329' title='bbox 3085 2249 3341 2319; x_wconf 89' lang='lat' dir='ltr'><strong>proﬁteor</strong></span> <span class='ocrx_word' id='word_1_330' title='bbox 3372 2267 3386 2302; x_wconf 91' lang='lat'><strong>:</strong></span> <span class='ocrx_word' id='word_1_331' title='bbox 3416 2249 3512 2304; x_wconf 87' lang='lat' dir='ltr'><strong>sed</strong></span> <span class='ocrx_word' id='word_1_332' title='bbox 3541 2249 3661 2303; x_wconf 89' lang='lat' dir='ltr'><strong>illud</strong></span> <span class='ocrx_word' id='word_1_333' title='bbox 3686 2248 3858 2308; x_wconf 79' lang='lat' dir='ltr'><strong>sciurus,</strong></span> 
     </span>
    </p>
   </div>
   <div class='ocr_carea' id='block_1_53' title="bbox 2324 2339 3856 2409">
    <p class='ocr_par' dir='ltr' id='par_1_53' title="bbox 2324 2339 3856 2409">
     <span class='ocr_line' id='line_1_53' title="bbox 2324 2339 3856 2409; baseline -0.002 -17"><span class='ocrx_word' id='word_1_334' title='bbox 2324 2339 2578 2393; x_wconf 77' lang='lat' dir='ltr'><strong>inviolate</strong></span> <span class='ocrx_word' id='word_1_335' title='bbox 2599 2355 2812 2409; x_wconf 89' lang='lat' dir='ltr'><strong>semper</strong></span> <span class='ocrx_word' id='word_1_336' title='bbox 2834 2341 3096 2394; x_wconf 85' lang='lat' dir='ltr'><strong>mansisse</strong></span> <span class='ocrx_word' id='word_1_337' title='bbox 3122 2340 3543 2395; x_wconf 76' lang='lat' dir='ltr'><strong>ecclesiasticam</strong></span> <span class='ocrx_word' id='word_1_338' title='bbox 3561 2339 3856 2409; x_wconf 80' lang='lat' dir='ltr'><strong>disciplinam,</strong></span> 
     </span>
    </p>
   </div>
   <div class='ocr_carea' id='block_1_54' title="bbox 2323 2428 3858 2500">
    <p class='ocr_par' dir='ltr' id='par_1_54' title="bbox 2323 2428 3858 2500">
     <span class='ocr_line' id='line_1_54' title="bbox 2323 2428 3858 2500; baseline -0.005 -13"><span class='ocrx_word' id='word_1_339' title='bbox 2323 2433 2394 2487; x_wconf 90' lang='lat' dir='ltr'><strong>ita</strong></span> <span class='ocrx_word' id='word_1_340' title='bbox 2426 2439 2483 2485; x_wconf 90' lang='lat' dir='ltr'><strong>ut</strong></span> <span class='ocrx_word' id='word_1_341' title='bbox 2512 2431 2686 2486; x_wconf 89' lang='lat' dir='ltr'><strong>nullus</strong></span> <span class='ocrx_word' id='word_1_342' title='bbox 2709 2432 2933 2484; x_wconf 80' lang='lat' dir='ltr'><strong>fratrum</strong></span> <span class='ocrx_word' id='word_1_343' title='bbox 2961 2431 3232 2500; x_wconf 90' lang='lat' dir='ltr'><strong>prioribus</strong></span> <span class='ocrx_word' id='word_1_344' title='bbox 3267 2431 3381 2486; x_wconf 88' lang='lat' dir='ltr'><strong>suis</strong></span> <span class='ocrx_word' id='word_1_345' title='bbox 3411 2447 3471 2484; x_wconf 87' lang='lat' dir='ltr'><strong>se</strong></span> <span class='ocrx_word' id='word_1_346' title='bbox 3505 2428 3766 2499; x_wconf 87' lang='lat' dir='ltr'><strong>aliquando</strong></span> <span class='ocrx_word' id='word_1_347' title='bbox 3787 2443 3858 2480; x_wconf 84' lang='lat' dir='ltr'><strong>au-</strong></span> 
     </span>
    </p>
   </div>
   <div class='ocr_carea' id='block_1_55' title="bbox 2322 2521 3857 2594">
    <p class='ocr_par' dir='ltr' id='par_1_55' title="bbox 2322 2521 3857 2594">
     <span class='ocr_line' id='line_1_55' title="bbox 2322 2521 3857 2594; baseline -0.004 -16"><span class='ocrx_word' id='word_1_348' title='bbox 2322 2523 2476 2579; x_wconf 89' lang='lat' dir='ltr'><strong>deret</strong></span> <span class='ocrx_word' id='word_1_349' title='bbox 2521 2533 2886 2594; x_wconf 87' lang='lat' dir='ltr'><strong>anteponere;</strong></span> <span class='ocrx_word' id='word_1_350' title='bbox 2936 2523 3032 2578; x_wconf 87' lang='lat' dir='ltr'><strong>sed</strong></span> <span class='ocrx_word' id='word_1_351' title='bbox 3077 2521 3267 2577; x_wconf 86' lang='lat' dir='ltr'><strong>ofﬁciis</strong></span> <span class='ocrx_word' id='word_1_352' title='bbox 3309 2522 3588 2577; x_wconf 88' lang='lat' dir='ltr'><strong>charitatis</strong></span> <span class='ocrx_word' id='word_1_353' title='bbox 3615 2522 3662 2576; x_wconf 86' lang='lat' dir='ltr'><strong>id</strong></span> <span class='ocrx_word' id='word_1_354' title='bbox 3690 2535 3857 2589; x_wconf 77' lang='lat' dir='ltr'><strong>semper</strong></span> 
     </span>
    </p>
   </div>
   <div class='ocr_carea' id='block_1_56' title="bbox 2321 2613 3856 2684">
    <p class='ocr_par' dir='ltr' id='par_1_56' title="bbox 2321 2613 3856 2684">
     <span class='ocr_line' id='line_1_56' title="bbox 2321 2613 3856 2684; baseline -0.006 -13"><span class='ocrx_word' id='word_1_355' title='bbox 2321 2615 2616 2671; x_wconf 75' lang='lat' dir='ltr'><strong>exbibitum</strong></span> <span class='ocrx_word' id='word_1_356' title='bbox 2644 2623 2727 2670; x_wconf 90' lang='lat' dir='ltr'><strong>est</strong></span> <span class='ocrx_word' id='word_1_357' title='bbox 2755 2614 3052 2684; x_wconf 91' lang='lat' dir='ltr'><strong>prioribus,</strong></span> <span class='ocrx_word' id='word_1_358' title='bbox 3073 2613 3213 2683; x_wconf 88' lang='lat' dir='ltr'><strong>quod</strong></span> <span class='ocrx_word' id='word_1_359' title='bbox 3239 2614 3290 2667; x_wconf 90' lang='lat' dir='ltr'><strong>in</strong></span> <span class='ocrx_word' id='word_1_360' title='bbox 3318 2613 3664 2682; x_wconf 87' lang='lat' dir='ltr'><strong>sequentibus</strong></span> <span class='ocrx_word' id='word_1_361' title='bbox 3688 2619 3856 2680; x_wconf 83' lang='lat' dir='ltr'><strong>gratan-</strong></span> 
     </span>
    </p>
   </div>
   <div class='ocr_carea' id='block_1_57' title="bbox 2318 2700 3855 2774">
    <p class='ocr_par' dir='ltr' id='par_1_57' title="bbox 2318 2700 3855 2774">
     <span class='ocr_line' id='line_1_57' title="bbox 2318 2700 3855 2774; baseline -0.004 -15"><span class='ocrx_word' id='word_1_362' title='bbox 2318 2713 2406 2759; x_wconf 87' lang='lat' dir='ltr'><strong>ter</strong></span> <span class='ocrx_word' id='word_1_363' title='bbox 2429 2718 2642 2774; x_wconf 87' lang='lat' dir='ltr'><strong>semper</strong></span> <span class='ocrx_word' id='word_1_364' title='bbox 2670 2704 3023 2774; x_wconf 84' lang='lat' dir='ltr'><strong>acciperetur.</strong></span> <span class='ocrx_word' id='word_1_365' title='bbox 3051 2702 3204 2758; x_wconf 87' lang='lat' dir='ltr'><strong>llunc</strong></span> <span class='ocrx_word' id='word_1_366' title='bbox 3233 2701 3485 2758; x_wconf 87' lang='lat' dir='ltr'><strong>ordinem</strong></span> <span class='ocrx_word' id='word_1_367' title='bbox 3505 2700 3855 2772; x_wconf 85' lang='lat' dir='ltr'><strong>jubeatsancti-</strong></span> 
     </span>
    </p>
   </div>
   <div class='ocr_carea' id='block_1_58' title="bbox 2322 2792 3848 2850">
    <p class='ocr_par' dir='ltr' id='par_1_58' title="bbox 2322 2792 3848 2850">
     <span class='ocr_line' id='line_1_58' title="bbox 2322 2792 3848 2850; baseline -0.005 -2"><span class='ocrx_word' id='word_1_368' title='bbox 2322 2803 2404 2850; x_wconf 89' lang='lat' dir='ltr'><strong>tas</strong></span> <span class='ocrx_word' id='word_1_369' title='bbox 2442 2804 2621 2849; x_wconf 85' lang='lat' dir='ltr'><strong>vestra</strong></span> <span class='ocrx_word' id='word_1_370' title='bbox 2660 2795 2850 2848; x_wconf 88' lang='lat' dir='ltr'><strong>melius</strong></span> <span class='ocrx_word' id='word_1_371' title='bbox 2889 2795 3083 2848; x_wconf 91' lang='lat' dir='ltr'><strong>vestris</strong></span> <span class='ocrx_word' id='word_1_372' title='bbox 3114 2794 3614 2850; x_wconf 88' lang='lat' dir='ltr'><strong>interlocutionibus</strong></span> <span class='ocrx_word' id='word_1_373' title='bbox 3635 2792 3848 2847; x_wconf 82' lang='lat' dir='ltr'><strong>roborari.</strong></span> 
     </span>
    </p>
   </div>
   <div class='ocr_carea' id='block_1_59' title="bbox 2325 2883 3852 2956">
    <p class='ocr_par' dir='ltr' id='par_1_59' title="bbox 2325 2883 3852 2956">
     <span class='ocr_line' id='line_1_59' title="bbox 2325 2883 3852 2956; baseline -0.003 -18"><span class='ocrx_word' id='word_1_374' title='bbox 2325 2885 2574 2940; x_wconf 83' lang='lat' dir='ltr'><strong>Aurelius</strong></span> <span class='ocrx_word' id='word_1_375' title='bbox 2603 2885 2888 2956; x_wconf 90' lang='lat' dir='ltr'><strong>episcopus</strong></span> <span class='ocrx_word' id='word_1_376' title='bbox 2917 2884 3051 2938; x_wconf 80' lang='lat' dir='ltr'><strong>dixit</strong></span> <span class='ocrx_word' id='word_1_377' title='bbox 3081 2903 3092 2937; x_wconf 89' lang='lat'><strong>:</strong></span> <span class='ocrx_word' id='word_1_378' title='bbox 3127 2884 3242 2938; x_wconf 76' lang='lat' dir='ltr'><strong>Non</strong></span> <span class='ocrx_word' id='word_1_379' title='bbox 3271 2883 3535 2940; x_wconf 90' lang='lat' dir='ltr'><strong>decuerat</strong></span> <span class='ocrx_word' id='word_1_380' title='bbox 3579 2883 3774 2954; x_wconf 88' lang='lat' dir='ltr'><strong>quidem</strong></span> <span class='ocrx_word' id='word_1_381' title='bbox 3810 2889 3852 2934; x_wconf 88' lang='lat' dir='ltr'><strong>ut</strong></span> 
     </span>
    </p>
   </div>
   <div class='ocr_carea' id='block_1_60' title="bbox 2321 2976 3850 3048">
    <p class='ocr_par' dir='ltr' id='par_1_60' title="bbox 2321 2976 3850 3048">
     <span class='ocr_line' id='line_1_60' title="bbox 2321 2976 3850 3048; baseline -0.005 -14"><span class='ocrx_word' id='word_1_382' title='bbox 2321 2979 2436 3034; x_wconf 84' lang='lat' dir='ltr'><strong>ba:c</strong></span> <span class='ocrx_word' id='word_1_383' title='bbox 2459 2987 2846 3048; x_wconf 79' lang='lat' dir='ltr'><strong>repeteremus,</strong></span> <span class='ocrx_word' id='word_1_384' title='bbox 2877 2978 2976 3033; x_wconf 91' lang='lat' dir='ltr'><strong>nisi</strong></span> <span class='ocrx_word' id='word_1_385' title='bbox 3007 2976 3146 3031; x_wconf 90' lang='lat' dir='ltr'><strong>forte</strong></span> <span class='ocrx_word' id='word_1_386' title='bbox 3173 2978 3474 3032; x_wconf 75' lang='lat' dir='ltr'><strong>existerent</strong></span> <span class='ocrx_word' id='word_1_387' title='bbox 3502 2976 3850 3033; x_wconf 82' lang='lat' dir='ltr'><strong>inconsiderata:</strong></span> 
     </span>
    </p>
   </div>
   <div class='ocr_carea' id='block_1_61' title="bbox 2320 3065 3848 3138">
    <p class='ocr_par' dir='ltr' id='par_1_61' title="bbox 2320 3065 3848 3138">
     <span class='ocr_line' id='line_1_61' title="bbox 2320 3065 3848 3138; baseline -0.006 -13"><span class='ocrx_word' id='word_1_388' title='bbox 2320 3078 2530 3125; x_wconf 85' lang='lat' dir='ltr'><strong>mentes</strong></span> <span class='ocrx_word' id='word_1_389' title='bbox 2556 3065 2945 3138; x_wconf 85' lang='lat' dir='ltr'><strong>quorumdam,</strong></span> <span class='ocrx_word' id='word_1_390' title='bbox 2974 3084 3093 3138; x_wconf 82' lang='lat' dir='ltr'><strong>qua:</strong></span> <span class='ocrx_word' id='word_1_391' title='bbox 3133 3065 3203 3120; x_wconf 89' lang='lat' dir='ltr'><strong>ad</strong></span> <span class='ocrx_word' id='word_1_392' title='bbox 3235 3067 3348 3122; x_wconf 80' lang='lat' dir='ltr'><strong>lucc</strong></span> <span class='ocrx_word' id='word_1_393' title='bbox 3379 3068 3657 3122; x_wconf 86' lang='lat' dir='ltr'><strong>statuenda</strong></span> <span class='ocrx_word' id='word_1_394' title='bbox 3682 3075 3848 3120; x_wconf 86' lang='lat' dir='ltr'><strong>nostros</strong></span> 
     </span>
    </p>
   </div>
   <div class='ocr_carea' id='block_1_62' title="bbox 617 3142 3846 3227">
    <p class='ocr_par' dir='ltr' id='par_1_62' title="bbox 617 3142 3846 3227">
     <span class='ocr_line' id='line_1_62' title="bbox 617 3142 3846 3227; baseline -0.003 -9"><span class='ocrx_word' id='word_1_395' title='bbox 617 3145 705 3200; x_wconf 63' lang='grc' dir='ltr'><strong>δυ’</strong></span> <span class='ocrx_word' id='word_1_396' title='bbox 726 3147 790 3227; x_wconf 59' lang='grc' dir='ltr'><strong>ιφ</strong></span> <span class='ocrx_word' id='word_1_397' title='bbox 812 3147 1048 3217; x_wconf 56' lang='lat' dir='ltr'><strong>episcopo</strong></span> <span class='ocrx_word' id='word_1_398' title='bbox 1069 3142 1486 3227; x_wconf 61' lang='grc' dir='ltr'><strong>ίανιίέαθίηεῖηξίν</strong></span> <span class='ocrx_word' id='word_1_399' title='bbox 1512 3159 1624 3227; x_wconf 54' lang='grc' dir='ltr'><strong>ἒωη</strong></span> <span class='ocrx_word' id='word_1_400' title='bbox 1645 3159 1774 3227; x_wconf 59' lang='lat' dir='ltr'><strong>(&quot;mf</strong></span> <span class='ocrx_word' id='word_1_401' title='bbox 1800 3142 1972 3227; x_wconf 67' lang='grc' dir='ltr'><strong>[τιεῖζίτν</strong></span> <span class='ocrx_word' id='word_1_402' title='bbox 1988 3144 2214 3227; x_wconf 61' lang='grc' dir='ltr'><strong>(ξἠηίυῑη</strong></span> <span class='ocrx_word' id='word_1_403' title='bbox 2244 3151 2288 3214; x_wconf 90' lang='lat' dir='ltr'><strong>C</strong></span> <span class='ocrx_word' id='word_1_404' title='bbox 2319 3169 2578 3216; x_wconf 89' lang='lat' dir='ltr'><strong>acuerent</strong></span> <span class='ocrx_word' id='word_1_405' title='bbox 2603 3176 2824 3226; x_wconf 84' lang='lat' dir='ltr'><strong>sensus;</strong></span> <span class='ocrx_word' id='word_1_406' title='bbox 2853 3160 2947 3214; x_wconf 90' lang='lat' dir='ltr'><strong>sed</strong></span> <span class='ocrx_word' id='word_1_407' title='bbox 2966 3159 3266 3214; x_wconf 88' lang='lat' dir='ltr'><strong>communis</strong></span> <span class='ocrx_word' id='word_1_408' title='bbox 3291 3160 3408 3214; x_wconf 71' lang='lat' dir='ltr'><strong>haec</strong></span> <span class='ocrx_word' id='word_1_409' title='bbox 3434 3169 3696 3223; x_wconf 85' lang='lat' dir='ltr'><strong>causaest,</strong></span> <span class='ocrx_word' id='word_1_410' title='bbox 3723 3172 3846 3227; x_wconf 84' lang='lat' dir='ltr'><strong>quam</strong></span> 
     </span>
    </p>
   </div>
   <div class='ocr_carea' id='block_1_63' title="bbox 699 3211 2215 3339">
    <p class='ocr_par' dir='ltr' id='par_1_63' title="bbox 699 3211 2215 3339">
     <span class='ocr_line' id='line_1_63' title="bbox 699 3211 2215 3339; baseline -0.002 -70"><span class='ocrx_word' id='word_1_411' title='bbox 699 3211 1053 3339; x_wconf 57' lang='lat' dir='ltr'><strong>epi‘scoporum</strong></span> <span class='ocrx_word' id='word_1_412' title='bbox 1085 3211 1293 3268; x_wconf 72' lang='lat' dir='ltr'><strong>nomine</strong></span> <span class='ocrx_word' id='word_1_413' title='bbox 1337 3214 1592 3268; x_wconf 85' lang='lat' dir='ltr'><strong>dictentur</strong></span> <span class='ocrx_word' id='word_1_414' title='bbox 1616 3211 2082 3267; x_wconf 37' lang='lat' dir='ltr'><strong>et‘sitbscribantur</strong></span> <span class='ocrx_word' id='word_1_415' title='bbox 2106 3215 2215 3282; x_wconf 84' lang='lat' dir='ltr'><strong>epi-</strong></span> 
     </span>
     <span class='ocr_line' id='line_1_64' title="bbox 699 3297 866 3339; baseline 0 0"><span class='ocrx_word' id='word_1_416' title='bbox 699 3297 778 3339; x_wconf 83' lang='lat' dir='ltr'><strong>sto</strong></span> <span class='ocrx_word' id='word_1_417' title='bbox 802 3303 866 3339; x_wconf 76' lang='grc' dir='ltr'><strong>ω.</strong></span> 
     </span>
    </p>
   </div>
   <div class='ocr_carea' id='block_1_64' title="bbox 699 3297 866 3340">
    <p class='ocr_par' dir='ltr' id='par_1_64' title="bbox 699 3297 866 3340">
     <span class='ocr_line' id='line_1_65' title="bbox 699 3297 866 3340; baseline 0 0"><span class='ocrx_word' id='word_1_418' title='bbox 699 3297 866 3340; x_wconf 73' lang='grc' dir='ltr'><strong>ειοιω.</strong></span> 
     </span>
    </p>
   </div>
   <div class='ocr_carea' id='block_1_65' title="bbox 700 3375 2213 3446">
    <p class='ocr_par' dir='ltr' id='par_1_65' title="bbox 700 3375 2213 3446">
     <span class='ocr_line' id='line_1_66' title="bbox 700 3375 2213 3446; baseline -0.001 -13"><span class='ocrx_word' id='word_1_419' title='bbox 700 3377 907 3433; x_wconf 80' lang='lat' dir='ltr'><strong>XXCV.</strong></span> <span class='ocrx_word' id='word_1_420' title='bbox 961 3378 1040 3431; x_wconf 86' lang='lat' dir='ltr'><strong>Ab</strong></span> <span class='ocrx_word' id='word_1_421' title='bbox 1069 3377 1332 3432; x_wconf 88' lang='lat' dir='ltr'><strong>universis</strong></span> <span class='ocrx_word' id='word_1_422' title='bbox 1359 3377 1521 3431; x_wconf 92' lang='lat' dir='ltr'><strong>etiam</strong></span> <span class='ocrx_word' id='word_1_423' title='bbox 1558 3375 1824 3446; x_wconf 88' lang='lat' dir='ltr'><strong>episcopis</strong></span> <span class='ocrx_word' id='word_1_424' title='bbox 1862 3376 1931 3430; x_wconf 63' lang='lat' dir='ltr'><strong>die</strong></span> <span class='ocrx_word' id='word_1_425' title='bbox 1951 3385 2062 3430; x_wconf 90' lang='lat' dir='ltr'><strong>tum</strong></span> <span class='ocrx_word' id='word_1_426' title='bbox 2107 3385 2213 3445; x_wconf 90' lang='lat' dir='ltr'><strong>est,</strong></span> 
     </span>
    </p>
   </div>
   <div class='ocr_carea' id='block_1_66' title="bbox 631 3466 2211 3537">
    <p class='ocr_par' dir='ltr' id='par_1_66' title="bbox 631 3466 2211 3537">
     <span class='ocr_line' id='line_1_67' title="bbox 631 3466 2211 3537; baseline -0.002 -14"><span class='ocrx_word' id='word_1_427' title='bbox 631 3475 690 3524; x_wconf 91' lang='lat' dir='ltr'><strong>ut</strong></span> <span class='ocrx_word' id='word_1_428' title='bbox 735 3470 780 3522; x_wconf 87' lang='lat' dir='ltr'><strong>si</strong></span> <span class='ocrx_word' id='word_1_429' title='bbox 818 3483 937 3537; x_wconf 86' lang='lat' dir='ltr'><strong>qua:</strong></span> <span class='ocrx_word' id='word_1_430' title='bbox 987 3468 1180 3522; x_wconf 71' lang='lat' dir='ltr'><strong>littera:</strong></span> <span class='ocrx_word' id='word_1_431' title='bbox 1227 3467 1490 3522; x_wconf 78' lang='lat' dir='ltr'><strong>dictauda:</strong></span> <span class='ocrx_word' id='word_1_432' title='bbox 1531 3466 1582 3520; x_wconf 82' lang='lat' dir='ltr'><strong>in</strong></span> <span class='ocrx_word' id='word_1_433' title='bbox 1635 3467 1864 3521; x_wconf 84' lang='lat' dir='ltr'><strong>concilio</strong></span> <span class='ocrx_word' id='word_1_434' title='bbox 1894 3467 2211 3536; x_wconf 85' lang='lat' dir='ltr'><strong>placuerint,</strong></span> 
     </span>
    </p>
   </div>
   <div class='ocr_carea' id='block_1_67' title="bbox 629 3555 2213 3626">
    <p class='ocr_par' dir='ltr' id='par_1_67' title="bbox 629 3555 2213 3626">
     <span class='ocr_line' id='line_1_68' title="bbox 629 3555 2213 3626; baseline -0.001 -15"><span class='ocrx_word' id='word_1_435' title='bbox 629 3557 962 3611; x_wconf 81' lang='lat' dir='ltr'><strong>venerandus</strong></span> <span class='ocrx_word' id='word_1_436' title='bbox 986 3557 1269 3626; x_wconf 89' lang='lat' dir='ltr'><strong>episcopus</strong></span> <span class='ocrx_word' id='word_1_437' title='bbox 1299 3555 1391 3626; x_wconf 92' lang='lat' dir='ltr'><strong>qui</strong></span> <span class='ocrx_word' id='word_1_438' title='bbox 1413 3556 1535 3610; x_wconf 90' lang='lat' dir='ltr'><strong>huic</strong></span> <span class='ocrx_word' id='word_1_439' title='bbox 1555 3555 1669 3609; x_wconf 90' lang='lat' dir='ltr'><strong>sedi</strong></span> <span class='ocrx_word' id='word_1_440' title='bbox 1687 3557 1954 3625; x_wconf 57' lang='lat' dir='ltr'><strong>prasidet,</strong></span> <span class='ocrx_word' id='word_1_441' title='bbox 1973 3556 2213 3611; x_wconf 92' lang='lat' dir='ltr'><strong>omnium</strong></span> 
     </span>
    </p>
   </div>
   <div class='ocr_carea' id='block_1_68' title="bbox 614 3646 2214 3717">
    <p class='ocr_par' dir='ltr' id='par_1_68' title="bbox 614 3646 2214 3717">
     <span class='ocr_line' id='line_1_69' title="bbox 614 3646 2214 3717; baseline -0.002 -11"><span class='ocrx_word' id='word_1_442' title='bbox 614 3651 846 3706; x_wconf 87' lang='lat' dir='ltr'><strong>nomine</strong></span> <span class='ocrx_word' id='word_1_443' title='bbox 873 3649 1077 3703; x_wconf 88' lang='lat' dir='ltr'><strong>dictare</strong></span> <span class='ocrx_word' id='word_1_444' title='bbox 1115 3658 1171 3703; x_wconf 90' lang='lat' dir='ltr'><strong>et</strong></span> <span class='ocrx_word' id='word_1_445' title='bbox 1213 3648 1554 3708; x_wconf 66' lang='lat' dir='ltr'><strong>subscriben</strong></span> <span class='ocrx_word' id='word_1_446' title='bbox 1592 3646 1875 3717; x_wconf 76' lang='lat' dir='ltr'><strong>dignetur,</strong></span> <span class='ocrx_word' id='word_1_447' title='bbox 1921 3647 1974 3702; x_wconf 92' lang='lat' dir='ltr'><strong>in</strong></span> <span class='ocrx_word' id='word_1_448' title='bbox 2021 3647 2214 3717; x_wconf 89' lang='lat' dir='ltr'><strong>quibus</strong></span> 
     </span>
    </p>
   </div>
   <div class='ocr_carea' id='block_1_69' title="bbox 614 3741 2214 3812">
    <p class='ocr_par' dir='ltr' id='par_1_69' title="bbox 614 3741 2214 3812">
     <span class='ocr_line' id='line_1_70' title="bbox 614 3741 2214 3812; baseline -0.002 -14"><span class='ocrx_word' id='word_1_449' title='bbox 614 3744 788 3798; x_wconf 78' lang='lat' dir='ltr'><strong>etiam</strong></span> <span class='ocrx_word' id='word_1_450' title='bbox 815 3741 883 3796; x_wconf 88' lang='lat' dir='ltr'><strong>ad</strong></span> <span class='ocrx_word' id='word_1_451' title='bbox 907 3743 1191 3812; x_wconf 86' lang='lat' dir='ltr'><strong>episcopos</strong></span> <span class='ocrx_word' id='word_1_452' title='bbox 1231 3742 1457 3810; x_wconf 79' lang='lat' dir='ltr'><strong>legatos,</strong></span> <span class='ocrx_word' id='word_1_453' title='bbox 1490 3741 1581 3810; x_wconf 91' lang='lat' dir='ltr'><strong>qui</strong></span> <span class='ocrx_word' id='word_1_454' title='bbox 1609 3756 1708 3810; x_wconf 89' lang='lat' dir='ltr'><strong>per</strong></span> <span class='ocrx_word' id='word_1_455' title='bbox 1738 3741 2042 3810; x_wconf 86' lang='lat' dir='ltr'><strong>provincias</strong></span> <span class='ocrx_word' id='word_1_456' title='bbox 2071 3741 2214 3795; x_wconf 86' lang='lat' dir='ltr'><strong>Afri-</strong></span> 
     </span>
    </p>
   </div>
   <div class='ocr_carea' id='block_1_70' title="bbox 627 3834 2214 3904">
    <p class='ocr_par' dir='ltr' id='par_1_70' title="bbox 627 3834 2214 3904">
     <span class='ocr_line' id='line_1_71' title="bbox 627 3834 2214 3904; baseline -0.001 -14"><span class='ocrx_word' id='word_1_457' title='bbox 627 3850 790 3890; x_wconf 87' lang='lat' dir='ltr'><strong>canas</strong></span> <span class='ocrx_word' id='word_1_458' title='bbox 819 3835 872 3889; x_wconf 93' lang='lat' dir='ltr'><strong>in</strong></span> <span class='ocrx_word' id='word_1_459' title='bbox 901 3849 1061 3889; x_wconf 90' lang='lat' dir='ltr'><strong>causa</strong></span> <span class='ocrx_word' id='word_1_460' title='bbox 1108 3835 1508 3889; x_wconf 87' lang='lat' dir='ltr'><strong>Donatistarum</strong></span> <span class='ocrx_word' id='word_1_461' title='bbox 1540 3834 1781 3888; x_wconf 90' lang='lat' dir='ltr'><strong>mittendi</strong></span> <span class='ocrx_word' id='word_1_462' title='bbox 1813 3842 1968 3900; x_wconf 91' lang='lat' dir='ltr'><strong>sunt,</strong></span> <span class='ocrx_word' id='word_1_463' title='bbox 2014 3835 2214 3904; x_wconf 75' lang='lat' dir='ltr'><strong>placuit</strong></span> 
     </span>
    </p>
   </div>
   <div class='ocr_carea' id='block_1_71' title="bbox 626 3926 2210 3996">
    <p class='ocr_par' dir='ltr' id='par_1_71' title="bbox 626 3926 2210 3996">
     <span class='ocr_line' id='line_1_72' title="bbox 626 3926 2210 3996; baseline 0.001 -14"><span class='ocrx_word' id='word_1_464' title='bbox 626 3928 833 3984; x_wconf 89' lang='lat' dir='ltr'><strong>litteras</strong></span> <span class='ocrx_word' id='word_1_465' title='bbox 854 3926 970 3982; x_wconf 89' lang='lat' dir='ltr'><strong>dari</strong></span> <span class='ocrx_word' id='word_1_466' title='bbox 1000 3936 1240 3983; x_wconf 88' lang='lat' dir='ltr'><strong>tenorem</strong></span> <span class='ocrx_word' id='word_1_467' title='bbox 1271 3927 1509 3982; x_wconf 88' lang='lat' dir='ltr'><strong>mandati</strong></span> <span class='ocrx_word' id='word_1_468' title='bbox 1537 3928 1896 3991; x_wconf 86' lang='lat' dir='ltr'><strong>continentes,</strong></span> <span class='ocrx_word' id='word_1_469' title='bbox 1917 3943 2078 3996; x_wconf 88' lang='lat' dir='ltr'><strong>quem</strong></span> <span class='ocrx_word' id='word_1_470' title='bbox 2103 3944 2210 3983; x_wconf 76' lang='lat' dir='ltr'><strong>non</strong></span> 
     </span>
    </p>
   </div>
   <div class='ocr_carea' id='block_1_72' title="bbox 527 4012 2211 4090">
    <p class='ocr_par' dir='ltr' id='par_1_72' title="bbox 527 4012 2211 4090">
     <span class='ocr_line' id='line_1_73' title="bbox 527 4012 2211 4090; baseline 0.001 -18"><span class='ocrx_word' id='word_1_471' title='bbox 527 4057 530 4060; x_wconf 93' lang='grc'><strong>-</strong></span> <span class='ocrx_word' id='word_1_472' title='bbox 627 4017 984 4088; x_wconf 82' lang='lat' dir='ltr'><strong>egrediantur.</strong></span> <span class='ocrx_word' id='word_1_473' title='bbox 1039 4020 1106 4074; x_wconf 83' lang='lat' dir='ltr'><strong>Et</strong></span> <span class='ocrx_word' id='word_1_474' title='bbox 1134 4012 1607 4090; x_wconf 87' lang='lat' dir='ltr'><strong>subscripserunt:</strong></span> <span class='ocrx_word' id='word_1_475' title='bbox 1653 4018 1900 4076; x_wconf 85' lang='lat' dir='ltr'><strong>Aurelius</strong></span> <span class='ocrx_word' id='word_1_476' title='bbox 1927 4019 2211 4089; x_wconf 87' lang='lat' dir='ltr'><strong>episcopus</strong></span> 
     </span>
    </p>
   </div>
   <div class='ocr_carea' id='block_1_73' title="bbox 625 4107 2211 4180">
    <p class='ocr_par' dir='ltr' id='par_1_73' title="bbox 625 4107 2211 4180">
     <span class='ocr_line' id='line_1_74' title="bbox 625 4107 2211 4180; baseline 0 -16"><span class='ocrx_word' id='word_1_477' title='bbox 625 4107 880 4166; x_wconf 80' lang='lat' dir='ltr'><strong>Ecclesia:</strong></span> <span class='ocrx_word' id='word_1_478' title='bbox 923 4110 1359 4180; x_wconf 80' lang='lat' dir='ltr'><strong>Cartlraginensis</strong></span> <span class='ocrx_word' id='word_1_479' title='bbox 1401 4111 1526 4165; x_wconf 85' lang='lat' dir='ltr'><strong>huic</strong></span> <span class='ocrx_word' id='word_1_480' title='bbox 1565 4110 1788 4165; x_wconf 90' lang='lat' dir='ltr'><strong>decreto</strong></span> <span class='ocrx_word' id='word_1_481' title='bbox 1835 4111 2103 4176; x_wconf 85' lang='lat' dir='ltr'><strong>consensi,</strong></span> <span class='ocrx_word' id='word_1_482' title='bbox 2155 4119 2211 4165; x_wconf 93' lang='lat' dir='ltr'><strong>et</strong></span> 
     </span>
    </p>
   </div>
   <div class='ocr_carea' id='block_1_74' title="bbox 623 4200 2208 4274">
    <p class='ocr_par' dir='ltr' id='par_1_74' title="bbox 623 4200 2208 4274">
     <span class='ocr_line' id='line_1_75' title="bbox 623 4200 2208 4274; baseline -0.001 -17"><span class='ocrx_word' id='word_1_483' title='bbox 623 4202 876 4274; x_wconf 70' lang='lat' dir='ltr'><strong>prmlecto</strong></span> <span class='ocrx_word' id='word_1_484' title='bbox 902 4201 1215 4274; x_wconf 86' lang='lat' dir='ltr'><strong>subscripsi.</strong></span> <span class='ocrx_word' id='word_1_485' title='bbox 1240 4201 1497 4256; x_wconf 83' lang='lat' dir='ltr'><strong>Similiter</strong></span> <span class='ocrx_word' id='word_1_486' title='bbox 1525 4207 1582 4256; x_wconf 90' lang='lat' dir='ltr'><strong>et</strong></span> <span class='ocrx_word' id='word_1_487' title='bbox 1604 4201 1782 4256; x_wconf 66' lang='lat' dir='ltr'><strong>caeteri</strong></span> <span class='ocrx_word' id='word_1_488' title='bbox 1809 4201 2046 4271; x_wconf 90' lang='lat' dir='ltr'><strong>episcopi</strong></span> <span class='ocrx_word' id='word_1_489' title='bbox 2079 4200 2208 4256; x_wconf 89' lang='lat' dir='ltr'><strong>sub-</strong></span> 
     </span>
    </p>
   </div>
   <div class='ocr_carea' id='block_1_75' title="bbox 622 4295 976 4366">
    <p class='ocr_par' dir='ltr' id='par_1_75' title="bbox 622 4295 976 4366">
     <span class='ocr_line' id='line_1_76' title="bbox 622 4295 976 4366; baseline -0.006 -15"><span class='ocrx_word' id='word_1_490' title='bbox 622 4295 976 4366; x_wconf 84' lang='lat' dir='ltr'><strong>scripserunt.</strong></span> 
     </span>
    </p>
   </div>
   <div class='ocr_carea' id='block_1_76' title="bbox 764 4406 2052 4478">
    <p class='ocr_par' dir='ltr' id='par_1_76' title="bbox 764 4406 2052 4478">
     <span class='ocr_line' id='line_1_77' title="bbox 764 4406 2052 4478; baseline -0.003 -16"><span class='ocrx_word' id='word_1_491' title='bbox 764 4409 834 4463; x_wconf 79' lang='lat' dir='ltr'><strong>In</strong></span> <span class='ocrx_word' id='word_1_492' title='bbox 858 4409 953 4463; x_wconf 83' lang='lat' dir='ltr'><strong>hoc</strong></span> <span class='ocrx_word' id='word_1_493' title='bbox 981 4409 1197 4463; x_wconf 85' lang='lat' dir='ltr'><strong>concilio</strong></span> <span class='ocrx_word' id='word_1_494' title='bbox 1228 4409 1492 4478; x_wconf 72' lang='lat' dir='ltr'><strong>prwterita</strong></span> <span class='ocrx_word' id='word_1_495' title='bbox 1515 4407 1724 4460; x_wconf 84' lang='lat' dir='ltr'><strong>decreta</strong></span> <span class='ocrx_word' id='word_1_496' title='bbox 1751 4406 2052 4476; x_wconf 79' lang='lat' dir='ltr'><strong>ﬁrmantur.</strong></span> 
     </span>
    </p>
   </div>
   <div class='ocr_carea' id='block_1_77' title="bbox 681 4495 2208 4566">
    <p class='ocr_par' dir='ltr' id='par_1_77' title="bbox 681 4495 2208 4566">
     <span class='ocr_line' id='line_1_78' title="bbox 681 4495 2208 4566; baseline -0.001 -14"><span class='ocrx_word' id='word_1_497' title='bbox 681 4495 1106 4552; x_wconf 73' lang='lat' dir='ltr'><strong>’Gloriosissimis</strong></span> <span class='ocrx_word' id='word_1_498' title='bbox 1147 4497 1564 4566; x_wconf 89' lang='lat' dir='ltr'><strong>imperatoribus</strong></span> <span class='ocrx_word' id='word_1_499' title='bbox 1615 4496 1846 4551; x_wconf 85' lang='lat' dir='ltr'><strong>Arcadio</strong></span> <span class='ocrx_word' id='word_1_500' title='bbox 1886 4505 1940 4551; x_wconf 90' lang='lat' dir='ltr'><strong>et</strong></span> <span class='ocrx_word' id='word_1_501' title='bbox 1967 4495 2208 4552; x_wconf 84' lang='lat' dir='ltr'><strong>Honorio</strong></span> 
     </span>
    </p>
   </div>
   <div class='ocr_carea' id='block_1_78' title="bbox 615 4586 2210 4656">
    <p class='ocr_par' dir='ltr' id='par_1_78' title="bbox 615 4586 2210 4656">
     <span class='ocr_line' id='line_1_79' title="bbox 615 4586 2210 4656; baseline -0.001 -14"><span class='ocrx_word' id='word_1_502' title='bbox 615 4588 878 4656; x_wconf 78' lang='lat' dir='ltr'><strong>Augustis</strong></span> <span class='ocrx_word' id='word_1_503' title='bbox 903 4605 936 4641; x_wconf 93' lang='lat' dir='ltr'><strong>v</strong></span> <span class='ocrx_word' id='word_1_504' title='bbox 958 4604 1162 4652; x_wconf 91' lang='lat' dir='ltr'><strong>conss.,</strong></span> <span class='ocrx_word' id='word_1_505' title='bbox 1193 4598 1347 4642; x_wconf 80' lang='lat' dir='ltr'><strong>sexto</strong></span> <span class='ocrx_word' id='word_1_506' title='bbox 1376 4588 1478 4641; x_wconf 87' lang='lat' dir='ltr'><strong>cal.</strong></span> <span class='ocrx_word' id='word_1_507' title='bbox 1512 4586 1868 4656; x_wconf 84' lang='lat' dir='ltr'><strong>Septembris,</strong></span> <span class='ocrx_word' id='word_1_508' title='bbox 1899 4586 1949 4640; x_wconf 94' lang='lat' dir='ltr'><strong>in</strong></span> <span class='ocrx_word' id='word_1_509' title='bbox 1991 4587 2210 4642; x_wconf 83' lang='lat' dir='ltr'><strong>civitate</strong></span> 
     </span>
    </p>
   </div>
   <div class='ocr_carea' id='block_1_79' title="bbox 624 4679 2208 4750">
    <p class='ocr_par' dir='ltr' id='par_1_79' title="bbox 624 4679 2208 4750">
     <span class='ocr_line' id='line_1_80' title="bbox 624 4679 2208 4750; baseline -0.002 -14"><span class='ocrx_word' id='word_1_510' title='bbox 624 4681 948 4746; x_wconf 83' lang='lat' dir='ltr'><strong>Milevitana,</strong></span> <span class='ocrx_word' id='word_1_511' title='bbox 980 4681 1033 4735; x_wconf 89' lang='lat' dir='ltr'><strong>in</strong></span> <span class='ocrx_word' id='word_1_512' title='bbox 1062 4681 1358 4736; x_wconf 88' lang='lat' dir='ltr'><strong>secretario</strong></span> <span class='ocrx_word' id='word_1_513' title='bbox 1384 4680 1640 4742; x_wconf 69' lang='lat' dir='ltr'><strong>basilice,</strong></span> <span class='ocrx_word' id='word_1_514' title='bbox 1671 4694 1792 4734; x_wconf 92' lang='lat' dir='ltr'><strong>cum</strong></span> <span class='ocrx_word' id='word_1_515' title='bbox 1815 4679 2066 4734; x_wconf 81' lang='lat' dir='ltr'><strong>Aurelius</strong></span> <span class='ocrx_word' id='word_1_516' title='bbox 2094 4679 2208 4750; x_wconf 89' lang='lat' dir='ltr'><strong>epi-</strong></span> 
     </span>
    </p>
   </div>
   <div class='ocr_carea' id='block_1_80' title="bbox 622 4776 2207 4856">
    <p class='ocr_par' dir='ltr' id='par_1_80' title="bbox 622 4776 2207 4856">
     <span class='ocr_line' id='line_1_81' title="bbox 622 4776 2207 4856; baseline -0.006 -14"><span class='ocrx_word' id='word_1_517' title='bbox 622 4803 819 4856; x_wconf 85' lang='lat' dir='ltr'><strong>scopus</strong></span> <span class='ocrx_word' id='word_1_518' title='bbox 841 4782 1094 4842; x_wconf 78' lang='lat' dir='ltr'><strong>Ecclesia:</strong></span> <span class='ocrx_word' id='word_1_519' title='bbox 1121 4776 1561 4846; x_wconf 84' lang='lat' dir='ltr'><strong>Carthaginensis</strong></span> <span class='ocrx_word' id='word_1_520' title='bbox 1588 4776 1642 4830; x_wconf 89' lang='lat' dir='ltr'><strong>in</strong></span> <span class='ocrx_word' id='word_1_521' title='bbox 1667 4776 1898 4832; x_wconf 90' lang='lat' dir='ltr'><strong>concilio</strong></span> <span class='ocrx_word' id='word_1_522' title='bbox 1919 4777 2207 4832; x_wconf 87' lang='lat' dir='ltr'><strong>universali</strong></span> 
     </span>
    </p>
   </div>
   <div class='ocr_carea' id='block_1_81' title="bbox 612 4869 2207 4944">
    <p class='ocr_par' dir='ltr' id='par_1_81' title="bbox 612 4869 2207 4944">
     <span class='ocr_line' id='line_1_82' title="bbox 612 4869 2207 4944; baseline -0.008 -6"><span class='ocrx_word' id='word_1_523' title='bbox 612 4880 986 4944; x_wconf 80' lang='lat' dir='ltr'><strong>consedisset,</strong></span> <span class='ocrx_word' id='word_1_524' title='bbox 1018 4874 1320 4930; x_wconf 88' lang='lat' dir='ltr'><strong>astantibus</strong></span> <span class='ocrx_word' id='word_1_525' title='bbox 1343 4869 1614 4934; x_wconf 88' lang='lat' dir='ltr'><strong>diaconis,</strong></span> <span class='ocrx_word' id='word_1_526' title='bbox 1647 4869 1894 4925; x_wconf 83' lang='lat' dir='ltr'><strong>Aurelius</strong></span> <span class='ocrx_word' id='word_1_527' title='bbox 1921 4869 2207 4940; x_wconf 89' lang='lat' dir='ltr'><strong>episcopus</strong></span> 
     </span>
    </p>
   </div>
   <div class='ocr_carea' id='block_1_82' title="bbox 619 4963 2201 5036">
    <p class='ocr_par' dir='ltr' id='par_1_82' title="bbox 619 4963 2201 5036">
     <span class='ocr_line' id='line_1_83' title="bbox 619 4963 2201 5036; baseline -0.008 -8"><span class='ocrx_word' id='word_1_528' title='bbox 619 4972 757 5028; x_wconf 75' lang='lat' dir='ltr'><strong>dixit</strong></span> <span class='ocrx_word' id='word_1_529' title='bbox 799 4989 813 5025; x_wconf 91' lang='lat'><strong>:</strong></span> <span class='ocrx_word' id='word_1_530' title='bbox 855 4968 1122 5036; x_wconf 79' lang='lat' dir='ltr'><strong>Quoniam</strong></span> <span class='ocrx_word' id='word_1_531' title='bbox 1154 4963 1408 5019; x_wconf 79' lang='lat' dir='ltr'><strong>Ecclesia:</strong></span> <span class='ocrx_word' id='word_1_532' title='bbox 1432 4970 1633 5017; x_wconf 76' lang='lat' dir='ltr'><strong>saucue</strong></span> <span class='ocrx_word' id='word_1_533' title='bbox 1663 4976 1824 5015; x_wconf 90' lang='lat' dir='ltr'><strong>unum</strong></span> <span class='ocrx_word' id='word_1_534' title='bbox 1855 4968 1942 5016; x_wconf 88' lang='lat' dir='ltr'><strong>est</strong></span> <span class='ocrx_word' id='word_1_535' title='bbox 1987 4977 2201 5032; x_wconf 91' lang='lat' dir='ltr'><strong>corpus,</strong></span> 
     </span>
    </p>
   </div>
   <div class='ocr_carea' id='block_1_83' title="bbox 611 5053 2203 5132">
    <p class='ocr_par' dir='ltr' id='par_1_83' title="bbox 611 5053 2203 5132">
     <span class='ocr_line' id='line_1_84' title="bbox 611 5053 2203 5132; baseline -0.008 -11"><span class='ocrx_word' id='word_1_536' title='bbox 611 5059 1359 5132; x_wconf 80' lang='lat' dir='ltr'><strong>omniumque-membrorum</strong></span> <span class='ocrx_word' id='word_1_537' title='bbox 1379 5063 1543 5125; x_wconf 84' lang='lat' dir='ltr'><strong>caput</strong></span> <span class='ocrx_word' id='word_1_538' title='bbox 1561 5062 1644 5110; x_wconf 88' lang='lat' dir='ltr'><strong>est</strong></span> <span class='ocrx_word' id='word_1_539' title='bbox 1666 5070 1854 5120; x_wconf 90' lang='lat' dir='ltr'><strong>unum,</strong></span> <span class='ocrx_word' id='word_1_540' title='bbox 1883 5053 2079 5110; x_wconf 82' lang='lat' dir='ltr'><strong>factum</strong></span> <span class='ocrx_word' id='word_1_541' title='bbox 2101 5062 2203 5119; x_wconf 90' lang='lat' dir='ltr'><strong>est,</strong></span> 
     </span>
    </p>
   </div>
   <div class='ocr_carea' id='block_1_84' title="bbox 621 5144 2206 5217">
    <p class='ocr_par' dir='ltr' id='par_1_84' title="bbox 621 5144 2206 5217">
     <span class='ocr_line' id='line_1_85' title="bbox 621 5144 2206 5217; baseline -0.005 -8"><span class='ocrx_word' id='word_1_542' title='bbox 621 5157 839 5211; x_wconf 86' lang='lat' dir='ltr'><strong>volente</strong></span> <span class='ocrx_word' id='word_1_543' title='bbox 867 5151 999 5217; x_wconf 86' lang='lat' dir='ltr'><strong>Deo,</strong></span> <span class='ocrx_word' id='word_1_544' title='bbox 1032 5157 1089 5206; x_wconf 89' lang='lat' dir='ltr'><strong>et</strong></span> <span class='ocrx_word' id='word_1_545' title='bbox 1117 5155 1357 5204; x_wconf 90' lang='lat' dir='ltr'><strong>nostram</strong></span> <span class='ocrx_word' id='word_1_546' title='bbox 1386 5145 1750 5200; x_wconf 87' lang='lat' dir='ltr'><strong>inﬁrmitatem</strong></span> <span class='ocrx_word' id='word_1_547' title='bbox 1775 5144 2030 5214; x_wconf 90' lang='lat' dir='ltr'><strong>juvante,</strong></span> <span class='ocrx_word' id='word_1_548' title='bbox 2063 5155 2120 5200; x_wconf 92' lang='lat' dir='ltr'><strong>ut</strong></span> <span class='ocrx_word' id='word_1_549' title='bbox 2139 5145 2206 5201; x_wconf 86' lang='lat' dir='ltr'><strong>ad</strong></span> 
     </span>
    </p>
   </div>
   <div class='ocr_carea' id='block_1_85' title="bbox 620 5236 2206 5303">
    <p class='ocr_par' dir='ltr' id='par_1_85' title="bbox 620 5236 2206 5303">
     <span class='ocr_line' id='line_1_86' title="bbox 620 5236 2206 5303; baseline -0.005 -3"><span class='ocrx_word' id='word_1_550' title='bbox 620 5247 763 5300; x_wconf 88' lang='lat' dir='ltr'><strong>hanc</strong></span> <span class='ocrx_word' id='word_1_551' title='bbox 783 5243 1081 5300; x_wconf 84' lang='lat' dir='ltr'><strong>Ecclesiam</strong></span> <span class='ocrx_word' id='word_1_552' title='bbox 1103 5239 1427 5303; x_wconf 88' lang='lat' dir='ltr'><strong>veniremus,</strong></span> <span class='ocrx_word' id='word_1_553' title='bbox 1454 5237 1756 5293; x_wconf 85' lang='lat' dir='ltr'><strong>dilectionis</strong></span> <span class='ocrx_word' id='word_1_554' title='bbox 1778 5245 1832 5292; x_wconf 88' lang='lat' dir='ltr'><strong>et</strong></span> <span class='ocrx_word' id='word_1_555' title='bbox 1855 5236 2206 5293; x_wconf 81' lang='lat' dir='ltr'><strong>fraternitatis</strong></span> 
     </span>
    </p>
   </div>
   <div class='ocr_carea' id='block_1_86' title="bbox 620 5328 2205 5406">
    <p class='ocr_par' dir='ltr' id='par_1_86' title="bbox 620 5328 2205 5406">
     <span class='ocr_line' id='line_1_87' title="bbox 620 5328 2205 5406; baseline -0.006 -15"><span class='ocrx_word' id='word_1_556' title='bbox 620 5337 794 5406; x_wconf 87' lang='lat' dir='ltr'><strong>gratia</strong></span> <span class='ocrx_word' id='word_1_557' title='bbox 822 5333 1065 5390; x_wconf 89' lang='lat' dir='ltr'><strong>invitati:</strong></span> <span class='ocrx_word' id='word_1_558' title='bbox 1091 5331 1231 5387; x_wconf 87' lang='lat' dir='ltr'><strong>unde</strong></span> <span class='ocrx_word' id='word_1_559' title='bbox 1254 5343 1436 5400; x_wconf 64' lang='lat' dir='ltr'><strong>quaeso</strong></span> <span class='ocrx_word' id='word_1_560' title='bbox 1454 5328 1776 5384; x_wconf 86' lang='lat' dir='ltr'><strong>cbaritatem</strong></span> <span class='ocrx_word' id='word_1_561' title='bbox 1805 5337 2056 5392; x_wconf 88' lang='lat' dir='ltr'><strong>vestram,</strong></span> <span class='ocrx_word' id='word_1_562' title='bbox 2080 5329 2205 5399; x_wconf 88' lang='lat' dir='ltr'><strong>quia</strong></span> 
     </span>
    </p>
   </div>
   <div class='ocr_carea' id='block_1_87' title="bbox 617 5419 2250 5491">
    <p class='ocr_par' dir='ltr' id='par_1_87' title="bbox 617 5419 2250 5491">
     <span class='ocr_line' id='line_1_88' title="bbox 617 5419 2250 5491; baseline -0.01 -8"><span class='ocrx_word' id='word_1_563' title='bbox 617 5429 693 5483; x_wconf 88' lang='lat' dir='ltr'><strong>ita</strong></span> <span class='ocrx_word' id='word_1_564' title='bbox 735 5425 1060 5483; x_wconf 90' lang='lat' dir='ltr'><strong>credendum</strong></span> <span class='ocrx_word' id='word_1_565' title='bbox 1091 5430 1193 5486; x_wconf 88' lang='lat' dir='ltr'><strong>est,</strong></span> <span class='ocrx_word' id='word_1_566' title='bbox 1225 5423 1348 5491; x_wconf 89' lang='lat' dir='ltr'><strong>quia</strong></span> <span class='ocrx_word' id='word_1_567' title='bbox 1378 5428 1562 5475; x_wconf 88' lang='lat' dir='ltr'><strong>noster</strong></span> <span class='ocrx_word' id='word_1_568' title='bbox 1602 5434 1850 5475; x_wconf 87' lang='lat' dir='ltr'><strong>accessus</strong></span> <span class='ocrx_word' id='word_1_569' title='bbox 1878 5419 1943 5472; x_wconf 91' lang='lat' dir='ltr'><strong>ad</strong></span> <span class='ocrx_word' id='word_1_570' title='bbox 1973 5433 2070 5472; x_wconf 91' lang='lat' dir='ltr'><strong>vos</strong></span> <span class='ocrx_word' id='word_1_571' title='bbox 2108 5432 2208 5472; x_wconf 90' lang='lat' dir='ltr'><strong>nec</strong></span> <span class='ocrx_word' id='word_1_572' title='bbox 2245 5464 2250 5467; x_wconf 85' lang='lat'><strong>.</strong></span> 
     </span>
    </p>
   </div>
   <div class='ocr_carea' id='block_1_88' title="bbox 614 5509 2209 5590">
    <p class='ocr_par' dir='ltr' id='par_1_88' title="bbox 614 5509 2209 5590">
     <span class='ocr_line' id='line_1_89' title="bbox 614 5509 2209 5590; baseline -0.009 -15"><span class='ocrx_word' id='word_1_573' title='bbox 614 5517 950 5590; x_wconf 84' lang='lat' dir='ltr'><strong>superﬂuus,</strong></span> <span class='ocrx_word' id='word_1_574' title='bbox 998 5531 1098 5571; x_wconf 87' lang='lat' dir='ltr'><strong>nec</strong></span> <span class='ocrx_word' id='word_1_575' title='bbox 1127 5513 1363 5568; x_wconf 86' lang='lat' dir='ltr'><strong>insuavis</strong></span> <span class='ocrx_word' id='word_1_576' title='bbox 1391 5518 1475 5566; x_wconf 88' lang='lat' dir='ltr'><strong>est</strong></span> <span class='ocrx_word' id='word_1_577' title='bbox 1514 5509 1760 5573; x_wconf 90' lang='lat' dir='ltr'><strong>cunctis,</strong></span> <span class='ocrx_word' id='word_1_578' title='bbox 1812 5516 1871 5562; x_wconf 91' lang='lat' dir='ltr'><strong>ut</strong></span> <span class='ocrx_word' id='word_1_579' title='bbox 1914 5522 2209 5563; x_wconf 87' lang='lat' dir='ltr'><strong>consensus</strong></span> 
     </span>
    </p>
   </div>
   <div class='ocr_carea' id='block_1_89' title="bbox 617 5598 2206 5669">
    <p class='ocr_par' dir='ltr' id='par_1_89' title="bbox 617 5598 2206 5669">
     <span class='ocr_line' id='line_1_90' title="bbox 617 5598 2206 5669; baseline -0.01 -1"><span class='ocrx_word' id='word_1_580' title='bbox 617 5614 858 5669; x_wconf 90' lang='lat' dir='ltr'><strong>omnium</strong></span> <span class='ocrx_word' id='word_1_581' title='bbox 886 5615 1126 5666; x_wconf 87' lang='lat' dir='ltr'><strong>vestrum</strong></span> <span class='ocrx_word' id='word_1_582' title='bbox 1153 5603 1526 5661; x_wconf 89' lang='lat' dir='ltr'><strong>manifestetur</strong></span> <span class='ocrx_word' id='word_1_583' title='bbox 1546 5598 1881 5664; x_wconf 87' lang='lat' dir='ltr'><strong>concordare</strong></span> <span class='ocrx_word' id='word_1_584' title='bbox 1909 5598 2206 5668; x_wconf 86' lang='lat' dir='ltr'><strong>complaci-</strong></span> 
     </span>
    </p>
   </div>
   <div class='ocr_carea' id='block_1_90' title="bbox 611 5688 2206 5769">
    <p class='ocr_par' dir='ltr' id='par_1_90' title="bbox 611 5688 2206 5769">
     <span class='ocr_line' id='line_1_91' title="bbox 611 5688 2206 5769; baseline -0.008 -11"><span class='ocrx_word' id='word_1_585' title='bbox 611 5701 690 5758; x_wconf 66' lang='grc' dir='ltr'><strong>’τίς</strong></span> <span class='ocrx_word' id='word_1_586' title='bbox 755 5703 1096 5758; x_wconf 83' lang='lat' dir='ltr'><strong>decretorum</strong></span> <span class='ocrx_word' id='word_1_587' title='bbox 1137 5714 1255 5769; x_wconf 63' lang='lat' dir='ltr'><strong>quas</strong></span> <span class='ocrx_word' id='word_1_588' title='bbox 1289 5694 1604 5766; x_wconf 82' lang='lat' dir='ltr'><strong>jamdudum</strong></span> <span class='ocrx_word' id='word_1_589' title='bbox 1651 5691 1736 5747; x_wconf 87' lang='lat' dir='ltr'><strong>vel</strong></span> <span class='ocrx_word' id='word_1_590' title='bbox 1776 5690 1830 5744; x_wconf 93' lang='lat' dir='ltr'><strong>in</strong></span> <span class='ocrx_word' id='word_1_591' title='bbox 1872 5688 2206 5761; x_wconf 88' lang='lat' dir='ltr'><strong>llipponensi</strong></span> 
     </span>
    </p>
   </div>
   <div class='ocr_carea' id='block_1_91' title="bbox 614 5781 2205 5862">
    <p class='ocr_par' dir='ltr' id='par_1_91' title="bbox 614 5781 2205 5862">
     <span class='ocr_line' id='line_1_92' title="bbox 614 5781 2205 5862; baseline -0.008 -10"><span class='ocrx_word' id='word_1_592' title='bbox 614 5794 824 5862; x_wconf 62' lang='lat' dir='ltr'><strong>synodo</strong></span> <span class='ocrx_word' id='word_1_593' title='bbox 849 5792 1055 5850; x_wconf 82' lang='lat' dir='ltr'><strong>ﬁrmata</strong></span> <span class='ocrx_word' id='word_1_594' title='bbox 1076 5800 1218 5856; x_wconf 88' lang='lat' dir='ltr'><strong>sunt,</strong></span> <span class='ocrx_word' id='word_1_595' title='bbox 1243 5789 1323 5845; x_wconf 81' lang='lat' dir='ltr'><strong>vel</strong></span> <span class='ocrx_word' id='word_1_596' title='bbox 1347 5784 1690 5856; x_wconf 84' lang='lat' dir='ltr'><strong>postmodum</strong></span> <span class='ocrx_word' id='word_1_597' title='bbox 1722 5781 1945 5840; x_wconf 86' lang='lat' dir='ltr'><strong>meliore</strong></span> <span class='ocrx_word' id='word_1_598' title='bbox 1974 5781 2205 5840; x_wconf 88' lang='lat' dir='ltr'><strong>concilio</strong></span> 
     </span>
    </p>
   </div>
   <div class='ocr_carea' id='block_1_92' title="bbox 2321 3245 3849 3320">
    <p class='ocr_par' dir='ltr' id='par_1_92' title="bbox 2321 3245 3849 3320">
     <span class='ocr_line' id='line_1_93' title="bbox 2321 3245 3849 3320; baseline -0.003 -15"><span class='ocrx_word' id='word_1_599' title='bbox 2321 3252 2611 3306; x_wconf 88' lang='lat' dir='ltr'><strong>insinuavit</strong></span> <span class='ocrx_word' id='word_1_600' title='bbox 2633 3250 2801 3305; x_wconf 79' lang='lat' dir='ltr'><strong>frater</strong></span> <span class='ocrx_word' id='word_1_601' title='bbox 2834 3258 2890 3304; x_wconf 91' lang='lat' dir='ltr'><strong>et</strong></span> <span class='ocrx_word' id='word_1_602' title='bbox 2913 3249 3271 3305; x_wconf 90' lang='lat' dir='ltr'><strong>consacerdos</strong></span> <span class='ocrx_word' id='word_1_603' title='bbox 3295 3259 3507 3320; x_wconf 87' lang='lat' dir='ltr'><strong>noster,</strong></span> <span class='ocrx_word' id='word_1_604' title='bbox 3539 3257 3594 3305; x_wconf 87' lang='lat' dir='ltr'><strong>ut</strong></span> <span class='ocrx_word' id='word_1_605' title='bbox 3620 3245 3849 3318; x_wconf 84' lang='lat' dir='ltr'><strong>unusquis-</strong></span> 
     </span>
    </p>
   </div>
   <div class='ocr_carea' id='block_1_93' title="bbox 2316 3339 3844 3411">
    <p class='ocr_par' dir='ltr' id='par_1_93' title="bbox 2316 3339 3844 3411">
     <span class='ocr_line' id='line_1_94' title="bbox 2316 3339 3844 3411; baseline 0.001 -16"><span class='ocrx_word' id='word_1_606' title='bbox 2316 3357 2420 3409; x_wconf 91' lang='lat' dir='ltr'><strong>que</strong></span> <span class='ocrx_word' id='word_1_607' title='bbox 2444 3351 2685 3394; x_wconf 86' lang='lat' dir='ltr'><strong>nostrum</strong></span> <span class='ocrx_word' id='word_1_608' title='bbox 2708 3339 2949 3394; x_wconf 89' lang='lat' dir='ltr'><strong>ordinem</strong></span> <span class='ocrx_word' id='word_1_609' title='bbox 2972 3341 3071 3393; x_wconf 91' lang='lat' dir='ltr'><strong>sibi</strong></span> <span class='ocrx_word' id='word_1_610' title='bbox 3092 3339 3369 3394; x_wconf 91' lang='lat' dir='ltr'><strong>decretum</strong></span> <span class='ocrx_word' id='word_1_611' title='bbox 3394 3357 3429 3395; x_wconf 89' lang='lat' dir='ltr'><strong>a</strong></span> <span class='ocrx_word' id='word_1_612' title='bbox 3451 3341 3560 3396; x_wconf 91' lang='lat' dir='ltr'><strong>Deo</strong></span> <span class='ocrx_word' id='word_1_613' title='bbox 3584 3347 3844 3411; x_wconf 78' lang='lat' dir='ltr'><strong>cognoscat.</strong></span> 
     </span>
    </p>
   </div>
   <div class='ocr_carea' id='block_1_94' title="bbox 2315 3429 3846 3502">
    <p class='ocr_par' dir='ltr' id='par_1_94' title="bbox 2315 3429 3846 3502">
     <span class='ocr_line' id='line_1_95' title="bbox 2315 3429 3846 3502; baseline -0.002 -16"><span class='ocrx_word' id='word_1_614' title='bbox 2315 3442 2371 3486; x_wconf 92' lang='lat' dir='ltr'><strong>et</strong></span> <span class='ocrx_word' id='word_1_615' title='bbox 2400 3431 2724 3502; x_wconf 82' lang='lat' dir='ltr'><strong>posteriores</strong></span> <span class='ocrx_word' id='word_1_616' title='bbox 2755 3431 3115 3485; x_wconf 88' lang='lat' dir='ltr'><strong>anterioribus</strong></span> <span class='ocrx_word' id='word_1_617' title='bbox 3143 3429 3422 3500; x_wconf 86' lang='lat' dir='ltr'><strong>deferant,</strong></span> <span class='ocrx_word' id='word_1_618' title='bbox 3467 3448 3564 3488; x_wconf 91' lang='lat' dir='ltr'><strong>nec</strong></span> <span class='ocrx_word' id='word_1_619' title='bbox 3604 3432 3676 3487; x_wconf 90' lang='lat' dir='ltr'><strong>eis</strong></span> <span class='ocrx_word' id='word_1_620' title='bbox 3694 3431 3846 3485; x_wconf 83' lang='lat' dir='ltr'><strong>incon-</strong></span> 
     </span>
    </p>
   </div>
   <div class='ocr_carea' id='block_1_95' title="bbox 2315 3521 3846 3593">
    <p class='ocr_par' dir='ltr' id='par_1_95' title="bbox 2315 3521 3846 3593">
     <span class='ocr_line' id='line_1_96' title="bbox 2315 3521 3846 3593; baseline -0.006 -13"><span class='ocrx_word' id='word_1_621' title='bbox 2315 3524 2467 3580; x_wconf 89' lang='lat' dir='ltr'><strong>sultis</strong></span> <span class='ocrx_word' id='word_1_622' title='bbox 2489 3523 2688 3593; x_wconf 92' lang='lat' dir='ltr'><strong>aliquid</strong></span> <span class='ocrx_word' id='word_1_623' title='bbox 2711 3538 2870 3592; x_wconf 83' lang='lat' dir='ltr'><strong>agere</strong></span> <span class='ocrx_word' id='word_1_624' title='bbox 2894 3529 3240 3593; x_wconf 73' lang='lat' dir='ltr'><strong>praesumant.</strong></span> <span class='ocrx_word' id='word_1_625' title='bbox 3257 3521 3370 3588; x_wconf 87' lang='lat' dir='ltr'><strong>Qua</strong></span> <span class='ocrx_word' id='word_1_626' title='bbox 3388 3524 3460 3578; x_wconf 89' lang='lat' dir='ltr'><strong>de</strong></span> <span class='ocrx_word' id='word_1_627' title='bbox 3481 3539 3540 3579; x_wconf 88' lang='lat' dir='ltr'><strong>re</strong></span> <span class='ocrx_word' id='word_1_628' title='bbox 3565 3524 3697 3590; x_wconf 89' lang='lat' dir='ltr'><strong>dico,</strong></span> <span class='ocrx_word' id='word_1_629' title='bbox 3719 3529 3846 3592; x_wconf 89' lang='lat' dir='ltr'><strong>prout</strong></span> 
     </span>
    </p>
   </div>
   <div class='ocr_carea' id='block_1_96' title="bbox 2315 3611 3846 3685">
    <p class='ocr_par' dir='ltr' id='par_1_96' title="bbox 2315 3611 3846 3685">
     <span class='ocr_line' id='line_1_97' title="bbox 2315 3611 3846 3685; baseline -0.005 -16"><span class='ocrx_word' id='word_1_630' title='bbox 2315 3622 2502 3684; x_wconf 90' lang='lat' dir='ltr'><strong>captus</strong></span> <span class='ocrx_word' id='word_1_631' title='bbox 2522 3613 2696 3668; x_wconf 86' lang='lat' dir='ltr'><strong>animi</strong></span> <span class='ocrx_word' id='word_1_632' title='bbox 2725 3613 2831 3668; x_wconf 92' lang='lat' dir='ltr'><strong>mei</strong></span> <span class='ocrx_word' id='word_1_633' title='bbox 2878 3613 3093 3678; x_wconf 90' lang='lat' dir='ltr'><strong>retinet,</strong></span> <span class='ocrx_word' id='word_1_634' title='bbox 3125 3627 3220 3667; x_wconf 88' lang='lat' dir='ltr'><strong>eos</strong></span> <span class='ocrx_word' id='word_1_635' title='bbox 3245 3615 3337 3684; x_wconf 91' lang='lat' dir='ltr'><strong>qui</strong></span> <span class='ocrx_word' id='word_1_636' title='bbox 3363 3615 3665 3685; x_wconf 90' lang='lat' dir='ltr'><strong>putaverint</strong></span> <span class='ocrx_word' id='word_1_637' title='bbox 3689 3611 3846 3682; x_wconf 79' lang='lat' dir='ltr'><strong>Spretis</strong></span> 
     </span>
    </p>
   </div>
   <div class='ocr_carea' id='block_1_97' title="bbox 2314 3704 3846 3777">
    <p class='ocr_par' dir='ltr' id='par_1_97' title="bbox 2314 3704 3846 3777">
     <span class='ocr_line' id='line_1_98' title="bbox 2314 3704 3846 3777; baseline -0.003 -17"><span class='ocrx_word' id='word_1_638' title='bbox 2314 3707 2606 3777; x_wconf 84' lang='lat' dir='ltr'><strong>majoribus</strong></span> <span class='ocrx_word' id='word_1_639' title='bbox 2633 3704 2833 3775; x_wconf 91' lang='lat' dir='ltr'><strong>aliquid</strong></span> <span class='ocrx_word' id='word_1_640' title='bbox 2862 3704 3321 3777; x_wconf 79' lang='lat' dir='ltr'><strong>prtesumendnm,</strong></span> <span class='ocrx_word' id='word_1_641' title='bbox 3368 3714 3727 3776; x_wconf 89' lang='lat' dir='ltr'><strong>competenter</strong></span> <span class='ocrx_word' id='word_1_642' title='bbox 3753 3717 3846 3758; x_wconf 84' lang='lat' dir='ltr'><strong>esse</strong></span> 
     </span>
    </p>
   </div>
   <div class='ocr_carea' id='block_1_98' title="bbox 2314 3797 3847 3872">
    <p class='ocr_par' dir='ltr' id='par_1_98' title="bbox 2314 3797 3847 3872">
     <span class='ocr_line' id='line_1_99' title="bbox 2314 3797 3847 3872; baseline -0.007 -16"><span class='ocrx_word' id='word_1_643' title='bbox 2314 3802 2381 3856; x_wconf 88' lang='lat' dir='ltr'><strong>ab</strong></span> <span class='ocrx_word' id='word_1_644' title='bbox 2407 3803 2552 3856; x_wconf 90' lang='lat' dir='ltr'><strong>omni</strong></span> <span class='ocrx_word' id='word_1_645' title='bbox 2592 3801 2820 3857; x_wconf 91' lang='lat' dir='ltr'><strong>concilio</strong></span> <span class='ocrx_word' id='word_1_646' title='bbox 2864 3798 3215 3855; x_wconf 90' lang='lat' dir='ltr'><strong>coercendos.</strong></span> <span class='ocrx_word' id='word_1_647' title='bbox 3264 3797 3568 3872; x_wconf 83' lang='lat' dir='ltr'><strong>Xantippus</strong></span> <span class='ocrx_word' id='word_1_648' title='bbox 3611 3799 3847 3870; x_wconf 85' lang='lat' dir='ltr'><strong>episcopus</strong></span> 
     </span>
    </p>
   </div>
   <div class='ocr_carea' id='block_1_99' title="bbox 2313 3889 3845 3962">
    <p class='ocr_par' dir='ltr' id='par_1_99' title="bbox 2313 3889 3845 3962">
     <span class='ocr_line' id='line_1_100' title="bbox 2313 3889 3845 3962; baseline -0.004 -17"><span class='ocrx_word' id='word_1_649' title='bbox 2313 3893 2496 3962; x_wconf 86' lang='lat' dir='ltr'><strong>prima:</strong></span> <span class='ocrx_word' id='word_1_650' title='bbox 2519 3891 2661 3946; x_wconf 89' lang='lat' dir='ltr'><strong>sedis</strong></span> <span class='ocrx_word' id='word_1_651' title='bbox 2680 3890 2936 3946; x_wconf 81' lang='lat' dir='ltr'><strong>Numidia:</strong></span> <span class='ocrx_word' id='word_1_652' title='bbox 2965 3890 3098 3945; x_wconf 83' lang='lat' dir='ltr'><strong>dixit</strong></span> <span class='ocrx_word' id='word_1_653' title='bbox 3125 3907 3137 3943; x_wconf 89' lang='lat'><strong>:</strong></span> <span class='ocrx_word' id='word_1_654' title='bbox 3166 3891 3382 3945; x_wconf 86' lang='lat' dir='ltr'><strong>Audivit</strong></span> <span class='ocrx_word' id='word_1_655' title='bbox 3402 3893 3637 3946; x_wconf 90' lang='lat' dir='ltr'><strong>omnium</strong></span> <span class='ocrx_word' id='word_1_656' title='bbox 3661 3889 3845 3943; x_wconf 88' lang='lat' dir='ltr'><strong>fratrum</strong></span> 
     </span>
    </p>
   </div>
   <div class='ocr_carea' id='block_1_100' title="bbox 2308 3977 3847 4054">
    <p class='ocr_par' dir='ltr' id='par_1_100' title="bbox 2308 3977 3847 4054">
     <span class='ocr_line' id='line_1_101' title="bbox 2308 3977 3847 4054; baseline -0.006 -16"><span class='ocrx_word' id='word_1_657' title='bbox 2308 3983 2594 4053; x_wconf 73' lang='lat' dir='ltr'><strong>prmsentia</strong></span> <span class='ocrx_word' id='word_1_658' title='bbox 2651 3982 3087 4054; x_wconf 88' lang='lat' dir='ltr'><strong>prosecutionem</strong></span> <span class='ocrx_word' id='word_1_659' title='bbox 3149 3979 3329 4038; x_wconf 88' lang='lat' dir='ltr'><strong>fratris</strong></span> <span class='ocrx_word' id='word_1_660' title='bbox 3382 3992 3443 4037; x_wconf 90' lang='lat' dir='ltr'><strong>et</strong></span> <span class='ocrx_word' id='word_1_661' title='bbox 3490 3977 3847 4039; x_wconf 85' lang='lat' dir='ltr'><strong>consacerdotis</strong></span> 
     </span>
    </p>
   </div>
   <div class='ocr_carea' id='block_1_101' title="bbox 2314 4063 3847 4148">
    <p class='ocr_par' dir='ltr' id='par_1_101' title="bbox 2314 4063 3847 4148">
     <span class='ocr_line' id='line_1_102' title="bbox 2314 4063 3847 4148; baseline -0.008 -14"><span class='ocrx_word' id='word_1_662' title='bbox 2314 4078 2484 4134; x_wconf 90' lang='lat' dir='ltr'><strong>nostri</strong></span> <span class='ocrx_word' id='word_1_663' title='bbox 2531 4077 2734 4134; x_wconf 84' lang='lat' dir='ltr'><strong>Aurelii</strong></span> <span class='ocrx_word' id='word_1_664' title='bbox 2765 4092 2779 4130; x_wconf 92' lang='lat'><strong>:</strong></span> <span class='ocrx_word' id='word_1_665' title='bbox 2816 4076 2947 4146; x_wconf 93' lang='lat' dir='ltr'><strong>quid</strong></span> <span class='ocrx_word' id='word_1_666' title='bbox 2974 4075 3041 4131; x_wconf 89' lang='lat' dir='ltr'><strong>ad</strong></span> <span class='ocrx_word' id='word_1_667' title='bbox 3068 4075 3183 4131; x_wconf 57' lang='lat' dir='ltr'><strong>haec</strong></span> <span class='ocrx_word' id='word_1_668' title='bbox 3212 4075 3588 4148; x_wconf 78' lang='lat' dir='ltr'><strong>respondent?</strong></span> <span class='ocrx_word' id='word_1_669' title='bbox 3634 4063 3847 4127; x_wconf 77' lang='lat' dir='ltr'><strong>Datianus</strong></span> 
     </span>
    </p>
   </div>
   <div class='ocr_carea' id='block_1_102' title="bbox 2312 4161 3846 4241">
    <p class='ocr_par' dir='ltr' id='par_1_102' title="bbox 2312 4161 3846 4241">
     <span class='ocr_line' id='line_1_103' title="bbox 2312 4161 3846 4241; baseline -0.001 -15"><span class='ocrx_word' id='word_1_670' title='bbox 2312 4170 2598 4241; x_wconf 88' lang='lat' dir='ltr'><strong>episcopus</strong></span> <span class='ocrx_word' id='word_1_671' title='bbox 2639 4168 2777 4223; x_wconf 74' lang='lat' dir='ltr'><strong>dixit</strong></span> <span class='ocrx_word' id='word_1_672' title='bbox 2809 4185 2822 4220; x_wconf 91' lang='lat'><strong>:</strong></span> <span class='ocrx_word' id='word_1_673' title='bbox 2853 4168 2984 4234; x_wconf 70' lang='lat' dir='ltr'><strong>Qure</strong></span> <span class='ocrx_word' id='word_1_674' title='bbox 3011 4167 3278 4238; x_wconf 81' lang='lat' dir='ltr'><strong>majorum</strong></span> <span class='ocrx_word' id='word_1_675' title='bbox 3315 4167 3559 4225; x_wconf 87' lang='lat' dir='ltr'><strong>decrevit</strong></span> <span class='ocrx_word' id='word_1_676' title='bbox 3602 4161 3846 4224; x_wconf 67' lang='lat' dir='ltr'><strong>sententia.</strong></span> 
     </span>
    </p>
   </div>
   <div class='ocr_carea' id='block_1_103' title="bbox 2311 4257 3848 4331">
    <p class='ocr_par' dir='ltr' id='par_1_103' title="bbox 2311 4257 3848 4331">
     <span class='ocr_line' id='line_1_104' title="bbox 2311 4257 3848 4331; baseline -0.008 -15"><span class='ocrx_word' id='word_1_677' title='bbox 2311 4269 2500 4316; x_wconf 90' lang='lat' dir='ltr'><strong>nostro</strong></span> <span class='ocrx_word' id='word_1_678' title='bbox 2522 4259 2764 4315; x_wconf 90' lang='lat' dir='ltr'><strong>assensui</strong></span> <span class='ocrx_word' id='word_1_679' title='bbox 2789 4259 3254 4329; x_wconf 86' lang='lat' dir='ltr'><strong>mancipabuntur,</strong></span> <span class='ocrx_word' id='word_1_680' title='bbox 3283 4269 3339 4313; x_wconf 93' lang='lat' dir='ltr'><strong>ut</strong></span> <span class='ocrx_word' id='word_1_681' title='bbox 3358 4275 3481 4330; x_wconf 86' lang='lat' dir='ltr'><strong>qua:</strong></span> <span class='ocrx_word' id='word_1_682' title='bbox 3502 4257 3848 4331; x_wconf 64' lang='lat' dir='ltr'><strong>prteteritorum</strong></span> 
     </span>
    </p>
   </div>
   <div class='ocr_carea' id='block_1_104' title="bbox 2309 4344 3846 4419">
    <p class='ocr_par' dir='ltr' id='par_1_104' title="bbox 2309 4344 3846 4419">
     <span class='ocr_line' id='line_1_105' title="bbox 2309 4344 3846 4419; baseline 0.001 -14"><span class='ocrx_word' id='word_1_683' title='bbox 2309 4349 2664 4406; x_wconf 84' lang='lat' dir='ltr'><strong>conciliorum</strong></span> <span class='ocrx_word' id='word_1_684' title='bbox 2687 4351 2851 4419; x_wconf 90' lang='lat' dir='ltr'><strong>gestis</strong></span> <span class='ocrx_word' id='word_1_685' title='bbox 2877 4358 3128 4406; x_wconf 88' lang='lat' dir='ltr'><strong>tenentur</strong></span> <span class='ocrx_word' id='word_1_686' title='bbox 3148 4348 3587 4419; x_wconf 88' lang='lat' dir='ltr'><strong>Carthaginensis</strong></span> <span class='ocrx_word' id='word_1_687' title='bbox 3613 4344 3846 4407; x_wconf 63' lang='grc' dir='ltr'><strong>Εοοιεεὶκ,</strong></span> 
     </span>
    </p>
   </div>
   <div class='ocr_carea' id='block_1_105' title="bbox 2313 4440 3850 4512">
    <p class='ocr_par' dir='ltr' id='par_1_105' title="bbox 2313 4440 3850 4512">
     <span class='ocr_line' id='line_1_106' title="bbox 2313 4440 3850 4512; baseline -0.004 -18"><span class='ocrx_word' id='word_1_688' title='bbox 2313 4450 2497 4496; x_wconf 88' lang='lat' dir='ltr'><strong>nostra</strong></span> <span class='ocrx_word' id='word_1_689' title='bbox 2527 4442 2843 4497; x_wconf 87' lang='lat' dir='ltr'><strong>assensione</strong></span> <span class='ocrx_word' id='word_1_690' title='bbox 2870 4441 3026 4512; x_wconf 87' lang='lat' dir='ltr'><strong>plene</strong></span> <span class='ocrx_word' id='word_1_691' title='bbox 3049 4440 3190 4512; x_wconf 91' lang='lat' dir='ltr'><strong>apud</strong></span> <span class='ocrx_word' id='word_1_692' title='bbox 3221 4456 3408 4496; x_wconf 90' lang='lat' dir='ltr'><strong>omnes</strong></span> <span class='ocrx_word' id='word_1_693' title='bbox 3437 4441 3642 4497; x_wconf 81' lang='lat' dir='ltr'><strong>ﬁrmata</strong></span> <span class='ocrx_word' id='word_1_694' title='bbox 3665 4447 3850 4510; x_wconf 49' lang='lat' dir='ltr'><strong>teneat;</strong></span> 
     </span>
    </p>
   </div>
   <div class='ocr_carea' id='block_1_106' title="bbox 2241 4525 3850 4604">
    <p class='ocr_par' dir='ltr' id='par_1_106' title="bbox 2241 4525 3850 4604">
     <span class='ocr_line' id='line_1_107' title="bbox 2241 4525 3850 4604; baseline -0.005 -19"><span class='ocrx_word' id='word_1_695' title='bbox 2241 4527 2284 4585; x_wconf 92' lang='grc' dir='ltr'><strong>Ι)</strong></span> <span class='ocrx_word' id='word_1_696' title='bbox 2314 4541 2417 4587; x_wconf 90' lang='lat' dir='ltr'><strong>tur.</strong></span> <span class='ocrx_word' id='word_1_697' title='bbox 2447 4530 2696 4588; x_wconf 81' lang='lat' dir='ltr'><strong>Universi</strong></span> <span class='ocrx_word' id='word_1_698' title='bbox 2725 4533 2964 4604; x_wconf 85' lang='lat' dir='ltr'><strong>episcopi</strong></span> <span class='ocrx_word' id='word_1_699' title='bbox 2994 4533 3246 4589; x_wconf 84' lang='lat' dir='ltr'><strong>dixerunt</strong></span> <span class='ocrx_word' id='word_1_700' title='bbox 3277 4551 3290 4586; x_wconf 91' lang='lat'><strong>:</strong></span> <span class='ocrx_word' id='word_1_701' title='bbox 3316 4533 3417 4590; x_wconf 83' lang='lat' dir='ltr'><strong>Hic</strong></span> <span class='ocrx_word' id='word_1_702' title='bbox 3443 4533 3576 4589; x_wconf 92' lang='lat' dir='ltr'><strong>ordo</strong></span> <span class='ocrx_word' id='word_1_703' title='bbox 3603 4540 3655 4588; x_wconf 89' lang='lat' dir='ltr'><strong>et</strong></span> <span class='ocrx_word' id='word_1_704' title='bbox 3674 4547 3702 4584; x_wconf 84' lang='lat' dir='ltr'><strong>a</strong></span> <span class='ocrx_word' id='word_1_705' title='bbox 3721 4525 3850 4599; x_wconf 82' lang='lat' dir='ltr'><strong>patri-</strong></span> 
     </span>
    </p>
   </div>
   <div class='ocr_carea' id='block_1_107' title="bbox 2314 4624 3851 4696">
    <p class='ocr_par' dir='ltr' id='par_1_107' title="bbox 2314 4624 3851 4696">
     <span class='ocr_line' id='line_1_108' title="bbox 2314 4624 3851 4696; baseline -0.001 -17"><span class='ocrx_word' id='word_1_706' title='bbox 2314 4625 2415 4680; x_wconf 90' lang='lat' dir='ltr'><strong>bus</strong></span> <span class='ocrx_word' id='word_1_707' title='bbox 2443 4632 2499 4681; x_wconf 90' lang='lat' dir='ltr'><strong>et</strong></span> <span class='ocrx_word' id='word_1_708' title='bbox 2526 4641 2556 4679; x_wconf 94' lang='lat' dir='ltr'><strong>a</strong></span> <span class='ocrx_word' id='word_1_709' title='bbox 2586 4625 2880 4696; x_wconf 89' lang='lat' dir='ltr'><strong>majoribus</strong></span> <span class='ocrx_word' id='word_1_710' title='bbox 2908 4634 3152 4681; x_wconf 87' lang='lat' dir='ltr'><strong>servatus</strong></span> <span class='ocrx_word' id='word_1_711' title='bbox 3179 4635 3280 4692; x_wconf 90' lang='lat' dir='ltr'><strong>est,</strong></span> <span class='ocrx_word' id='word_1_712' title='bbox 3307 4635 3361 4681; x_wconf 86' lang='lat' dir='ltr'><strong>et</strong></span> <span class='ocrx_word' id='word_1_713' title='bbox 3402 4643 3434 4682; x_wconf 87' lang='lat' dir='ltr'><strong>a</strong></span> <span class='ocrx_word' id='word_1_714' title='bbox 3465 4627 3617 4682; x_wconf 90' lang='lat' dir='ltr'><strong>nobis</strong></span> <span class='ocrx_word' id='word_1_715' title='bbox 3640 4624 3740 4680; x_wconf 85' lang='lat' dir='ltr'><strong>Deo</strong></span> <span class='ocrx_word' id='word_1_716' title='bbox 3757 4633 3851 4690; x_wconf 81' lang='lat' dir='ltr'><strong>pro-</strong></span> 
     </span>
    </p>
   </div>
   <div class='ocr_carea' id='block_1_108' title="bbox 2314 4711 3849 4789">
    <p class='ocr_par' dir='ltr' id='par_1_108' title="bbox 2314 4711 3849 4789">
     <span class='ocr_line' id='line_1_109' title="bbox 2314 4711 3849 4789; baseline -0.003 -19"><span class='ocrx_word' id='word_1_717' title='bbox 2314 4717 2450 4787; x_wconf 91' lang='lat' dir='ltr'><strong>pitio</strong></span> <span class='ocrx_word' id='word_1_718' title='bbox 2469 4717 2798 4783; x_wconf 88' lang='lat' dir='ltr'><strong>servabitur,</strong></span> <span class='ocrx_word' id='word_1_719' title='bbox 2843 4717 2992 4773; x_wconf 88' lang='lat' dir='ltr'><strong>salvo</strong></span> <span class='ocrx_word' id='word_1_720' title='bbox 3021 4717 3183 4774; x_wconf 88' lang='lat' dir='ltr'><strong>etiam</strong></span> <span class='ocrx_word' id='word_1_721' title='bbox 3203 4718 3327 4789; x_wconf 89' lang='lat' dir='ltr'><strong>jure</strong></span> <span class='ocrx_word' id='word_1_722' title='bbox 3353 4719 3610 4789; x_wconf 88' lang='lat' dir='ltr'><strong>primatus</strong></span> <span class='ocrx_word' id='word_1_723' title='bbox 3631 4711 3849 4772; x_wconf 70' lang='lat' dir='ltr'><strong>Numidia:</strong></span> 
     </span>
    </p>
   </div>
   <div class='ocr_carea' id='block_1_109' title="bbox 2315 4805 2744 4863">
    <p class='ocr_par' dir='ltr' id='par_1_109' title="bbox 2315 4805 2744 4863">
     <span class='ocr_line' id='line_1_110' title="bbox 2315 4805 2744 4863; baseline -0.005 -1"><span class='ocrx_word' id='word_1_724' title='bbox 2315 4815 2371 4862; x_wconf 85' lang='lat' dir='ltr'><strong>et</strong></span> <span class='ocrx_word' id='word_1_725' title='bbox 2393 4805 2744 4863; x_wconf 84' lang='lat' dir='ltr'><strong>Mauritania:.</strong></span> 
     </span>
    </p>
   </div>
   <div class='ocr_carea' id='block_1_110' title="bbox 2601 4919 3663 4978">
    <p class='ocr_par' dir='ltr' id='par_1_110' title="bbox 2601 4919 3663 4978">
     <span class='ocr_line' id='line_1_111' title="bbox 2601 4919 3663 4978; baseline 0.001 -3"><span class='ocrx_word' id='word_1_726' title='bbox 2601 4919 2679 4976; x_wconf 82' lang='lat' dir='ltr'><strong>De</strong></span> <span class='ocrx_word' id='word_1_727' title='bbox 2703 4923 2914 4977; x_wconf 83' lang='lat' dir='ltr'><strong>archiva</strong></span> <span class='ocrx_word' id='word_1_728' title='bbox 2940 4931 2991 4977; x_wconf 77' lang='lat' dir='ltr'><strong>et</strong></span> <span class='ocrx_word' id='word_1_729' title='bbox 3010 4923 3286 4978; x_wconf 80' lang='lat' dir='ltr'><strong>matricula</strong></span> <span class='ocrx_word' id='word_1_730' title='bbox 3322 4921 3607 4978; x_wconf 62' lang='lat' dir='ltr'><strong>Numidiae.</strong></span> <span class='ocrx_word' id='word_1_731' title='bbox 3655 4940 3663 4944; x_wconf 91' lang='grc'><strong>·</strong></span> 
     </span>
    </p>
   </div>
   <div class='ocr_carea' id='block_1_111' title="bbox 2385 5011 3849 5084">
    <p class='ocr_par' dir='ltr' id='par_1_111' title="bbox 2385 5011 3849 5084">
     <span class='ocr_line' id='line_1_112' title="bbox 2385 5011 3849 5084; baseline -0.006 -15"><span class='ocrx_word' id='word_1_732' title='bbox 2385 5013 2586 5069; x_wconf 89' lang='lat' dir='ltr'><strong>Deinde</strong></span> <span class='ocrx_word' id='word_1_733' title='bbox 2616 5014 2819 5083; x_wconf 89' lang='lat' dir='ltr'><strong>placuit</strong></span> <span class='ocrx_word' id='word_1_734' title='bbox 2838 5013 3092 5069; x_wconf 84' lang='lat' dir='ltr'><strong>omnibus</strong></span> <span class='ocrx_word' id='word_1_735' title='bbox 3118 5014 3388 5084; x_wconf 87' lang='lat' dir='ltr'><strong>episcopis</strong></span> <span class='ocrx_word' id='word_1_736' title='bbox 3408 5015 3500 5083; x_wconf 89' lang='lat' dir='ltr'><strong>qui</strong></span> <span class='ocrx_word' id='word_1_737' title='bbox 3545 5014 3597 5067; x_wconf 92' lang='lat' dir='ltr'><strong>in</strong></span> <span class='ocrx_word' id='word_1_738' title='bbox 3625 5011 3720 5066; x_wconf 86' lang='lat' dir='ltr'><strong>hoc</strong></span> <span class='ocrx_word' id='word_1_739' title='bbox 3741 5017 3849 5060; x_wconf 82' lang='lat' dir='ltr'><strong>con-</strong></span> 
     </span>
    </p>
   </div>
   <div class='ocr_carea' id='block_1_112' title="bbox 2313 5090 3848 5173">
    <p class='ocr_par' dir='ltr' id='par_1_112' title="bbox 2313 5090 3848 5173">
     <span class='ocr_line' id='line_1_113' title="bbox 2313 5090 3848 5173; baseline -0.012 -13"><span class='ocrx_word' id='word_1_740' title='bbox 2313 5105 2439 5160; x_wconf 91' lang='lat' dir='ltr'><strong>cilio</strong></span> <span class='ocrx_word' id='word_1_741' title='bbox 2465 5104 2917 5173; x_wconf 87' lang='lat' dir='ltr'><strong>subscripserunt,</strong></span> <span class='ocrx_word' id='word_1_742' title='bbox 2945 5113 3006 5158; x_wconf 93' lang='lat' dir='ltr'><strong>ut</strong></span> <span class='ocrx_word' id='word_1_743' title='bbox 3031 5104 3313 5159; x_wconf 87' lang='lat' dir='ltr'><strong>matricula</strong></span> <span class='ocrx_word' id='word_1_744' title='bbox 3359 5113 3416 5159; x_wconf 90' lang='lat' dir='ltr'><strong>et</strong></span> <span class='ocrx_word' id='word_1_745' title='bbox 3437 5102 3677 5158; x_wconf 88' lang='lat' dir='ltr'><strong>archivus</strong></span> <span class='ocrx_word' id='word_1_746' title='bbox 3693 5090 3848 5151; x_wconf 79' lang='lat' dir='ltr'><strong>Numi-</strong></span> 
     </span>
    </p>
   </div>
   <div class='ocr_carea' id='block_1_113' title="bbox 2312 5182 3850 5266">
    <p class='ocr_par' dir='ltr' id='par_1_113' title="bbox 2312 5182 3850 5266">
     <span class='ocr_line' id='line_1_114' title="bbox 2312 5182 3850 5266; baseline 0.002 -16"><span class='ocrx_word' id='word_1_747' title='bbox 2312 5197 2434 5260; x_wconf 70' lang='lat' dir='ltr'><strong>dias,</strong></span> <span class='ocrx_word' id='word_1_748' title='bbox 2465 5205 2519 5250; x_wconf 91' lang='lat' dir='ltr'><strong>et</strong></span> <span class='ocrx_word' id='word_1_749' title='bbox 2557 5195 2698 5266; x_wconf 91' lang='lat' dir='ltr'><strong>apud</strong></span> <span class='ocrx_word' id='word_1_750' title='bbox 2737 5197 2965 5266; x_wconf 89' lang='lat' dir='ltr'><strong>primam</strong></span> <span class='ocrx_word' id='word_1_751' title='bbox 2995 5197 3177 5252; x_wconf 89' lang='lat' dir='ltr'><strong>sedem</strong></span> <span class='ocrx_word' id='word_1_752' title='bbox 3219 5197 3314 5259; x_wconf 86' lang='lat' dir='ltr'><strong>sit,</strong></span> <span class='ocrx_word' id='word_1_753' title='bbox 3346 5205 3401 5252; x_wconf 90' lang='lat' dir='ltr'><strong>et</strong></span> <span class='ocrx_word' id='word_1_754' title='bbox 3429 5198 3480 5252; x_wconf 86' lang='lat' dir='ltr'><strong>in</strong></span> <span class='ocrx_word' id='word_1_755' title='bbox 3510 5188 3788 5262; x_wconf 71' lang='lat' dir='ltr'><strong>metrode</strong></span> <span class='ocrx_word' id='word_1_756' title='bbox 3808 5182 3850 5238; x_wconf 61' lang='lat' dir='ltr'><strong>id</strong></span> 
     </span>
    </p>
   </div>
   <div class='ocr_carea' id='block_1_114' title="bbox 2311 5288 2794 5345">
    <p class='ocr_par' dir='ltr' id='par_1_114' title="bbox 2311 5288 2794 5345">
     <span class='ocr_line' id='line_1_115' title="bbox 2311 5288 2794 5345; baseline -0.006 0"><span class='ocrx_word' id='word_1_757' title='bbox 2311 5297 2395 5345; x_wconf 88' lang='lat' dir='ltr'><strong>est</strong></span> <span class='ocrx_word' id='word_1_758' title='bbox 2422 5288 2794 5345; x_wconf 81' lang='lat' dir='ltr'><strong>Constantina.</strong></span> 
     </span>
    </p>
   </div>
   <div class='ocr_carea' id='block_1_115' title="bbox 2718 5399 3472 5475">
    <p class='ocr_par' dir='ltr' id='par_1_115' title="bbox 2718 5399 3472 5475">
     <span class='ocr_line' id='line_1_116' title="bbox 2718 5399 3472 5475; baseline 0.004 -20"><span class='ocrx_word' id='word_1_759' title='bbox 2718 5400 2797 5456; x_wconf 82' lang='lat' dir='ltr'><strong>De</strong></span> <span class='ocrx_word' id='word_1_760' title='bbox 2836 5399 3188 5467; x_wconf 83' lang='lat' dir='ltr'><strong>Quodvultdeo</strong></span> <span class='ocrx_word' id='word_1_761' title='bbox 3215 5405 3472 5475; x_wconf 84' lang='lat' dir='ltr'><strong>episcopo.</strong></span> 
     </span>
    </p>
   </div>
   <div class='ocr_carea' id='block_1_116' title="bbox 2381 5490 3850 5562">
    <p class='ocr_par' dir='ltr' id='par_1_116' title="bbox 2381 5490 3850 5562">
     <span class='ocr_line' id='line_1_117' title="bbox 2381 5490 3850 5562; baseline -0.001 -15"><span class='ocrx_word' id='word_1_762' title='bbox 2381 5491 2630 5549; x_wconf 80' lang='lat' dir='ltr'><strong>XXCVll.</strong></span> <span class='ocrx_word' id='word_1_763' title='bbox 2662 5493 2738 5550; x_wconf 89' lang='lat' dir='ltr'><strong>De</strong></span> <span class='ocrx_word' id='word_1_764' title='bbox 2767 5495 3143 5562; x_wconf 87' lang='lat' dir='ltr'><strong>Quodvultdeo</strong></span> <span class='ocrx_word' id='word_1_765' title='bbox 3179 5497 3339 5551; x_wconf 88' lang='lat' dir='ltr'><strong>etiam</strong></span> <span class='ocrx_word' id='word_1_766' title='bbox 3366 5490 3713 5558; x_wconf 86' lang='lat' dir='ltr'><strong>Centuriensi,</strong></span> <span class='ocrx_word' id='word_1_767' title='bbox 3738 5496 3850 5554; x_wconf 78' lang='lat' dir='ltr'><strong>quo-</strong></span> 
     </span>
    </p>
   </div>
   <div class='ocr_carea' id='block_1_117' title="bbox 2312 5569 3847 5659">
    <p class='ocr_par' dir='ltr' id='par_1_117' title="bbox 2312 5569 3847 5659">
     <span class='ocr_line' id='line_1_118' title="bbox 2312 5569 3847 5659; baseline -0.009 -20"><span class='ocrx_word' id='word_1_768' title='bbox 2312 5587 2451 5640; x_wconf 90' lang='lat' dir='ltr'><strong>niam</strong></span> <span class='ocrx_word' id='word_1_769' title='bbox 2475 5587 2811 5642; x_wconf 86' lang='lat' dir='ltr'><strong>adversarius</strong></span> <span class='ocrx_word' id='word_1_770' title='bbox 2833 5588 3018 5657; x_wconf 88' lang='lat' dir='ltr'><strong>ipsius,</strong></span> <span class='ocrx_word' id='word_1_771' title='bbox 3041 5603 3162 5642; x_wconf 92' lang='lat' dir='ltr'><strong>cum</strong></span> <span class='ocrx_word' id='word_1_772' title='bbox 3187 5603 3247 5644; x_wconf 88' lang='lat' dir='ltr'><strong>se</strong></span> <span class='ocrx_word' id='word_1_773' title='bbox 3270 5588 3510 5659; x_wconf 86' lang='lat' dir='ltr'><strong>petiisset</strong></span> <span class='ocrx_word' id='word_1_774' title='bbox 3534 5576 3775 5640; x_wconf 85' lang='lat' dir='ltr'><strong>introduci</strong></span> <span class='ocrx_word' id='word_1_775' title='bbox 3794 5569 3847 5625; x_wconf 83' lang='lat' dir='ltr'><strong>ad</strong></span> 
     </span>
    </p>
   </div>
   <div class='ocr_carea' id='block_1_118' title="bbox 2309 5661 3848 5750">
    <p class='ocr_par' dir='ltr' id='par_1_118' title="bbox 2309 5661 3848 5750">
     <span class='ocr_line' id='line_1_119' title="bbox 2309 5661 3848 5750; baseline -0.014 -15"><span class='ocrx_word' id='word_1_776' title='bbox 2309 5679 2597 5735; x_wconf 90' lang='lat' dir='ltr'><strong>concilium</strong></span> <span class='ocrx_word' id='word_1_777' title='bbox 2627 5691 2888 5746; x_wconf 92' lang='lat' dir='ltr'><strong>nostrum,</strong></span> <span class='ocrx_word' id='word_1_778' title='bbox 2919 5680 3295 5750; x_wconf 82' lang='lat' dir='ltr'><strong>interrogatus,</strong></span> <span class='ocrx_word' id='word_1_779' title='bbox 3329 5690 3505 5737; x_wconf 90' lang='lat' dir='ltr'><strong>utrum</strong></span> <span class='ocrx_word' id='word_1_780' title='bbox 3534 5690 3652 5732; x_wconf 90' lang='lat' dir='ltr'><strong>cum</strong></span> <span class='ocrx_word' id='word_1_781' title='bbox 3678 5685 3738 5726; x_wconf 89' lang='lat' dir='ltr'><strong>eo</strong></span> <span class='ocrx_word' id='word_1_782' title='bbox 3766 5661 3848 5718; x_wconf 85' lang='lat' dir='ltr'><strong>vel-</strong></span> 
     </span>
    </p>
   </div>
   <div class='ocr_carea' id='block_1_119' title="bbox 2308 5755 3846 5846">
    <p class='ocr_par' dir='ltr' id='par_1_119' title="bbox 2308 5755 3846 5846">
     <span class='ocr_line' id='line_1_120' title="bbox 2308 5755 3846 5846; baseline -0.018 -11"><span class='ocrx_word' id='word_1_783' title='bbox 2308 5777 2384 5835; x_wconf 86' lang='lat' dir='ltr'><strong>let</strong></span> <span class='ocrx_word' id='word_1_784' title='bbox 2405 5772 2544 5846; x_wconf 90' lang='lat' dir='ltr'><strong>apud</strong></span> <span class='ocrx_word' id='word_1_785' title='bbox 2567 5773 2850 5845; x_wconf 86' lang='lat' dir='ltr'><strong>episcopos</strong></span> <span class='ocrx_word' id='word_1_786' title='bbox 2872 5773 3124 5846; x_wconf 75' lang='lat' dir='ltr'><strong>experiri,</strong></span> <span class='ocrx_word' id='word_1_787' title='bbox 3150 5774 3320 5846; x_wconf 89' lang='lat' dir='ltr'><strong>primo</strong></span> <span class='ocrx_word' id='word_1_788' title='bbox 3342 5773 3670 5846; x_wconf 87' lang='lat' dir='ltr'><strong>promiserat,</strong></span> <span class='ocrx_word' id='word_1_789' title='bbox 3694 5772 3740 5819; x_wconf 93' lang='lat' dir='ltr'><strong>et</strong></span> <span class='ocrx_word' id='word_1_790' title='bbox 3761 5755 3846 5812; x_wconf 74' lang='lat' dir='ltr'><strong>alia</strong></span> 
     </span>
    </p>
   </div>
  </div>
