4092 6348
242 318 354 394 an

1213 336 1436 394 CODEX
1473 337 1801 396 CANONUM
1843 339 2519 395 ECCLESIASTICORUM
2532 380 2544 392 .

3423 343 3538 399 2η

239 453 330 505 die
363 448 638 520 respondit
663 449 768 505 hoc
796 448 896 504 sibi
925 464 1034 504 non
1065 448 1296 520 placere,
1346 459 1508 521 atque
1539 451 1787 507 discessit
1813 469 1825 504 :
1857 457 1906 512 Α
1934 467 2077 506 nunc
2101 467 2435 520 quaeramus,
2483 458 2658 503 utrum
2689 450 2848 519 legati
2882 452 3141 510 Numidia:
3185 454 3520 519 advenerint,

241 545 449 600 placuit
473 543 723 599 omnibus
745 541 1042 613 episc0pis,
1073 549 1131 595 ut
1159 541 1338 596 nullus
1369 541 1510 596 idem
1539 541 1838 609 Quodvult-

250 638 350 691 deo
381 635 760 699 communicet,
793 628 965 689 donec
993 649 1150 688 causa
1173 633 1308 703 ejus,
1339 633 1550 704 qualem
1575 634 1832 703 potuerit,

245 726 537 781 terminum
567 733 766 780 sumat.
821 724 953 778 Nam
983 724 1144 779 adimi
1171 725 1221 780 ei
1249 725 1646 795 episcopatum,
1687 734 1836 780 ante-

239 834 406 886 quam
451 832 628 871 causa:
655 816 772 886 ejus
802 817 976 870 exitus
1013 823 1330 886 appareret,
1377 816 1507 871 nulli
1532 814 1839 872 Christiano

240 908 414 963 videri
433 907 557 977 jure
589 907 877 979 potuisset.

687 1019 766 1074 De
789 1020 1117 1074 Maximiano
1138 1020 1408 1089 episcopo.

313 1110 597 1167 XXCVIII.
629 1111 706 1166 De
735 1110 1060 1164 Maximiano
1100 1118 1279 1166 autem
1309 1111 1617 1181 Bagaienst,
1671 1120 1728 1168 et
1765 1113 1841 1168 ad

250 1218 368 1260 sum
387 1245 403 1269 ,
439 1212 494 1259 et
520 1204 585 1258 ad
617 1203 787 1274 ipsam
818 1202 1028 1272 plebem
1053 1202 1253 1272 placuit
1283 1202 1350 1258 de
1372 1204 1603 1260 concilio
1628 1203 1835 1258 litteras

235 1296 391 1362 dari,
426 1305 483 1350 ut
511 1304 569 1350 et
605 1296 721 1367 ipse
764 1295 832 1350 ab
861 1296 1176 1366 episcopatu
1204 1295 1479 1363 discedat,
1522 1305 1578 1352 et
1625 1297 1704 1352 illi
1732 1296 1834 1352 sibi

238 1393 412 1447 alium
438 1393 737 1463 requirant.

245 1498 318 1553 Ut
343 1501 588 1574 episcopi
615 1501 702 1574 qui
728 1500 1058 1574 ordinantur,
1086 1500 1151 1554 ob
1179 1501 1565 1574 ordinatoribus
1593 1505 1701 1557 suis
1720 1506 1833 1574 epi-

286 1571 453 1625 stolas
481 1572 757 1640 accipiant,
813 1587 925 1641 qua:
954 1571 1088 1624 diem
1114 1580 1162 1624 et
1189 1572 1449 1626 consulem
1476 1571 1778 1644 praeferant.

315 1680 546 1736 XXCIX.
579 1681 779 1736 Deinde
809 1682 1028 1752 placuit,
1064 1691 1122 1736 ut
1149 1684 1456 1752 quicunque
1481 1682 1737 1754 deinceps
1766 1685 1834 1741 ab

237 1774 516 1843 episcopis
543 1773 861 1828 ordinantur
887 1789 984 1844 per
1018 1774 1324 1844 provincias
1363 1774 1658 1840 Africanas,
1692 1777 1834 1832 litte-

237 1881 334 1920 ωδ
360 1865 628 1934 accipiant
655 1868 723 1919 ab
745 1865 1147 1922 ordinatoribus
1173 1867 1284 1921 suis
1306 1883 1475 1923 manu
1495 1871 1830 1925 eorumsub-

237 1958 510 2027 scriptas,
565 1958 906 2014 continentes
931 1960 1209 2015 consulem
1247 1970 1303 2015 et
1333 1962 1474 2016 diem
1521 1981 1532 2015 :
1585 1971 1644 2017 nt
1686 1964 1841 2019 nulla:

239 2047 529 2103 altercatio
586 2046 658 2103 de
697 2049 1087 2118 posterioribus
1135 2051 1220 2105 vel
1269 2052 1635 2108 anteriorihus
1674 2055 1830 2108 oria-

241 2150 356 2194 tur.

246 2249 325 2304 De
350 2251 428 2304 liis
457 2253 544 2320 qui
574 2252 656 2306 vel
672 2253 828 2307 semel
856 2253 910 2306 in
942 2251 1176 2309 Ecclesia
1207 2255 1451 2323 legerint,
1485 2257 1554 2309 ab‘
1577 2257 1697 2313 aliis
1727 2276 1832 2314 non

355 2344 359 2348 ·
801 2341 952 2392 posse
978 2328 1281 2396 promoveri:

319 2412 426 2468 XC.
455 2413 586 2470 Item
617 2414 837 2484 placuit,
864 2425 924 2470 ut
958 2418 1261 2487 quicunque
1290 2419 1342 2472 in
1367 2417 1606 2474 Ecclesia
1631 2420 1715 2475 vel
1741 2435 1840 2476 se-

244 2508 352 2562 mel
381 2507 591 2575 legerit,
644 2508 712 2562 ab
741 2506 845 2561 alia
875 2506 1116 2563 Ecclesia
1159 2509 1225 2564 ad
1255 2509 1570 2565 clericatum
1615 2526 1720 2565 non
1747 2519 1832 2567 te-

246 2610 462 2653 neatur.
490 2597 555 2651 Et
580 2599 1054 2669 subscripserunt:
1079 2598 1328 2655 Aurelius
1351 2603 1636 2672 episcopus
1655 2600 1846 2657 Eccle-

244 2693 340 2745 sia:
369 2690 804 2758 Canhaginensis
843 2691 972 2746 huic
995 2691 1212 2749 decreto
1255 2695 1541 2759 consensi,
1592 2703 1648 2750 et
1692 2711 1830 2766 prae-

245 2783 390 2838 lecto
439 2783 753 2854 subscripsi.
805 2783 1066 2840 Similiter
1101 2793 1157 2841 et
1202 2789 1383 2843 caeteri
1432 2789 1670 2860 episcopi
1706 2789 1830 2844 sub-

245 2875 602 2944 scripserunt.

248 2986 315 3040 I'n
347 2987 442 3042 hoc
463 2988 839 3063 concilioquidq
857 2992 1054 3063 egerint
1105 2993 1330 3063 episcopi
1359 2995 1444 3062 qui
1473 2997 1544 3049 ad
1572 3006 1832 3051 transma-

539 3061 657 3112 rina
686 3061 841 3131 legati
871 3061 1055 3115 directi
1083 3074 1222 3130 sunt,
1253 3061 1540 3119 intimatur.

319 3145 718 3203 Gloriosissimo
762 3151 1088 3220 imperatore
1129 3152 1436 3209 Theodosio
1493 3157 1733 3225 Augusto
1780 3167 1836 3213 et
1862 3192 1904 3225 ρ

250 3238 550 3295 llumorido
569 3256 681 3296 v.c.
700 3259 903 3308 conss.,
922 3260 973 3299 1x
992 3245 1094 3299 cal.
1120 3245 1469 3316 Septembris,
1489 3247 1847 3320 Carthagine,

248 3330 547 3384 in'basilica
573 3333 807 3397 regionis
835 3335 1107 3401 secundae,
1130 3353 1251 3392 cum
1274 3337 1523 3393 Aurelius
1553 3343 1838 3412 episcopus

247 3421 302 3475 in
334 3422 624 3477 universali
663 3426 894 3480 concilio
921 3428 1272 3489 consedisset.
1327 3432 1628 3486 astantibus
1655 3432 1841 3488 diaco-

249 3511 353 3574 nis,
385 3511 633 3568 Aurelius
670 3516 958 3585 episcopus
985 3517 1118 3571 dixit
1152 3536 1164 3570 :
1199 3517 1460 3588 Exigente
1489 3523 1701 3578 ratione
1729 3523 1838 3578 liae

251 3603 476 3657 ternitas
499 3613 675 3658 vestra
704 3621 734 3659 a
757 3621 875 3661 mea
899 3609 1160 3663 tenuitate
1183 3609 1247 3663 ad
1271 3611 1376 3665 hoc
1402 3613 1688 3667 concilium
1710 3630 1840 3669 con-

249 3703 467 3764 gregata
497 3706 609 3764 est;
635 3697 950 3767 jamdudum
980 3701 1154 3766 enim,
1205 3702 1344 3756 sicut
1371 3712 1551 3757 vestra
1580 3707 1841 3761 sanctitas

251 3788 590 3856 recordatur,
622 3789 805 3843 habito
835 3791 1067 3846 concilio
1096 3792 1483 3848 destinavimus
1514 3785 1717 3852 fratres-
1736 3813 1838 3852 no-

249 3886 392 3934 stros
421 3879 486 3934 ad
516 3881 877 3935 transmarina
907 3883 1132 3950 legatos,
1173 3899 1313 3953 quos
1341 3888 1581 3955 oportuit
1612 3888 1664 3941 in
1695 3897 1840 3944 ccetu

251 3973 551 4026 sanctitatis
581 3981 772 4028 vcstrze
801 3973 1095 4044 perfuncta:
1135 3976 1418 4044 legationis
1455 3995 1673 4034 cursum
1713 3997 1837 4036 nar-

251 4078 398 4129 rare;
430 4073 486 4119 et
527 4065 652 4119 licet
679 4065 933 4121 hesterno
956 4066 1043 4121 die
1081 4067 1149 4122 de
1180 4068 1283 4124 hac
1329 4084 1390 4122 re
1437 4071 1840 4139 considentibus

252 4155 411 4210 nobis
438 4165 636 4225 praeter
661 4165 810 4226 gesta
841 4159 1205 4213 ecclesiastica
1229 4158 1534 4229 diligentius
1560 4177 1679 4231 qua:
1721 4177 1840 4229 ges-

249 4247 442 4312 serint,
471 4255 860 4319 tractaremus,
902 4248 1066 4304 hodie
1100 4257 1279 4305 tamen
1311 4261 1527 4320 oportet
1551 4260 1837 4307 tractatum

252 4339 491 4394 hesterni
520 4339 627 4394 diei
655 4339 792 4395 actis
820 4341 1202 4396 ecclesiasticis
1227 4341 1552 4398 conﬁrmari.

252 4448 336 4504 De
359 4451 614 4522 episcopis
649 4453 1032 4527 provinciarum
1053 4455 1275 4527 Africm,
1307 4455 1393 4524 qui
1418 4471 1522 4509 non
1563 4454 1840 4527 adfuerunt

783 4525 1030 4592 presenti
1061 4526 1302 4579 concilio.

324 4635 470 4693 Ordo
500 4639 682 4708 itaque
708 4654 896 4693 rerum
915 4639 1176 4709 deposcit,
1211 4647 1268 4694 ut
1290 4641 1535 4709 primitus
1556 4640 1625 4695 de
1664 4640 1843 4696 fratri-

252 4729 354 4783 bus
383 4729 584 4783 nostris
612 4739 668 4784 et
694 4729 1196 4798 consacerd‘otibus,
1219 4731 1308 4801 qui
1333 4730 1397 4784 ad
1420 4731 1525 4786 hoc
1553 4731 1839 4786 concilium

253 4821 338 4875 vel
363 4820 430 4875 de
461 4820 699 4891 Byzatio,
728 4822 815 4876 vel
838 4831 985 4876 certe
1013 4822 1081 4877 de
1111 4822 1426 4877 Mauritania
1449 4833 1837 4889 convenerunt,

251 4927 580 4981 qua-ramus,
610 4911 1064 4982 quemadmodum
1095 4913 1221 4968 huic
1250 4913 1482 4968 concilio
1506 4913 1843 4969 decreverint

253 5004 537 5057 interesse.
552 5001 619 5056 Et
641 5001 989 5058 offerentibus
1011 5003 1332 5073 Philologio,
1353 5002 1540 5072 Gesta,
1562 5005 1844 5059 Venustia—

253 5113 346 5160 no,
376 5105 432 5150 et
459 5094 740 5152 Feliciano.
763 5097 1031 5166 episcopis
1057 5097 1348 5167 provinciae
1371 5096 1684 5168 Byzacenae,
1706 5097 1846 5166 lega-

255 5189 418 5243 tionis
446 5188 673 5250 litteras.
696 5197 753 5244 et
779 5189 1048 5253 recitatis,
1082 5188 1428 5243 offerentibus
1457 5188 1619 5242 etiam
1653 5187 1846 5243 Lucia-

255 5295 346 5342 no,
373 5288 430 5333 et
456 5277 693 5351 Sylvano
723 5279 914 5349 legatis
937 5279 1227 5350 provincia:
1257 5278 1586 5335 Mauritanize
1625 5279 1845 5334 Sitifen-

252 5369 329 5424 sis
349 5370 633 5438 legationis
660 5371 896 5438 litteras,
921 5378 976 5425 et
995 5370 1254 5434 recitatis,
1280 5371 1527 5427 Aurelius
1555 5374 1842 5443 episcopus

254 5461 392 5517 dixit
416 5479 428 5515 :
462 5460 665 5518 Horum
693 5462 1019 5532 scriptorum
1045 5467 1222 5515 textus
1243 5461 1534 5516 sociabitur
1559 5463 1748 5532 gestis.

695 5573 776 5629 De
804 5575 1054 5646 episwpis
1087 5572 1388 5643 Byzaceuis.

329 5663 607 5720 Numidius
627 5665 916 5736 episcopus
935 5663 1098 5718 dixit:
1118 5661 1628 5724 Animadvertimus,
1650 5660 1844 5716 fratres

255 5739 314 5813 et
343 5757 696 5829 coepiscopos
723 5763 940 5813 nostros
966 5755 1254 5827 Byzacenac
1279 5753 1588 5826 provinciae,
1613 5760 1668 5807 et
1694 5751 1841 5807 Mau-

253 5851 466 5910 ritaniae
506 5849 774 5909 Sitifensis
817 5849 884 5905 ad
931 5850 1218 5906 concilium
1257 5849 1556 5904 destinasse
1588 5847 1836 5915 legatos:

1939 543 2023 597 vel
2052 550 2200 598 certe
2228 542 2519 613 pr0vincia:
2548 539 2914 614 Tripolitanae,
2944 545 3024 599 vel
3056 545 3388 602 Mauritania:
3406 547 3515 602 Ca:-

1938 632 2214 689 sariensis.

2218 724 2298 780 De
2315 727 2566 797 episwpis
2580 725 2919 782 Mauritania:
2939 727 3226 799 Sitifensis.

2009 815 2280 874 Lucianus
2319 828 2374 873 et
2401 817 2667 889 Sylvanus
2718 819 2957 890 episcOpi
2982 860 2999 887 ,
3043 821 3202 890 legati
3233 821 3523 891 provincia:

1938 908 2269 964 Mauritaniae
2291 909 2559 970 Sitifensis
2582 911 2836 968 dixerunt
2863 930 2874 965 :
2908 911 3043 968 Sero
3069 913 3134 968 ad
3163 913 3524 970 Cazsarienses

1936 1000 2131 1057 fratres
2157 1012 2375 1060 nostros
2401 1005 2658 1059 tractoria
2686 1006 2856 1072 venit,
2907 1022 3030 1060 nam
3053 1006 3164 1076 jam
3189 1017 3243 1061 et
3273 1009 3346 1063 illi
3375 1013 3524 1065 veni-

1936 1105 2096 1162 rent;
2147 1107 2325 1151 tamen
2369 1112 2593 1153 necesse
2641 1105 2725 1153 est
2751 1097 2991 1164 veniant,
3024 1106 3079 1159 et
3109 1099 3428 1154 confidimus
3457 1101 3524 1154 dc

1936 1190 2132 1245 animis
2161 1190 2372 1245 illorum
2393 1233 2408 1258 ,
2457 1190 2582 1262 quia
2608 1191 2652 1245 si
2681 1190 2806 1261 quid
2829 1191 2880 1245 in
2911 1191 3015 1245 hoc
3045 1192 3278 1247 concilio
3315 1202 3521 1261 gestum

1937 1279 2115 1347 fuerit,
2148 1289 2204 1336 et
2230 1281 2329 1352 ipsi
2357 1282 2473 1336 sine
2501 1280 2665 1336 dubio
2687 1296 2814 1336 suos
2845 1295 3143 1336 consensus
3172 1271 3519 1336 adhibebunt.

2398 1393 2478 1450 De
2497 1396 2750 1466 episcopis
2775 1391 2826 1446 Ν
2833 1394 3058 1448 ιιηιὶάὶιε.

2009 1491 2229 1563 Alypius
2257 1491 2543 1562 episcopus
2565 1489 2824 1544 Ecclesia:
2847 1487 3190 1556 Tagastensis
3210 1487 3344 1542 dixit
3371 1505 3383 1541 :
3416 1487 3531 1542 Nos

1935 1582 2152 1653 quidem
2180 1581 2249 1636 de
2277 1579 2522 1635 Numidia
2559 1580 2830 1643 venimus,
2891 1592 2992 1647 ego
3035 1584 3092 1631 et
3125 1575 3298 1631 sancti
3326 1575 3524 1631 fratres

1937 1673 2264 1744 Augustinus
2292 1679 2346 1726 et
2367 1669 2660 1733 Possidius;
2677 1669 2773 1724 sed
2801 1667 2870 1724 de
2883 1666 3128 1722 Numidia
3153 1667 3349 1736 legatio
3378 1667 3531 1722 mitti

1939 1779 2044 1819 non
2074 1763 2290 1835 potuit,.
2319 1760 2463 1830 quod
2492 1760 2667 1814 adhuc
2698 1759 2931 1814 tumultu
2961 1759 3192 1814 tironum
3217 1797 3232 1823 ,
3282 1757 3522 1828 episc0pi

1865 1833 1908 1890 Β
1937 1833 2165 1925 propriis
2194 1849 2608 1906 necessitatibus
2637 1848 2690 1902 in
2737 1847 3045 1902 civitatibus
3079 1848 3191 1902 suis
3221 1855 3314 1901 aut
3354 1847 3525 1917 impe-

1933 1945 2051 2009 diti,
2084 1951 2178 1999 aut
2201 1943 2455 2014 occupati
2477 1949 2623 1997 sunt.
2647 1939 2780 1995 Nam
2802 1941 2964 1995 etiam
2989 1940 3302 1994 tractoriam
3323 1939 3525 1994 sancti-

1935 2037 2060 2092 tatis
2088 2045 2192 2092 tuac
2228 2051 2352 2090 cum
2385 2034 2452 2089 ad
2488 2041 2736 2089 sanctum
2779 2049 2964 2088 senem
2995 2030 3317 2104 Xantippum
3345 2031 3524 2087 defer-

1933 2143 2069 2194 rem,
2118 2128 2172 2183 in
2197 2126 2450 2197 prcesenti
2480 2133 2711 2181 tractatu
2735 2125 2840 2180 hoc
2870 2125 3042 2178 visum
3070 2123 3260 2188 fuerat,
3294 2131 3356 2178 ut
3389 2139 3524 2179 con-

1934 2223 2116 2278 cilium
2159 2221 2515 2285 indiceretur,
2543 2218 2687 2289 quod
2717 2218 2981 2274 instructa
3020 2217 3219 2288 legatio
3247 2225 3430 2289 posset
3453 2217 3519 2272 ad

1933 2316 2039 2372 hoc
2068 2315 2354 2370 concilium
2383 2312 2669 2378 destinari;
2710 2310 2804 2368 sed
2833 2327 2955 2366 cum
2983 2326 3103 2366 eum
3131 2309 3521 2381 posterioribus

1933 2410 2128 2467 litteris
2153 2409 2503 2465 admonerem
2529 2408 2598 2464 de
2621 2407 3009 2479 impedimento
3035 2407 3296 2470 tironum,
3338 2413 3400 2459 ut
3425 2419 3521 2460 su-

1933 2501 2290 2575 periusdixi,
2331 2500 2612 2572 rescriptis
2651 2500 2880 2571 prepriis
2923 2497 3222 2553 excusavit.
3271 2495 3524 2552 Aurelius

1934 2596 2220 2666 episcopus
2245 2594 2380 2648 dixit
2413 2611 2426 2647 :
2456 2593 2574 2648 Non
2604 2593 2823 2647 dubium
2849 2591 3118 2662 est,un
3145 2590 3386 2661 prtedicti
3410 2589 3522 2644 .“ra-

1936 2693 2045 2740 tres
2065 2694 2118 2741 et
2147 2685 2452 2757 coepiscopi
2469 2684 2656 2740 nostri
2683 2683 2962 2748 Numidizn,
2988 2697 3110 2738 cum
3137 2689 3286 2750 gesta
3308 2680 3524 2736 concilii

1935 2778 2262 2847 acceperint,
2294 2785 2350 2832 et
2377 2793 2506 2832 suos
2525 2775 2857 2831 adhibebant
2883 2789 3198 2839 consensus,
3226 2781 3284 2828 et
3309 2773 3365 2828 in
3393 2770 3524 2828 elle-

1936 2877 2084 2924 ctum
2109 2868 2376 2924 deducere
2404 2867 2771 2932 maturahunt,
2815 2878 3152 2934 qumcnnquc
3179 2863 3233 2918 in
3260 2861 3519 2932 placitum

1937 2965 2219 3021 venerint:
2252 2979 2382 3019 cura
2408 2977 2552 3031 ergo:
2569 2963 2721 3017 istius
2741 2961 2884 3017 sedis
2911 2961 3016 3016 hoc
3045 2961 3221 3029 ipsum
3250 2966 3310 3014 ut
3335 2957 3416 3014 eis
3438 2957 3531 3012 in--

1939 3054 2160 3108 timetur
2189 3068 2411 3108 necesse
2441 3061 2526 3108 est
2552 3052 2850 3122 provideri.

2347 3165 2426 3221 De
2453 3166 2708 3237 episcopis
2740 3164 3099 3236 Tripolitanis.

2012 3261 2087 3315 De
2117 3258 2468 3330 Tripolitanis
2506 3273 2635 3312 vero
2684 3257 2938 3312 fratribus
2985 3255 3185 3312 nostris
3233 3256 3338 3310 hoc
3371 3256 3534 3325 potui

1938 3351 2283 3412 rendiscere,
2306 3349 2449 3419 quod
2472 3349 2756 3404 Dulcitium
2779 3349 3000 3402 fratrem
3021 3345 3265 3403 nostrain
3291 3347 3524 3402 destina-

1937 3443 2114 3497 verint
2141 3442 2404 3510 legatum;
2436 3439 2531 3495 sed
2559 3439 2684 3509 quia
2714 3454 2821 3494 non
2851 3439 3028 3509 potuit
3055 3453 3368 3503 occurrere,
3420 3438 3524 3492 hoc

1938 3540 2379 3588 asseveraveram
2402 3529 2619 3600 quidam
2645 3529 2739 3583 lilii
2763 3530 2932 3583 nostri
2954 3527 3231 3582 venientes
3254 3527 3322 3582 de
3341 3544 3530 3597 supra-

1937 3625 2082 3679 dicta
2108 3621 2571 3693 provincia,quod
2593 3628 2924 3676 memoratus
2947 3619 3069 3674 navi
3093 3634 3154 3675 se
3173 3620 3528 3687 commiserit,

1938 3722 1994 3769 et
2019 3714 2345 3769 credendum
2363 3721 2457 3770 .est
2484 3713 2752 3768 accidisse
2781 3712 3094 3768 nonnullam
3123 3711 3190 3766 de
3235 3720 3528 3782 tempesta-

1941 3807 2083 3861 tibus
2110 3820 2336 3870 ineram,
2360 3819 2482 3874 qua:
2509 3803 2815 3859 retardaret
2842 3803 2960 3872 ejus
2990 3803 3279 3858 adventum
3308 3820 3320 3856 :
3347 3811 3528 3857 tamen

1939 3899 2102 3951 etiam
2132 3897 2278 3951 circa
2307 3897 2484 3966 ipsos,
2535 3897 2580 3950 si
2623 3896 2876 3950 charitati
2913 3903 3106 3950 vestrae
3151 3894 3372 3964 placet,
3415 3894 3528 3949 hzeo

1939 3990 2109 4044 forma
2129 3990 2452 4054 servabitur,
2485 3997 2542 4043 ut
2563 3988 2760 4058 placita
2782 3987 2848 4042 ad
2874 3987 3095 4042 eosdem
3117 3987 3334 4044 concilii
3357 3996 3505 4042 trans

1939 4080 2242 4133 mittantur.
2275 4078 2356 4132 Ah
2381 4078 2643 4133 universis
2681 4078 2953 4146 episcopis
2982 4079 3186 4132 dictum
3217 4086 3301 4134 est
3333 4095 3346 4132 :
3381 4078 3530 4143 Haec,

1941 4189 2060 4241 quae
2082 4173 2271 4226 statuit
2299 4171 2561 4224 sanctitas
2582 4177 2708 4236 tua,
2727 4170 2977 4224 omnibus
3006 4169 3242 4238 placent.

2340 4283 2413 4334 lle
2440 4281 2804 4335 conveniendis
2829 4279 3141 4335 Donatistis.

2014 4372 2144 4428 XCI.
2179 4372 2426 4428 Aurelius
2452 4371 2741 4442 episcopus
2767 4372 2934 4426 dixit:
2960 4370 3117 4438 Quod
3152 4371 3206 4425 in
3236 4379 3526 4428 tractatum

1946 4467 2092 4521 venit
2118 4464 2398 4521 charitatis
2429 4471 2654 4532 vestrae,
2676 4471 2806 4534 puto
2826 4463 2935 4518 hoc
2962 4462 3342 4519 ecclesiasticis
3365 4465 3539 4533 gestis

1869 4563 1920 4624 Ι)
1945 4573 2062 4612 esse
2089 4555 2425 4611 ﬁrmandum.
2459 4553 2728 4612 Professio
2755 4555 2898 4610 enim
2939 4564 3118 4610 vestra
3156 4555 3393 4610 omnium
3421 4555 3530 4611 hoc

1943 4651 2297 4722 deprompsit,
2347 4649 2547 4706 debere
2573 4663 3010 4720 unumquemque
3036 4656 3280 4704 nostrum
3311 4649 3364 4704 in
3394 4649 3530 4704 civi-

1947 4753 2056 4799 tate
2082 4759 2180 4798 sua
2222 4759 2319 4814 per
2357 4758 2417 4798 se
2445 4742 2735 4798 convenire
2764 4741 3161 4796 Donatistarum
3187 4742 3530 4813 praipositos,

1945 4846 2044 4892 aut.
2067 4836 2358 4907 adjungere
2383 4837 2490 4891 sibi
2517 4835 2753 4891 vicinum
2783 4834 3066 4904 collegam,
3119 4843 3188 4889 ut.
3207 4836 3408 4905 pariter
3435 4851 3532 4890 eos

1948 4931 2002 4986 in
2029 4928 2254 4996 singulis
2299 4927 2600 4997 quibusque
2627 4926 2937 4982 civitatibus
2962 4926 3050 4982 vel
3076 4926 3213 4982 locis
3239 4942 3336 4996 per
3359 4927 3530 4994 magi-

1944 5030 2145 5076 stratus
2171 5020 2256 5075 vel
2297 5020 2540 5075 seniores
2561 5019 2806 5074 locorum
2828 5021 3173 5074 conveniant.
3202 5018 3317 5073 Hoc
3339 5020 3383 5072 si
3407 5034 3529 5072 om-

1945 5115 2105 5168 nibus
2119 5113 2320 5182 placet,
2344 5111 2606 5166 edicatur.
2631 5110 2714 5166 Ab
2743 5112 3005 5167 universis
3026 5112 3297 5182 episcopis
3321 5111 3525 5166 dictum

1945 5213 2030 5260 est
2073 5223 2086 5258 :
2127 5204 2385 5259 Omnibus
2415 5203 2620 5274 placet,
2667 5213 2724 5258 et
2760 5220 2950 5259 omnes
2991 5205 3093 5259 hac
3135 5203 3528 5272 subscriptione

1947 5305 2129 5352 nostra
2152 5295 2496 5350 firmavimus.
2527 5295 2763 5350 Petimus
2789 5297 2983 5360 etiam,
3003 5303 3062 5350 ut
3087 5293 3326 5362 epistolis
3351 5293 3416 5348 ad
3443 5292 3532 5363 jus

1946 5388 2097 5443 dices
2129 5387 2197 5441 de
2222 5386 2454 5442 concilio
2485 5385 2791 5450 mittendis,
2823 5401 2921 5454 pro
2949 5384 3198 5439 omnibus
3226 5383 3542 5440 subscribat.

1945 5478 2208 5533 sanctitas
2245 5484 2356 5531 tua.
2405 5476 2654 5531 Aurelius
2700 5475 2989 5545 episcopus
3015 5474 3150 5528 dixit
3182 5493 3194 5528 :
3236 5473 3532 5542 Si,vid:tur

1940 5571 2200 5636 .charitati
2221 5577 2434 5636 vestne,
2461 5567 2628 5622 forma
2651 5566 3028 5622 conventionis
3045 5581 3230 5622 eorum
3252 5551 3546 5631 recitrtur,

1950 5672 2010 5717 ut
2037 5664 2182 5716 inme
2223 5669 2465 5716 tenorem
2497 5658 2896 5728 prosecutionis
2922 5674 3141 5724 omnes,
3167 5660 3213 5715 si
3245 5661 3534 5731 placuerit,

1951 5760 2250 5810 teneamus.
2283 5749 2364 5804 Ab
2391 5747 2658 5803 universis
2685 5747 2952 5820 episcopis
2977 5750 3178 5808 dictum
3207 5761 3292 5808 est
3319 5770 3333 5806 :
3369 5750 3528 5808 licti-

1945 5853 2104 5900 tetur.
2142 5842 2320 5897 Lcetus
2353 5840 2594 5896 notarius
2621 5840 2890 5896 recitavit.
