  <div class='ocr_page' id='page_1' title='image "/cluster/home/n/w/nwhite01/storage/ocr_20150623/67/hvd.32044015547185/111.png"; bbox 0 0 4092 6348; ppageno 0'>
   <div class='ocr_carea' id='block_1_1' title="bbox 593 239 690 294">
    <p class='ocr_par' dir='ltr' id='par_1_1' title="bbox 593 239 690 294">
     <span class='ocr_line' id='line_1_1' title="bbox 593 239 690 294; baseline 0 -1"><span class='ocrx_word' id='word_1_1' title='bbox 593 239 690 294; x_wconf 67' lang='lat' dir='ltr'><strong>Sil</strong></span> 
     </span>
    </p>
   </div>
   <div class='ocr_carea' id='block_1_2' title="bbox 857 356 2034 438">
    <p class='ocr_par' dir='ltr' id='par_1_2' title="bbox 857 356 2034 438">
     <span class='ocr_line' id='line_1_2' title="bbox 857 356 2034 438; baseline 0.014 -31"><span class='ocrx_word' id='word_1_2' title='bbox 857 356 1048 411; x_wconf 75' lang='lat' dir='ltr'><strong>Forma</strong></span> <span class='ocrx_word' id='word_1_3' title='bbox 1078 364 1421 416; x_wconf 72' lang='lat' dir='ltr'><strong>conventionis</strong></span> <span class='ocrx_word' id='word_1_4' title='bbox 1455 361 1568 417; x_wconf 84' lang='lat' dir='ltr'><strong>Dan</strong></span> <span class='ocrx_word' id='word_1_5' title='bbox 1580 367 1698 418; x_wconf 70' lang='lat' dir='ltr'><strong>suist</strong></span> <span class='ocrx_word' id='word_1_6' title='bbox 1709 384 1857 420; x_wconf 83' lang='lat' dir='ltr'><strong>urunt</strong></span> <span class='ocrx_word' id='word_1_7' title='bbox 1869 409 1881 421; x_wconf 94' lang='lat'><strong>.</strong></span> <span class='ocrx_word' id='word_1_8' title='bbox 2021 429 2034 438; x_wconf 46' lang='grc'><strong><em>,</em></strong></span> 
     </span>
    </p>
   </div>
   <div class='ocr_carea' id='block_1_3' title="bbox 661 465 2168 544">
    <p class='ocr_par' dir='ltr' id='par_1_3' title="bbox 661 465 2168 544">
     <span class='ocr_line' id='line_1_3' title="bbox 661 465 2168 544; baseline 0.007 -24"><span class='ocrx_word' id='word_1_9' title='bbox 661 465 812 521; x_wconf 77' lang='lat' dir='ltr'>XCII.</span> <span class='ocrx_word' id='word_1_10' title='bbox 848 466 938 522; x_wconf 86' lang='lat' dir='ltr'><strong>Ille</strong></span> <span class='ocrx_word' id='word_1_11' title='bbox 968 471 1249 541; x_wconf 77' lang='lat' dir='ltr'><strong>episcnpus</strong></span> <span class='ocrx_word' id='word_1_12' title='bbox 1277 471 1528 527; x_wconf 59' lang='lat' dir='ltr'><strong>Ecclesim</strong></span> <span class='ocrx_word' id='word_1_13' title='bbox 1560 475 1702 528; x_wconf 90' lang='lat' dir='ltr'><strong>illius</strong></span> <span class='ocrx_word' id='word_1_14' title='bbox 1733 476 1867 530; x_wconf 75' lang='lat' dir='ltr'><strong>dixit</strong></span> <span class='ocrx_word' id='word_1_15' title='bbox 1898 497 1909 528; x_wconf 92' lang='lat'>:</span> <span class='ocrx_word' id='word_1_16' title='bbox 1943 478 2079 544; x_wconf 85' lang='lat' dir='ltr'><strong>Quid</strong></span> <span class='ocrx_word' id='word_1_17' title='bbox 2101 478 2168 531; x_wconf 90' lang='lat' dir='ltr'><strong>de</strong></span> 
     </span>
    </p>
   </div>
   <div class='ocr_carea' id='block_1_4' title="bbox 537 559 2165 636">
    <p class='ocr_par' dir='ltr' id='par_1_4' title="bbox 537 559 2165 636">
     <span class='ocr_line' id='line_1_4' title="bbox 537 559 2165 636; baseline 0.007 -26"><span class='ocrx_word' id='word_1_18' title='bbox 537 588 540 592; x_wconf 94' lang='lat'><strong>-</strong></span> <span class='ocrx_word' id='word_1_19' title='bbox 589 559 910 614; x_wconf 88' lang='lat' dir='ltr'><strong>auctoritate</strong></span> <span class='ocrx_word' id='word_1_20' title='bbox 942 559 1079 613; x_wconf 78' lang='lat' dir='ltr'><strong>illius</strong></span> <span class='ocrx_word' id='word_1_21' title='bbox 1120 564 1460 630; x_wconf 77' lang='lat' dir='ltr'><strong>amplissinue</strong></span> <span class='ocrx_word' id='word_1_22' title='bbox 1491 565 1633 620; x_wconf 70' lang='lat' dir='ltr'><strong>sedis</strong></span> <span class='ocrx_word' id='word_1_23' title='bbox 1680 567 2165 636; x_wconf 76' lang='lat' dir='ltr'><strong>impetraverimus,</strong></span> 
     </span>
    </p>
   </div>
   <div class='ocr_carea' id='block_1_5' title="bbox 588 650 2166 728">
    <p class='ocr_par' dir='ltr' id='par_1_5' title="bbox 588 650 2166 728">
     <span class='ocr_line' id='line_1_5' title="bbox 588 650 2166 728; baseline 0.008 -27"><span class='ocrx_word' id='word_1_24' title='bbox 588 650 818 718; x_wconf 87' lang='lat' dir='ltr'><strong>petimus</strong></span> <span class='ocrx_word' id='word_1_25' title='bbox 834 652 1146 716; x_wconf 85' lang='lat' dir='ltr'><strong>gravitatem</strong></span> <span class='ocrx_word' id='word_1_26' title='bbox 1173 663 1401 707; x_wconf 70' lang='lat' dir='ltr'><strong>ve~tram</strong></span> <span class='ocrx_word' id='word_1_27' title='bbox 1427 658 1744 720; x_wconf 52' lang='lat' dir='ltr'><strong>rccitarc,‘ct</strong></span> <span class='ocrx_word' id='word_1_28' title='bbox 1762 660 1926 728; x_wconf 78' lang='lat' dir='ltr'><strong>gestis</strong></span> <span class='ocrx_word' id='word_1_29' title='bbox 1947 660 2166 727; x_wconf 75' lang='lat' dir='ltr'><strong>innecti,</strong></span> 
     </span>
    </p>
   </div>
   <div class='ocr_carea' id='block_1_6' title="bbox 586 741 2168 813">
    <p class='ocr_par' dir='ltr' id='par_1_6' title="bbox 586 741 2168 813">
     <span class='ocr_line' id='line_1_6' title="bbox 586 741 2168 813; baseline 0.009 -21"><span class='ocrx_word' id='word_1_30' title='bbox 586 749 749 808; x_wconf 87' lang='lat' dir='ltr'><strong>atque</strong></span> <span class='ocrx_word' id='word_1_31' title='bbox 780 750 835 794; x_wconf 86' lang='grc' dir='ltr'><strong>ιιι</strong></span> <span class='ocrx_word' id='word_1_32' title='bbox 862 741 912 794; x_wconf 92' lang='lat' dir='ltr'><strong>in</strong></span> <span class='ocrx_word' id='word_1_33' title='bbox 944 741 1192 797; x_wconf 61' lang='lat' dir='ltr'><strong>effe-stum</strong></span> <span class='ocrx_word' id='word_1_34' title='bbox 1216 744 1410 799; x_wconf 68' lang='lat' dir='ltr'><strong>deduci</strong></span> <span class='ocrx_word' id='word_1_35' title='bbox 1437 749 1688 813; x_wconf 88' lang='lat' dir='ltr'><strong>jubeatis.</strong></span> <span class='ocrx_word' id='word_1_36' title='bbox 1718 748 1962 804; x_wconf 83' lang='lat' dir='ltr'><strong>Recitata</strong></span> <span class='ocrx_word' id='word_1_37' title='bbox 1989 759 2168 808; x_wconf 88' lang='lat' dir='ltr'><strong>autem</strong></span> 
     </span>
    </p>
   </div>
   <div class='ocr_carea' id='block_1_7' title="bbox 581 831 2168 910">
    <p class='ocr_par' dir='ltr' id='par_1_7' title="bbox 581 831 2168 910">
     <span class='ocr_line' id='line_1_7' title="bbox 581 831 2168 910; baseline 0.011 -29"><span class='ocrx_word' id='word_1_38' title='bbox 581 831 840 899; x_wconf 87' lang='lat' dir='ltr'><strong>jussioue,</strong></span> <span class='ocrx_word' id='word_1_39' title='bbox 873 842 1035 902; x_wconf 87' lang='lat' dir='ltr'><strong>atque</strong></span> <span class='ocrx_word' id='word_1_40' title='bbox 1059 837 1196 889; x_wconf 86' lang='lat' dir='ltr'><strong>ac‘tis</strong></span> <span class='ocrx_word' id='word_1_41' title='bbox 1227 837 1418 891; x_wconf 74' lang='lat' dir='ltr'><strong>innexa</strong></span> <span class='ocrx_word' id='word_1_42' title='bbox 1437 880 1450 901; x_wconf 88' lang='lat'><strong>,</strong></span> <span class='ocrx_word' id='word_1_43' title='bbox 1484 840 1570 893; x_wconf 91' lang='lat' dir='ltr'><strong>ille</strong></span> <span class='ocrx_word' id='word_1_44' title='bbox 1597 840 1884 910; x_wconf 87' lang='lat' dir='ltr'><strong>episcopus</strong></span> <span class='ocrx_word' id='word_1_45' title='bbox 1913 839 2168 898; x_wconf 73' lang='lat' dir='ltr'><strong>Ecclesia:</strong></span> 
     </span>
    </p>
   </div>
   <div class='ocr_carea' id='block_1_8' title="bbox 585 925 2168 996">
    <p class='ocr_par' dir='ltr' id='par_1_8' title="bbox 585 925 2168 996">
     <span class='ocr_line' id='line_1_8' title="bbox 585 925 2168 996; baseline 0.011 -19"><span class='ocrx_word' id='word_1_46' title='bbox 585 925 726 978; x_wconf 80' lang='lat' dir='ltr'><strong>illius</strong></span> <span class='ocrx_word' id='word_1_47' title='bbox 753 926 886 988; x_wconf 81' lang='lat' dir='ltr'><strong>dixit</strong></span> <span class='ocrx_word' id='word_1_48' title='bbox 930 947 940 979; x_wconf 88' lang='lat'>:</span> <span class='ocrx_word' id='word_1_49' title='bbox 987 927 1124 993; x_wconf 86' lang='lat' dir='ltr'><strong>Quid</strong></span> <span class='ocrx_word' id='word_1_50' title='bbox 1168 944 1296 996; x_wconf 80' lang='lat' dir='ltr'><strong>ergo</strong></span> <span class='ocrx_word' id='word_1_51' title='bbox 1346 934 1497 986; x_wconf 88' lang='lat' dir='ltr'><strong>nobis</strong></span> <span class='ocrx_word' id='word_1_52' title='bbox 1544 933 1612 987; x_wconf 94' lang='lat' dir='ltr'><strong>de</strong></span> <span class='ocrx_word' id='word_1_53' title='bbox 1653 936 1882 992; x_wconf 87' lang='lat' dir='ltr'><strong>concilio</strong></span> <span class='ocrx_word' id='word_1_54' title='bbox 1913 934 2168 994; x_wconf 72' lang='lat' dir='ltr'><strong>Ecclesia:</strong></span> 
     </span>
    </p>
   </div>
   <div class='ocr_carea' id='block_1_9' title="bbox 581 1017 2167 1098">
    <p class='ocr_par' dir='ltr' id='par_1_9' title="bbox 581 1017 2167 1098">
     <span class='ocr_line' id='line_1_9' title="bbox 581 1017 2167 1098; baseline 0.009 -29"><span class='ocrx_word' id='word_1_55' title='bbox 581 1017 861 1070; x_wconf 71' lang='lat' dir='ltr'><strong>catholica:</strong></span> <span class='ocrx_word' id='word_1_56' title='bbox 911 1021 1215 1073; x_wconf 77' lang='lat' dir='ltr'><strong>Inundalum</strong></span> <span class='ocrx_word' id='word_1_57' title='bbox 1260 1023 1328 1074; x_wconf 79' lang='lat' dir='ltr'><strong>sit</strong></span> <span class='ocrx_word' id='word_1_58' title='bbox 1356 1022 1422 1074; x_wconf 89' lang='lat' dir='ltr'><strong>ad</strong></span> <span class='ocrx_word' id='word_1_59' title='bbox 1469 1024 1772 1080; x_wconf 81' lang='lat' dir='ltr'><strong>Douatistas</strong></span> <span class='ocrx_word' id='word_1_60' title='bbox 1811 1044 1907 1098; x_wconf 89' lang='lat' dir='ltr'><strong>per</strong></span> <span class='ocrx_word' id='word_1_61' title='bbox 1934 1040 2167 1084; x_wconf 80' lang='lat' dir='ltr'><strong>vestram</strong></span> 
     </span>
    </p>
   </div>
   <div class='ocr_carea' id='block_1_10' title="bbox 579 1111 2164 1187">
    <p class='ocr_par' dir='ltr' id='par_1_10' title="bbox 579 1111 2164 1187">
     <span class='ocr_line' id='line_1_10' title="bbox 579 1111 2164 1187; baseline 0.009 -25"><span class='ocrx_word' id='word_1_62' title='bbox 579 1111 898 1176; x_wconf 76' lang='lat' dir='ltr'><strong>gravitatem</strong></span> <span class='ocrx_word' id='word_1_63' title='bbox 935 1114 1328 1180; x_wconf 85' lang='lat' dir='ltr'><strong>perl&#39;eremlum,</strong></span> <span class='ocrx_word' id='word_1_64' title='bbox 1385 1117 1604 1184; x_wconf 85' lang='lat' dir='ltr'><strong>audire,</strong></span> <span class='ocrx_word' id='word_1_65' title='bbox 1655 1128 1705 1171; x_wconf 80' lang='lat' dir='ltr'><strong>et</strong></span> <span class='ocrx_word' id='word_1_66' title='bbox 1741 1122 1876 1174; x_wconf 83' lang='lat' dir='ltr'><strong>actis</strong></span> <span class='ocrx_word' id='word_1_67' title='bbox 1908 1122 2164 1187; x_wconf 82' lang='lat' dir='ltr'><strong>inserere,</strong></span> 
     </span>
    </p>
   </div>
   <div class='ocr_carea' id='block_1_11' title="bbox 579 1202 2164 1284">
    <p class='ocr_par' dir='ltr' id='par_1_11' title="bbox 579 1202 2164 1284">
     <span class='ocr_line' id='line_1_11' title="bbox 579 1202 2164 1284; baseline 0.01 -30"><span class='ocrx_word' id='word_1_68' title='bbox 579 1209 636 1255; x_wconf 85' lang='lat' dir='ltr'><strong>et</strong></span> <span class='ocrx_word' id='word_1_69' title='bbox 663 1202 728 1255; x_wconf 81' lang='lat' dir='ltr'><strong>ad</strong></span> <span class='ocrx_word' id='word_1_70' title='bbox 757 1219 852 1256; x_wconf 82' lang='lat' dir='ltr'><strong>cos</strong></span> <span class='ocrx_word' id='word_1_71' title='bbox 897 1206 1132 1272; x_wconf 86' lang='lat' dir='ltr'><strong>perferre</strong></span> <span class='ocrx_word' id='word_1_72' title='bbox 1163 1210 1477 1275; x_wconf 71' lang='lat' dir='ltr'><strong>dignemini,</strong></span> <span class='ocrx_word' id='word_1_73' title='bbox 1529 1230 1820 1283; x_wconf 74' lang='lat' dir='ltr'><strong>columque</strong></span> <span class='ocrx_word' id='word_1_74' title='bbox 1850 1219 2164 1284; x_wconf 80' lang='lat' dir='ltr'><strong>responsio-</strong></span> 
     </span>
    </p>
   </div>
   <div class='ocr_carea' id='block_1_12' title="bbox 583 1300 2165 1364">
    <p class='ocr_par' dir='ltr' id='par_1_12' title="bbox 583 1300 2165 1364">
     <span class='ocr_line' id='line_1_12' title="bbox 583 1300 2165 1364; baseline 0.01 -19"><span class='ocrx_word' id='word_1_75' title='bbox 583 1308 706 1346; x_wconf 85' lang='lat' dir='ltr'><strong>nem</strong></span> <span class='ocrx_word' id='word_1_76' title='bbox 736 1311 919 1348; x_wconf 83' lang='lat' dir='ltr'><strong>rursus</strong></span> <span class='ocrx_word' id='word_1_77' title='bbox 949 1300 1084 1364; x_wconf 83' lang='lat' dir='ltr'><strong>apu.l</strong></span> <span class='ocrx_word' id='word_1_78' title='bbox 1128 1309 1246 1352; x_wconf 81' lang='lat' dir='ltr'><strong>arta</strong></span> <span class='ocrx_word' id='word_1_79' title='bbox 1281 1309 1452 1354; x_wconf 73' lang='lat' dir='ltr'><strong>vestra</strong></span> <span class='ocrx_word' id='word_1_80' title='bbox 1499 1306 1650 1356; x_wconf 66' lang='lat' dir='ltr'><strong>ttoltis</strong></span> <span class='ocrx_word' id='word_1_81' title='bbox 1683 1306 1974 1361; x_wconf 71' lang='lat' dir='ltr'><strong>insinuare.</strong></span> <span class='ocrx_word' id='word_1_82' title='bbox 2024 1307 2165 1360; x_wconf 71' lang='lat' dir='ltr'><strong>(lon-</strong></span> 
     </span>
    </p>
   </div>
   <div class='ocr_carea' id='block_1_13' title="bbox 579 1385 2169 1454">
    <p class='ocr_par' dir='ltr' id='par_1_13' title="bbox 579 1385 2169 1454">
     <span class='ocr_line' id='line_1_13' title="bbox 579 1385 2169 1454; baseline 0.011 -17"><span class='ocrx_word' id='word_1_83' title='bbox 579 1385 825 1440; x_wconf 83' lang='lat' dir='ltr'><strong>venimus</strong></span> <span class='ocrx_word' id='word_1_84' title='bbox 849 1403 944 1440; x_wconf 85' lang='lat' dir='ltr'><strong>vos</strong></span> <span class='ocrx_word' id='word_1_85' title='bbox 995 1405 1059 1442; x_wconf 73' lang='lat' dir='ltr'><strong>ex</strong></span> <span class='ocrx_word' id='word_1_86' title='bbox 1103 1393 1315 1445; x_wconf 79' lang='lat' dir='ltr'><strong>concilii</strong></span> <span class='ocrx_word' id='word_1_87' title='bbox 1349 1395 1516 1447; x_wconf 85' lang='lat' dir='ltr'><strong>nostri</strong></span> <span class='ocrx_word' id='word_1_88' title='bbox 1550 1396 1813 1450; x_wconf 82' lang='lat' dir='ltr'><strong>catholica</strong></span> <span class='ocrx_word' id='word_1_89' title='bbox 1844 1400 2169 1454; x_wconf 88' lang='lat' dir='ltr'><strong>auctoritate</strong></span> 
     </span>
    </p>
   </div>
   <div class='ocr_carea' id='block_1_14' title="bbox 580 1479 2166 1558">
    <p class='ocr_par' dir='ltr' id='par_1_14' title="bbox 580 1479 2166 1558">
     <span class='ocr_line' id='line_1_14' title="bbox 580 1479 2166 1558; baseline 0.009 -28"><span class='ocrx_word' id='word_1_90' title='bbox 580 1479 747 1543; x_wconf 84' lang='lat' dir='ltr'><strong>missi,</strong></span> <span class='ocrx_word' id='word_1_91' title='bbox 777 1479 844 1533; x_wconf 88' lang='lat' dir='ltr'><strong>de</strong></span> <span class='ocrx_word' id='word_1_92' title='bbox 871 1490 1046 1535; x_wconf 79' lang='lat' dir='ltr'><strong>vestra</strong></span> <span class='ocrx_word' id='word_1_93' title='bbox 1070 1487 1415 1552; x_wconf 84' lang='lat' dir='ltr'><strong>correptione</strong></span> <span class='ocrx_word' id='word_1_94' title='bbox 1443 1489 1677 1555; x_wconf 68' lang='lat' dir='ltr'><strong>gaudere</strong></span> <span class='ocrx_word' id='word_1_95' title='bbox 1707 1491 2004 1558; x_wconf 77' lang='lat' dir='ltr'><strong>copieutes,</strong></span> <span class='ocrx_word' id='word_1_96' title='bbox 2037 1507 2166 1544; x_wconf 90' lang='lat' dir='ltr'><strong>cou-</strong></span> 
     </span>
    </p>
   </div>
   <div class='ocr_carea' id='block_1_15' title="bbox 576 1569 2163 1652">
    <p class='ocr_par' dir='ltr' id='par_1_15' title="bbox 576 1569 2163 1652">
     <span class='ocr_line' id='line_1_15' title="bbox 576 1569 2163 1652; baseline 0.009 -29"><span class='ocrx_word' id='word_1_97' title='bbox 576 1569 877 1627; x_wconf 87' lang='lat' dir='ltr'><strong>siderantes</strong></span> <span class='ocrx_word' id='word_1_98' title='bbox 905 1573 1113 1629; x_wconf 88' lang='lat' dir='ltr'><strong>Domini</strong></span> <span class='ocrx_word' id='word_1_99' title='bbox 1137 1577 1476 1644; x_wconf 89' lang='lat' dir='ltr'><strong>charitatem,</strong></span> <span class='ocrx_word' id='word_1_100' title='bbox 1505 1581 1595 1648; x_wconf 85' lang='lat' dir='ltr'><strong>qui</strong></span> <span class='ocrx_word' id='word_1_101' title='bbox 1622 1581 1792 1634; x_wconf 85' lang='lat' dir='ltr'><strong>dixit:</strong></span> <span class='ocrx_word' id='word_1_102' title='bbox 1829 1581 1979 1637; x_wconf 83' lang='lat' dir='ltr'><strong>Beati</strong></span> <span class='ocrx_word' id='word_1_103' title='bbox 2011 1586 2163 1652; x_wconf 85' lang='lat' dir='ltr'><strong>paci-</strong></span> 
     </span>
    </p>
   </div>
   <div class='ocr_carea' id='block_1_16' title="bbox 577 1660 2165 1747">
    <p class='ocr_par' dir='ltr' id='par_1_16' title="bbox 577 1660 2165 1747">
     <span class='ocr_line' id='line_1_16' title="bbox 577 1660 2165 1747; baseline 0.014 -36"><span class='ocrx_word' id='word_1_104' title='bbox 577 1660 685 1725; x_wconf 84' lang='lat' dir='ltr'><strong>lici,</strong></span> <span class='ocrx_word' id='word_1_105' title='bbox 733 1665 858 1732; x_wconf 82' lang='lat' dir='ltr'><strong>quia</strong></span> <span class='ocrx_word' id='word_1_106' title='bbox 905 1665 1001 1734; x_wconf 87' lang='lat' dir='ltr'><strong>ipsi</strong></span> <span class='ocrx_word' id='word_1_107' title='bbox 1035 1667 1126 1721; x_wconf 92' lang='lat' dir='ltr'><strong>lilii</strong></span> <span class='ocrx_word' id='word_1_108' title='bbox 1159 1667 1250 1721; x_wconf 90' lang='lat' dir='ltr'><strong>Dei</strong></span> <span class='ocrx_word' id='word_1_109' title='bbox 1279 1670 1642 1740; x_wconf 87' lang='lat' dir='ltr'><strong>vocabuntur,</strong></span> <span class='ocrx_word' id='word_1_110' title='bbox 1671 1683 1726 1727; x_wconf 87' lang='lat' dir='ltr'><strong>et</strong></span> <span class='ocrx_word' id='word_1_111' title='bbox 1755 1673 2040 1731; x_wconf 86' lang='lat' dir='ltr'><strong>admonuit</strong></span> <span class='ocrx_word' id='word_1_112' title='bbox 2069 1694 2165 1747; x_wconf 85' lang='lat' dir='ltr'><strong>per</strong></span> 
     </span>
    </p>
   </div>
   <div class='ocr_carea' id='block_1_17' title="bbox 1884 252 2582 315">
    <p class='ocr_par' dir='ltr' id='par_1_17' title="bbox 1884 252 2582 315">
     <span class='ocr_line' id='line_1_17' title="bbox 1884 252 2582 315; baseline 0.011 -8"><span class='ocrx_word' id='word_1_113' title='bbox 1884 252 2236 310; x_wconf 72' lang='lat' dir='ltr'><strong>DIONYSIUS</strong></span> <span class='ocrx_word' id='word_1_114' title='bbox 2264 254 2582 315; x_wconf 81' lang='lat' dir='ltr'><strong>EXIGUUS.</strong></span> 
     </span>
    </p>
   </div>
   <div class='ocr_carea' id='block_1_18' title="bbox 2200 376 3862 452">
    <p class='ocr_par' dir='ltr' id='par_1_18' title="bbox 2200 376 3862 452">
     <span class='ocr_line' id='line_1_18' title="bbox 2200 376 3862 452; baseline 0.018 -32"><span class='ocrx_word' id='word_1_115' title='bbox 2200 376 2244 428; x_wconf 81' lang='grc' dir='ltr'><strong>Α</strong></span> <span class='ocrx_word' id='word_1_116' title='bbox 2277 387 2382 438; x_wconf 90' lang='lat' dir='ltr'><strong>que</strong></span> <span class='ocrx_word' id='word_1_117' title='bbox 2425 389 2523 442; x_wconf 79' lang='lat' dir='ltr'><strong>per</strong></span> <span class='ocrx_word' id='word_1_118' title='bbox 2581 378 2898 447; x_wconf 84' lang='lat' dir='ltr'><strong>imperitiam</strong></span> <span class='ocrx_word' id='word_1_119' title='bbox 2950 381 3034 435; x_wconf 91' lang='lat' dir='ltr'><strong>vel</strong></span> <span class='ocrx_word' id='word_1_120' title='bbox 3083 383 3436 452; x_wconf 82' lang='lat' dir='ltr'><strong>pertinaciam</strong></span> <span class='ocrx_word' id='word_1_121' title='bbox 3479 388 3862 449; x_wconf 78' lang='lat' dir='ltr'><strong>resistentibus</strong></span> 
     </span>
    </p>
   </div>
   <div class='ocr_carea' id='block_1_19' title="bbox 3756 275 3868 337">
    <p class='ocr_par' dir='ltr' id='par_1_19' title="bbox 3756 275 3868 337">
     <span class='ocr_line' id='line_1_19' title="bbox 3756 275 3868 337; baseline -0.027 0"><span class='ocrx_word' id='word_1_122' title='bbox 3756 275 3868 337; x_wconf 63' lang='grc' dir='ltr'><strong>ιιι</strong></span> 
     </span>
    </p>
   </div>
   <div class='ocr_carea' id='block_1_20' title="bbox 2275 461 3860 548">
    <p class='ocr_par' dir='ltr' id='par_1_20' title="bbox 2275 461 3860 548">
     <span class='ocr_line' id='line_1_20' title="bbox 2275 461 3860 548; baseline 0.015 -36"><span class='ocrx_word' id='word_1_123' title='bbox 2275 461 2634 522; x_wconf 84' lang='lat' dir='ltr'><strong>innotesceret</strong></span> <span class='ocrx_word' id='word_1_124' title='bbox 2662 486 2672 520; x_wconf 89' lang='lat'>:</span> <span class='ocrx_word' id='word_1_125' title='bbox 2704 469 2796 522; x_wconf 90' lang='lat' dir='ltr'><strong>sed</strong></span> <span class='ocrx_word' id='word_1_126' title='bbox 2820 470 2942 538; x_wconf 87' lang='lat' dir='ltr'><strong>quia</strong></span> <span class='ocrx_word' id='word_1_127' title='bbox 2965 469 3259 548; x_wconf 70' lang='lat' dir='ltr'><strong>diffidentia</strong></span> <span class='ocrx_word' id='word_1_128' title='bbox 3288 476 3696 544; x_wconf 89' lang='lat' dir='ltr'><strong>premebantur,</strong></span> <span class='ocrx_word' id='word_1_129' title='bbox 3721 481 3860 537; x_wconf 81' lang='lat' dir='ltr'><strong>nihil</strong></span> 
     </span>
    </p>
   </div>
   <div class='ocr_carea' id='block_1_21' title="bbox 2276 558 3862 638">
    <p class='ocr_par' dir='ltr' id='par_1_21' title="bbox 2276 558 3862 638">
     <span class='ocr_line' id='line_1_21' title="bbox 2276 558 3862 638; baseline 0.014 -34"><span class='ocrx_word' id='word_1_130' title='bbox 2276 570 2411 620; x_wconf 89' lang='lat' dir='ltr'><strong>pene</strong></span> <span class='ocrx_word' id='word_1_131' title='bbox 2442 558 2556 610; x_wconf 86' lang='lat' dir='ltr'><strong>ausi</strong></span> <span class='ocrx_word' id='word_1_132' title='bbox 2587 567 2713 612; x_wconf 89' lang='lat' dir='ltr'><strong>sunt</strong></span> <span class='ocrx_word' id='word_1_133' title='bbox 2739 562 3084 629; x_wconf 79' lang='lat' dir='ltr'><strong>respondere.</strong></span> <span class='ocrx_word' id='word_1_134' title='bbox 3125 561 3271 619; x_wconf 88' lang='lat' dir='ltr'><strong>Unde</strong></span> <span class='ocrx_word' id='word_1_135' title='bbox 3300 566 3422 634; x_wconf 85' lang='lat' dir='ltr'><strong>quia</strong></span> <span class='ocrx_word' id='word_1_136' title='bbox 3458 567 3737 638; x_wconf 85' lang='lat' dir='ltr'><strong>impletum</strong></span> <span class='ocrx_word' id='word_1_137' title='bbox 3779 581 3862 627; x_wconf 81' lang='lat' dir='ltr'><strong>est</strong></span> 
     </span>
    </p>
   </div>
   <div class='ocr_carea' id='block_1_22' title="bbox 2272 651 3860 727">
    <p class='ocr_par' dir='ltr' id='par_1_22' title="bbox 2272 651 3860 727">
     <span class='ocr_line' id='line_1_22' title="bbox 2272 651 3860 727; baseline 0.01 -29"><span class='ocrx_word' id='word_1_138' title='bbox 2272 660 2395 712; x_wconf 73' lang='lat' dir='ltr'><strong>erga</strong></span> <span class='ocrx_word' id='word_1_139' title='bbox 2428 664 2522 702; x_wconf 92' lang='lat' dir='ltr'><strong>eos</strong></span> <span class='ocrx_word' id='word_1_140' title='bbox 2545 651 2852 718; x_wconf 86' lang='lat' dir='ltr'><strong>episcopale</strong></span> <span class='ocrx_word' id='word_1_141' title='bbox 2881 667 2945 705; x_wconf 89' lang='lat' dir='ltr'><strong>ac</strong></span> <span class='ocrx_word' id='word_1_142' title='bbox 2990 652 3275 721; x_wconf 78' lang='lat' dir='ltr'><strong>pacificum</strong></span> <span class='ocrx_word' id='word_1_143' title='bbox 3295 654 3551 722; x_wconf 84' lang='lat' dir='ltr'><strong>officium,</strong></span> <span class='ocrx_word' id='word_1_144' title='bbox 3580 666 3637 712; x_wconf 93' lang='lat' dir='ltr'><strong>et</strong></span> <span class='ocrx_word' id='word_1_145' title='bbox 3665 658 3740 712; x_wconf 90' lang='lat' dir='ltr'><strong>illi</strong></span> <span class='ocrx_word' id='word_1_146' title='bbox 3764 660 3860 727; x_wconf 87' lang='lat' dir='ltr'><strong>qui</strong></span> 
     </span>
    </p>
   </div>
   <div class='ocr_carea' id='block_1_23' title="bbox 2274 738 3858 812">
    <p class='ocr_par' dir='ltr' id='par_1_23' title="bbox 2274 738 3858 812">
     <span class='ocr_line' id='line_1_23' title="bbox 2274 738 3858 812; baseline 0.009 -24"><span class='ocrx_word' id='word_1_147' title='bbox 2274 738 2485 791; x_wconf 86' lang='lat' dir='ltr'><strong>veritati</strong></span> <span class='ocrx_word' id='word_1_148' title='bbox 2517 741 2845 810; x_wconf 86' lang='lat' dir='ltr'><strong>respondere</strong></span> <span class='ocrx_word' id='word_1_149' title='bbox 2875 743 3251 812; x_wconf 85' lang='lat' dir='ltr'><strong>nequiverunt,</strong></span> <span class='ocrx_word' id='word_1_150' title='bbox 3277 745 3343 800; x_wconf 88' lang='lat' dir='ltr'><strong>ad</strong></span> <span class='ocrx_word' id='word_1_151' title='bbox 3366 746 3623 803; x_wconf 86' lang='lat' dir='ltr'><strong>immanes</strong></span> <span class='ocrx_word' id='word_1_152' title='bbox 3650 749 3858 806; x_wconf 78' lang='lat' dir='ltr'><strong>violen-</strong></span> 
     </span>
    </p>
   </div>
   <div class='ocr_carea' id='block_1_24' title="bbox 2272 826 3859 910">
    <p class='ocr_par' dir='ltr' id='par_1_24' title="bbox 2272 826 3859 910">
     <span class='ocr_line' id='line_1_24' title="bbox 2272 826 3859 910; baseline 0.011 -32"><span class='ocrx_word' id='word_1_153' title='bbox 2272 826 2374 881; x_wconf 86' lang='lat' dir='ltr'><strong>tias</strong></span> <span class='ocrx_word' id='word_1_154' title='bbox 2403 836 2528 882; x_wconf 89' lang='lat' dir='ltr'><strong>sunt</strong></span> <span class='ocrx_word' id='word_1_155' title='bbox 2553 833 2798 885; x_wconf 73' lang='lat' dir='ltr'><strong>conversi</strong></span> <span class='ocrx_word' id='word_1_156' title='bbox 2826 849 2839 897; x_wconf 91' lang='lat'><strong>;</strong></span> <span class='ocrx_word' id='word_1_157' title='bbox 2867 833 2937 886; x_wconf 89' lang='lat' dir='ltr'><strong>ita</strong></span> <span class='ocrx_word' id='word_1_158' title='bbox 2972 840 3028 887; x_wconf 92' lang='lat' dir='ltr'><strong>ut</strong></span> <span class='ocrx_word' id='word_1_159' title='bbox 3057 833 3255 891; x_wconf 89' lang='lat' dir='ltr'><strong>multos</strong></span> <span class='ocrx_word' id='word_1_160' title='bbox 3300 837 3582 910; x_wconf 88' lang='lat' dir='ltr'><strong>episcopos</strong></span> <span class='ocrx_word' id='word_1_161' title='bbox 3619 839 3859 895; x_wconf 84' lang='lat' dir='ltr'><strong>multos-</strong></span> 
     </span>
    </p>
   </div>
   <div class='ocr_carea' id='block_1_25' title="bbox 2268 920 3857 1001">
    <p class='ocr_par' dir='ltr' id='par_1_25' title="bbox 2268 920 3857 1001">
     <span class='ocr_line' id='line_1_25' title="bbox 2268 920 3857 1001; baseline 0.011 -30"><span class='ocrx_word' id='word_1_162' title='bbox 2268 933 2374 986; x_wconf 86' lang='lat' dir='ltr'><strong>que</strong></span> <span class='ocrx_word' id='word_1_163' title='bbox 2397 920 2621 976; x_wconf 87' lang='lat' dir='ltr'><strong>clericos</strong></span> <span class='ocrx_word' id='word_1_164' title='bbox 2649 922 2730 991; x_wconf 90' lang='lat' dir='ltr'><strong>(ut</strong></span> <span class='ocrx_word' id='word_1_165' title='bbox 2750 923 2816 976; x_wconf 87' lang='lat' dir='ltr'><strong>de</strong></span> <span class='ocrx_word' id='word_1_166' title='bbox 2842 924 2994 978; x_wconf 85' lang='lat' dir='ltr'><strong>laicis</strong></span> <span class='ocrx_word' id='word_1_167' title='bbox 3017 928 3309 996; x_wconf 89' lang='lat' dir='ltr'><strong>taceamus)</strong></span> <span class='ocrx_word' id='word_1_168' title='bbox 3343 927 3548 984; x_wconf 88' lang='lat' dir='ltr'><strong>insidiis</strong></span> <span class='ocrx_word' id='word_1_169' title='bbox 3569 944 3857 1001; x_wconf 72' lang='lat' dir='ltr'><strong>oppresse-</strong></span> 
     </span>
    </p>
   </div>
   <div class='ocr_carea' id='block_1_26' title="bbox 2267 1013 3856 1095">
    <p class='ocr_par' dir='ltr' id='par_1_26' title="bbox 2267 1013 3856 1095">
     <span class='ocr_line' id='line_1_26' title="bbox 2267 1013 3856 1095; baseline 0.01 -30"><span class='ocrx_word' id='word_1_170' title='bbox 2267 1013 2395 1071; x_wconf 85' lang='lat' dir='ltr'><strong>rint.</strong></span> <span class='ocrx_word' id='word_1_171' title='bbox 2443 1014 2711 1071; x_wconf 86' lang='lat' dir='ltr'><strong>Ecclesias</strong></span> <span class='ocrx_word' id='word_1_172' title='bbox 2740 1018 2903 1071; x_wconf 85' lang='lat' dir='ltr'><strong>etiam</strong></span> <span class='ocrx_word' id='word_1_173' title='bbox 2934 1019 3141 1087; x_wconf 89' lang='lat' dir='ltr'><strong>aliquas</strong></span> <span class='ocrx_word' id='word_1_174' title='bbox 3166 1020 3488 1085; x_wconf 86' lang='lat' dir='ltr'><strong>invaserint,</strong></span> <span class='ocrx_word' id='word_1_175' title='bbox 3517 1023 3729 1095; x_wconf 85' lang='lat' dir='ltr'><strong>aliquas</strong></span> <span class='ocrx_word' id='word_1_176' title='bbox 3767 1025 3856 1080; x_wconf 84' lang='lat' dir='ltr'><strong>in-</strong></span> 
     </span>
    </p>
   </div>
   <div class='ocr_carea' id='block_1_27' title="bbox 2271 1105 3858 1184">
    <p class='ocr_par' dir='ltr' id='par_1_27' title="bbox 2271 1105 3858 1184">
     <span class='ocr_line' id='line_1_27' title="bbox 2271 1105 3858 1184; baseline 0.008 -25"><span class='ocrx_word' id='word_1_177' title='bbox 2271 1105 2465 1161; x_wconf 84' lang='lat' dir='ltr'><strong>vadere</strong></span> <span class='ocrx_word' id='word_1_178' title='bbox 2494 1111 2920 1177; x_wconf 85' lang='lat' dir='ltr'><strong>pertentaverint</strong></span> <span class='ocrx_word' id='word_1_179' title='bbox 2965 1130 2976 1164; x_wconf 90' lang='lat'><strong>:</strong></span> <span class='ocrx_word' id='word_1_180' title='bbox 3028 1112 3265 1181; x_wconf 90' lang='lat' dir='ltr'><strong>ipsorum</strong></span> <span class='ocrx_word' id='word_1_181' title='bbox 3287 1115 3400 1184; x_wconf 90' lang='lat' dir='ltr'><strong>jam</strong></span> <span class='ocrx_word' id='word_1_182' title='bbox 3429 1116 3731 1173; x_wconf 65' lang='lat' dir='ltr'><strong>clementia:</strong></span> <span class='ocrx_word' id='word_1_183' title='bbox 3772 1127 3858 1173; x_wconf 82' lang='lat' dir='ltr'><strong>est</strong></span> 
     </span>
    </p>
   </div>
   <div class='ocr_carea' id='block_1_28' title="bbox 2268 1200 3859 1278">
    <p class='ocr_par' dir='ltr' id='par_1_28' title="bbox 2268 1200 3859 1278">
     <span class='ocr_line' id='line_1_28' title="bbox 2268 1200 3859 1278; baseline 0.009 -28"><span class='ocrx_word' id='word_1_184' title='bbox 2268 1200 2570 1263; x_wconf 85' lang='lat' dir='ltr'><strong>consulere,</strong></span> <span class='ocrx_word' id='word_1_185' title='bbox 2605 1211 2662 1254; x_wconf 91' lang='lat' dir='ltr'><strong>ut</strong></span> <span class='ocrx_word' id='word_1_186' title='bbox 2691 1200 2930 1257; x_wconf 86' lang='lat' dir='ltr'><strong>Ecclesia</strong></span> <span class='ocrx_word' id='word_1_187' title='bbox 2973 1205 3271 1273; x_wconf 88' lang='lat' dir='ltr'><strong>catholica,</strong></span> <span class='ocrx_word' id='word_1_188' title='bbox 3313 1220 3434 1274; x_wconf 67' lang='lat' dir='ltr'><strong>qua:</strong></span> <span class='ocrx_word' id='word_1_189' title='bbox 3464 1222 3559 1264; x_wconf 89' lang='lat' dir='ltr'><strong>eos</strong></span> <span class='ocrx_word' id='word_1_190' title='bbox 3597 1205 3859 1278; x_wconf 85' lang='lat' dir='ltr'><strong>religioso</strong></span> 
     </span>
    </p>
   </div>
   <div class='ocr_carea' id='block_1_29' title="bbox 2271 1292 3857 1366">
    <p class='ocr_par' dir='ltr' id='par_1_29' title="bbox 2271 1292 3857 1366">
     <span class='ocr_line' id='line_1_29' title="bbox 2271 1292 3857 1366; baseline 0.006 -24"><span class='ocrx_word' id='word_1_191' title='bbox 2271 1300 2427 1344; x_wconf 82' lang='lat' dir='ltr'><strong>utero</strong></span> <span class='ocrx_word' id='word_1_192' title='bbox 2469 1292 2522 1346; x_wconf 89' lang='lat' dir='ltr'><strong>in</strong></span> <span class='ocrx_word' id='word_1_193' title='bbox 2564 1292 2786 1348; x_wconf 82' lang='lat' dir='ltr'><strong>Christo</strong></span> <span class='ocrx_word' id='word_1_194' title='bbox 2831 1295 3053 1363; x_wconf 81' lang='lat' dir='ltr'><strong>genuit,</strong></span> <span class='ocrx_word' id='word_1_195' title='bbox 3091 1304 3146 1349; x_wconf 91' lang='lat' dir='ltr'><strong>et</strong></span> <span class='ocrx_word' id='word_1_196' title='bbox 3174 1295 3295 1351; x_wconf 86' lang='lat' dir='ltr'><strong>fidei</strong></span> <span class='ocrx_word' id='word_1_197' title='bbox 3325 1297 3576 1354; x_wconf 83' lang='lat' dir='ltr'><strong>ﬁrmitate</strong></span> <span class='ocrx_word' id='word_1_198' title='bbox 3606 1299 3857 1366; x_wconf 76' lang='lat' dir='ltr'><strong>nutrivit,</strong></span> 
     </span>
    </p>
   </div>
   <div class='ocr_carea' id='block_1_30' title="bbox 2267 1382 3858 1454">
    <p class='ocr_par' dir='ltr' id='par_1_30' title="bbox 2267 1382 3858 1454">
     <span class='ocr_line' id='line_1_30' title="bbox 2267 1382 3858 1454; baseline 0.008 -24"><span class='ocrx_word' id='word_1_199' title='bbox 2267 1395 2456 1433; x_wconf 86' lang='lat' dir='ltr'><strong>eorum</strong></span> <span class='ocrx_word' id='word_1_200' title='bbox 2497 1382 2658 1435; x_wconf 88' lang='lat' dir='ltr'><strong>etiam</strong></span> <span class='ocrx_word' id='word_1_201' title='bbox 2689 1386 3069 1454; x_wconf 90' lang='lat' dir='ltr'><strong>prospectione</strong></span> <span class='ocrx_word' id='word_1_202' title='bbox 3113 1386 3414 1451; x_wconf 90' lang='lat' dir='ltr'><strong>muniatur,</strong></span> <span class='ocrx_word' id='word_1_203' title='bbox 3467 1403 3535 1442; x_wconf 93' lang='lat' dir='ltr'><strong>ne</strong></span> <span class='ocrx_word' id='word_1_204' title='bbox 3577 1388 3858 1443; x_wconf 86' lang='lat' dir='ltr'><strong>temerarii</strong></span> 
     </span>
    </p>
   </div>
   <div class='ocr_carea' id='block_1_31' title="bbox 2268 1470 3860 1550">
    <p class='ocr_par' dir='ltr' id='par_1_31' title="bbox 2268 1470 3860 1550">
     <span class='ocr_line' id='line_1_31' title="bbox 2268 1470 3860 1550; baseline 0.009 -29"><span class='ocrx_word' id='word_1_205' title='bbox 2268 1470 2534 1536; x_wconf 89' lang='lat' dir='ltr'><strong>homines,</strong></span> <span class='ocrx_word' id='word_1_206' title='bbox 2556 1473 2819 1541; x_wconf 75' lang='lat' dir='ltr'><strong>religiosis</strong></span> <span class='ocrx_word' id='word_1_207' title='bbox 2846 1478 3199 1545; x_wconf 83' lang='lat' dir='ltr'><strong>temporibus,</strong></span> <span class='ocrx_word' id='word_1_208' title='bbox 3225 1479 3467 1534; x_wconf 83' lang='lat' dir='ltr'><strong>inﬁrmos</strong></span> <span class='ocrx_word' id='word_1_209' title='bbox 3496 1478 3725 1550; x_wconf 82' lang='lat' dir='ltr'><strong>populos</strong></span> <span class='ocrx_word' id='word_1_210' title='bbox 3750 1488 3860 1534; x_wconf 81' lang='lat' dir='ltr'><strong>ter-</strong></span> 
     </span>
    </p>
   </div>
   <div class='ocr_carea' id='block_1_32' title="bbox 2268 1563 3860 1641">
    <p class='ocr_par' dir='ltr' id='par_1_32' title="bbox 2268 1563 3860 1641">
     <span class='ocr_line' id='line_1_32' title="bbox 2268 1563 3860 1641; baseline 0.006 -24"><span class='ocrx_word' id='word_1_211' title='bbox 2268 1563 2435 1617; x_wconf 88' lang='lat' dir='ltr'><strong>rendo</strong></span> <span class='ocrx_word' id='word_1_212' title='bbox 2479 1567 2807 1634; x_wconf 76' lang='lat' dir='ltr'><strong>praevaleant</strong></span> <span class='ocrx_word' id='word_1_213' title='bbox 2852 1585 2863 1620; x_wconf 89' lang='lat'><strong>:</strong></span> <span class='ocrx_word' id='word_1_214' title='bbox 2907 1569 3163 1636; x_wconf 87' lang='lat' dir='ltr'><strong>quoniam</strong></span> <span class='ocrx_word' id='word_1_215' title='bbox 3206 1569 3512 1626; x_wconf 86' lang='lat' dir='ltr'><strong>seducendo</strong></span> <span class='ocrx_word' id='word_1_216' title='bbox 3555 1569 3860 1641; x_wconf 82' lang='lat' dir='ltr'><strong>depravare</strong></span> 
     </span>
    </p>
   </div>
   <div class='ocr_carea' id='block_1_33' title="bbox 2271 1657 3859 1731">
    <p class='ocr_par' dir='ltr' id='par_1_33' title="bbox 2271 1657 3859 1731">
     <span class='ocr_line' id='line_1_33' title="bbox 2271 1657 3859 1731; baseline 0.006 -25"><span class='ocrx_word' id='word_1_217' title='bbox 2271 1671 2376 1708; x_wconf 86' lang='lat' dir='ltr'><strong>non</strong></span> <span class='ocrx_word' id='word_1_218' title='bbox 2400 1666 2644 1725; x_wconf 88' lang='lat' dir='ltr'><strong>possunt.</strong></span> <span class='ocrx_word' id='word_1_219' title='bbox 2674 1657 2811 1714; x_wconf 82' lang='lat' dir='ltr'><strong>Nota</strong></span> <span class='ocrx_word' id='word_1_220' title='bbox 2841 1669 2924 1714; x_wconf 88' lang='lat' dir='ltr'><strong>est</strong></span> <span class='ocrx_word' id='word_1_221' title='bbox 2946 1661 3121 1725; x_wconf 89' lang='lat' dir='ltr'><strong>enim,</strong></span> <span class='ocrx_word' id='word_1_222' title='bbox 3146 1669 3202 1717; x_wconf 90' lang='lat' dir='ltr'><strong>et</strong></span> <span class='ocrx_word' id='word_1_223' title='bbox 3229 1676 3373 1731; x_wconf 52' lang='lat' dir='ltr'><strong>sape</strong></span> <span class='ocrx_word' id='word_1_224' title='bbox 3402 1661 3608 1731; x_wconf 86' lang='lat' dir='ltr'><strong>legibus</strong></span> <span class='ocrx_word' id='word_1_225' title='bbox 3635 1662 3859 1717; x_wconf 83' lang='lat' dir='ltr'><strong>concla-</strong></span> 
     </span>
    </p>
   </div>
   <div class='ocr_carea' id='block_1_34' title="bbox 574 1740 3857 1834">
    <p class='ocr_par' dir='ltr' id='par_1_34' title="bbox 574 1740 3857 1834">
     <span class='ocr_line' id='line_1_34' title="bbox 574 1740 3857 1834; baseline 0.009 -26"><span class='ocrx_word' id='word_1_226' title='bbox 574 1755 902 1826; x_wconf 86' lang='lat' dir='ltr'><strong>Prophetam</strong></span> <span class='ocrx_word' id='word_1_227' title='bbox 925 1761 1162 1816; x_wconf 89' lang='lat' dir='ltr'><strong>etiamin</strong></span> <span class='ocrx_word' id='word_1_228' title='bbox 1196 1763 1296 1826; x_wconf 90' lang='lat' dir='ltr'><strong>his,</strong></span> <span class='ocrx_word' id='word_1_229' title='bbox 1326 1765 1416 1834; x_wconf 88' lang='lat' dir='ltr'><strong>qui</strong></span> <span class='ocrx_word' id='word_1_230' title='bbox 1441 1765 1705 1822; x_wconf 91' lang='lat' dir='ltr'><strong>dicuntse</strong></span> <span class='ocrx_word' id='word_1_231' title='bbox 1732 1767 1926 1824; x_wconf 79' lang='lat' dir='ltr'><strong>fratres</strong></span> <span class='ocrx_word' id='word_1_232' title='bbox 1946 1740 2162 1826; x_wconf 77' lang='lat' dir='ltr'><strong>nostros</strong></span> <span class='ocrx_word' id='word_1_233' title='bbox 2199 1740 2238 1797; x_wconf 66' lang='grc' dir='ltr'><strong>Β</strong></span> <span class='ocrx_word' id='word_1_234' title='bbox 2270 1758 2412 1826; x_wconf 63' lang='lat' dir='ltr'><strong>tum</strong></span> <span class='ocrx_word' id='word_1_235' title='bbox 2442 1749 2949 1808; x_wconf 64' lang='lat' dir='ltr'><strong>Circu&#39;mem‘mum</strong></span> <span class='ocrx_word' id='word_1_236' title='bbox 2980 1769 3086 1823; x_wconf 74' lang='grc' dir='ltr'><strong>Ψ¹²</strong></span> <span class='ocrx_word' id='word_1_237' title='bbox 3125 1753 3307 1808; x_wconf 62' lang='lat' dir='ltr'><strong>furum</strong></span> <span class='ocrx_word' id='word_1_238' title='bbox 3350 1753 3684 1810; x_wconf 62' lang='grc' dir='ltr'><strong>ἀθίθδίδδηίε</strong></span> <span class='ocrx_word' id='word_1_239' title='bbox 3732 1770 3857 1808; x_wconf 56' lang='lat' dir='ltr'><strong>ma-</strong></span> 
     </span>
    </p>
   </div>
   <div class='ocr_carea' id='block_1_35' title="bbox 575 1851 2155 1917">
    <p class='ocr_par' dir='ltr' id='par_1_35' title="bbox 575 1851 2155 1917">
     <span class='ocr_line' id='line_1_35' title="bbox 575 1851 2155 1917; baseline 0.01 -17"><span class='ocrx_word' id='word_1_240' title='bbox 575 1862 684 1900; x_wconf 91' lang='lat' dir='ltr'><strong>non</strong></span> <span class='ocrx_word' id='word_1_241' title='bbox 716 1863 836 1903; x_wconf 89' lang='lat' dir='ltr'><strong>esse</strong></span> <span class='ocrx_word' id='word_1_242' title='bbox 863 1889 876 1909; x_wconf 89' lang='lat'><strong>,</strong></span> <span class='ocrx_word' id='word_1_243' title='bbox 927 1851 1109 1906; x_wconf 86' lang='lat' dir='ltr'><strong>dicere</strong></span> <span class='ocrx_word' id='word_1_244' title='bbox 1159 1870 1257 1906; x_wconf 84' lang='lat' dir='ltr'><strong>nos</strong></span> <span class='ocrx_word' id='word_1_245' title='bbox 1301 1855 1502 1909; x_wconf 89' lang='lat' dir='ltr'><strong>debere</strong></span> <span class='ocrx_word' id='word_1_246' title='bbox 1522 1897 1534 1917; x_wconf 87' lang='lat'><strong>,</strong></span> <span class='ocrx_word' id='word_1_247' title='bbox 1588 1857 1779 1914; x_wconf 78' lang='lat' dir='ltr'><strong>fratres</strong></span> <span class='ocrx_word' id='word_1_248' title='bbox 1808 1863 1979 1915; x_wconf 89' lang='lat' dir='ltr'><strong>nostri</strong></span> <span class='ocrx_word' id='word_1_249' title='bbox 2009 1865 2155 1916; x_wconf 77' lang='lat' dir='ltr'><strong>estis.</strong></span> 
     </span>
    </p>
   </div>
   <div class='ocr_carea' id='block_1_36' title="bbox 572 1935 2161 2009">
    <p class='ocr_par' dir='ltr' id='par_1_36' title="bbox 572 1935 2161 2009">
     <span class='ocr_line' id='line_1_36' title="bbox 572 1935 2161 2009; baseline 0.012 -21"><span class='ocrx_word' id='word_1_250' title='bbox 572 1935 726 1992; x_wconf 86' lang='lat' dir='ltr'><strong>llauc</strong></span> <span class='ocrx_word' id='word_1_251' title='bbox 755 1953 884 2007; x_wconf 83' lang='lat' dir='ltr'><strong>ergo</strong></span> <span class='ocrx_word' id='word_1_252' title='bbox 913 1941 1188 2009; x_wconf 86' lang='lat' dir='ltr'><strong>pacificam</strong></span> <span class='ocrx_word' id='word_1_253' title='bbox 1211 1959 1276 1998; x_wconf 78' lang='lat' dir='ltr'><strong>ex</strong></span> <span class='ocrx_word' id='word_1_254' title='bbox 1306 1946 1568 2001; x_wconf 84' lang='lat' dir='ltr'><strong>charitate</strong></span> <span class='ocrx_word' id='word_1_255' title='bbox 1591 1950 1892 2005; x_wconf 89' lang='lat' dir='ltr'><strong>venientem</strong></span> <span class='ocrx_word' id='word_1_256' title='bbox 1919 1969 2161 2007; x_wconf 88' lang='lat' dir='ltr'><strong>commo-</strong></span> 
     </span>
    </p>
   </div>
   <div class='ocr_carea' id='block_1_37' title="bbox 572 2027 2156 2100">
    <p class='ocr_par' dir='ltr' id='par_1_37' title="bbox 572 2027 2156 2100">
     <span class='ocr_line' id='line_1_37' title="bbox 572 2027 2156 2100; baseline 0.013 -21"><span class='ocrx_word' id='word_1_257' title='bbox 572 2027 833 2082; x_wconf 90' lang='lat' dir='ltr'><strong>nitionem</strong></span> <span class='ocrx_word' id='word_1_258' title='bbox 875 2040 1113 2086; x_wconf 87' lang='lat' dir='ltr'><strong>nostram</strong></span> <span class='ocrx_word' id='word_1_259' title='bbox 1144 2043 1493 2091; x_wconf 84' lang='lat' dir='ltr'><strong>contemnere</strong></span> <span class='ocrx_word' id='word_1_260' title='bbox 1541 2055 1650 2093; x_wconf 91' lang='lat' dir='ltr'><strong>non</strong></span> <span class='ocrx_word' id='word_1_261' title='bbox 1695 2040 1905 2099; x_wconf 85' lang='lat' dir='ltr'><strong>debetis</strong></span> <span class='ocrx_word' id='word_1_262' title='bbox 1952 2063 1964 2096; x_wconf 92' lang='lat'><strong>:</strong></span> <span class='ocrx_word' id='word_1_263' title='bbox 2016 2054 2074 2100; x_wconf 92' lang='lat' dir='ltr'><strong>ut</strong></span> <span class='ocrx_word' id='word_1_264' title='bbox 2114 2047 2156 2100; x_wconf 92' lang='lat' dir='ltr'><strong>si</strong></span> 
     </span>
    </p>
   </div>
   <div class='ocr_carea' id='block_1_38' title="bbox 571 2121 2159 2198">
    <p class='ocr_par' dir='ltr' id='par_1_38' title="bbox 571 2121 2159 2198">
     <span class='ocr_line' id='line_1_38' title="bbox 571 2121 2159 2198; baseline 0.013 -26"><span class='ocrx_word' id='word_1_265' title='bbox 571 2121 698 2186; x_wconf 89' lang='lat' dir='ltr'><strong>quid</strong></span> <span class='ocrx_word' id='word_1_266' title='bbox 729 2122 972 2177; x_wconf 88' lang='lat' dir='ltr'><strong>veritatis</strong></span> <span class='ocrx_word' id='word_1_267' title='bbox 996 2125 1197 2180; x_wconf 87' lang='lat' dir='ltr'><strong>habere</strong></span> <span class='ocrx_word' id='word_1_268' title='bbox 1226 2142 1321 2182; x_wconf 90' lang='lat' dir='ltr'><strong>vos</strong></span> <span class='ocrx_word' id='word_1_269' title='bbox 1351 2130 1707 2198; x_wconf 83' lang='lat' dir='ltr'><strong>arbitramini,</strong></span> <span class='ocrx_word' id='word_1_270' title='bbox 1757 2151 1864 2190; x_wconf 92' lang='lat' dir='ltr'><strong>non</strong></span> <span class='ocrx_word' id='word_1_271' title='bbox 1903 2136 2159 2192; x_wconf 85' lang='lat' dir='ltr'><strong>dubitetis</strong></span> 
     </span>
    </p>
   </div>
   <div class='ocr_carea' id='block_1_39' title="bbox 571 2213 2154 2287">
    <p class='ocr_par' dir='ltr' id='par_1_39' title="bbox 571 2213 2154 2287">
     <span class='ocr_line' id='line_1_39' title="bbox 571 2213 2154 2287; baseline 0.013 -26"><span class='ocrx_word' id='word_1_272' title='bbox 571 2226 844 2279; x_wconf 79' lang='lat' dir='ltr'><strong>asserere;</strong></span> <span class='ocrx_word' id='word_1_273' title='bbox 869 2213 922 2267; x_wconf 89' lang='lat' dir='ltr'><strong>id</strong></span> <span class='ocrx_word' id='word_1_274' title='bbox 952 2223 1063 2283; x_wconf 90' lang='lat' dir='ltr'><strong>est,</strong></span> <span class='ocrx_word' id='word_1_275' title='bbox 1098 2225 1157 2270; x_wconf 92' lang='lat' dir='ltr'><strong>ut</strong></span> <span class='ocrx_word' id='word_1_276' title='bbox 1185 2229 1513 2287; x_wconf 80' lang='lat' dir='ltr'><strong>congregato</strong></span> <span class='ocrx_word' id='word_1_277' title='bbox 1541 2231 1721 2277; x_wconf 89' lang='lat' dir='ltr'><strong>vestro</strong></span> <span class='ocrx_word' id='word_1_278' title='bbox 1750 2227 1982 2282; x_wconf 87' lang='lat' dir='ltr'><strong>concilio</strong></span> <span class='ocrx_word' id='word_1_279' title='bbox 2021 2227 2154 2282; x_wconf 92' lang='lat' dir='ltr'><strong>deli-</strong></span> 
     </span>
    </p>
   </div>
   <div class='ocr_carea' id='block_1_40' title="bbox 568 2303 2156 2377">
    <p class='ocr_par' dir='ltr' id='par_1_40' title="bbox 568 2303 2156 2377">
     <span class='ocr_line' id='line_1_40' title="bbox 568 2303 2156 2377; baseline 0.012 -21"><span class='ocrx_word' id='word_1_280' title='bbox 568 2303 708 2370; x_wconf 83' lang='lat' dir='ltr'><strong>gatis</strong></span> <span class='ocrx_word' id='word_1_281' title='bbox 735 2318 803 2360; x_wconf 85' lang='lat' dir='ltr'><strong>ex</strong></span> <span class='ocrx_word' id='word_1_282' title='bbox 840 2304 1030 2373; x_wconf 81' lang='lat' dir='ltr'><strong>vehis,</strong></span> <span class='ocrx_word' id='word_1_283' title='bbox 1084 2309 1281 2377; x_wconf 88' lang='lat' dir='ltr'><strong>quibus</strong></span> <span class='ocrx_word' id='word_1_284' title='bbox 1333 2327 1550 2367; x_wconf 86' lang='lat' dir='ltr'><strong>causam</strong></span> <span class='ocrx_word' id='word_1_285' title='bbox 1604 2317 1918 2371; x_wconf 75' lang='lat' dir='ltr'><strong>assertionis</strong></span> <span class='ocrx_word' id='word_1_286' title='bbox 1966 2327 2156 2374; x_wconf 60' lang='lat' dir='ltr'><strong>vestrae</strong></span> 
     </span>
    </p>
   </div>
   <div class='ocr_carea' id='block_1_41' title="bbox 567 2397 2152 2474">
    <p class='ocr_par' dir='ltr' id='par_1_41' title="bbox 567 2397 2152 2474">
     <span class='ocr_line' id='line_1_41' title="bbox 567 2397 2152 2474; baseline 0.012 -28"><span class='ocrx_word' id='word_1_287' title='bbox 567 2397 925 2452; x_wconf 89' lang='lat' dir='ltr'><strong>committatis</strong></span> <span class='ocrx_word' id='word_1_288' title='bbox 949 2417 961 2450; x_wconf 89' lang='lat'><strong>:</strong></span> <span class='ocrx_word' id='word_1_289' title='bbox 989 2408 1046 2453; x_wconf 91' lang='lat' dir='ltr'><strong>ut</strong></span> <span class='ocrx_word' id='word_1_290' title='bbox 1071 2409 1126 2453; x_wconf 88' lang='lat' dir='ltr'><strong>et</strong></span> <span class='ocrx_word' id='word_1_291' title='bbox 1149 2417 1247 2456; x_wconf 91' lang='lat' dir='ltr'><strong>nos</strong></span> <span class='ocrx_word' id='word_1_292' title='bbox 1266 2404 1532 2471; x_wconf 82' lang='lat' dir='ltr'><strong>possimus</strong></span> <span class='ocrx_word' id='word_1_293' title='bbox 1554 2407 1655 2462; x_wconf 91' lang='lat' dir='ltr'><strong>hoc</strong></span> <span class='ocrx_word' id='word_1_294' title='bbox 1677 2408 1876 2474; x_wconf 85' lang='lat' dir='ltr'><strong>facere,</strong></span> <span class='ocrx_word' id='word_1_295' title='bbox 1911 2420 1970 2464; x_wconf 92' lang='lat' dir='ltr'><strong>ut</strong></span> <span class='ocrx_word' id='word_1_296' title='bbox 1990 2412 2152 2465; x_wconf 87' lang='lat' dir='ltr'><strong>etiam</strong></span> 
     </span>
    </p>
   </div>
   <div class='ocr_carea' id='block_1_42' title="bbox 565 2487 2152 2570">
    <p class='ocr_par' dir='ltr' id='par_1_42' title="bbox 565 2487 2152 2570">
     <span class='ocr_line' id='line_1_42' title="bbox 565 2487 2152 2570; baseline 0.013 -32"><span class='ocrx_word' id='word_1_297' title='bbox 565 2487 635 2540; x_wconf 89' lang='lat' dir='ltr'><strong>de</strong></span> <span class='ocrx_word' id='word_1_298' title='bbox 666 2497 852 2544; x_wconf 87' lang='lat' dir='ltr'><strong>nostro</strong></span> <span class='ocrx_word' id='word_1_299' title='bbox 883 2492 1117 2545; x_wconf 80' lang='lat' dir='ltr'><strong>com-ilio</strong></span> <span class='ocrx_word' id='word_1_300' title='bbox 1159 2493 1466 2562; x_wconf 85' lang='lat' dir='ltr'><strong>deligantur</strong></span> <span class='ocrx_word' id='word_1_301' title='bbox 1503 2499 1594 2565; x_wconf 90' lang='lat' dir='ltr'><strong>qui</strong></span> <span class='ocrx_word' id='word_1_302' title='bbox 1625 2515 1746 2553; x_wconf 89' lang='lat' dir='ltr'><strong>cum</strong></span> <span class='ocrx_word' id='word_1_303' title='bbox 1777 2501 1854 2556; x_wconf 87' lang='lat' dir='ltr'><strong>eis</strong></span> <span class='ocrx_word' id='word_1_304' title='bbox 1894 2518 2030 2570; x_wconf 86' lang='lat' dir='ltr'><strong>quos</strong></span> <span class='ocrx_word' id='word_1_305' title='bbox 2059 2504 2152 2557; x_wconf 88' lang='lat' dir='ltr'><strong>de-</strong></span> 
     </span>
    </p>
   </div>
   <div class='ocr_carea' id='block_1_43' title="bbox 567 2581 2152 2666">
    <p class='ocr_par' dir='ltr' id='par_1_43' title="bbox 567 2581 2152 2666">
     <span class='ocr_line' id='line_1_43' title="bbox 567 2581 2152 2666; baseline 0.013 -34"><span class='ocrx_word' id='word_1_306' title='bbox 567 2581 822 2647; x_wconf 76' lang='lat' dir='ltr'><strong>legeritis,</strong></span> <span class='ocrx_word' id='word_1_307' title='bbox 870 2586 1167 2639; x_wconf 88' lang='lat' dir='ltr'><strong>constituto</strong></span> <span class='ocrx_word' id='word_1_308' title='bbox 1199 2588 1316 2642; x_wconf 89' lang='lat' dir='ltr'><strong>loco</strong></span> <span class='ocrx_word' id='word_1_309' title='bbox 1360 2599 1415 2643; x_wconf 88' lang='lat' dir='ltr'><strong>et</strong></span> <span class='ocrx_word' id='word_1_310' title='bbox 1448 2598 1690 2660; x_wconf 86' lang='lat' dir='ltr'><strong>tempore</strong></span> <span class='ocrx_word' id='word_1_311' title='bbox 1719 2595 1974 2664; x_wconf 86' lang='lat' dir='ltr'><strong>quidquid</strong></span> <span class='ocrx_word' id='word_1_312' title='bbox 2005 2613 2152 2666; x_wconf 64' lang='lat' dir='ltr'><strong>qure-</strong></span> 
     </span>
    </p>
   </div>
   <div class='ocr_carea' id='block_1_44' title="bbox 565 2673 2150 2754">
    <p class='ocr_par' dir='ltr' id='par_1_44' title="bbox 565 2673 2150 2754">
     <span class='ocr_line' id='line_1_44' title="bbox 565 2673 2150 2754; baseline 0.013 -30"><span class='ocrx_word' id='word_1_313' title='bbox 565 2673 758 2726; x_wconf 86' lang='lat' dir='ltr'><strong>stiouis</strong></span> <span class='ocrx_word' id='word_1_314' title='bbox 786 2683 869 2728; x_wconf 92' lang='lat' dir='ltr'><strong>est</strong></span> <span class='ocrx_word' id='word_1_315' title='bbox 892 2679 1034 2745; x_wconf 89' lang='lat' dir='ltr'><strong>quod</strong></span> <span class='ocrx_word' id='word_1_316' title='bbox 1058 2687 1291 2733; x_wconf 88' lang='lat' dir='ltr'><strong>vestram</strong></span> <span class='ocrx_word' id='word_1_317' title='bbox 1317 2697 1346 2735; x_wconf 89' lang='lat' dir='ltr'><strong>a</strong></span> <span class='ocrx_word' id='word_1_318' title='bbox 1377 2683 1532 2737; x_wconf 89' lang='lat' dir='ltr'><strong>nobis</strong></span> <span class='ocrx_word' id='word_1_319' title='bbox 1572 2695 1788 2754; x_wconf 87' lang='lat' dir='ltr'><strong>separat</strong></span> <span class='ocrx_word' id='word_1_320' title='bbox 1815 2691 2150 2743; x_wconf 91' lang='lat' dir='ltr'><strong>communio—</strong></span> 
     </span>
    </p>
   </div>
   <div class='ocr_carea' id='block_1_45' title="bbox 568 2769 2149 2848">
    <p class='ocr_par' dir='ltr' id='par_1_45' title="bbox 568 2769 2149 2848">
     <span class='ocr_line' id='line_1_45' title="bbox 568 2769 2149 2848; baseline 0.014 -34"><span class='ocrx_word' id='word_1_321' title='bbox 568 2777 712 2826; x_wconf 88' lang='lat' dir='ltr'><strong>nem,</strong></span> <span class='ocrx_word' id='word_1_322' title='bbox 746 2781 866 2819; x_wconf 90' lang='lat' dir='ltr'><strong>cum</strong></span> <span class='ocrx_word' id='word_1_323' title='bbox 893 2783 1024 2836; x_wconf 89' lang='lat' dir='ltr'><strong>pace</strong></span> <span class='ocrx_word' id='word_1_324' title='bbox 1051 2769 1358 2836; x_wconf 88' lang='lat' dir='ltr'><strong>discutiant,</strong></span> <span class='ocrx_word' id='word_1_325' title='bbox 1385 2782 1441 2828; x_wconf 90' lang='lat' dir='ltr'><strong>et</strong></span> <span class='ocrx_word' id='word_1_326' title='bbox 1469 2776 1686 2831; x_wconf 88' lang='lat' dir='ltr'><strong>tandem</strong></span> <span class='ocrx_word' id='word_1_327' title='bbox 1717 2778 2024 2848; x_wconf 87' lang='lat' dir='ltr'><strong>aliquando,</strong></span> <span class='ocrx_word' id='word_1_328' title='bbox 2055 2782 2149 2835; x_wconf 88' lang='lat' dir='ltr'><strong>ad-</strong></span> 
     </span>
    </p>
   </div>
   <div class='ocr_carea' id='block_1_46' title="bbox 558 2855 2150 2927">
    <p class='ocr_par' dir='ltr' id='par_1_46' title="bbox 558 2855 2150 2927">
     <span class='ocr_line' id='line_1_46' title="bbox 558 2855 2150 2927; baseline 0.013 -20"><span class='ocrx_word' id='word_1_329' title='bbox 558 2855 785 2922; x_wconf 87' lang='lat' dir='ltr'><strong>juvante</strong></span> <span class='ocrx_word' id='word_1_330' title='bbox 807 2856 1033 2913; x_wconf 89' lang='lat' dir='ltr'><strong>Domino</strong></span> <span class='ocrx_word' id='word_1_331' title='bbox 1056 2860 1166 2915; x_wconf 88' lang='lat' dir='ltr'><strong>Deo</strong></span> <span class='ocrx_word' id='word_1_332' title='bbox 1198 2872 1404 2927; x_wconf 85' lang='lat' dir='ltr'><strong>nostro,</strong></span> <span class='ocrx_word' id='word_1_333' title='bbox 1455 2866 1613 2920; x_wconf 88' lang='lat' dir='ltr'><strong>linem</strong></span> <span class='ocrx_word' id='word_1_334' title='bbox 1654 2878 1972 2925; x_wconf 89' lang='lat' dir='ltr'><strong>veternosus</strong></span> <span class='ocrx_word' id='word_1_335' title='bbox 1995 2885 2150 2926; x_wconf 84' lang='lat' dir='ltr'><strong>error</strong></span> 
     </span>
    </p>
   </div>
   <div class='ocr_carea' id='block_1_47' title="bbox 561 2945 2148 3019">
    <p class='ocr_par' dir='ltr' id='par_1_47' title="bbox 561 2945 2148 3019">
     <span class='ocr_line' id='line_1_47' title="bbox 561 2945 2148 3019; baseline 0.013 -21"><span class='ocrx_word' id='word_1_336' title='bbox 561 2945 820 3015; x_wconf 84' lang='lat' dir='ltr'><strong>accipiat,</strong></span> <span class='ocrx_word' id='word_1_337' title='bbox 854 2962 922 3003; x_wconf 90' lang='lat' dir='ltr'><strong>ne</strong></span> <span class='ocrx_word' id='word_1_338' title='bbox 945 2962 1165 3019; x_wconf 83' lang='lat' dir='ltr'><strong>propter</strong></span> <span class='ocrx_word' id='word_1_339' title='bbox 1185 2953 1583 3010; x_wconf 89' lang='lat' dir='ltr'><strong>animositatem</strong></span> <span class='ocrx_word' id='word_1_340' title='bbox 1616 2957 1890 3014; x_wconf 88' lang='lat' dir='ltr'><strong>hominum</strong></span> <span class='ocrx_word' id='word_1_341' title='bbox 1923 2963 2148 3018; x_wconf 68' lang='lat' dir='ltr'><strong>infirma:</strong></span> 
     </span>
    </p>
   </div>
   <div class='ocr_carea' id='block_1_48' title="bbox 560 3040 2143 3126">
    <p class='ocr_par' dir='ltr' id='par_1_48' title="bbox 560 3040 2143 3126">
     <span class='ocr_line' id='line_1_48' title="bbox 560 3040 2143 3126; baseline 0.013 -36"><span class='ocrx_word' id='word_1_342' title='bbox 560 3040 784 3102; x_wconf 68' lang='lat' dir='ltr'><strong>animm,</strong></span> <span class='ocrx_word' id='word_1_343' title='bbox 827 3051 880 3096; x_wconf 90' lang='lat' dir='ltr'><strong>et</strong></span> <span class='ocrx_word' id='word_1_344' title='bbox 904 3043 1072 3112; x_wconf 79' lang='lat' dir='ltr'><strong>ignari</strong></span> <span class='ocrx_word' id='word_1_345' title='bbox 1100 3048 1281 3115; x_wconf 90' lang='lat' dir='ltr'><strong>populi</strong></span> <span class='ocrx_word' id='word_1_346' title='bbox 1312 3049 1572 3117; x_wconf 82' lang='lat' dir='ltr'><strong>sacrilega</strong></span> <span class='ocrx_word' id='word_1_347' title='bbox 1603 3051 1936 3110; x_wconf 86' lang='lat' dir='ltr'><strong>dissensione</strong></span> <span class='ocrx_word' id='word_1_348' title='bbox 1963 3057 2143 3126; x_wconf 86' lang='lat' dir='ltr'><strong>dispe-</strong></span> 
     </span>
    </p>
   </div>
   <div class='ocr_carea' id='block_1_49' title="bbox 2267 1842 3855 1914">
    <p class='ocr_par' dir='ltr' id='par_1_49' title="bbox 2267 1842 3855 1914">
     <span class='ocr_line' id='line_1_49' title="bbox 2267 1842 3855 1914; baseline 0.006 -25"><span class='ocrx_word' id='word_1_349' title='bbox 2267 1853 2366 1891; x_wconf 90' lang='lat' dir='ltr'><strong>nus</strong></span> <span class='ocrx_word' id='word_1_350' title='bbox 2411 1858 2422 1891; x_wconf 86' lang='lat'><strong>:</strong></span> <span class='ocrx_word' id='word_1_351' title='bbox 2467 1855 2586 1908; x_wconf 72' lang='lat' dir='ltr'><strong>qua:</strong></span> <span class='ocrx_word' id='word_1_352' title='bbox 2635 1842 2797 1894; x_wconf 86' lang='lat' dir='ltr'><strong>etiam</strong></span> <span class='ocrx_word' id='word_1_353' title='bbox 2847 1843 3087 1911; x_wconf 84' lang='lat' dir='ltr'><strong>ipsorum</strong></span> <span class='ocrx_word' id='word_1_354' title='bbox 3131 1844 3653 1911; x_wconf 76' lang='lat' dir='ltr'><strong>religiosissimorum</strong></span> <span class='ocrx_word' id='word_1_355' title='bbox 3684 1860 3855 1914; x_wconf 85' lang='lat' dir='ltr'><strong>supra</strong></span> 
     </span>
    </p>
   </div>
   <div class='ocr_carea' id='block_1_50' title="bbox 2266 1927 3860 1998">
    <p class='ocr_par' dir='ltr' id='par_1_50' title="bbox 2266 1927 3860 1998">
     <span class='ocr_line' id='line_1_50' title="bbox 2266 1927 3860 1998; baseline 0.004 -19"><span class='ocrx_word' id='word_1_356' title='bbox 2266 1927 2564 1996; x_wconf 87' lang='lat' dir='ltr'><strong>principum</strong></span> <span class='ocrx_word' id='word_1_357' title='bbox 2588 1928 2956 1998; x_wconf 78' lang='lat' dir='ltr'><strong>frequentibus</strong></span> <span class='ocrx_word' id='word_1_358' title='bbox 2977 1932 3344 1987; x_wconf 84' lang='lat' dir='ltr'><strong>sanctionibus</strong></span> <span class='ocrx_word' id='word_1_359' title='bbox 3363 1932 3722 1988; x_wconf 86' lang='lat' dir='ltr'><strong>condemnata</strong></span> <span class='ocrx_word' id='word_1_360' title='bbox 3744 1943 3860 1996; x_wconf 84' lang='lat' dir='ltr'><strong>est,</strong></span> 
     </span>
    </p>
   </div>
   <div class='ocr_carea' id='block_1_51' title="bbox 2263 2016 3857 2093">
    <p class='ocr_par' dir='ltr' id='par_1_51' title="bbox 2263 2016 3857 2093">
     <span class='ocr_line' id='line_1_51' title="bbox 2263 2016 3857 2093; baseline 0.004 -22"><span class='ocrx_word' id='word_1_361' title='bbox 2263 2016 2519 2072; x_wconf 85' lang='lat' dir='ltr'><strong>adversus</strong></span> <span class='ocrx_word' id='word_1_362' title='bbox 2546 2033 2773 2087; x_wconf 89' lang='lat' dir='ltr'><strong>quorum</strong></span> <span class='ocrx_word' id='word_1_363' title='bbox 2803 2019 3036 2075; x_wconf 89' lang='lat' dir='ltr'><strong>furorem</strong></span> <span class='ocrx_word' id='word_1_364' title='bbox 3060 2023 3326 2090; x_wconf 89' lang='lat' dir='ltr'><strong>possimus</strong></span> <span class='ocrx_word' id='word_1_365' title='bbox 3349 2036 3454 2093; x_wconf 91' lang='lat' dir='ltr'><strong>non</strong></span> <span class='ocrx_word' id='word_1_366' title='bbox 3479 2021 3718 2086; x_wconf 87' lang='lat' dir='ltr'><strong>insolita,</strong></span> <span class='ocrx_word' id='word_1_367' title='bbox 3750 2037 3857 2077; x_wconf 87' lang='lat' dir='ltr'><strong>nec</strong></span> 
     </span>
    </p>
   </div>
   <div class='ocr_carea' id='block_1_52' title="bbox 2263 2108 3858 2183">
    <p class='ocr_par' dir='ltr' id='par_1_52' title="bbox 2263 2108 3858 2183">
     <span class='ocr_line' id='line_1_52' title="bbox 2263 2108 3858 2183; baseline 0.004 -22"><span class='ocrx_word' id='word_1_368' title='bbox 2263 2126 2292 2161; x_wconf 89' lang='lat' dir='ltr'><strong>a</strong></span> <span class='ocrx_word' id='word_1_369' title='bbox 2307 2108 2598 2178; x_wconf 86' lang='lat' dir='ltr'><strong>Scripturis</strong></span> <span class='ocrx_word' id='word_1_370' title='bbox 2616 2111 2819 2164; x_wconf 89' lang='lat' dir='ltr'><strong>sanctis</strong></span> <span class='ocrx_word' id='word_1_371' title='bbox 2841 2112 3012 2165; x_wconf 91' lang='lat' dir='ltr'><strong>aliena</strong></span> <span class='ocrx_word' id='word_1_372' title='bbox 3037 2112 3326 2182; x_wconf 87' lang='lat' dir='ltr'><strong>impetrare</strong></span> <span class='ocrx_word' id='word_1_373' title='bbox 3347 2113 3613 2183; x_wconf 73' lang='lat' dir='ltr'><strong>pnesidia,</strong></span> <span class='ocrx_word' id='word_1_374' title='bbox 3632 2113 3858 2182; x_wconf 87' lang='lat' dir='ltr'><strong>quando</strong></span> 
     </span>
    </p>
   </div>
   <div class='ocr_carea' id='block_1_53' title="bbox 2261 2196 3849 2270">
    <p class='ocr_par' dir='ltr' id='par_1_53' title="bbox 2261 2196 3849 2270">
     <span class='ocr_line' id='line_1_53' title="bbox 2261 2196 3849 2270; baseline 0.006 -23"><span class='ocrx_word' id='word_1_375' title='bbox 2261 2198 2537 2265; x_wconf 88' lang='lat' dir='ltr'><strong>apostolus</strong></span> <span class='ocrx_word' id='word_1_376' title='bbox 2559 2196 2775 2264; x_wconf 86' lang='lat' dir='ltr'><strong>Paulus,</strong></span> <span class='ocrx_word' id='word_1_377' title='bbox 2803 2201 2938 2254; x_wconf 84' lang='lat' dir='ltr'><strong>sicut</strong></span> <span class='ocrx_word' id='word_1_378' title='bbox 2970 2202 3022 2254; x_wconf 89' lang='lat' dir='ltr'><strong>in</strong></span> <span class='ocrx_word' id='word_1_379' title='bbox 3060 2202 3426 2270; x_wconf 86' lang='lat' dir='ltr'><strong>apostolorum</strong></span> <span class='ocrx_word' id='word_1_380' title='bbox 3458 2202 3681 2258; x_wconf 78' lang='lat' dir='ltr'><strong>Actibus</strong></span> <span class='ocrx_word' id='word_1_381' title='bbox 3711 2200 3849 2257; x_wconf 81' lang='lat' dir='ltr'><strong>fide-</strong></span> 
     </span>
    </p>
   </div>
   <div class='ocr_carea' id='block_1_54' title="bbox 2262 2286 3851 2360">
    <p class='ocr_par' dir='ltr' id='par_1_54' title="bbox 2262 2286 3851 2360">
     <span class='ocr_line' id='line_1_54' title="bbox 2262 2286 3851 2360; baseline 0.005 -22"><span class='ocrx_word' id='word_1_382' title='bbox 2262 2286 2400 2340; x_wconf 88' lang='lat' dir='ltr'><strong>libus</strong></span> <span class='ocrx_word' id='word_1_383' title='bbox 2427 2296 2613 2342; x_wconf 92' lang='lat' dir='ltr'><strong>notum</strong></span> <span class='ocrx_word' id='word_1_384' title='bbox 2639 2297 2740 2353; x_wconf 90' lang='lat' dir='ltr'><strong>est,</strong></span> <span class='ocrx_word' id='word_1_385' title='bbox 2766 2289 3112 2344; x_wconf 79' lang='lat' dir='ltr'><strong>factiosorum</strong></span> <span class='ocrx_word' id='word_1_386' title='bbox 3139 2290 3595 2360; x_wconf 86' lang='lat' dir='ltr'><strong>conspirationem</strong></span> <span class='ocrx_word' id='word_1_387' title='bbox 3625 2292 3851 2346; x_wconf 82' lang='lat' dir='ltr'><strong>militari</strong></span> 
     </span>
    </p>
   </div>
   <div class='ocr_carea' id='block_1_55' title="bbox 2259 2380 3852 2452">
    <p class='ocr_par' dir='ltr' id='par_1_55' title="bbox 2259 2380 3852 2452">
     <span class='ocr_line' id='line_1_55' title="bbox 2259 2380 3852 2452; baseline 0.003 -20"><span class='ocrx_word' id='word_1_388' title='bbox 2259 2381 2419 2433; x_wconf 88' lang='lat' dir='ltr'><strong>etiam</strong></span> <span class='ocrx_word' id='word_1_389' title='bbox 2451 2380 2722 2435; x_wconf 89' lang='lat' dir='ltr'><strong>submovit</strong></span> <span class='ocrx_word' id='word_1_390' title='bbox 2750 2382 2973 2436; x_wconf 83' lang='lat' dir='ltr'><strong>auxilio.</strong></span> <span class='ocrx_word' id='word_1_391' title='bbox 3024 2380 3132 2436; x_wconf 86' lang='lat' dir='ltr'><strong>Sed</strong></span> <span class='ocrx_word' id='word_1_392' title='bbox 3161 2397 3258 2436; x_wconf 89' lang='lat' dir='ltr'><strong>nos</strong></span> <span class='ocrx_word' id='word_1_393' title='bbox 3287 2381 3417 2438; x_wconf 91' lang='lat' dir='ltr'><strong>illud</strong></span> <span class='ocrx_word' id='word_1_394' title='bbox 3447 2383 3751 2452; x_wconf 87' lang='lat' dir='ltr'><strong>poscimus,</strong></span> <span class='ocrx_word' id='word_1_395' title='bbox 3785 2391 3852 2437; x_wconf 89' lang='lat' dir='ltr'><strong>ut</strong></span> 
     </span>
    </p>
   </div>
   <div class='ocr_carea' id='block_1_56' title="bbox 2256 2469 3851 2542">
    <p class='ocr_par' dir='ltr' id='par_1_56' title="bbox 2256 2469 3851 2542">
     <span class='ocr_line' id='line_1_56' title="bbox 2256 2469 3851 2542; baseline 0.003 -19"><span class='ocrx_word' id='word_1_396' title='bbox 2256 2469 2540 2524; x_wconf 81' lang='lat' dir='ltr'><strong>catholicis</strong></span> <span class='ocrx_word' id='word_1_397' title='bbox 2577 2469 2834 2526; x_wconf 90' lang='lat' dir='ltr'><strong>Ecclesiis</strong></span> <span class='ocrx_word' id='word_1_398' title='bbox 2874 2471 3125 2526; x_wconf 88' lang='lat' dir='ltr'><strong>ordinum</strong></span> <span class='ocrx_word' id='word_1_399' title='bbox 3166 2487 3263 2542; x_wconf 88' lang='lat' dir='ltr'><strong>per</strong></span> <span class='ocrx_word' id='word_1_400' title='bbox 3303 2472 3549 2528; x_wconf 88' lang='lat' dir='ltr'><strong>civitates</strong></span> <span class='ocrx_word' id='word_1_401' title='bbox 3583 2473 3851 2540; x_wconf 77' lang='lat' dir='ltr'><strong>singulas,</strong></span> 
     </span>
    </p>
   </div>
   <div class='ocr_carea' id='block_1_57' title="bbox 2257 2560 3840 2633">
    <p class='ocr_par' dir='ltr' id='par_1_57' title="bbox 2257 2560 3840 2633">
     <span class='ocr_line' id='line_1_57' title="bbox 2257 2560 3840 2633; baseline 0.003 -21"><span class='ocrx_word' id='word_1_402' title='bbox 2257 2568 2312 2612; x_wconf 90' lang='lat' dir='ltr'><strong>et</strong></span> <span class='ocrx_word' id='word_1_403' title='bbox 2356 2560 2655 2614; x_wconf 87' lang='lat' dir='ltr'><strong>vicinorum</strong></span> <span class='ocrx_word' id='word_1_404' title='bbox 2687 2576 3023 2630; x_wconf 85' lang='lat' dir='ltr'><strong>quorumque</strong></span> <span class='ocrx_word' id='word_1_405' title='bbox 3064 2577 3436 2632; x_wconf 85' lang='lat' dir='ltr'><strong>possessorum</strong></span> <span class='ocrx_word' id='word_1_406' title='bbox 3486 2578 3583 2633; x_wconf 89' lang='lat' dir='ltr'><strong>per</strong></span> <span class='ocrx_word' id='word_1_407' title='bbox 3627 2563 3840 2619; x_wconf 84' lang='lat' dir='ltr'><strong>diversa</strong></span> 
     </span>
    </p>
   </div>
   <div class='ocr_carea' id='block_1_58' title="bbox 2258 2653 3843 2724">
    <p class='ocr_par' dir='ltr' id='par_1_58' title="bbox 2258 2653 3843 2724">
     <span class='ocr_line' id='line_1_58' title="bbox 2258 2653 3843 2724; baseline 0.003 -20"><span class='ocrx_word' id='word_1_408' title='bbox 2258 2653 2371 2705; x_wconf 87' lang='lat' dir='ltr'><strong>loca</strong></span> <span class='ocrx_word' id='word_1_409' title='bbox 2401 2655 2516 2707; x_wconf 86' lang='lat' dir='ltr'><strong>sine</strong></span> <span class='ocrx_word' id='word_1_410' title='bbox 2545 2653 2654 2707; x_wconf 89' lang='lat' dir='ltr'><strong>ulla</strong></span> <span class='ocrx_word' id='word_1_411' title='bbox 2677 2653 3103 2710; x_wconf 53' lang='lat' dir='ltr'><strong>dissimulatione</strong></span> <span class='ocrx_word' id='word_1_412' title='bbox 3135 2655 3292 2709; x_wconf 91' lang='lat' dir='ltr'><strong>tuitio</strong></span> <span class='ocrx_word' id='word_1_413' title='bbox 3319 2655 3644 2724; x_wconf 68' lang='lat' dir='ltr'><strong>praebeatur.</strong></span> <span class='ocrx_word' id='word_1_414' title='bbox 3668 2654 3843 2709; x_wconf 85' lang='lat' dir='ltr'><strong>Simul</strong></span> 
     </span>
    </p>
   </div>
   <div class='ocr_carea' id='block_1_59' title="bbox 2255 2746 3838 2816">
    <p class='ocr_par' dir='ltr' id='par_1_59' title="bbox 2255 2746 3838 2816">
     <span class='ocr_line' id='line_1_59' title="bbox 2255 2746 3838 2816; baseline 0.002 -17"><span class='ocrx_word' id='word_1_415' title='bbox 2255 2747 2418 2800; x_wconf 86' lang='lat' dir='ltr'><strong>etiam</strong></span> <span class='ocrx_word' id='word_1_416' title='bbox 2466 2746 2754 2816; x_wconf 91' lang='lat' dir='ltr'><strong>petendum</strong></span> <span class='ocrx_word' id='word_1_417' title='bbox 2812 2756 2870 2802; x_wconf 92' lang='lat' dir='ltr'><strong>ut</strong></span> <span class='ocrx_word' id='word_1_418' title='bbox 2917 2748 3061 2801; x_wconf 89' lang='lat' dir='ltr'><strong>illam</strong></span> <span class='ocrx_word' id='word_1_419' title='bbox 3108 2748 3279 2816; x_wconf 81' lang='lat' dir='ltr'><strong>legem</strong></span> <span class='ocrx_word' id='word_1_420' title='bbox 3334 2763 3455 2816; x_wconf 64' lang='lat' dir='ltr'><strong>quae</strong></span> <span class='ocrx_word' id='word_1_421' title='bbox 3501 2763 3530 2802; x_wconf 91' lang='lat' dir='ltr'><strong>a</strong></span> <span class='ocrx_word' id='word_1_422' title='bbox 3573 2749 3838 2816; x_wconf 78' lang='lat' dir='ltr'><strong>religiosa:</strong></span> 
     </span>
    </p>
   </div>
   <div class='ocr_carea' id='block_1_60' title="bbox 2256 2832 3838 2909">
    <p class='ocr_par' dir='ltr' id='par_1_60' title="bbox 2256 2832 3838 2909">
     <span class='ocr_line' id='line_1_60' title="bbox 2256 2832 3838 2909; baseline 0.001 -18"><span class='ocrx_word' id='word_1_423' title='bbox 2256 2840 2526 2892; x_wconf 74' lang='lat' dir='ltr'><strong>meritoria:</strong></span> <span class='ocrx_word' id='word_1_424' title='bbox 2557 2854 2743 2893; x_wconf 90' lang='lat' dir='ltr'><strong>eorum</strong></span> <span class='ocrx_word' id='word_1_425' title='bbox 2775 2832 2927 2909; x_wconf 85' lang='lat' dir='ltr'><strong>patre</strong></span> <span class='ocrx_word' id='word_1_426' title='bbox 2967 2839 3275 2894; x_wconf 85' lang='lat' dir='ltr'><strong>Theodosio</strong></span> <span class='ocrx_word' id='word_1_427' title='bbox 3305 2838 3375 2895; x_wconf 89' lang='lat' dir='ltr'><strong>de</strong></span> <span class='ocrx_word' id='word_1_428' title='bbox 3402 2839 3516 2894; x_wconf 83' lang='lat' dir='ltr'><strong>auri</strong></span> <span class='ocrx_word' id='word_1_429' title='bbox 3549 2840 3698 2894; x_wconf 86' lang='lat' dir='ltr'><strong>libris</strong></span> <span class='ocrx_word' id='word_1_430' title='bbox 3741 2838 3838 2893; x_wconf 85' lang='lat' dir='ltr'><strong>de-</strong></span> 
     </span>
    </p>
   </div>
   <div class='ocr_carea' id='block_1_61' title="bbox 2253 2929 3838 2997">
    <p class='ocr_par' dir='ltr' id='par_1_61' title="bbox 2253 2929 3838 2997">
     <span class='ocr_line' id='line_1_61' title="bbox 2253 2929 3838 2997; baseline 0.003 -15"><span class='ocrx_word' id='word_1_431' title='bbox 2253 2946 2369 2982; x_wconf 86' lang='lat' dir='ltr'><strong>cem</strong></span> <span class='ocrx_word' id='word_1_432' title='bbox 2419 2931 2470 2984; x_wconf 90' lang='lat' dir='ltr'><strong>iu</strong></span> <span class='ocrx_word' id='word_1_433' title='bbox 2514 2929 2855 2986; x_wconf 89' lang='lat' dir='ltr'><strong>ordinatores</strong></span> <span class='ocrx_word' id='word_1_434' title='bbox 2901 2932 2986 2985; x_wconf 88' lang='lat' dir='ltr'><strong>vel</strong></span> <span class='ocrx_word' id='word_1_435' title='bbox 3037 2931 3321 2986; x_wconf 87' lang='lat' dir='ltr'><strong>ordinatos</strong></span> <span class='ocrx_word' id='word_1_436' title='bbox 3375 2932 3694 2997; x_wconf 59' lang='lat' dir='ltr'><strong>haereticos,</strong></span> <span class='ocrx_word' id='word_1_437' title='bbox 3737 2947 3838 2986; x_wconf 82' lang='lat' dir='ltr'><strong>seu</strong></span> 
     </span>
    </p>
   </div>
   <div class='ocr_carea' id='block_1_62' title="bbox 2253 3021 3830 3092">
    <p class='ocr_par' dir='ltr' id='par_1_62' title="bbox 2253 3021 3830 3092">
     <span class='ocr_line' id='line_1_62' title="bbox 2253 3021 3830 3092; baseline 0.003 -18"><span class='ocrx_word' id='word_1_438' title='bbox 2253 3021 2412 3075; x_wconf 89' lang='lat' dir='ltr'><strong>etiam</strong></span> <span class='ocrx_word' id='word_1_439' title='bbox 2462 3023 2512 3075; x_wconf 92' lang='lat' dir='ltr'><strong>in</strong></span> <span class='ocrx_word' id='word_1_440' title='bbox 2543 3037 2900 3092; x_wconf 86' lang='lat' dir='ltr'><strong>possessores,</strong></span> <span class='ocrx_word' id='word_1_441' title='bbox 2936 3022 3026 3077; x_wconf 93' lang='lat' dir='ltr'><strong>ubi</strong></span> <span class='ocrx_word' id='word_1_442' title='bbox 3049 3038 3238 3078; x_wconf 90' lang='lat' dir='ltr'><strong>eorum</strong></span> <span class='ocrx_word' id='word_1_443' title='bbox 3267 3024 3615 3092; x_wconf 77' lang='lat' dir='ltr'><strong>congregatio</strong></span> <span class='ocrx_word' id='word_1_444' title='bbox 3635 3022 3830 3092; x_wconf 87' lang='lat' dir='ltr'><strong>depre-</strong></span> 
     </span>
    </p>
   </div>
   <div class='ocr_carea' id='block_1_63' title="bbox 559 3113 3833 3211">
    <p class='ocr_par' dir='ltr' id='par_1_63' title="bbox 559 3113 3833 3211">
     <span class='ocr_line' id='line_1_63' title="bbox 559 3113 3833 3211; baseline 0.01 -27"><span class='ocrx_word' id='word_1_445' title='bbox 559 3143 734 3185; x_wconf 70' lang='lat' dir='ltr'><strong>rermt.</strong></span> <span class='ocrx_word' id='word_1_446' title='bbox 760 3135 814 3187; x_wconf 81' lang='lat' dir='ltr'><strong>Si</strong></span> <span class='ocrx_word' id='word_1_447' title='bbox 837 3137 978 3188; x_wconf 89' lang='lat' dir='ltr'><strong>enim</strong></span> <span class='ocrx_word' id='word_1_448' title='bbox 997 3113 1110 3193; x_wconf 83' lang='lat' dir='ltr'><strong>hoc</strong></span> <span class='ocrx_word' id='word_1_449' title='bbox 1129 3113 1364 3194; x_wconf 78' lang='lat' dir='ltr'><strong>fraterne</strong></span> <span class='ocrx_word' id='word_1_450' title='bbox 1391 3113 1731 3211; x_wconf 78' lang='lat' dir='ltr'><strong>acceperitis,</strong></span> <span class='ocrx_word' id='word_1_451' title='bbox 1763 3147 1960 3200; x_wconf 78' lang='lat' dir='ltr'><strong>veritas</strong></span> <span class='ocrx_word' id='word_1_452' title='bbox 1990 3113 2144 3201; x_wconf 75' lang='lat' dir='ltr'><strong>facile</strong></span> <span class='ocrx_word' id='word_1_453' title='bbox 2175 3125 2220 3184; x_wconf 69' lang='grc' dir='ltr'>Ο</span> <span class='ocrx_word' id='word_1_454' title='bbox 2253 3113 2506 3211; x_wconf 36' lang='lat' dir='ltr'><strong>uenditi&quot;</strong></span> <span class='ocrx_word' id='word_1_455' title='bbox 2527 3154 2544 3179; x_wconf 92' lang='lat'><strong>’</strong></span> <span class='ocrx_word' id='word_1_456' title='bbox 2592 3114 2928 3211; x_wconf 41' lang='lat' dir='ltr'><strong>promulgam</strong></span> <span class='ocrx_word' id='word_1_457' title='bbox 2957 3123 3042 3211; x_wconf 41' lang='lat' dir='ltr'><strong>es}</strong></span> <span class='ocrx_word' id='word_1_458' title='bbox 3063 3154 3078 3179; x_wconf 91' lang='lat'><strong>’</strong></span> <span class='ocrx_word' id='word_1_459' title='bbox 3123 3123 3196 3170; x_wconf 60' lang='lat'><strong>&quot;’3</strong></span> <span class='ocrx_word' id='word_1_460' title='bbox 3235 3114 3491 3185; x_wconf 62' lang='lat' dir='ltr'><strong>demeeps</strong></span> <span class='ocrx_word' id='word_1_461' title='bbox 3528 3114 3833 3170; x_wconf 55' lang='lat' dir='ltr'><strong>conﬁrma&quot;</strong></span> 
     </span>
    </p>
   </div>
   <div class='ocr_carea' id='block_1_64' title="bbox 559 3224 2142 3295">
    <p class='ocr_par' dir='ltr' id='par_1_64' title="bbox 559 3224 2142 3295">
     <span class='ocr_line' id='line_1_64' title="bbox 559 3224 2142 3295; baseline 0.011 -20"><span class='ocrx_word' id='word_1_462' title='bbox 559 3224 880 3288; x_wconf 59' lang='lat' dir='ltr'><strong>dilucescet:</strong></span> <span class='ocrx_word' id='word_1_463' title='bbox 910 3229 952 3281; x_wconf 90' lang='lat' dir='ltr'><strong>si</strong></span> <span class='ocrx_word' id='word_1_464' title='bbox 976 3240 1154 3283; x_wconf 90' lang='lat' dir='ltr'><strong>autem</strong></span> <span class='ocrx_word' id='word_1_465' title='bbox 1187 3231 1287 3285; x_wconf 92' lang='lat' dir='ltr'><strong>hoc</strong></span> <span class='ocrx_word' id='word_1_466' title='bbox 1319 3233 1495 3288; x_wconf 88' lang='lat' dir='ltr'><strong>facere</strong></span> <span class='ocrx_word' id='word_1_467' title='bbox 1520 3235 1819 3295; x_wconf 82' lang='lat' dir='ltr'><strong>nolueritis,</strong></span> <span class='ocrx_word' id='word_1_468' title='bbox 1850 3238 2142 3292; x_wconf 76' lang='lat' dir='ltr'><strong>difﬁdentia</strong></span> 
     </span>
    </p>
   </div>
   <div class='ocr_carea' id='block_1_65' title="bbox 559 3318 2145 3394">
    <p class='ocr_par' dir='ltr' id='par_1_65' title="bbox 559 3318 2145 3394">
     <span class='ocr_line' id='line_1_65' title="bbox 559 3318 2145 3394; baseline 0.011 -28"><span class='ocrx_word' id='word_1_469' title='bbox 559 3325 739 3368; x_wconf 88' lang='lat' dir='ltr'><strong>vestra</strong></span> <span class='ocrx_word' id='word_1_470' title='bbox 771 3318 922 3372; x_wconf 82' lang='lat' dir='ltr'><strong>facile</strong></span> <span class='ocrx_word' id='word_1_471' title='bbox 954 3321 1274 3378; x_wconf 89' lang='lat' dir='ltr'><strong>innotescet.</strong></span> <span class='ocrx_word' id='word_1_472' title='bbox 1315 3325 1561 3394; x_wconf 79' lang='lat' dir='ltr'><strong>Cumque</strong></span> <span class='ocrx_word' id='word_1_473' title='bbox 1600 3330 1824 3381; x_wconf 71' lang='lat' dir='ltr'><strong>recitMa</strong></span> <span class='ocrx_word' id='word_1_474' title='bbox 1853 3339 2024 3393; x_wconf 76' lang='lat' dir='ltr'><strong>esset,</strong></span> <span class='ocrx_word' id='word_1_475' title='bbox 2077 3335 2145 3384; x_wconf 90' lang='lat' dir='ltr'><strong>ab</strong></span> 
     </span>
    </p>
   </div>
   <div class='ocr_carea' id='block_1_66' title="bbox 565 3406 2141 3486">
    <p class='ocr_par' dir='ltr' id='par_1_66' title="bbox 565 3406 2141 3486">
     <span class='ocr_line' id='line_1_66' title="bbox 565 3406 2141 3486; baseline 0.013 -32"><span class='ocrx_word' id='word_1_476' title='bbox 565 3406 825 3458; x_wconf 73' lang='lat' dir='ltr'><strong>univursis</strong></span> <span class='ocrx_word' id='word_1_477' title='bbox 854 3410 1116 3478; x_wconf 75' lang='lat' dir='ltr'><strong>cpi-copis</strong></span> <span class='ocrx_word' id='word_1_478' title='bbox 1145 3412 1342 3466; x_wconf 67' lang='lat' dir='ltr'><strong>dictu&#39;u</strong></span> <span class='ocrx_word' id='word_1_479' title='bbox 1369 3425 1449 3468; x_wconf 83' lang='lat' dir='ltr'><strong>cst</strong></span> <span class='ocrx_word' id='word_1_480' title='bbox 1483 3435 1492 3466; x_wconf 91' lang='lat'><strong>:</strong></span> <span class='ocrx_word' id='word_1_481' title='bbox 1527 3417 1669 3470; x_wconf 66' lang='lat' dir='ltr'><strong>Satis</strong></span> <span class='ocrx_word' id='word_1_482' title='bbox 1688 3419 1881 3486; x_wconf 71' lang='lat' dir='ltr'><strong>placet,</strong></span> <span class='ocrx_word' id='word_1_483' title='bbox 1907 3421 2007 3473; x_wconf 85' lang='lat' dir='ltr'><strong>hoc</strong></span> <span class='ocrx_word' id='word_1_484' title='bbox 2033 3423 2141 3475; x_wconf 87' lang='lat' dir='ltr'><strong>Iiat.</strong></span> 
     </span>
    </p>
   </div>
   <div class='ocr_carea' id='block_1_67' title="bbox 562 3494 2146 3576">
    <p class='ocr_par' dir='ltr' id='par_1_67' title="bbox 562 3494 2146 3576">
     <span class='ocr_line' id='line_1_67' title="bbox 562 3494 2146 3576; baseline 0.013 -30"><span class='ocrx_word' id='word_1_485' title='bbox 562 3494 632 3547; x_wconf 77' lang='lat' dir='ltr'><strong>Et</strong></span> <span class='ocrx_word' id='word_1_486' title='bbox 660 3497 1112 3566; x_wconf 51' lang='lat' dir='ltr'><strong>subscripserunt.</strong></span> <span class='ocrx_word' id='word_1_487' title='bbox 1144 3505 1394 3559; x_wconf 78' lang='lat' dir='ltr'><strong>Aurelius</strong></span> <span class='ocrx_word' id='word_1_488' title='bbox 1417 3509 1707 3576; x_wconf 83' lang='lat' dir='ltr'><strong>episcopus</strong></span> <span class='ocrx_word' id='word_1_489' title='bbox 1738 3509 1990 3564; x_wconf 72' lang='lat' dir='ltr'><strong>Ecclesia:</strong></span> <span class='ocrx_word' id='word_1_490' title='bbox 2015 3512 2146 3566; x_wconf 88' lang='lat' dir='ltr'><strong>Car-</strong></span> 
     </span>
    </p>
   </div>
   <div class='ocr_carea' id='block_1_68' title="bbox 564 3589 2142 3669">
    <p class='ocr_par' dir='ltr' id='par_1_68' title="bbox 564 3589 2142 3669">
     <span class='ocr_line' id='line_1_68' title="bbox 564 3589 2142 3669; baseline 0.013 -32"><span class='ocrx_word' id='word_1_491' title='bbox 564 3589 900 3654; x_wconf 77' lang='lat' dir='ltr'><strong>thaginensis</strong></span> <span class='ocrx_word' id='word_1_492' title='bbox 930 3593 1052 3647; x_wconf 87' lang='lat' dir='ltr'><strong>huic</strong></span> <span class='ocrx_word' id='word_1_493' title='bbox 1079 3595 1297 3650; x_wconf 90' lang='lat' dir='ltr'><strong>decreto</strong></span> <span class='ocrx_word' id='word_1_494' title='bbox 1325 3602 1606 3662; x_wconf 86' lang='lat' dir='ltr'><strong>consensi,</strong></span> <span class='ocrx_word' id='word_1_495' title='bbox 1647 3611 1701 3654; x_wconf 90' lang='lat' dir='ltr'><strong>et</strong></span> <span class='ocrx_word' id='word_1_496' title='bbox 1731 3604 1986 3669; x_wconf 70' lang='lat' dir='ltr'><strong>prazlecto</strong></span> <span class='ocrx_word' id='word_1_497' title='bbox 2013 3608 2142 3659; x_wconf 83' lang='lat' dir='ltr'><strong>sub-</strong></span> 
     </span>
    </p>
   </div>
   <div class='ocr_carea' id='block_1_69' title="bbox 559 3683 2138 3766">
    <p class='ocr_par' dir='ltr' id='par_1_69' title="bbox 559 3683 2138 3766">
     <span class='ocr_line' id='line_1_69' title="bbox 559 3683 2138 3766; baseline 0.012 -33"><span class='ocrx_word' id='word_1_498' title='bbox 559 3683 770 3750; x_wconf 66' lang='lat' dir='ltr'><strong>scripsi.</strong></span> <span class='ocrx_word' id='word_1_499' title='bbox 815 3684 1073 3741; x_wconf 78' lang='lat' dir='ltr'><strong>Similiter</strong></span> <span class='ocrx_word' id='word_1_500' title='bbox 1102 3697 1158 3742; x_wconf 91' lang='lat' dir='ltr'><strong>et</strong></span> <span class='ocrx_word' id='word_1_501' title='bbox 1194 3692 1369 3745; x_wconf 78' lang='lat' dir='ltr'><strong>ceteri</strong></span> <span class='ocrx_word' id='word_1_502' title='bbox 1401 3694 1638 3763; x_wconf 82' lang='lat' dir='ltr'><strong>episcopi</strong></span> <span class='ocrx_word' id='word_1_503' title='bbox 1686 3695 2138 3766; x_wconf 85' lang='lat' dir='ltr'><strong>subscripserunt.</strong></span> 
     </span>
    </p>
   </div>
   <div class='ocr_carea' id='block_1_70' title="bbox 559 3793 2143 3882">
    <p class='ocr_par' dir='ltr' id='par_1_70' title="bbox 559 3793 2143 3882">
     <span class='ocr_line' id='line_1_70' title="bbox 559 3793 2143 3882; baseline 0.012 -34"><span class='ocrx_word' id='word_1_504' title='bbox 559 3793 689 3849; x_wconf 71' lang='lat' dir='ltr'><strong>[lter</strong></span> <span class='ocrx_word' id='word_1_505' title='bbox 718 3799 947 3865; x_wconf 65' lang='lat' dir='ltr'><strong>synodus</strong></span> <span class='ocrx_word' id='word_1_506' title='bbox 977 3801 1220 3856; x_wconf 78' lang='lat' dir='ltr'><strong>adversus</strong></span> <span class='ocrx_word' id='word_1_507' title='bbox 1247 3803 1549 3882; x_wconf 65' lang='lat' dir='ltr'><strong>Domitianis</strong></span> <span class='ocrx_word' id='word_1_508' title='bbox 1573 3810 1882 3878; x_wconf 71' lang='lat' dir='ltr'><strong>legationem</strong></span> <span class='ocrx_word' id='word_1_509' title='bbox 1907 3811 1976 3863; x_wconf 82' lang='lat' dir='ltr'><strong>mf</strong></span> <span class='ocrx_word' id='word_1_510' title='bbox 1997 3816 2143 3882; x_wconf 81' lang='lat' dir='ltr'><strong>priu-</strong></span> 
     </span>
    </p>
   </div>
   <div class='ocr_carea' id='block_1_71' title="bbox 1181 3877 1538 3947">
    <p class='ocr_par' dir='ltr' id='par_1_71' title="bbox 1181 3877 1538 3947">
     <span class='ocr_line' id='line_1_71' title="bbox 1181 3877 1538 3947; baseline 0.008 -21"><span class='ocrx_word' id='word_1_511' title='bbox 1181 3877 1314 3944; x_wconf 69' lang='grc' dir='ltr'><strong><em>εἰμες</em></strong></span> <span class='ocrx_word' id='word_1_512' title='bbox 1342 3877 1538 3947; x_wconf 81' lang='lat' dir='ltr'><strong>dirigit.</strong></span> 
     </span>
    </p>
   </div>
   <div class='ocr_carea' id='block_1_72' title="bbox 617 3979 2138 4057">
    <p class='ocr_par' dir='ltr' id='par_1_72' title="bbox 617 3979 2138 4057">
     <span class='ocr_line' id='line_1_72' title="bbox 617 3979 2138 4057; baseline 0.012 -25"><span class='ocrx_word' id='word_1_513' title='bbox 617 3979 1021 4036; x_wconf 84' lang='lat' dir='ltr'><strong>Gloriosissimo</strong></span> <span class='ocrx_word' id='word_1_514' title='bbox 1041 3984 1364 4053; x_wconf 87' lang='lat' dir='ltr'><strong>imperatore</strong></span> <span class='ocrx_word' id='word_1_515' title='bbox 1379 3987 1617 4042; x_wconf 87' lang='lat' dir='ltr'><strong>Honorio</strong></span> <span class='ocrx_word' id='word_1_516' title='bbox 1631 3992 1871 4057; x_wconf 79' lang='lat' dir='ltr'><strong>Augusto</strong></span> <span class='ocrx_word' id='word_1_517' title='bbox 1894 4009 1942 4048; x_wconf 75' lang='lat' dir='ltr'><strong>vn</strong></span> <span class='ocrx_word' id='word_1_518' title='bbox 1960 4010 2138 4049; x_wconf 91' lang='lat' dir='ltr'><strong>conss.</strong></span> 
     </span>
    </p>
   </div>
   <div class='ocr_carea' id='block_1_73' title="bbox 552 4055 2137 4151">
    <p class='ocr_par' dir='ltr' id='par_1_73' title="bbox 552 4055 2137 4151">
     <span class='ocr_line' id='line_1_73' title="bbox 552 4055 2137 4151; baseline 0.011 -26"><span class='ocrx_word' id='word_1_519' title='bbox 552 4055 630 4126; x_wconf 61' lang='lat' dir='ltr'><strong>an</strong></span> <span class='ocrx_word' id='word_1_520' title='bbox 651 4073 750 4125; x_wconf 89' lang='lat' dir='ltr'><strong>cal.</strong></span> <span class='ocrx_word' id='word_1_521' title='bbox 771 4071 936 4128; x_wconf 80' lang='lat' dir='ltr'><strong>Jutias</strong></span> <span class='ocrx_word' id='word_1_522' title='bbox 955 4073 1294 4144; x_wconf 81' lang='lat' dir='ltr'><strong>Carthagine,</strong></span> <span class='ocrx_word' id='word_1_523' title='bbox 1313 4079 1362 4131; x_wconf 92' lang='lat' dir='ltr'><strong>in</strong></span> <span class='ocrx_word' id='word_1_524' title='bbox 1380 4079 1598 4135; x_wconf 90' lang='lat' dir='ltr'><strong>basilica</strong></span> <span class='ocrx_word' id='word_1_525' title='bbox 1612 4083 1846 4151; x_wconf 82' lang='lat' dir='ltr'><strong>regionis</strong></span> <span class='ocrx_word' id='word_1_526' title='bbox 1867 4087 2137 4142; x_wconf 80' lang='lat' dir='ltr'><strong>secundae.</strong></span> 
     </span>
    </p>
   </div>
   <div class='ocr_carea' id='block_1_74' title="bbox 558 4164 2141 4244">
    <p class='ocr_par' dir='ltr' id='par_1_74' title="bbox 558 4164 2141 4244">
     <span class='ocr_line' id='line_1_74' title="bbox 558 4164 2141 4244; baseline 0.012 -27"><span class='ocrx_word' id='word_1_527' title='bbox 558 4164 614 4218; x_wconf 84' lang='grc' dir='ltr'><strong>ιιι</strong></span> <span class='ocrx_word' id='word_1_528' title='bbox 647 4167 749 4220; x_wconf 92' lang='lat' dir='ltr'><strong>hoc</strong></span> <span class='ocrx_word' id='word_1_529' title='bbox 779 4168 1010 4223; x_wconf 92' lang='lat' dir='ltr'><strong>concilio</strong></span> <span class='ocrx_word' id='word_1_530' title='bbox 1041 4168 1362 4237; x_wconf 79' lang='lat' dir='ltr'><strong>legationem</strong></span> <span class='ocrx_word' id='word_1_531' title='bbox 1402 4185 1756 4244; x_wconf 87' lang='lat' dir='ltr'><strong>susceperunt</strong></span> <span class='ocrx_word' id='word_1_532' title='bbox 1793 4177 2056 4234; x_wconf 84' lang='lat' dir='ltr'><strong>Theasius</strong></span> <span class='ocrx_word' id='word_1_533' title='bbox 2086 4190 2141 4236; x_wconf 91' lang='lat' dir='ltr'><strong>et</strong></span> 
     </span>
    </p>
   </div>
   <div class='ocr_carea' id='block_1_75' title="bbox 559 4255 2136 4334">
    <p class='ocr_par' dir='ltr' id='par_1_75' title="bbox 559 4255 2136 4334">
     <span class='ocr_line' id='line_1_75' title="bbox 559 4255 2136 4334; baseline 0.012 -28"><span class='ocrx_word' id='word_1_534' title='bbox 559 4255 792 4312; x_wconf 79' lang='lat' dir='ltr'><strong>Evodius</strong></span> <span class='ocrx_word' id='word_1_535' title='bbox 815 4267 1002 4314; x_wconf 90' lang='lat' dir='ltr'><strong>contra</strong></span> <span class='ocrx_word' id='word_1_536' title='bbox 1029 4259 1359 4325; x_wconf 83' lang='lat' dir='ltr'><strong>Donatistas,</strong></span> <span class='ocrx_word' id='word_1_537' title='bbox 1403 4264 1454 4317; x_wconf 92' lang='lat' dir='ltr'><strong>in</strong></span> <span class='ocrx_word' id='word_1_538' title='bbox 1485 4282 1592 4334; x_wconf 89' lang='lat' dir='ltr'><strong>quo</strong></span> <span class='ocrx_word' id='word_1_539' title='bbox 1621 4268 1853 4324; x_wconf 87' lang='lat' dir='ltr'><strong>concilio</strong></span> <span class='ocrx_word' id='word_1_540' title='bbox 1878 4270 2136 4325; x_wconf 87' lang='lat' dir='ltr'><strong>insertum</strong></span> 
     </span>
    </p>
   </div>
   <div class='ocr_carea' id='block_1_76' title="bbox 555 4351 1794 4419">
    <p class='ocr_par' dir='ltr' id='par_1_76' title="bbox 555 4351 1794 4419">
     <span class='ocr_line' id='line_1_76' title="bbox 555 4351 1794 4419; baseline 0.011 -21"><span class='ocrx_word' id='word_1_541' title='bbox 555 4355 638 4399; x_wconf 84' lang='lat' dir='ltr'><strong>est</strong></span> <span class='ocrx_word' id='word_1_542' title='bbox 659 4351 1131 4405; x_wconf 86' lang='lat' dir='ltr'><strong>commonitorium</strong></span> <span class='ocrx_word' id='word_1_543' title='bbox 1151 4352 1294 4419; x_wconf 90' lang='lat' dir='ltr'><strong>quod</strong></span> <span class='ocrx_word' id='word_1_544' title='bbox 1327 4353 1395 4406; x_wconf 90' lang='lat' dir='ltr'><strong>ita</strong></span> <span class='ocrx_word' id='word_1_545' title='bbox 1425 4372 1486 4408; x_wconf 88' lang='lat' dir='ltr'><strong>se</strong></span> <span class='ocrx_word' id='word_1_546' title='bbox 1513 4359 1794 4412; x_wconf 76' lang='lat' dir='ltr'><strong>continet.</strong></span> 
     </span>
    </p>
   </div>
   <div class='ocr_carea' id='block_1_77' title="bbox 2253 3206 3833 3278">
    <p class='ocr_par' dir='ltr' id='par_1_77' title="bbox 2253 3206 3833 3278">
     <span class='ocr_line' id='line_1_77' title="bbox 2253 3206 3833 3278; baseline 0.004 -22"><span class='ocrx_word' id='word_1_547' title='bbox 2253 3206 2563 3276; x_wconf 67' lang='lat' dir='ltr'><strong>praecipiant</strong></span> <span class='ocrx_word' id='word_1_548' title='bbox 2596 3223 2608 3259; x_wconf 85' lang='lat'><strong>:</strong></span> <span class='ocrx_word' id='word_1_549' title='bbox 2642 3214 2700 3260; x_wconf 91' lang='lat' dir='ltr'><strong>ut</strong></span> <span class='ocrx_word' id='word_1_550' title='bbox 2737 3208 2790 3262; x_wconf 90' lang='lat' dir='ltr'><strong>in</strong></span> <span class='ocrx_word' id='word_1_551' title='bbox 2819 3221 2915 3261; x_wconf 90' lang='lat' dir='ltr'><strong>eos</strong></span> <span class='ocrx_word' id='word_1_552' title='bbox 2943 3207 3154 3274; x_wconf 83' lang='lat' dir='ltr'><strong>valeat,</strong></span> <span class='ocrx_word' id='word_1_553' title='bbox 3201 3215 3390 3262; x_wconf 88' lang='lat' dir='ltr'><strong>contra</strong></span> <span class='ocrx_word' id='word_1_554' title='bbox 3438 3223 3576 3278; x_wconf 92' lang='lat' dir='ltr'><strong>quos</strong></span> <span class='ocrx_word' id='word_1_555' title='bbox 3613 3214 3833 3277; x_wconf 85' lang='lat' dir='ltr'><strong>propter</strong></span> 
     </span>
    </p>
   </div>
   <div class='ocr_carea' id='block_1_78' title="bbox 2249 3296 3836 3368">
    <p class='ocr_par' dir='ltr' id='par_1_78' title="bbox 2249 3296 3836 3368">
     <span class='ocr_line' id='line_1_78' title="bbox 2249 3296 3836 3368; baseline 0.006 -24"><span class='ocrx_word' id='word_1_556' title='bbox 2249 3312 2434 3350; x_wconf 73' lang='lat' dir='ltr'><strong>etll&#39;tllll</strong></span> <span class='ocrx_word' id='word_1_557' title='bbox 2478 3296 2696 3352; x_wconf 86' lang='lat' dir='ltr'><strong>insidias</strong></span> <span class='ocrx_word' id='word_1_558' title='bbox 2742 3297 2993 3352; x_wconf 90' lang='lat' dir='ltr'><strong>catholici</strong></span> <span class='ocrx_word' id='word_1_559' title='bbox 3050 3299 3331 3368; x_wconf 89' lang='lat' dir='ltr'><strong>provocati</strong></span> <span class='ocrx_word' id='word_1_560' title='bbox 3380 3299 3836 3354; x_wconf 77' lang='lat' dir='ltr'><strong>contestationem</strong></span> 
     </span>
    </p>
   </div>
   <div class='ocr_carea' id='block_1_79' title="bbox 2247 3387 3835 3457">
    <p class='ocr_par' dir='ltr' id='par_1_79' title="bbox 2247 3387 3835 3457">
     <span class='ocr_line' id='line_1_79' title="bbox 2247 3387 3835 3457; baseline 0.004 -17"><span class='ocrx_word' id='word_1_561' title='bbox 2247 3387 2614 3457; x_wconf 89' lang='lat' dir='ltr'><strong>deposuerint,</strong></span> <span class='ocrx_word' id='word_1_562' title='bbox 2647 3395 2707 3442; x_wconf 92' lang='lat' dir='ltr'><strong>ut</strong></span> <span class='ocrx_word' id='word_1_563' title='bbox 2730 3389 2833 3443; x_wconf 92' lang='lat' dir='ltr'><strong>hoc</strong></span> <span class='ocrx_word' id='word_1_564' title='bbox 2868 3389 3059 3443; x_wconf 88' lang='lat' dir='ltr'><strong>saltem</strong></span> <span class='ocrx_word' id='word_1_565' title='bbox 3091 3397 3300 3444; x_wconf 91' lang='lat' dir='ltr'><strong>terrore</strong></span> <span class='ocrx_word' id='word_1_566' title='bbox 3326 3404 3356 3442; x_wconf 92' lang='lat' dir='ltr'><strong>a</strong></span> <span class='ocrx_word' id='word_1_567' title='bbox 3383 3389 3726 3444; x_wconf 88' lang='lat' dir='ltr'><strong>schismatica</strong></span> <span class='ocrx_word' id='word_1_568' title='bbox 3747 3388 3835 3446; x_wconf 77' lang='lat' dir='ltr'><strong>vel</strong></span> 
     </span>
    </p>
   </div>
   <div class='ocr_carea' id='block_1_80' title="bbox 2251 3479 3831 3549">
    <p class='ocr_par' dir='ltr' id='par_1_80' title="bbox 2251 3479 3831 3549">
     <span class='ocr_line' id='line_1_80' title="bbox 2251 3479 3831 3549; baseline 0.001 -18"><span class='ocrx_word' id='word_1_569' title='bbox 2251 3480 2502 3534; x_wconf 63' lang='lat' dir='ltr'><strong>haeretica</strong></span> <span class='ocrx_word' id='word_1_570' title='bbox 2553 3479 2818 3549; x_wconf 91' lang='lat' dir='ltr'><strong>pravitate</strong></span> <span class='ocrx_word' id='word_1_571' title='bbox 2873 3479 3177 3545; x_wconf 87' lang='lat' dir='ltr'><strong>desistant,</strong></span> <span class='ocrx_word' id='word_1_572' title='bbox 3243 3480 3334 3548; x_wconf 86' lang='lat' dir='ltr'><strong>qui</strong></span> <span class='ocrx_word' id='word_1_573' title='bbox 3396 3479 3831 3535; x_wconf 87' lang='lat' dir='ltr'><strong>consideratione</strong></span> 
     </span>
    </p>
   </div>
   <div class='ocr_carea' id='block_1_81' title="bbox 2246 3569 3830 3640">
    <p class='ocr_par' dir='ltr' id='par_1_81' title="bbox 2246 3569 3830 3640">
     <span class='ocr_line' id='line_1_81' title="bbox 2246 3569 3830 3640; baseline 0.001 -18"><span class='ocrx_word' id='word_1_574' title='bbox 2246 3570 2432 3625; x_wconf 68' lang='lat' dir='ltr'><strong>aeterni</strong></span> <span class='ocrx_word' id='word_1_575' title='bbox 2483 3569 2730 3640; x_wconf 87' lang='lat' dir='ltr'><strong>supplicii</strong></span> <span class='ocrx_word' id='word_1_576' title='bbox 2789 3570 3061 3625; x_wconf 87' lang='lat' dir='ltr'><strong>emendari</strong></span> <span class='ocrx_word' id='word_1_577' title='bbox 3116 3571 3420 3640; x_wconf 89' lang='lat' dir='ltr'><strong>corrigique</strong></span> <span class='ocrx_word' id='word_1_578' title='bbox 3470 3570 3830 3625; x_wconf 80' lang='lat' dir='ltr'><strong>dissimulant.</strong></span> 
     </span>
    </p>
   </div>
   <div class='ocr_carea' id='block_1_82' title="bbox 2251 3660 3826 3731">
    <p class='ocr_par' dir='ltr' id='par_1_82' title="bbox 2251 3660 3826 3731">
     <span class='ocr_line' id='line_1_82' title="bbox 2251 3660 3826 3731; baseline 0.004 -19"><span class='ocrx_word' id='word_1_579' title='bbox 2251 3660 2544 3716; x_wconf 79' lang='lat' dir='ltr'><strong>l’etendum</strong></span> <span class='ocrx_word' id='word_1_580' title='bbox 2573 3663 2735 3716; x_wconf 89' lang='lat' dir='ltr'><strong>etiam</strong></span> <span class='ocrx_word' id='word_1_581' title='bbox 2768 3670 2825 3716; x_wconf 91' lang='lat' dir='ltr'><strong>ut</strong></span> <span class='ocrx_word' id='word_1_582' title='bbox 2863 3663 2951 3718; x_wconf 81' lang='lat' dir='ltr'><strong>lex</strong></span> <span class='ocrx_word' id='word_1_583' title='bbox 2980 3677 3102 3731; x_wconf 66' lang='lat' dir='ltr'><strong>quae</strong></span> <span class='ocrx_word' id='word_1_584' title='bbox 3139 3663 3408 3718; x_wconf 70' lang='lat' dir='ltr'><strong>hurretieis</strong></span> <span class='ocrx_word' id='word_1_585' title='bbox 3448 3663 3535 3718; x_wconf 78' lang='lat' dir='ltr'><strong>vel</strong></span> <span class='ocrx_word' id='word_1_586' title='bbox 3560 3678 3626 3718; x_wconf 80' lang='lat' dir='ltr'><strong>ex</strong></span> <span class='ocrx_word' id='word_1_587' title='bbox 3655 3663 3826 3719; x_wconf 87' lang='lat' dir='ltr'><strong>dona-</strong></span> 
     </span>
    </p>
   </div>
   <div class='ocr_carea' id='block_1_83' title="bbox 2248 3754 3832 3826">
    <p class='ocr_par' dir='ltr' id='par_1_83' title="bbox 2248 3754 3832 3826">
     <span class='ocr_line' id='line_1_83' title="bbox 2248 3754 3832 3826; baseline 0.004 -20"><span class='ocrx_word' id='word_1_588' title='bbox 2248 3755 2484 3808; x_wconf 89' lang='lat' dir='ltr'><strong>tionibus</strong></span> <span class='ocrx_word' id='word_1_589' title='bbox 2523 3755 2607 3809; x_wconf 86' lang='lat' dir='ltr'><strong>vel</strong></span> <span class='ocrx_word' id='word_1_590' title='bbox 2649 3770 2718 3809; x_wconf 68' lang='grc' dir='ltr'>ει</span> <span class='ocrx_word' id='word_1_591' title='bbox 2767 3754 3103 3810; x_wconf 88' lang='lat' dir='ltr'><strong>testamentis</strong></span> <span class='ocrx_word' id='word_1_592' title='bbox 3124 3755 3325 3824; x_wconf 87' lang='lat' dir='ltr'><strong>aliquid</strong></span> <span class='ocrx_word' id='word_1_593' title='bbox 3351 3754 3599 3826; x_wconf 90' lang='lat' dir='ltr'><strong>capiendi</strong></span> <span class='ocrx_word' id='word_1_594' title='bbox 3626 3755 3714 3812; x_wconf 88' lang='lat' dir='ltr'><strong>vel</strong></span> <span class='ocrx_word' id='word_1_595' title='bbox 3743 3771 3832 3812; x_wconf 84' lang='lat' dir='ltr'><strong>re-</strong></span> 
     </span>
    </p>
   </div>
   <div class='ocr_carea' id='block_1_84' title="bbox 2245 3846 3832 3920">
    <p class='ocr_par' dir='ltr' id='par_1_84' title="bbox 2245 3846 3832 3920">
     <span class='ocr_line' id='line_1_84' title="bbox 2245 3846 3832 3920; baseline 0.004 -21"><span class='ocrx_word' id='word_1_596' title='bbox 2245 3846 2516 3917; x_wconf 84' lang='lat' dir='ltr'><strong>linquendi</strong></span> <span class='ocrx_word' id='word_1_597' title='bbox 2546 3849 2775 3914; x_wconf 83' lang='lat' dir='ltr'><strong>denegat</strong></span> <span class='ocrx_word' id='word_1_598' title='bbox 2803 3846 3134 3913; x_wconf 83' lang='lat' dir='ltr'><strong>facultatem,</strong></span> <span class='ocrx_word' id='word_1_599' title='bbox 3170 3850 3238 3903; x_wconf 89' lang='lat' dir='ltr'><strong>ab</strong></span> <span class='ocrx_word' id='word_1_600' title='bbox 3260 3864 3446 3904; x_wconf 87' lang='lat' dir='ltr'><strong>eorum</strong></span> <span class='ocrx_word' id='word_1_601' title='bbox 3469 3864 3688 3919; x_wconf 87' lang='lat' dir='ltr'><strong>quoque</strong></span> <span class='ocrx_word' id='word_1_602' title='bbox 3714 3851 3832 3920; x_wconf 84' lang='lat' dir='ltr'><strong>pie-</strong></span> 
     </span>
    </p>
   </div>
   <div class='ocr_carea' id='block_1_85' title="bbox 2248 3941 3828 4013">
    <p class='ocr_par' dir='ltr' id='par_1_85' title="bbox 2248 3941 3828 4013">
     <span class='ocr_line' id='line_1_85' title="bbox 2248 3941 3828 4013; baseline 0.005 -20"><span class='ocrx_word' id='word_1_603' title='bbox 2248 3948 2358 3994; x_wconf 89' lang='lat' dir='ltr'><strong>tate</strong></span> <span class='ocrx_word' id='word_1_604' title='bbox 2390 3941 2649 3996; x_wconf 88' lang='lat' dir='ltr'><strong>hactenus</strong></span> <span class='ocrx_word' id='word_1_605' title='bbox 2696 3947 3006 4010; x_wconf 88' lang='lat' dir='ltr'><strong>repetatur,</strong></span> <span class='ocrx_word' id='word_1_606' title='bbox 3039 3949 3096 3996; x_wconf 90' lang='lat' dir='ltr'><strong>ut</strong></span> <span class='ocrx_word' id='word_1_607' title='bbox 3125 3943 3205 3998; x_wconf 91' lang='lat' dir='ltr'><strong>eis</strong></span> <span class='ocrx_word' id='word_1_608' title='bbox 3231 3942 3568 4013; x_wconf 85' lang='lat' dir='ltr'><strong>relinquendi</strong></span> <span class='ocrx_word' id='word_1_609' title='bbox 3604 3944 3692 4000; x_wconf 89' lang='lat' dir='ltr'><strong>vel</strong></span> <span class='ocrx_word' id='word_1_610' title='bbox 3723 3959 3828 4000; x_wconf 61' lang='lat' dir='ltr'><strong>suc</strong></span> 
     </span>
    </p>
   </div>
   <div class='ocr_carea' id='block_1_86' title="bbox 2247 4031 3828 4102">
    <p class='ocr_par' dir='ltr' id='par_1_86' title="bbox 2247 4031 3828 4102">
     <span class='ocr_line' id='line_1_86' title="bbox 2247 4031 3828 4102; baseline 0.005 -19"><span class='ocrx_word' id='word_1_611' title='bbox 2247 4031 2424 4085; x_wconf 84' lang='lat' dir='ltr'><strong>tuendi</strong></span> <span class='ocrx_word' id='word_1_612' title='bbox 2450 4031 2538 4100; x_wconf 84' lang='lat' dir='ltr'><strong>jus</strong></span> <span class='ocrx_word' id='word_1_613' title='bbox 2568 4031 2801 4098; x_wconf 88' lang='lat' dir='ltr'><strong>adimat,</strong></span> <span class='ocrx_word' id='word_1_614' title='bbox 2831 4033 2922 4102; x_wconf 86' lang='lat' dir='ltr'><strong>qui</strong></span> <span class='ocrx_word' id='word_1_615' title='bbox 2952 4033 3264 4102; x_wconf 67' lang='lat' dir='ltr'><strong>pertinaciae</strong></span> <span class='ocrx_word' id='word_1_616' title='bbox 3309 4033 3490 4094; x_wconf 89' lang='lat' dir='ltr'><strong>furore</strong></span> <span class='ocrx_word' id='word_1_617' title='bbox 3539 4035 3725 4091; x_wconf 78' lang='lat' dir='ltr'><strong>caecati</strong></span> <span class='ocrx_word' id='word_1_618' title='bbox 3774 4036 3828 4091; x_wconf 87' lang='lat' dir='ltr'><strong>in</strong></span> 
     </span>
    </p>
   </div>
   <div class='ocr_carea' id='block_1_87' title="bbox 2246 4125 3825 4204">
    <p class='ocr_par' dir='ltr' id='par_1_87' title="bbox 2246 4125 3825 4204">
     <span class='ocr_line' id='line_1_87' title="bbox 2246 4125 3825 4204; baseline 0.004 -26"><span class='ocrx_word' id='word_1_619' title='bbox 2246 4125 2642 4180; x_wconf 88' lang='lat' dir='ltr'><strong>Donatistarum</strong></span> <span class='ocrx_word' id='word_1_620' title='bbox 2664 4141 2849 4182; x_wconf 88' lang='lat' dir='ltr'><strong>errore</strong></span> <span class='ocrx_word' id='word_1_621' title='bbox 2869 4143 3220 4197; x_wconf 87' lang='lat' dir='ltr'><strong>perseverare</strong></span> <span class='ocrx_word' id='word_1_622' title='bbox 3242 4129 3531 4186; x_wconf 82' lang='lat' dir='ltr'><strong>voluerint.</strong></span> <span class='ocrx_word' id='word_1_623' title='bbox 3557 4128 3825 4204; x_wconf 74' lang='lat' dir='ltr'><strong>cauerunt</strong></span> 
     </span>
    </p>
   </div>
   <div class='ocr_carea' id='block_1_88' title="bbox 2245 4213 3827 4290">
    <p class='ocr_par' dir='ltr' id='par_1_88' title="bbox 2245 4213 3827 4290">
     <span class='ocr_line' id='line_1_88' title="bbox 2245 4213 3827 4290; baseline 0.008 -26"><span class='ocrx_word' id='word_1_624' title='bbox 2245 4213 2347 4270; x_wconf 90' lang='lat' dir='ltr'><strong>illis</strong></span> <span class='ocrx_word' id='word_1_625' title='bbox 2385 4216 2476 4286; x_wconf 91' lang='lat' dir='ltr'><strong>qui</strong></span> <span class='ocrx_word' id='word_1_626' title='bbox 2525 4215 2961 4272; x_wconf 85' lang='lat' dir='ltr'><strong>consideratione</strong></span> <span class='ocrx_word' id='word_1_627' title='bbox 3007 4217 3227 4274; x_wconf 87' lang='lat' dir='ltr'><strong>unitatis</strong></span> <span class='ocrx_word' id='word_1_628' title='bbox 3262 4227 3320 4274; x_wconf 86' lang='lat' dir='ltr'><strong>et</strong></span> <span class='ocrx_word' id='word_1_629' title='bbox 3370 4221 3520 4290; x_wconf 82' lang='lat' dir='ltr'><strong>pacis</strong></span> <span class='ocrx_word' id='word_1_630' title='bbox 3559 4234 3621 4275; x_wconf 82' lang='lat' dir='ltr'><strong>se</strong></span> <span class='ocrx_word' id='word_1_631' title='bbox 3654 4221 3827 4276; x_wconf 88' lang='lat' dir='ltr'><strong>corri-</strong></span> 
     </span>
    </p>
   </div>
   <div class='ocr_carea' id='block_1_89' title="bbox 2241 4306 3830 4381">
    <p class='ocr_par' dir='ltr' id='par_1_89' title="bbox 2241 4306 3830 4381">
     <span class='ocr_line' id='line_1_89' title="bbox 2241 4306 3830 4381; baseline 0.006 -24"><span class='ocrx_word' id='word_1_632' title='bbox 2241 4319 2368 4370; x_wconf 85' lang='lat' dir='ltr'><strong>gere</strong></span> <span class='ocrx_word' id='word_1_633' title='bbox 2389 4306 2674 4371; x_wconf 86' lang='lat' dir='ltr'><strong>voluerint,</strong></span> <span class='ocrx_word' id='word_1_634' title='bbox 2688 4306 2890 4376; x_wconf 88' lang='lat' dir='ltr'><strong>absque</strong></span> <span class='ocrx_word' id='word_1_635' title='bbox 2916 4307 3201 4364; x_wconf 86' lang='lat' dir='ltr'><strong>interdicto</strong></span> <span class='ocrx_word' id='word_1_636' title='bbox 3222 4309 3380 4377; x_wconf 85' lang='lat' dir='ltr'><strong>hujus</strong></span> <span class='ocrx_word' id='word_1_637' title='bbox 3399 4310 3533 4378; x_wconf 85' lang='lat' dir='ltr'><strong>legis</strong></span> <span class='ocrx_word' id='word_1_638' title='bbox 3551 4312 3830 4381; x_wconf 61' lang='lat' dir='ltr'><strong>capiendae</strong></span> 
     </span>
    </p>
   </div>
   <div class='ocr_carea' id='block_1_90' title="bbox 2244 4395 3828 4467">
    <p class='ocr_par' dir='ltr' id='par_1_90' title="bbox 2244 4395 3828 4467">
     <span class='ocr_line' id='line_1_90' title="bbox 2244 4395 3828 4467; baseline 0.008 -22"><span class='ocrx_word' id='word_1_639' title='bbox 2244 4395 2569 4450; x_wconf 67' lang='lat' dir='ltr'><strong>haereditatis</strong></span> <span class='ocrx_word' id='word_1_640' title='bbox 2597 4396 2775 4450; x_wconf 89' lang='lat' dir='ltr'><strong>aditus</strong></span> <span class='ocrx_word' id='word_1_641' title='bbox 2812 4406 3028 4467; x_wconf 85' lang='lat' dir='ltr'><strong>pateat,</strong></span> <span class='ocrx_word' id='word_1_642' title='bbox 3078 4399 3288 4456; x_wconf 91' lang='lat' dir='ltr'><strong>etiamsi</strong></span> <span class='ocrx_word' id='word_1_643' title='bbox 3330 4400 3506 4456; x_wconf 90' lang='lat' dir='ltr'><strong>adhuc</strong></span> <span class='ocrx_word' id='word_1_644' title='bbox 3547 4402 3599 4457; x_wconf 91' lang='lat' dir='ltr'><strong>in</strong></span> <span class='ocrx_word' id='word_1_645' title='bbox 3642 4418 3828 4458; x_wconf 88' lang='lat' dir='ltr'><strong>errore</strong></span> 
     </span>
    </p>
   </div>
   <div class='ocr_carea' id='block_1_91' title="bbox 557 4458 3826 4562">
    <p class='ocr_par' dir='ltr' id='par_1_91' title="bbox 557 4458 3826 4562">
     <span class='ocr_line' id='line_1_91' title="bbox 557 4458 3826 4562; baseline 0.01 -53"><span class='ocrx_word' id='word_1_646' title='bbox 557 4458 723 4521; x_wconf 73' lang='lat' dir='ltr'><strong>Quale</strong></span> <span class='ocrx_word' id='word_1_647' title='bbox 748 4467 1188 4518; x_wconf 60' lang='lat' dir='ltr'><strong>commonitorium</strong></span> <span class='ocrx_word' id='word_1_648' title='bbox 1218 4479 1522 4562; x_wconf 62' lang='lat' dir='ltr'><strong>acceperunt</strong></span> <span class='ocrx_word' id='word_1_649' title='bbox 1563 4472 1717 4538; x_wconf 81' lang='lat' dir='ltr'><strong>leguli</strong></span> <span class='ocrx_word' id='word_1_650' title='bbox 1747 4484 1928 4526; x_wconf 81' lang='lat' dir='ltr'><strong>contra</strong></span> <span class='ocrx_word' id='word_1_651' title='bbox 1956 4473 2132 4528; x_wconf 83' lang='lat' dir='ltr'><strong>Dona-</strong></span> <span class='ocrx_word' id='word_1_652' title='bbox 2167 4503 2221 4562; x_wconf 70' lang='grc' dir='ltr'><strong>Β</strong></span> <span class='ocrx_word' id='word_1_653' title='bbox 2246 4486 2497 4542; x_wconf 55' lang='lat' dir='ltr'><strong>haeretica</strong></span> <span class='ocrx_word' id='word_1_654' title='bbox 2526 4458 2832 4543; x_wconf 49' lang='lat' dir='ltr'><strong>constituti;</strong></span> <span class='ocrx_word' id='word_1_655' title='bbox 2860 4489 3060 4560; x_wconf 76' lang='lat' dir='ltr'><strong>aliquid</strong></span> <span class='ocrx_word' id='word_1_656' title='bbox 3088 4500 3214 4548; x_wconf 65' lang='lat' dir='ltr'><strong>ante</strong></span> <span class='ocrx_word' id='word_1_657' title='bbox 3261 4493 3572 4549; x_wconf 69' lang='lat' dir='ltr'><strong>donationis</strong></span> <span class='ocrx_word' id='word_1_658' title='bbox 3600 4495 3686 4548; x_wconf 77' lang='lat' dir='ltr'><strong>vel</strong></span> <span class='ocrx_word' id='word_1_659' title='bbox 3716 4494 3826 4548; x_wconf 67' lang='lat' dir='ltr'><strong>ha:-</strong></span> 
     </span>
    </p>
   </div>
   <div class='ocr_carea' id='block_1_92' title="bbox 1257 4538 1426 4588">
    <p class='ocr_par' dir='ltr' id='par_1_92' title="bbox 1257 4538 1426 4588">
     <span class='ocr_line' id='line_1_92' title="bbox 1257 4538 1426 4588; baseline 0 -2"><span class='ocrx_word' id='word_1_660' title='bbox 1257 4538 1426 4588; x_wconf 80' lang='lat' dir='ltr'><strong>tistus.</strong></span> 
     </span>
    </p>
   </div>
   <div class='ocr_carea' id='block_1_93' title="bbox 623 4640 2136 4708">
    <p class='ocr_par' dir='ltr' id='par_1_93' title="bbox 623 4640 2136 4708">
     <span class='ocr_line' id='line_1_93' title="bbox 623 4640 2136 4708; baseline 0.009 -14"><span class='ocrx_word' id='word_1_661' title='bbox 623 4640 804 4697; x_wconf 81' lang='lat' dir='ltr'><strong>XCIII.</strong></span> <span class='ocrx_word' id='word_1_662' title='bbox 852 4644 1333 4698; x_wconf 72' lang='lat' dir='ltr'><strong>(lomnumitorimu</strong></span> <span class='ocrx_word' id='word_1_663' title='bbox 1367 4646 1618 4702; x_wconf 86' lang='lat' dir='ltr'><strong>fratribus</strong></span> <span class='ocrx_word' id='word_1_664' title='bbox 1648 4649 1882 4705; x_wconf 85' lang='lat' dir='ltr'><strong>Theasio</strong></span> <span class='ocrx_word' id='word_1_665' title='bbox 1911 4661 1967 4707; x_wconf 88' lang='lat' dir='ltr'><strong>et</strong></span> <span class='ocrx_word' id='word_1_666' title='bbox 1997 4652 2136 4708; x_wconf 85' lang='lat' dir='ltr'><strong>Evo-</strong></span> 
     </span>
    </p>
   </div>
   <div class='ocr_carea' id='block_1_94' title="bbox 551 4733 2131 4809">
    <p class='ocr_par' dir='ltr' id='par_1_94' title="bbox 551 4733 2131 4809">
     <span class='ocr_line' id='line_1_94' title="bbox 551 4733 2131 4809; baseline 0.008 -24"><span class='ocrx_word' id='word_1_667' title='bbox 551 4735 667 4802; x_wconf 91' lang='lat' dir='ltr'><strong>dio,</strong></span> <span class='ocrx_word' id='word_1_668' title='bbox 699 4734 884 4800; x_wconf 80' lang='lat' dir='ltr'><strong>Iegatis</strong></span> <span class='ocrx_word' id='word_1_669' title='bbox 907 4749 971 4788; x_wconf 67' lang='lat' dir='ltr'><strong>ex</strong></span> <span class='ocrx_word' id='word_1_670' title='bbox 1001 4733 1410 4803; x_wconf 80' lang='lat' dir='ltr'><strong>Carthagineusi</strong></span> <span class='ocrx_word' id='word_1_671' title='bbox 1439 4739 1668 4792; x_wconf 78' lang='lat' dir='ltr'><strong>coricilio</strong></span> <span class='ocrx_word' id='word_1_672' title='bbox 1710 4741 1774 4792; x_wconf 85' lang='lat' dir='ltr'><strong>ad</strong></span> <span class='ocrx_word' id='word_1_673' title='bbox 1806 4742 2131 4809; x_wconf 83' lang='lat' dir='ltr'><strong>gloriosissi-</strong></span> 
     </span>
    </p>
   </div>
   <div class='ocr_carea' id='block_1_95' title="bbox 551 4825 2130 4898">
    <p class='ocr_par' dir='ltr' id='par_1_95' title="bbox 551 4825 2130 4898">
     <span class='ocr_line' id='line_1_95' title="bbox 551 4825 2130 4898; baseline 0.008 -19"><span class='ocrx_word' id='word_1_674' title='bbox 551 4839 671 4879; x_wconf 89' lang='lat' dir='ltr'><strong>mos</strong></span> <span class='ocrx_word' id='word_1_675' title='bbox 692 4825 1231 4894; x_wconf 85' lang='lat' dir='ltr'><strong>religiosissimosque</strong></span> <span class='ocrx_word' id='word_1_676' title='bbox 1261 4829 1528 4898; x_wconf 82' lang='lat' dir='ltr'><strong>principes</strong></span> <span class='ocrx_word' id='word_1_677' title='bbox 1553 4831 1746 4896; x_wconf 90' lang='lat' dir='ltr'><strong>missis,</strong></span> <span class='ocrx_word' id='word_1_678' title='bbox 1773 4849 1895 4888; x_wconf 89' lang='lat' dir='ltr'><strong>cum</strong></span> <span class='ocrx_word' id='word_1_679' title='bbox 1919 4834 2130 4892; x_wconf 89' lang='lat' dir='ltr'><strong>Domini</strong></span> 
     </span>
    </p>
   </div>
   <div class='ocr_carea' id='block_1_96' title="bbox 548 4918 2127 4989">
    <p class='ocr_par' dir='ltr' id='par_1_96' title="bbox 548 4918 2127 4989">
     <span class='ocr_line' id='line_1_96' title="bbox 548 4918 2127 4989; baseline 0.008 -17"><span class='ocrx_word' id='word_1_680' title='bbox 548 4918 755 4973; x_wconf 81' lang='lat' dir='ltr'><strong>auxilio</strong></span> <span class='ocrx_word' id='word_1_681' title='bbox 790 4919 1056 4988; x_wconf 83' lang='lat' dir='ltr'><strong>piissimos</strong></span> <span class='ocrx_word' id='word_1_682' title='bbox 1085 4921 1443 4989; x_wconf 83' lang='lat' dir='ltr'><strong>imperatores</strong></span> <span class='ocrx_word' id='word_1_683' title='bbox 1470 4921 1737 4988; x_wconf 87' lang='lat' dir='ltr'><strong>adierint,</strong></span> <span class='ocrx_word' id='word_1_684' title='bbox 1787 4933 1847 4978; x_wconf 91' lang='lat' dir='ltr'><strong>ut</strong></span> <span class='ocrx_word' id='word_1_685' title='bbox 1892 4928 1971 4982; x_wconf 91' lang='lat' dir='ltr'><strong>eis</strong></span> <span class='ocrx_word' id='word_1_686' title='bbox 1993 4929 2127 4984; x_wconf 82' lang='lat' dir='ltr'><strong>insi-</strong></span> 
     </span>
    </p>
   </div>
   <div class='ocr_carea' id='block_1_97' title="bbox 547 5020 736 5068">
    <p class='ocr_par' dir='ltr' id='par_1_97' title="bbox 547 5020 736 5068">
     <span class='ocr_line' id='line_1_97' title="bbox 547 5020 736 5068; baseline -0.021 0"><span class='ocrx_word' id='word_1_687' title='bbox 547 5020 736 5068; x_wconf 82' lang='lat' dir='ltr'><strong>nitent.</strong></span> 
     </span>
    </p>
   </div>
   <div class='ocr_carea' id='block_1_98' title="bbox 621 5101 2132 5180">
    <p class='ocr_par' dir='ltr' id='par_1_98' title="bbox 621 5101 2132 5180">
     <span class='ocr_line' id='line_1_98' title="bbox 621 5101 2132 5180; baseline 0.009 -27"><span class='ocrx_word' id='word_1_688' title='bbox 621 5101 1082 5167; x_wconf 79' lang='lat' dir='ltr'><strong>Quemadmodum</strong></span> <span class='ocrx_word' id='word_1_689' title='bbox 1111 5104 1267 5172; x_wconf 88' lang='lat' dir='ltr'><strong>plena</strong></span> <span class='ocrx_word' id='word_1_690' title='bbox 1297 5103 1490 5158; x_wconf 85' lang='lat' dir='ltr'><strong>fiducia</strong></span> <span class='ocrx_word' id='word_1_691' title='bbox 1511 5106 1802 5162; x_wconf 88' lang='lat' dir='ltr'><strong>secundum</strong></span> <span class='ocrx_word' id='word_1_692' title='bbox 1838 5112 2132 5180; x_wconf 88' lang='lat' dir='ltr'><strong>superioris</strong></span> 
     </span>
    </p>
   </div>
   <div class='ocr_carea' id='block_1_99' title="bbox 548 5193 2130 5266">
    <p class='ocr_par' dir='ltr' id='par_1_99' title="bbox 548 5193 2130 5266">
     <span class='ocr_line' id='line_1_99' title="bbox 548 5193 2130 5266; baseline 0.009 -22"><span class='ocrx_word' id='word_1_693' title='bbox 548 5193 674 5245; x_wconf 90' lang='lat' dir='ltr'><strong>anni</strong></span> <span class='ocrx_word' id='word_1_694' title='bbox 698 5193 986 5247; x_wconf 88' lang='lat' dir='ltr'><strong>concilium</strong></span> <span class='ocrx_word' id='word_1_695' title='bbox 1018 5195 1412 5249; x_wconf 88' lang='lat' dir='ltr'><strong>Donatistarum</strong></span> <span class='ocrx_word' id='word_1_696' title='bbox 1442 5199 1715 5266; x_wconf 58' lang='lat' dir='ltr'><strong>praepositi</strong></span> <span class='ocrx_word' id='word_1_697' title='bbox 1745 5201 1882 5255; x_wconf 90' lang='lat' dir='ltr'><strong>actis</strong></span> <span class='ocrx_word' id='word_1_698' title='bbox 1903 5204 2130 5258; x_wconf 88' lang='lat' dir='ltr'><strong>munici-</strong></span> 
     </span>
    </p>
   </div>
   <div class='ocr_carea' id='block_1_100' title="bbox 549 5283 2124 5352">
    <p class='ocr_par' dir='ltr' id='par_1_100' title="bbox 549 5283 2124 5352">
     <span class='ocr_line' id='line_1_100' title="bbox 549 5283 2124 5352; baseline 0.01 -18"><span class='ocrx_word' id='word_1_699' title='bbox 549 5283 760 5352; x_wconf 85' lang='lat' dir='ltr'><strong>palibus</strong></span> <span class='ocrx_word' id='word_1_700' title='bbox 787 5293 912 5338; x_wconf 82' lang='lat' dir='ltr'><strong>sont</strong></span> <span class='ocrx_word' id='word_1_701' title='bbox 937 5287 1209 5350; x_wconf 86' lang='lat' dir='ltr'><strong>eonventi,</strong></span> <span class='ocrx_word' id='word_1_702' title='bbox 1245 5296 1302 5340; x_wconf 90' lang='lat' dir='ltr'><strong>ut</strong></span> <span class='ocrx_word' id='word_1_703' title='bbox 1329 5289 1371 5342; x_wconf 90' lang='lat' dir='ltr'><strong>si</strong></span> <span class='ocrx_word' id='word_1_704' title='bbox 1401 5287 1723 5344; x_wconf 88' lang='lat' dir='ltr'><strong>conliderint</strong></span> <span class='ocrx_word' id='word_1_705' title='bbox 1771 5291 1838 5347; x_wconf 90' lang='lat' dir='ltr'><strong>de</strong></span> <span class='ocrx_word' id='word_1_706' title='bbox 1868 5295 2124 5350; x_wconf 90' lang='lat' dir='ltr'><strong>assertio-</strong></span> 
     </span>
    </p>
   </div>
   <div class='ocr_carea' id='block_1_101' title="bbox 549 5375 2125 5450">
    <p class='ocr_par' dir='ltr' id='par_1_101' title="bbox 549 5375 2125 5450">
     <span class='ocr_line' id='line_1_101' title="bbox 549 5375 2125 5450; baseline 0.008 -21"><span class='ocrx_word' id='word_1_707' title='bbox 549 5375 704 5429; x_wconf 86' lang='lat' dir='ltr'><strong>nibus</strong></span> <span class='ocrx_word' id='word_1_708' title='bbox 733 5376 873 5443; x_wconf 86' lang='lat' dir='ltr'><strong>suis,</strong></span> <span class='ocrx_word' id='word_1_709' title='bbox 903 5377 1089 5431; x_wconf 86' lang='lat' dir='ltr'><strong>electis</strong></span> <span class='ocrx_word' id='word_1_710' title='bbox 1113 5394 1180 5432; x_wconf 83' lang='lat' dir='ltr'><strong>ex</strong></span> <span class='ocrx_word' id='word_1_711' title='bbox 1209 5393 1308 5433; x_wconf 91' lang='lat' dir='ltr'><strong>suo</strong></span> <span class='ocrx_word' id='word_1_712' title='bbox 1351 5394 1576 5434; x_wconf 90' lang='lat' dir='ltr'><strong>numero</strong></span> <span class='ocrx_word' id='word_1_713' title='bbox 1603 5380 1870 5450; x_wconf 89' lang='lat' dir='ltr'><strong>aliquibus</strong></span> <span class='ocrx_word' id='word_1_714' title='bbox 1899 5383 2125 5450; x_wconf 86' lang='lat' dir='ltr'><strong>idoneis,</strong></span> 
     </span>
    </p>
   </div>
   <div class='ocr_carea' id='block_1_102' title="bbox 548 5466 2129 5540">
    <p class='ocr_par' dir='ltr' id='par_1_102' title="bbox 548 5466 2129 5540">
     <span class='ocr_line' id='line_1_102' title="bbox 548 5466 2129 5540; baseline 0.009 -22"><span class='ocrx_word' id='word_1_715' title='bbox 548 5466 827 5523; x_wconf 82' lang='lat' dir='ltr'><strong>uobiscum</strong></span> <span class='ocrx_word' id='word_1_716' title='bbox 859 5471 1081 5538; x_wconf 85' lang='lat' dir='ltr'><strong>pacilice</strong></span> <span class='ocrx_word' id='word_1_717' title='bbox 1111 5471 1438 5540; x_wconf 84' lang='lat' dir='ltr'><strong>conferrent,</strong></span> <span class='ocrx_word' id='word_1_718' title='bbox 1461 5478 1514 5527; x_wconf 87' lang='lat' dir='ltr'><strong>et</strong></span> <span class='ocrx_word' id='word_1_719' title='bbox 1536 5475 1947 5531; x_wconf 82' lang='lat' dir='ltr'><strong>mansuetudine</strong></span> <span class='ocrx_word' id='word_1_720' title='bbox 1973 5477 2129 5531; x_wconf 85' lang='lat' dir='ltr'><strong>Chri-</strong></span> 
     </span>
    </p>
   </div>
   <div class='ocr_carea' id='block_1_103' title="bbox 549 5563 2128 5636">
    <p class='ocr_par' dir='ltr' id='par_1_103' title="bbox 549 5563 2128 5636">
     <span class='ocr_line' id='line_1_103' title="bbox 549 5563 2128 5636; baseline 0.009 -25"><span class='ocrx_word' id='word_1_721' title='bbox 549 5564 749 5626; x_wconf 60' lang='lat' dir='ltr'><strong>sliatt‘d,</strong></span> <span class='ocrx_word' id='word_1_722' title='bbox 793 5563 837 5616; x_wconf 81' lang='lat' dir='ltr'><strong>si</strong></span> <span class='ocrx_word' id='word_1_723' title='bbox 875 5563 1001 5631; x_wconf 88' lang='lat' dir='ltr'><strong>quid</strong></span> <span class='ocrx_word' id='word_1_724' title='bbox 1043 5565 1284 5619; x_wconf 83' lang='lat' dir='ltr'><strong>veritatis</strong></span> <span class='ocrx_word' id='word_1_725' title='bbox 1315 5573 1595 5631; x_wconf 89' lang='lat' dir='ltr'><strong>tenerent,</strong></span> <span class='ocrx_word' id='word_1_726' title='bbox 1647 5581 1754 5618; x_wconf 91' lang='lat' dir='ltr'><strong>non</strong></span> <span class='ocrx_word' id='word_1_727' title='bbox 1795 5568 2128 5636; x_wconf 85' lang='lat' dir='ltr'><strong>ambigerem</strong></span> 
     </span>
    </p>
   </div>
   <div class='ocr_carea' id='block_1_104' title="bbox 550 5654 2124 5730">
    <p class='ocr_par' dir='ltr' id='par_1_104' title="bbox 550 5654 2124 5730">
     <span class='ocr_line' id='line_1_104' title="bbox 550 5654 2124 5730; baseline 0.008 -27"><span class='ocrx_word' id='word_1_728' title='bbox 550 5654 948 5714; x_wconf 71' lang='lat' dir='ltr'><strong>demonstrare.</strong></span> <span class='ocrx_word' id='word_1_729' title='bbox 981 5671 1088 5724; x_wconf 87' lang='lat' dir='ltr'><strong>quo</strong></span> <span class='ocrx_word' id='word_1_730' title='bbox 1121 5659 1194 5712; x_wconf 91' lang='lat' dir='ltr'><strong>ita</strong></span> <span class='ocrx_word' id='word_1_731' title='bbox 1219 5657 1500 5712; x_wconf 87' lang='lat' dir='ltr'><strong>sinceritas</strong></span> <span class='ocrx_word' id='word_1_732' title='bbox 1525 5657 1813 5719; x_wconf 82' lang='lat' dir='ltr'><strong>catholica,</strong></span> <span class='ocrx_word' id='word_1_733' title='bbox 1859 5674 1980 5726; x_wconf 83' lang='lat' dir='ltr'><strong>qme</strong></span> <span class='ocrx_word' id='word_1_734' title='bbox 2015 5661 2124 5730; x_wconf 88' lang='lat' dir='ltr'><strong>jam</strong></span> 
     </span>
    </p>
   </div>
   <div class='ocr_carea' id='block_1_105' title="bbox 549 5751 2122 5828">
    <p class='ocr_par' dir='ltr' id='par_1_105' title="bbox 549 5751 2122 5828">
     <span class='ocr_line' id='line_1_105' title="bbox 549 5751 2122 5828; baseline 0.007 -30"><span class='ocrx_word' id='word_1_735' title='bbox 549 5751 629 5814; x_wconf 65' lang='lat' dir='ltr'><strong>pii</strong></span> <span class='ocrx_word' id='word_1_736' title='bbox 654 5751 754 5802; x_wconf 68' lang='grc' dir='ltr'>Ινιιι</span> <span class='ocrx_word' id='word_1_737' title='bbox 785 5751 1152 5818; x_wconf 80' lang='lat' dir='ltr'><strong>supci&#39;iorilms</strong></span> <span class='ocrx_word' id='word_1_738' title='bbox 1192 5755 1519 5823; x_wconf 83' lang='lat' dir='ltr'><strong>temporibus</strong></span> <span class='ocrx_word' id='word_1_739' title='bbox 1551 5753 1738 5808; x_wconf 85' lang='lat' dir='ltr'><strong>claruit</strong></span> <span class='ocrx_word' id='word_1_740' title='bbox 1763 5796 1776 5822; x_wconf 94' lang='lat'><strong>,</strong></span> <span class='ocrx_word' id='word_1_741' title='bbox 1808 5769 1948 5810; x_wconf 87' lang='lat' dir='ltr'><strong>nunc</strong></span> <span class='ocrx_word' id='word_1_742' title='bbox 1987 5775 2122 5828; x_wconf 85' lang='lat' dir='ltr'><strong>qun—</strong></span> 
     </span>
    </p>
   </div>
   <div class='ocr_carea' id='block_1_106' title="bbox 2245 4577 3826 4655">
    <p class='ocr_par' dir='ltr' id='par_1_106' title="bbox 2245 4577 3826 4655">
     <span class='ocr_line' id='line_1_106' title="bbox 2245 4577 3826 4655; baseline 0.005 -23"><span class='ocrx_word' id='word_1_743' title='bbox 2245 4577 2488 4632; x_wconf 89' lang='lat' dir='ltr'><strong>reditatis</strong></span> <span class='ocrx_word' id='word_1_744' title='bbox 2515 4579 2734 4634; x_wconf 90' lang='lat' dir='ltr'><strong>obvenit</strong></span> <span class='ocrx_word' id='word_1_745' title='bbox 2762 4597 2776 4634; x_wconf 91' lang='lat'>:</span> <span class='ocrx_word' id='word_1_746' title='bbox 2808 4581 2892 4634; x_wconf 87' lang='lat' dir='ltr'><strong>his</strong></span> <span class='ocrx_word' id='word_1_747' title='bbox 2921 4596 3053 4638; x_wconf 88' lang='lat' dir='ltr'><strong>sane</strong></span> <span class='ocrx_word' id='word_1_748' title='bbox 3080 4584 3350 4654; x_wconf 86' lang='lat' dir='ltr'><strong>exceptis,</strong></span> <span class='ocrx_word' id='word_1_749' title='bbox 3381 4585 3474 4654; x_wconf 91' lang='lat' dir='ltr'><strong>qui</strong></span> <span class='ocrx_word' id='word_1_750' title='bbox 3504 4585 3599 4640; x_wconf 90' lang='lat' dir='ltr'><strong>lite</strong></span> <span class='ocrx_word' id='word_1_751' title='bbox 3629 4586 3826 4655; x_wconf 87' lang='lat' dir='ltr'><strong>pulsati</strong></span> 
     </span>
    </p>
   </div>
   <div class='ocr_carea' id='block_1_107' title="bbox 2244 4670 3830 4744">
    <p class='ocr_par' dir='ltr' id='par_1_107' title="bbox 2244 4670 3830 4744">
     <span class='ocr_line' id='line_1_107' title="bbox 2244 4670 3830 4744; baseline 0.006 -23"><span class='ocrx_word' id='word_1_752' title='bbox 2244 4671 2551 4738; x_wconf 90' lang='lat' dir='ltr'><strong>putaverint</strong></span> <span class='ocrx_word' id='word_1_753' title='bbox 2578 4670 2642 4725; x_wconf 91' lang='lat' dir='ltr'><strong>ad</strong></span> <span class='ocrx_word' id='word_1_754' title='bbox 2681 4671 3002 4727; x_wconf 89' lang='lat' dir='ltr'><strong>catholicam</strong></span> <span class='ocrx_word' id='word_1_755' title='bbox 3034 4677 3436 4739; x_wconf 88' lang='lat' dir='ltr'><strong>transeundmn,</strong></span> <span class='ocrx_word' id='word_1_756' title='bbox 3469 4678 3594 4744; x_wconf 88' lang='lat' dir='ltr'><strong>quia</strong></span> <span class='ocrx_word' id='word_1_757' title='bbox 3617 4675 3684 4732; x_wconf 90' lang='lat' dir='ltr'><strong>de</strong></span> <span class='ocrx_word' id='word_1_758' title='bbox 3706 4675 3830 4730; x_wconf 85' lang='lat' dir='ltr'><strong>tali-</strong></span> 
     </span>
    </p>
   </div>
   <div class='ocr_carea' id='block_1_108' title="bbox 2243 4760 3829 4837">
    <p class='ocr_par' dir='ltr' id='par_1_108' title="bbox 2243 4760 3829 4837">
     <span class='ocr_line' id='line_1_108' title="bbox 2243 4760 3829 4837; baseline 0.004 -24"><span class='ocrx_word' id='word_1_759' title='bbox 2243 4760 2342 4815; x_wconf 91' lang='lat' dir='ltr'><strong>bus</strong></span> <span class='ocrx_word' id='word_1_760' title='bbox 2375 4761 2628 4815; x_wconf 87' lang='lat' dir='ltr'><strong>credihile</strong></span> <span class='ocrx_word' id='word_1_761' title='bbox 2658 4770 2770 4823; x_wconf 87' lang='lat' dir='ltr'><strong>est,</strong></span> <span class='ocrx_word' id='word_1_762' title='bbox 2815 4778 2920 4816; x_wconf 91' lang='lat' dir='ltr'><strong>non</strong></span> <span class='ocrx_word' id='word_1_763' title='bbox 2954 4772 3099 4818; x_wconf 84' lang='lat' dir='ltr'><strong>metu</strong></span> <span class='ocrx_word' id='word_1_764' title='bbox 3129 4766 3364 4820; x_wconf 81' lang='lat' dir='ltr'><strong>cmlestis</strong></span> <span class='ocrx_word' id='word_1_765' title='bbox 3403 4764 3594 4832; x_wconf 78' lang='lat' dir='ltr'><strong>iudicii</strong></span> <span class='ocrx_word' id='word_1_766' title='bbox 3649 4767 3829 4837; x_wconf 88' lang='lat' dir='ltr'><strong>potius</strong></span> 
     </span>
    </p>
   </div>
   <div class='ocr_carea' id='block_1_109' title="bbox 2239 4853 3824 4938">
    <p class='ocr_par' dir='ltr' id='par_1_109' title="bbox 2239 4853 3824 4938">
     <span class='ocr_line' id='line_1_109' title="bbox 2239 4853 3824 4938; baseline 0.005 -35"><span class='ocrx_word' id='word_1_767' title='bbox 2239 4866 2400 4921; x_wconf 89' lang='lat' dir='ltr'><strong>quam</strong></span> <span class='ocrx_word' id='word_1_768' title='bbox 2452 4853 2650 4906; x_wconf 90' lang='lat' dir='ltr'><strong>terreni</strong></span> <span class='ocrx_word' id='word_1_769' title='bbox 2689 4853 2957 4907; x_wconf 89' lang='lat' dir='ltr'><strong>commodi</strong></span> <span class='ocrx_word' id='word_1_770' title='bbox 3000 4856 3256 4910; x_wconf 89' lang='lat' dir='ltr'><strong>aviditate</strong></span> <span class='ocrx_word' id='word_1_771' title='bbox 3283 4857 3542 4911; x_wconf 86' lang='lat' dir='ltr'><strong>unitatem</strong></span> <span class='ocrx_word' id='word_1_772' title='bbox 3594 4856 3824 4938; x_wconf 85' lang='lat' dir='ltr'><strong>catholi-</strong></span> 
     </span>
    </p>
   </div>
   <div class='ocr_carea' id='block_1_110' title="bbox 2237 4943 3826 5018">
    <p class='ocr_par' dir='ltr' id='par_1_110' title="bbox 2237 4943 3826 5018">
     <span class='ocr_line' id='line_1_110' title="bbox 2237 4943 3826 5018; baseline 0.004 -21"><span class='ocrx_word' id='word_1_773' title='bbox 2237 4959 2354 4998; x_wconf 87' lang='lat' dir='ltr'><strong>cam</strong></span> <span class='ocrx_word' id='word_1_774' title='bbox 2386 4954 2734 5014; x_wconf 66' lang='lat' dir='ltr'><strong>pne-optasse.</strong></span> <span class='ocrx_word' id='word_1_775' title='bbox 2769 4943 2848 4998; x_wconf 85' lang='lat' dir='ltr'><strong>Ad</strong></span> <span class='ocrx_word' id='word_1_776' title='bbox 2879 4945 2991 4999; x_wconf 66' lang='lat' dir='ltr'><strong>haec</strong></span> <span class='ocrx_word' id='word_1_777' title='bbox 3019 4956 3198 5001; x_wconf 84' lang='lat' dir='ltr'><strong>autem</strong></span> <span class='ocrx_word' id='word_1_778' title='bbox 3219 4949 3398 5002; x_wconf 91' lang='lat' dir='ltr'><strong>omnia</strong></span> <span class='ocrx_word' id='word_1_779' title='bbox 3421 4947 3668 5018; x_wconf 65' lang='lat' dir='ltr'><strong>praesidio</strong></span> <span class='ocrx_word' id='word_1_780' title='bbox 3691 4965 3826 5018; x_wconf 86' lang='lat' dir='ltr'><strong>opus</strong></span> 
     </span>
    </p>
   </div>
   <div class='ocr_carea' id='block_1_111' title="bbox 2235 5037 3825 5107">
    <p class='ocr_par' dir='ltr' id='par_1_111' title="bbox 2235 5037 3825 5107">
     <span class='ocr_line' id='line_1_111' title="bbox 2235 5037 3825 5107; baseline 0.003 -19"><span class='ocrx_word' id='word_1_781' title='bbox 2235 5042 2317 5088; x_wconf 90' lang='lat' dir='ltr'><strong>est</strong></span> <span class='ocrx_word' id='word_1_782' title='bbox 2365 5041 2695 5103; x_wconf 88' lang='lat' dir='ltr'><strong>potestatum</strong></span> <span class='ocrx_word' id='word_1_783' title='bbox 2747 5049 2963 5088; x_wconf 89' lang='lat' dir='ltr'><strong>suarum</strong></span> <span class='ocrx_word' id='word_1_784' title='bbox 3011 5052 3350 5106; x_wconf 88' lang='lat' dir='ltr'><strong>quarumque</strong></span> <span class='ocrx_word' id='word_1_785' title='bbox 3402 5037 3825 5107; x_wconf 88' lang='lat' dir='ltr'><strong>provinciarum,</strong></span> 
     </span>
    </p>
   </div>
   <div class='ocr_carea' id='block_1_112' title="bbox 2233 5123 3825 5196">
    <p class='ocr_par' dir='ltr' id='par_1_112' title="bbox 2233 5123 3825 5196">
     <span class='ocr_line' id='line_1_112' title="bbox 2233 5123 3825 5196; baseline 0 -16"><span class='ocrx_word' id='word_1_786' title='bbox 2233 5141 2367 5181; x_wconf 89' lang='lat' dir='ltr'><strong>sane</strong></span> <span class='ocrx_word' id='word_1_787' title='bbox 2397 5141 2493 5194; x_wconf 91' lang='lat' dir='ltr'><strong>pro</strong></span> <span class='ocrx_word' id='word_1_788' title='bbox 2523 5125 2838 5178; x_wconf 83' lang='lat' dir='ltr'><strong>utilitatibus</strong></span> <span class='ocrx_word' id='word_1_789' title='bbox 2868 5123 3144 5190; x_wconf 68' lang='lat' dir='ltr'><strong>Ecclesia),</strong></span> <span class='ocrx_word' id='word_1_790' title='bbox 3177 5127 3434 5196; x_wconf 88' lang='lat' dir='ltr'><strong>quidquid</strong></span> <span class='ocrx_word' id='word_1_791' title='bbox 3465 5128 3825 5183; x_wconf 79' lang='lat' dir='ltr'><strong>intellexerint</strong></span> 
     </span>
    </p>
   </div>
   <div class='ocr_carea' id='block_1_113' title="bbox 2233 5216 3826 5287">
    <p class='ocr_par' dir='ltr' id='par_1_113' title="bbox 2233 5216 3826 5287">
     <span class='ocr_line' id='line_1_113' title="bbox 2233 5216 3826 5287; baseline 0.001 -15"><span class='ocrx_word' id='word_1_792' title='bbox 2233 5217 2523 5287; x_wconf 87' lang='lat' dir='ltr'><strong>prodesse,</strong></span> <span class='ocrx_word' id='word_1_793' title='bbox 2565 5216 2754 5284; x_wconf 85' lang='lat' dir='ltr'><strong>agendi</strong></span> <span class='ocrx_word' id='word_1_794' title='bbox 2795 5223 2849 5269; x_wconf 91' lang='lat' dir='ltr'><strong>et</strong></span> <span class='ocrx_word' id='word_1_795' title='bbox 2891 5217 3191 5286; x_wconf 91' lang='lat' dir='ltr'><strong>imperandi</strong></span> <span class='ocrx_word' id='word_1_796' title='bbox 3226 5219 3445 5273; x_wconf 88' lang='lat' dir='ltr'><strong>liberam</strong></span> <span class='ocrx_word' id='word_1_797' title='bbox 3485 5217 3826 5274; x_wconf 82' lang='lat' dir='ltr'><strong>decernimus</strong></span> 
     </span>
    </p>
   </div>
   <div class='ocr_carea' id='block_1_114' title="bbox 2230 5306 3826 5380">
    <p class='ocr_par' dir='ltr' id='par_1_114' title="bbox 2230 5306 3826 5380">
     <span class='ocr_line' id='line_1_114' title="bbox 2230 5306 3826 5380; baseline 0 -17"><span class='ocrx_word' id='word_1_798' title='bbox 2230 5309 2576 5377; x_wconf 85' lang='lat' dir='ltr'><strong>legationem.</strong></span> <span class='ocrx_word' id='word_1_799' title='bbox 2617 5306 2748 5360; x_wconf 93' lang='lat' dir='ltr'><strong>Illud</strong></span> <span class='ocrx_word' id='word_1_800' title='bbox 2793 5315 3053 5378; x_wconf 71' lang='lat' dir='ltr'><strong>prmterea</strong></span> <span class='ocrx_word' id='word_1_801' title='bbox 3096 5311 3305 5365; x_wconf 86' lang='lat' dir='ltr'><strong>cunctis</strong></span> <span class='ocrx_word' id='word_1_802' title='bbox 3331 5311 3486 5366; x_wconf 88' lang='lat' dir='ltr'><strong>nobis</strong></span> <span class='ocrx_word' id='word_1_803' title='bbox 3520 5310 3744 5380; x_wconf 88' lang='lat' dir='ltr'><strong>placuit,</strong></span> <span class='ocrx_word' id='word_1_804' title='bbox 3766 5318 3826 5364; x_wconf 87' lang='lat' dir='ltr'><strong>ut</strong></span> 
     </span>
    </p>
   </div>
   <div class='ocr_carea' id='block_1_115' title="bbox 2231 5398 3824 5472">
    <p class='ocr_par' dir='ltr' id='par_1_115' title="bbox 2231 5398 3824 5472">
     <span class='ocr_line' id='line_1_115' title="bbox 2231 5398 3824 5472; baseline 0.001 -18"><span class='ocrx_word' id='word_1_805' title='bbox 2231 5401 2424 5454; x_wconf 67' lang='lat' dir='ltr'><strong>litterre</strong></span> <span class='ocrx_word' id='word_1_806' title='bbox 2448 5399 2515 5452; x_wconf 87' lang='lat' dir='ltr'><strong>de</strong></span> <span class='ocrx_word' id='word_1_807' title='bbox 2545 5408 2688 5453; x_wconf 72' lang='lat' dir='ltr'><strong>cmtu</strong></span> <span class='ocrx_word' id='word_1_808' title='bbox 2707 5398 2906 5466; x_wconf 52' lang='lat' dir='ltr'><strong>fnoslro</strong></span> <span class='ocrx_word' id='word_1_809' title='bbox 2945 5399 3008 5453; x_wconf 91' lang='lat' dir='ltr'><strong>ad</strong></span> <span class='ocrx_word' id='word_1_810' title='bbox 3035 5401 3452 5466; x_wconf 77' lang='lat' dir='ltr'><strong>gloriosissimos</strong></span> <span class='ocrx_word' id='word_1_811' title='bbox 3473 5403 3824 5472; x_wconf 85' lang='lat' dir='ltr'><strong>imperatores</strong></span> 
     </span>
    </p>
   </div>
   <div class='ocr_carea' id='block_1_116' title="bbox 2228 5489 3822 5562">
    <p class='ocr_par' dir='ltr' id='par_1_116' title="bbox 2228 5489 3822 5562">
     <span class='ocr_line' id='line_1_116' title="bbox 2228 5489 3822 5562; baseline 0.001 -18"><span class='ocrx_word' id='word_1_812' title='bbox 2228 5501 2286 5545; x_wconf 90' lang='lat' dir='ltr'><strong>et</strong></span> <span class='ocrx_word' id='word_1_813' title='bbox 2313 5489 2765 5545; x_wconf 83' lang='lat' dir='ltr'><strong>etitinentissimas</strong></span> <span class='ocrx_word' id='word_1_814' title='bbox 2798 5500 3093 5559; x_wconf 83' lang='lat' dir='ltr'><strong>potestates</strong></span> <span class='ocrx_word' id='word_1_815' title='bbox 3120 5491 3422 5562; x_wconf 82' lang='lat' dir='ltr'><strong>dirigantur</strong></span> <span class='ocrx_word' id='word_1_816' title='bbox 3461 5511 3472 5546; x_wconf 93' lang='lat'>:</span> <span class='ocrx_word' id='word_1_817' title='bbox 3506 5493 3702 5562; x_wconf 88' lang='lat' dir='ltr'><strong>quibus</strong></span> <span class='ocrx_word' id='word_1_818' title='bbox 3743 5492 3822 5546; x_wconf 86' lang='lat' dir='ltr'><strong>in-</strong></span> 
     </span>
    </p>
   </div>
   <div class='ocr_carea' id='block_1_117' title="bbox 2227 5583 3825 5640">
    <p class='ocr_par' dir='ltr' id='par_1_117' title="bbox 2227 5583 3825 5640">
     <span class='ocr_line' id='line_1_117' title="bbox 2227 5583 3825 5640; baseline 0.001 -4"><span class='ocrx_word' id='word_1_819' title='bbox 2227 5589 2504 5636; x_wconf 87' lang='lat' dir='ltr'><strong>struantur</strong></span> <span class='ocrx_word' id='word_1_820' title='bbox 2536 5583 2776 5636; x_wconf 89' lang='lat' dir='ltr'><strong>omnium</strong></span> <span class='ocrx_word' id='word_1_821' title='bbox 2806 5597 3072 5635; x_wconf 86' lang='lat' dir='ltr'><strong>consensu</strong></span> <span class='ocrx_word' id='word_1_822' title='bbox 3103 5583 3169 5638; x_wconf 89' lang='lat' dir='ltr'><strong>ad</strong></span> <span class='ocrx_word' id='word_1_823' title='bbox 3198 5584 3569 5640; x_wconf 88' lang='lat' dir='ltr'><strong>beatissimum</strong></span> <span class='ocrx_word' id='word_1_824' title='bbox 3597 5585 3825 5639; x_wconf 82' lang='lat' dir='ltr'><strong>comita-</strong></span> 
     </span>
    </p>
   </div>
   <div class='ocr_carea' id='block_1_118' title="bbox 2232 5671 3822 5745">
    <p class='ocr_par' dir='ltr' id='par_1_118' title="bbox 2232 5671 3822 5745">
     <span class='ocr_line' id='line_1_118' title="bbox 2232 5671 3822 5745; baseline 0.003 -21"><span class='ocrx_word' id='word_1_825' title='bbox 2232 5681 2344 5725; x_wconf 90' lang='lat' dir='ltr'><strong>tum</strong></span> <span class='ocrx_word' id='word_1_826' title='bbox 2376 5672 2582 5739; x_wconf 77' lang='lat' dir='ltr'><strong>legatos</strong></span> <span class='ocrx_word' id='word_1_827' title='bbox 2611 5688 2638 5725; x_wconf 89' lang='lat' dir='ltr'><strong>a</strong></span> <span class='ocrx_word' id='word_1_828' title='bbox 2679 5671 2830 5726; x_wconf 88' lang='lat' dir='ltr'><strong>nobis</strong></span> <span class='ocrx_word' id='word_1_829' title='bbox 2860 5686 2980 5726; x_wconf 86' lang='lat' dir='ltr'><strong>esse</strong></span> <span class='ocrx_word' id='word_1_830' title='bbox 3010 5673 3264 5730; x_wconf 89' lang='lat' dir='ltr'><strong>directos.</strong></span> <span class='ocrx_word' id='word_1_831' title='bbox 3313 5675 3419 5730; x_wconf 81' lang='lat' dir='ltr'><strong>Sed</strong></span> <span class='ocrx_word' id='word_1_832' title='bbox 3465 5676 3590 5745; x_wconf 84' lang='lat' dir='ltr'><strong>quia</strong></span> <span class='ocrx_word' id='word_1_833' title='bbox 3635 5673 3822 5730; x_wconf 87' lang='lat' dir='ltr'><strong>iisdem</strong></span> 
     </span>
    </p>
   </div>
   <div class='ocr_carea' id='block_1_119' title="bbox 2234 5765 3850 5836">
    <p class='ocr_par' dir='ltr' id='par_1_119' title="bbox 2234 5765 3850 5836">
     <span class='ocr_line' id='line_1_119' title="bbox 2234 5765 3850 5836; baseline 0.002 -16"><span class='ocrx_word' id='word_1_834' title='bbox 2234 5765 2423 5820; x_wconf 76' lang='lat' dir='ltr'><strong>litteris</strong></span> <span class='ocrx_word' id='word_1_835' title='bbox 2454 5767 2518 5820; x_wconf 85' lang='lat' dir='ltr'><strong>ab</strong></span> <span class='ocrx_word' id='word_1_836' title='bbox 2562 5767 2810 5820; x_wconf 83' lang='lat' dir='ltr'><strong>omnibus</strong></span> <span class='ocrx_word' id='word_1_837' title='bbox 2854 5766 3115 5822; x_wconf 73' lang='lat' dir='ltr'><strong>subscribi</strong></span> <span class='ocrx_word' id='word_1_838' title='bbox 3150 5769 3508 5823; x_wconf 79' lang='lat' dir='ltr'><strong>tardissimum</strong></span> <span class='ocrx_word' id='word_1_839' title='bbox 3554 5779 3630 5822; x_wconf 75' lang='lat' dir='ltr'><strong>est</strong></span> <span class='ocrx_word' id='word_1_840' title='bbox 3659 5805 3674 5836; x_wconf 92' lang='lat'><strong>-,</strong></span> <span class='ocrx_word' id='word_1_841' title='bbox 3722 5769 3850 5823; x_wconf 73' lang='lat' dir='ltr'><strong>nisi</strong></span> 
     </span>
    </p>
   </div>
  </div>
