4092 6348
284 311 392 367 213

1246 306 1468 363 OODEX
1505 306 1830 390 CA'NO‘NUM
1869 306 2565 364 ECCLESIASTICORUM.

3448 313 3569 368 31K-

285 423 620 492 singulorum
649 419 1128 491 subscriptionibus
1147 420 1609 489 eaulemepistolm
1637 435 1866 475 oneren-
1898 428 1942 483 Λ
1970 423 2337 477 anniversaria
2367 427 2680 484 necessitas,
2735 425 2828 478 sed
2877 427 3089 495 quoties
3125 428 3362 496 exegerit
3390 443 3550 482 causa

289 524 401 579 tur,
431 515 679 584 petimus,
729 511 895 566 frater
932 512 1148 576 Aureli,
1192 519 1250 565 ut
1287 511 1476 566 iisdem
1519 520 1608 565 tua
1639 511 1872 565 charitas

290 617 480 661 nostro
509 605 746 660 omnium
771 603 986 658 nomine
1008 603 1342 659 subscribere
1371 602 1638 673 dignetur,
1669 612 1725 658 et
1753 603 1876 658 sub-

292 698 644 767 scripserunt.
693 695 939 748 Aurelius
981 694 1263 764 episcopus
1305 692 1551 747 Eeclesim
1592 691 1873 760 Carthagi~

297 789 502 856 nensis,
534 788 656 842 huic
681 786 900 840 decreto
929 784 1217 847 consensi,
1236 794 1290 837 et
1318 783 1610 851 subscripsi
1645 801 1656 835 :
1689 782 1876 836 simili-

298 896 385 938 ter
410 891 463 936 et
501 879 680 934 cmteri
708 876 943 946 episcopi
973 875 1419 942 subscripserunt.
1467 872 1681 926 Litterae
1710 873 1870 927 etiam

297 973 367 1028 ad
393 971 601 1042 judices
625 968 897 1023 mittenda:
925 973 1067 1030 sunt,
1111 975 1166 1020 ut
1190 965 1362 1018 donec
1391 963 1644 1018 Dominus
1673 962 1878 1029 legatos

299 1066 369 1122 ad
408 1079 511 1119 nos
539 1062 714 1117 redire
739 1061 1042 1130 permittat,
1062 1057 1340 1112 tuitionem
1371 1073 1467 1125 per
1493 1056 1711 1111 ordines
1748 1056 1878 1111 civi-

297 1169 493 1226 tatum,
527 1163 582 1214 et
619 1171 954 1226 possessores
987 1151 1300 1223 praediorum
1333 1150 1581 1204 Ecclesim
1603 1150 1880 1205 catholica:

302 1251 636 1320 impertiant.
667 1245 1070 1315 Adjungendum
1099 1243 1260 1297 etiam
1301 1241 1369 1298 de
1407 1241 1643 1310 Equitio,
1689 1250 1749 1296 ut
1783 1243 1882 1296 im-

303 1343 547 1414 probitas
575 1339 711 1409 ejus,
735 1353 845 1408 qua
875 1337 982 1392 sibi.
1008 1335 1094 1403 jus
1121 1334 1461 1392 sacerdotum
1489 1334 1883 1404 improbissime

302 1436 574 1498 vindicat,
611 1433 678 1487 ab
707 1429 1030 1501 Hipponensi
1075 1429 1406 1482 Diaretorum
1432 1428 1646 1482 dimcesi
1694 1443 1884 1482 secun-

304 1528 436 1584 dum
464 1531 661 1579 statuta
687 1521 1028 1591 imperatoria
1056 1519 1364 1588 repellatur.
1391 1517 1605 1572 Litterze
1633 1519 1794 1572 etiam
1817 1517 1885 1572 ad

305 1619 622 1687 episcopum
666 1613 918 1667 Romana:
959 1611 1211 1666 Ecclesiae
1239 1609 1704 1663 commendatione
1743 1609 1886 1678 lega-

311 1719 489 1763 torum
515 1706 787 1760 mittendaa
813 1712 968 1767 sunt,
999 1704 1083 1759 vel
1123 1704 1187 1756 ad
1217 1703 1369 1766 alios,
1401 1703 1493 1757 ubi
1524 1700 1683 1756 fuerit
1721 1703 1888 1772 impe-

309 1807 500 1861 rator,
547 1807 601 1850 et
642 1796 1088 1864 subscripserunt.
1138 1793 1271 1847 Item
1320 1793 1572 1848 Aurelius
1607 1793 1889 1863 episcopus
1922 1793 2004 1868 ΒΞ

310 1886 568 1944 Ecclesia:
596 1885 1032 1954 Carthaginiensis
1073 1884 1196 1938 huic
1241 1883 1460 1936 decreto
1508 1883 1786 1947 consensi,
1836 1891 1896 1936 et

312 1981 570 2052 praelecto
597 1977 915 2046 subscripsi.
932 1975 1190 2030 Similiter
1214 1982 1271 2029 et
1291 1973 1470 2028 (ueteri
1499 1972 1736 2043 episc0pi
1773 1973 1895 2028 sub-

311 2072 665 2140 scripserunt.

316 2181 388 2239 In
413 2184 508 2234 hac
536 2180 732 2252 synodo
765 2194 880 2249 qute
925 2187 1116 2230 statuta
1161 2186 1280 2229 sunt
1319 2175 1482 2228 brevis
1522 2174 1755 2229 declarat
1792 2174 1896 2228 atl-

1015 2262 1196 2300 nexus.

390 2364 649 2419 Stilicone
672 2364 863 2416 iterum
903 2369 960 2414 et
983 2358 1266 2412 Artbemio
1293 2374 1388 2413 vv.
1406 2373 1489 2412 cc.
1514 2373 1696 2414 conss.
1728 2375 1764 2412 ι
1791 2358 1895 2415 cal.
1924 2437 1930 2441 ἱ

318 2457 650 2527 Septembris
671 2455 994 2522 Carthagine
1019 2456 1071 2509 in
1111 2455 1331 2511 basilica
1362 2457 1596 2526 regionis
1624 2455 1892 2512 secundm.

320 2551 490 2618 Hujus
513 2551 727 2605 concilii
751 2558 902 2618 gesta
943 2549 1067 2605 ideo
1096 2565 1202 2604 non
1234 2566 1304 2604 ex
1340 2551 1549 2620 integro
1595 2550 1895 2621 descripsi,

318 2641 573 2710 quoniam
621 2639 791 2710 magis
815 2654 878 2694 ea
906 2655 1025 2708 qua:
1064 2640 1115 2694 in
1165 2647 1405 2712 tempore
1455 2642 1753 2696 necessaria
1787 2640 1898 2695 fuco

316 2740 469 2799 runt,
493 2745 652 2802 quam
683 2731 859 2800 aliqua
899 2730 1188 2800 generalia,
1219 2731 1510 2786 constituta
1539 2741 1683 2795 sunt,
1714 2730 1807 2786 sed
1831 2731 1898 2785 ad

321 2824 730 2879 instructionem
755 2821 1121 2878 studiosorum
1149 2824 1392 2893 ejusdem
1421 2823 1634 2879 concilii
1684 2824 1898 2878 brevem

321 2915 539 2983 digessi.

868 3024 1038 3078 Brevis
1063 3042 1364 3079 causarum.

395 3136 576 3191 XCIV.
609 3135 679 3190 Ut
707 3137 872 3190 libera
914 3137 1109 3205 legatio
1151 3137 1218 3191 ab
1244 3138 1492 3192 omnibus
1521 3137 1807 3208 provinciis
1835 3137 1900 3190 ad

323 3229 614 3284 concilium
642 3228 918 3296 dirigatur,
973 3227 1039 3281 ad
1066 3225 1348 3282 Minonium
1379 3228 1557 3296 legati,
1607 3236 1661 3283 et
1691 3229 1900 3293 litteras,

322 3326 552 3389 propter
608 3317 826 3372 liberam
874 3317 1204 3385 dirigendam
1251 3319 1572 3388 legationem
1635 3320 1903 3374 destinare

325 3416 609 3478 przeceplas
655 3417 898 3462 suntzut
928 3409 1051 3477 quia
1096 3409 1237 3478 apud
1277 3409 1654 3479 Carthaginem
1697 3419 1900 3463 tantum

324 3501 506 3554 unitas
529 3499 668 3555 facta
697 3509 797 3564 est,
831 3500 1024 3554 dentur
1052 3501 1214 3554 etiam
1260 3502 1452 3555 littera:
1480 3500 1544 3554 ad
1568 3500 1774 3570 judices
1799 3520 1811 3553 :
1848 3511 1906 3556 ut

325 3599 384 3646 et
432 3590 552 3645 aliis
598 3590 885 3660 provinciis
934 3599 985 3645 ct
1037 3590 1341 3646 civitatibus
1403 3607 1623 3662 operam
1671 3592 1904 3660 impendi

325 3681 546 3751 jubeant
572 3680 782 3746 unitati,
831 3688 885 3735 et
926 3682 1214 3749 gratiarum
1253 3683 1494 3738 actiones
1533 3683 1600 3736 de
1628 3681 1906 3750 Carthagi-

325 3769 480 3824 nensi
503 3768 740 3824 Ecclesia
768 3786 864 3840 pro
885 3771 1132 3826 universa
1164 3769 1341 3826 Africa
1367 3771 1434 3825 de
1461 3773 1771 3826 exclusione
1799 3772 1905 3826 Du-

326 3859 644 3915 natistarum
678 3875 800 3915 cum
837 3862 1212 3934 episcoporum
1260 3862 1452 3918 litteris
1497 3862 1564 3916 ad
1591 3864 1903 3918 comitatum

327 3953 627 4006 mittantur.
661 3950 916 4008 Recitata:
953 3953 1141 4007 litteras
1163 3969 1316 4024 papa:
1352 3953 1674 4021 Innocentii,
1708 3965 1765 4009 ut
1795 3958 1906 4026 cpi-

325 4043 476 4110 scopi
519 4043 586 4097 ad
630 4044 986 4098 transmarina
1036 4060 1258 4113 pergere
1297 4044 1452 4099 facile
1499 4061 1604 4098 non
1654 4047 1902 4112 debeant,

324 4134 474 4202 quod
503 4134 607 4189 hoc
635 4135 804 4205 ipsum
828 4136 1202 4204 episcoporum
1229 4136 1510 4190 sententiis
1529 4138 1901 4191 conﬁrmatur:

328 4232 388 4276 ut
416 4232 636 4293 propter
662 4225 953 4293 gratiarum
1000 4226 1264 4280 actionem
1305 4235 1361 4281 et
1409 4227 1770 4280 exelusionem
1797 4228 1906 4282 Do-

329 4315 649 4368 natistarum
690 4314 796 4370 duo
841 4315 1025 4372 clerici
1066 4314 1319 4372 Ecclesia:
1364 4316 1801 4387 Carthaginensis
1841 4320 1906 4373 ad

327 4405 642 4460 comitatum
672 4406 972 4460 mittantur.
1463 4428 1466 4430 ν

329 4514 397 4567 1η
419 4516 514 4569 hoc
534 4516 750 4570 concilio
769 4517 1002 4588 quwdam
1025 4517 1087 4571 de
1107 4519 1396 4586 constitutis
1427 4520 1774 4590 superioribus
1799 4539 1908 4577 cor-

991 4590 1246 4658 ﬁguntur.

397 4677 808 4733 Gloriosissimis
834 4679 1247 4747 imperatoribus
1271 4679 1512 4735 llouorio
1538 4698 1608 4736 vn
1647 4692 1702 4736 et
1722 4683 1904 4738 Theo-

329 4769 483 4822 dosio
512 4784 548 4822 ιι
578 4769 768 4822 iterum
800 4766 1054 4836 Augustis
1093 4785 1270 4823 conss.
1314 4770 1430 4824 idus
1456 4769 1641 4826 lunias
1673 4771 1902 4826 Cartha-

327 4859 473 4926 gine,
522 4857 574 4910 in
621 4855 840 4911 basilica
882 4857 1118 4925 regionis
1165 4858 1430 4912 secundm.
1481 4858 1615 4913 Cum
1657 4860 1906 4915 Aurelius

328 4949 615 5020 episcopus
641 4965 745 5003 una
769 4964 892 5004 cum
919 4948 1188 5019 episcopis
1213 4950 1326 5004 suis
1353 4950 1704 5017 consedisset,
1733 4961 1908 5006 astan-

328 5041 473 5096 tibus
499 5040 758 5104 diacouis,
807 5041 1062 5109 quoniam
1102 5041 1455 5096 constitutum
1485 5040 1660 5097 fuerat
1693 5043 1748 5098 in
1775 5059 1902 5098 cou-

326 5133 455 5188 cilio
504 5130 862 5201 Ilipponensi,
922 5140 982 5184 ut
1028 5132 1249 5201 singulis
1300 5133 1454 5189 annis
1498 5135 1908 5191 contraheretur

317 5223 617 5280 concilium
645 5222 836 5278 'Africm
877 5223 1173 5293 plenarium
1201 5243 1214 5277 :
1241 5242 1348 5281 non
1391 5233 1596 5282 tantum
1631 5228 1725 5282 hic
1763 5228 1905 5297 apud

326 5315 728 5385 Carthaginem,
779 5330 964 5370 verum
995 5316 1158 5370 etiam
1187 5332 1285 5386 per
1328 5316 1566 5373 diversas
1603 5320 1905 5389 provincias

324 5424 426 5463 suo
456 5408 666 5475 ordine,
703 5415 758 5462 et
797 5408 902 5463 hoc
929 5415 1263 5462 reservatum
1295 5418 1396 5472 est,
1445 5417 1504 5463 ut
1549 5410 1906 5465 indiceremus

327 5501 616 5571 aliquando
659 5502 711 5556 in
743 5500 1015 5569 Numidia,
1057 5501 1346 5572 aliquando
1394 5502 1446 5555 in
1477 5501 1716 5574 Byzatio,
1748 5511 1909 5574 atque

327 5594 431 5649 ho'c
449 5592 779 5648 laboriosum
800 5592 1048 5647 omnibus
1077 5591 1329 5646 fratribus
1353 5592 1522 5646 visum
1543 5600 1644 5647 est.

329 5702 617 5758 Concilium
652 5702 938 5758 universale
979 5722 1082 5758 non
1129 5705 1230 5758 nisi
1260 5706 1562 5760 necessitate
1588 5706 1900 5778 faciendum.

375 5797 560 5875 CXCV.
594 5815 800 5874 Placuit
829 5825 886 5872 ut
917 5833 1022 5872 non
1070 5819 1136 5872 sit
1168 5817 1304 5872 ultra
1338 5817 1619 5887 fatigandis
1656 5816 1908 5873 fratribus

1935 4591 1984 4650 Ι)

1975 514 2292 577 communis,
2321 515 2372 568 id
2401 522 2484 569 est
2509 515 2671 569 totius
2696 516 2902 578 Africze.
2949 521 3299 587 undecunque
3322 518 3386 572 ad
3416 519 3552 572 lianc

1975 603 2158 659 sedem
2183 603 2251 660 de
2283 605 2385 660 hac
2413 620 2472 660 re
2499 605 2638 661 data:
2669 606 2858 661 litterae
2880 607 3095 674 fuerint,
3126 609 3553 678 congregandam

1979 711 2099 752 esse
2126 699 2386 768 synodum
2414 699 2468 753 in
2493 713 2556 754 ea
2581 700 2854 770 provincia
2895 701 2985 755 ubi
3017 702 3392 772 opportunitas
3432 717 3555 772 per-

1979 789 2242 844 suaserit:
2267 805 2440 844 causa:
2470 798 2648 845 autem
2676 806 2797 860 qua:
2824 807 3137 849 communes
3180 808 3294 847 non
3328 801 3484 856 sunt,
3499 792 3554 846 in

1977 882 2087 938 suis
2117 883 2404 952 provinciis
2424 882 2745 952 judicentur.
3257 884 3264 891 '

2124 992 2193 1047 Ut
2221 993 2285 1046 ab
2324 994 2494 1047 electis
2517 994 2778 1064 judicibus
2805 1011 3082 1064 provocare
3108 1011 3209 1048 non
3240 994 3420 1048 liceat.

2051 1085 2230 1142 XCVI.
2261 1086 2316 1142 Si
2347 1096 2526 1142 autem
2557 1088 2715 1141 fuerit
2737 1096 3108 1157 provocatum,
3138 1086 3301 1154 eligat
3327 1085 3418 1154 qui
3443 1098 3562 1154 pro-

1982 1179 2253 1234 vocaverit
2295 1178 2527 1248 judices,
2579 1187 2634 1233 et
2687 1193 2806 1232 cum
2850 1194 2917 1232 eo
2963 1186 3020 1232 et
3049 1177 3139 1231 ille
3183 1186 3368 1231 contra
3397 1190 3558 1245 quem

1984 1271 2356 1342 provocaverit
2387 1288 2399 1324 :
2433 1279 2494 1324 ut
2531 1270 2598 1324 ab
2639 1271 2765 1341 ipsis
2791 1270 3046 1342 deinceps
3076 1269 3203 1324 nulli
3249 1268 3408 1323 liceat
3436 1281 3560 1336 pro-

1987 1377 2198 1418 vocare.

2181 1472 2258 1526 De
2285 1472 2622 1543 legationibus
2645 1475 2958 1527 diversarum
2988 1471 3385 1542 prorinciarunt.

2055 1562 2189 1616 Cum
2233 1563 2494 1616 universae
2545 1563 2839 1630 legationes
2887 1562 3216 1616 diversarum
3256 1558 3564 1630 provincia-

1990 1673 2105 1711 rum
2137 1657 2524 1725 allegarentur,
2570 1655 2872 1723 gratissime
2917 1663 3152 1724 acceptm
3197 1660 3340 1715 sunt,
3387 1649 3439 1704 id
3485 1657 3577 1703 est?

1993 1749 2358 1812 Numidarum,
2407 1748 2827 1818 Byzacenorum,
2877 1747 3180 1801 Maurorum
3217 1741 3564 1807 Sitifensium,

1994 1840 2227 1908 itemque
2254 1838 2682 1903 Cmsaricnsium,
2713 1837 2808 1893 sed
2835 1846 2890 1892 et
2917 1836 3386 1906 Tripolitanorum.

2385 1951 2464 2005 De
2490 1952 2868 2006 exsecutoribus
2903 1950 3164 2004 Ecclesiw.

2067 2043 2268 2097 Placuit
2289 2051 2548 2114 prmterea
2578 2051 2638 2097 ut
2665 2051 3012 2098 exsecutores
3034 2043 3086 2095 in
3105 2039 3353 2094 omnibus
3366 2034 3573 2092 deside-

1994 2137 2088 2190 riis
2117 2150 2234 2205 quse
2263 2134 2424 2188 habet
2453 2133 2692 2189 Ecclesia
2733 2134 2969 2203 quinque
2993 2129 3350 2201 postulentur,
3381 2125 3473 2195 qui
3516 2125 3584 2178 in.

1995 2223 2218 2279 diversis
2247 2224 2534 2294 provinciis
2563 2224 2956 2294 impertiantur.

2001 2338 2074 2393 Ut
2099 2340 2161 2393 ab
2190 2339 2586 2409 imperatoribus
2623 2340 2906 2410 postuletur
2944 2340 3306 2391 advocatorum
3345 2333 3586 2404 defensio

2493 2427 2588 2480 pro
2613 2410 2786 2464 causis
2807 2409 3075 2464 Ecclesiw.

2075 2497 2277 2553 XCVII.
2311 2499 2516 2554 Placuit
2561 2499 2723 2552 etiam
2774 2508 2834 2552 ut
2881 2507 3064 2569 petant
3113 2514 3179 2552 ex
3210 2496 3424 2550 nomine
3453 2507 3578 2563 pro.

2000 2595 2294 2648 vmciarum
2324 2592 2562 2646 omnium
2604 2591 2764 2658 legati
2801 2589 3128 2658 perrecturi,
3176 2584 3486 2640 Vincentius
3524 2590 3580 2636 et

2001 2685 2415 2740 Fortunatianus
2435 2700 2464 2736 a
2488 2683 2886 2751 gloriosissitnis
2911 2680 3354 2751 imperatoribus:
3376 2685 3434 2731 ut
3453 2676 3582 2731 dent

2002 2774 2310 2831 facultatem
2340 2773 2652 2828 defensores
2676 2773 3037 2828 constituendi
3065 2770 3439 2835 scholasticos,
3487 2762 3582 2836 qui

2005 2867 2056 2919 in
2087 2874 2208 2920 actu
2234 2877 2378 2926 sunt,
2423 2865 2508 2918 vel
2539 2865 2590 2917 in
2633 2878 2856 2918 munere
2903 2861 3229 2916 defensionis
3274 2872 3577 2918 causarum,

2007 2965 2062 3009 ut
2086 2967 2239 3010 more
2263 2953 2600 3010 sacerdotum
2625 2953 2939 3022 provincize,
2966 2950 3125 3004 iidem
3156 2949 3256 3018 ipsi
3283 2947 3374 3017 qui
3403 2943 3582 3000 defen-

2006 3049 2211 3103 sionem
2243 3046 2600 3100 Ecclesiarum
2626 3045 2980 3114 susceperint,
3012 3041 3247 3097 habeant
3276 3040 3597 3094 facultatem.

2009 3155 2106 3209 pro
2134 3139 2363 3207 negotiis
2393 3136 2772 3198 Ecclesiarum,
2805 3136 3016 3206 quoties
3055 3133 3348 3188 necessitas
3375 3128 3586 3200 flagitat-

2008 3232 2164 3291 verit,
2198 3229 2281 3283 vel
2311 3229 2375 3282 ad
2407 3226 2770 3281 obsistendum
2808 3225 3214 3294 obrepentibus,
3246 3223 3330 3277 vel
3373 3220 3442 3276 ad
3481 3234 3585 3278 ne-

2004 3322 2234 3376 cessaria
2264 3318 2624 3388 suggerenda,
2652 3316 2859 3386 ingredi
2885 3318 3014 3384 judi.
3035 3331 3122 3370 um
3150 3313 3461 3370 secretaria.

2429 3419 2436 3425 ’
2508 3429 2576 3485 Ut
2597 3431 2664 3483 sit
2693 3429 2878 3499 legatio
2907 3429 3088 3482 libera.

2081 3525 2286 3580 Placuit
2313 3533 2369 3578 ut
2399 3522 2720 3590 legationem
2754 3521 2976 3575 liberam
3005 3519 3237 3574 habeant
3264 3517 3332 3573 ad
3359 3517 3587 3573 comita-

2009 3625 2119 3669 tum
2147 3613 2294 3668 missi
2323 3611 2512 3666 delecti
2542 3611 2720 3679 legati.

2119 3725 2428 3779 Prolestatio
2459 3721 2760 3776 Maurorum
2797 3722 3099 3791 pontiﬁcum
3126 3721 3190 3774 de
3217 3718 3477 3774 Primoso.

2083 3815 2414 3870 Protestatos
2469 3828 2588 3868 esse
2654 3821 2914 3882 praeterea
2965 3811 3177 3864 Mauros
3228 3808 3588 3864 Ctesarieuses

2010 3913 2238 3971 Constat,
2286 3905 2583 3959 Primosum
2629 3921 2726 3973 per
2767 3903 3086 3974 principales
3127 3901 3358 3957 civitatis
3384 3900 3584 3970 Thiga-

2011 4005 2202 4061 uensis.
2218 4010 2539 4058 conventum
2573 4001 2764 4054 litteris
2792 4015 2977 4065 eorum
3002 3997 3185 4064 fuisse,
3207 4005 3266 4051 ut
3288 3996 3584 4052 secundum

2010 4094 2322 4166 principalia
2370 4093 2527 4155 scita,
2578 4091 2818 4160 pleuario
2847 4090 3076 4144 concilio
3117 4089 3198 4143 sui
3243 4089 3584 4158 praesentiam

2010 4186 2232 4246 faceret,
2271 4189 2325 4236 et
2369 4189 2426 4234 ut
2454 4179 2693 4247 Oportuit
2731 4179 3016 4256 requisitos
3043 4177 3315 4233 Primosus
3342 4187 3586 4248 repertus

2011 4292 2116 4328 nou
2143 4281 2248 4336 est,
2289 4270 2451 4325 sicuti
2471 4269 2682 4323 diaconi
2714 4269 3158 4322 renuntiaverunt
3182 4285 3196 4319 :
3218 4266 3320 4322 sed
3339 4267 3470 4336 quia
3485 4284 3583 4338 po.

2009 4371 2299 4434 poscerunt
2327 4361 2484 4416 iidem
2528 4358 2696 4412 Mauri
2718 4360 2785 4413 de
2814 4357 3052 4428 pleuario
3079 4356 3310 4412 concilio
3332 4365 3585 4428 oportere

2011 4457 2217 4508 litteras
2246 4450 2500 4507 destinari
2543 4451 2611 4504 ad
2639 4448 3002 4504 venerabilem
3045 4447 3263 4502 fratrem
3292 4461 3474 4502 senem
3497 4446 3584 4502 ln-

2011 4549 2338 4616 uocentium,
2388 4547 2485 4601 has
2532 4547 2732 4616 placuit
2761 4545 2919 4607 mitti,
2971 4553 3028 4598 ut
3057 4550 3316 4612 agnoscat
3353 4543 3582 4614 requisi-

2010 4655 2121 4696 tum
2153 4640 2450 4696 Primosum
2483 4642 2538 4695 in
2573 4640 2824 4705 concilio,
2869 4647 2924 4694 et
2961 4639 3178 4694 minimc
3211 4637 3376 4695 fuisse
3399 4653 3586 4711 reper-

2011 4743 2146 4787 lunt.

2095 4844 2172 4898 De
2201 4844 2430 4914 plebibus
2459 4861 2574 4916 qua:
2602 4860 2860 4912 nunquam
2882 4843 3145 4913 episcopos
3187 4842 3490 4896 habuerunt.

2081 4951 2305 5007 XCVIII.
2337 4951 2544 5008 Placuit
2571 4961 2624 5008 et
2653 4954 2802 5018 illud,
2849 4965 2907 5006 ut
2954 4941 3284 5023 plebes'qua:
3315 4969 3584 5022 nunquam

2009 5044 2311 5097 habuerunt
2351 5045 2596 5113 proprios
2625 5047 2926 5116 episcopos,
2961 5045 3057 5098 nisi
3089 5061 3156 5100 ex
3197 5045 3427 5100 concilio
3472 5045 3584 5114 ple-

2009 5134 2161 5189 nario
2211 5136 2630 5206 uniuscujusque
2678 5137 2965 5206 provincia:
3007 5147 3061 5191 et
3108 5137 3371 5207 primatis,
3423 5146 3584 5206 atque

2009 5243 2273 5283 consensu
2321 5231 2437 5299 ejus
2483 5229 2549 5284 ad
2597 5230 2751 5298 cujus
2797 5229 3068 5285 dimcesim
3115 5228 3303 5283 eadem
3341 5227 3581 5284 Ecclesia

2010 5321 2333 5390 pertinebat,
2357 5320 2630 5376 decretum
2661 5321 2837 5384 fuerit,
2869 5321 3090 5373 minime
3118 5318 3405 5389 accipiant.

2049 5433 2124 5486 De
2163 5429 2393 5502 plebibus
2423 5431 2502 5485 vel
2527 5403 2829 5486 tliwcesibus
2852 5446 2915 5483 ex
2945 5428 3236 5482 Donatistis
3265 5430 3545 5485 conversis.

2082 5544 2266 5601 XCIX.
2297 5544 2441 5601 Sane
2467 5552 2527 5600 ut
2555 5544 2659 5601 illa:
2686 5543 2870 5612 plebes
2915 5556 3039 5611 quae
3075 5556 3350 5597 conversae
3386 5549 3515 5596 sunt
3551 5555 3584 5595 a

2012 5638 2324 5706 Donatistis,
2368 5647 2424 5692 et
2452 5637 2754 5692 habuerunt
2780 5635 3062 5707 episcopos
3105 5635 3224 5690 sine
3268 5635 3458 5703 dubio,
3501 5634 3584 5687 in-

2011 5729 2257 5784 consulto
2299 5727 2526 5783 concilio
2576 5725 2776 5781 habere
2820 5732 3132 5781 mereantur
3174 5744 3186 5778 :
3236 5741 3357 5796 qua:
3403 5732 3583 5779 autem

2014 5819 2193 5890 plebes
2219 5819 2518 5876 habuerunt
2548 5818 2878 5890 episcopum,
2923 5825 2980 5873 et
3004 5831 3070 5875 eo
3097 5812 3348 5874 defuncto
3391 5814 3579 5872 volue-
