4092 6348
477 246 582 297 ’25

1746 238 1900 295 01οΝ
1912 237 2101 294 YSlUS
2139 238 2459 296 EXIGUUS.

3647 233 3779 290 2ἰεί

475 369 581 420 rint
606 382 711 420 non
741 364 1051 435 cpisc0pum
1076 364 1346 435 proprium
1372 361 1597 431 habere,
1618 364 1712 419 sed
1734 364 1801 419 ad
1825 363 2053 432 alicujus
2080 371 2126 425 Α
2159 361 2496 428 tempserint,
2527 359 2593 414 ad
2621 359 2991 430 ptenitentiam
3016 358 3344 426 redigantur,
3374 358 3425 411 iu
3455 371 3562 427 qua
3589 370 3759 411 causa

473 457 711 531 episcopi
750 456 1023 511 dioecesim
1054 457 1345 526 pertinere,
1403 473 1508 510 non
1539 457 1617 511 eis
1646 471 1763 511 esse
1785 457 2054 523 denegan—

474 549 622 604 dum.
657 549 765 605 Nec
789 566 895 604 non
934 556 988 603 et
1016 548 1141 603 illul
1187 557 1497 617 suggestum
1550 559 1652 622 est,
1700 548 1842 618 quod
1872 548 2057 619 plebes

473 650 599 696 ante
627 640 798 710 legem
848 641 1186 710 imperatoris
1215 642 1282 695 de
1315 642 1517 695 unitate
1561 642 1725 694 latam
1753 641 2058 709 quicunque

473 743 920 789 converterentur
950 733 1192 804 episcopi
1229 733 1295 786 ad
1323 733 1665 796 catholicam,
1698 733 1799 802 ipsi
1826 746 1918 786 eas
1954 731 2050 786 ob-

472 830 644 881 tinere
685 826 951 881 debeant:
986 842 1173 881 verum
1215 842 1245 880 a
1290 826 1405 899 lege
1432 827 1667 891 unitatis,
1700 834 1755 880 et
1783 826 2055 894 deinceps,

471 925 721 987 oporteat
748 917 1027 973 universas
1050 916 1317 973 Ecclesias
1348 919 1618 975 vindicare
1647 918 1746 973 sibi
1776 918 2058 987 episcopos

469 1011 767 1067 catholicos
806 1027 995 1069 eorum
1028 1012 1293 1075 locorum,
1328 1013 1393 1066 ad
1421 1027 1539 1080 qua:
1570 1013 1685 1067 loca
1716 1011 1814 1066 sub
1840 1010 2058 1065 haareti—

470 1104 548 1159 eis
587 1104 930 1174 pertinebant
960 1104 1041 1157 vel
1088 1118 1470 1157 conversurum
1509 1102 1573 1156 ad
1604 1101 1951 1166 catholicam,
1976 1097 2057 1153 vel

471 1210 582 1250 non
625 1210 1013 1249 conversorum
1046 1194 1442 1261 haereticorum,
1490 1203 1545 1248 et
1588 1194 1867 1256 dimceses,
1920 1197 1974 1245 et
2012 1190 2058 1243 si

472 1302 579 1355 qua
608 1286 745 1342 forte
780 1295 905 1341 sunt
929 1286 1285 1341 instrumenta
1316 1285 1589 1351 Ecclesite,
1625 1284 1711 1339 vel
1740 1282 1806 1337 ad
1836 1282 1953 1351 ejus
1972 1281 2059 1350 jus

474 1378 817 1446 pertinentia.
871 1378 972 1443 Qui
1019 1393 1147 1432 vero
1175 1379 1354 1447 aliqua
1386 1384 1798 1447 usurpaverunt,
1828 1386 1950 1445 post
1978 1376 2056 1429 le-

473 1490 593 1543 gem
622 1484 877 1546 usurpata
906 1474 1158 1531 conventi
1189 1476 1496 1528 restituant.

759 1588 834 1643 De
854 1592 1181 1661 suggestione
1210 1588 1493 1643 Maureutii
1524 1590 1773 1660 episwpi.

542 1704 603 1760 C.
646 1704 724 1759 Ad
773 1706 1173 1774 suggestionem
1220 1706 1305 1760 vel
1352 1706 1775 1775 postulationem
1817 1707 2053 1775 episcopi

474 1796 775 1862 blaurcntii,
820 1814 941 1853 cum
986 1800 1124 1854 lecta
1175 1798 1360 1854 fuisset
1404 1800 1600 1853 sclieda
1651 1816 1811 1869 quam
1860 1799 2058 1853 obtulit

475 1889 760 1959 episcopus
791 1888 1167 1956 Placentinus,
1208 1892 1298 1960 qui
1351 1906 1634 1960 personam
1684 1891 1843 1959 legati
1875 1890 2059 1944 Numi-

475 1986 680 2039 diarum
710 1995 905 2054 gestat,
935 1987 1199 2041 sententia
1228 1986 1468 2055 ejusdem
1512 1984 1809 2040 Placentini
1839 1985 2061 2040 recitata

475 2076 635 2129 estin
664 2086 957 2145 conspectu
1003 2076 1403 2146 episcoporum,
1453 2085 1508 2131 et
1547 2092 1669 2131 cum
1698 2086 2065 2147 quaererentur

476 2170 531 2222 bi
564 2182 702 2238 quos
738 2168 927 2225 adesse
973 2170 1143 2225 voluit
1171 2186 1203 2225 a
1226 2170 1469 2227 diaconis
1498 2188 1595 2241 pro
1624 2172 1851 2238 foribus,
1883 2173 1931 2227 id
1960 2184 2065 2240 est,

477 2262 715 2319 seniores
741 2276 772 2316 a
800 2277 938 2317 nova
967 2261 1275 2329 Germania,
1324 2279 1387 2319 ac
1422 2265 1641 2319 minime
1668 2265 2066 2329 invenirentur,

476 2352 714 2408 secundo
742 2352 826 2407 vel
858 2353 1017 2407 tertio
1057 2354 1298 2423 requisiti
1334 2373 1345 2407 :
1378 2362 1665 2425 propterea
1698 2355 1911 2410 censuit
1937 2370 2062 2408 san-

477 2453 623 2497 ctum
654 2444 939 2499 concilium
988 2453 1043 2497 ut
1070 2445 1259 2498 litterae
1290 2446 1356 2498 ad
1382 2444 1629 2500 eumdem
1653 2444 2068 2515 sencmXantip-

478 2548 606 2603 pum
639 2544 1028 2605 praerogentur,
1060 2552 1170 2605 quo
1204 2536 1415 2590 noverit
1442 2537 1704 2591 voluntati
1746 2537 1914 2605 plebis
1956 2552 2068 2589 ine-

480 2636 701 2681 moratae
748 2627 892 2681 nullo
944 2627 1104 2681 modo
1151 2627 1401 2696 injuriam
1428 2630 1667 2699 episcopi
1711 2629 2070 2683 succumben-

480 2720 627 2774 dum.
663 2718 988 2773 Maurentius
1010 2720 1299 2789 episcopus
1326 2720 1461 2775 dixit
1487 2739 1499 2772 :
1532 2719 1795 2785 Quoniam
1826 2719 2069 2789 requisiti

482 2820 607 2865 sunt
632 2812 872 2866 seniores
900 2826 929 2863 a
953 2828 1094 2865 nova
1142 2810 1424 2866 Germania
1455 2812 1694 2867 secundo
1722 2828 1785 2871 ac
1808 2812 1985 2876 tertio,
2016 2820 2070 2865 et

484 2916 592 2956 non
627 2909 752 2955 sunt
776 2901 1000 2967 inventi,
1048 2903 1240 2969 quibus
1296 2914 1621 2974 praeceptum
1652 2910 1820 2957 erata
1844 2904 2072 2973 primate

485 3008 543 3052 ut
571 3007 921 3053 occurrerent
949 2999 1015 3053 ad
1045 3000 1353 3055 venerabile
1384 3000 1695 3065 concilium,
1744 2999 1888 3070 quod
1932 3014 2072 3054 nunc

484 3089 658 3157 agitur
688 3088 860 3143 idibus
900 3087 1092 3154 Iuniis,
1141 3106 1292 3145 suam
1334 3090 1631 3145 absentiam
1672 3099 2062 3160 procurarunt:

486 3179 694 3234 idcirco
720 3180 976 3235 decernat
1016 3196 1083 3235 ex
1113 3182 1213 3236 hac
1254 3196 1314 3235 re
1340 3182 1538 3250 aliquid
1566 3181 1827 3236 sanctitas
1873 3190 2068 3242 vestra,

487 3288 554 3326 ne
582 3273 682 3325 sub
711 3272 957 3328 molestia
978 3273 1260 3328 calumnia:
1302 3274 1539 3343 ipsorum
1590 3274 1849 3327 innocens
1888 3271 2076 3327 videar

487 3367 735 3420 laborare
764 3386 773 3418 :
808 3366 1098 3420 concilium
1129 3374 1376 3420 sanctum
1406 3364 1618 3429 statuit,
1667 3364 1914 3419 debuisse
1958 3364 2077 3433 qui-

488 3460 611 3513 dem
641 3458 936 3512 secundum
967 3472 1249 3511 censuram
1295 3454 1691 3511 sacerdotalem
1719 3470 1785 3509 ex
1817 3455 1919 3508 hoc
1948 3470 2079 3529 con—

489 3552 613 3605 cilio
643 3551 901 3604 adversus
923 3556 1273 3603 contumaces
1302 3546 1429 3602 ferri
1455 3547 1775 3603 sententiam
1802 3565 1813 3598 :
1840 3545 1931 3601 sed
1953 3546 2077 3614 quia

490 3640 849 3697 mansuetudo
897 3640 1267 3696 ecclesiastica
1315 3638 1574 3694 servanda
1616 3648 1699 3694 est
1750 3640 1801 3693 in
1831 3637 2081 3693 omnibus

493 3734 687 3799 causis,
719 3731 993 3802 promisse
1025 3740 1150 3786 sunt
1179 3730 1373 3785 litterae
1403 3729 1471 3784 ad
1515 3745 1697 3784 senem
1727 3728 2079 3799 Xantippum,

493 3837 551 3880 ut
580 3828 827 3880 noverint
848 3825 1056 3896 judices
1078 3824 1144 3879 de
1174 3825 1405 3880 concilio
1449 3824 1654 3879 electos
1683 3823 1799 3877 sine
1823 3822 2082 3876 dilatione

494 3918 841 3972 considerare
868 3917 1067 3973 debere
1094 3917 1147 3973 in
1177 3918 1395 3972 civitate
1424 3916 1863 3981 Thubursicensi,
1903 3923 1961 3969 ut
1987 3930 2084 3969 ne-

494 4009 642 4077 gotio
672 4023 964 4078 congruum
995 4008 1314 4064 adhibeatur
1339 4024 1588 4063 examen.
1618 4006 1950 4062 Maurentius
1970 4006 2084 4078 epi-

495 4116 693 4170 scopus
713 4100 883 4154 dixit:
912 4098 1130 4157 Judices
1176 4111 1304 4171 peto
1351 4110 1595 4156 sanctum
1643 4114 1829 4154 senem
1857 4096 2086 4169 Xantip-

494 4206 642 4259 pum,
690 4200 936 4245 sanctum
967 4191 1342 4261 Augustinum,
1376 4189 1726 4254 Florentium,
1773 4187 2080 4254 Tlieasium,

495 4280 831 4349 Sansucium,
884 4282 1211 4348 Secundum,
1262 4291 1317 4336 ct
1368 4280 1662 4345 Posidium,
1716 4282 1815 4335 bos
1864 4279 2085 4334 decerni

495 4374 624 4428 mihi
665 4374 915 4442 jubeatis.
959 4375 1217 4430 Sanctum
1258 4374 1548 4429 concilium
1580 4374 1851 4428 concessit
1875 4372 2086 4441 judices

495 4465 813 4533 postulatos,
860 4465 1099 4533 reliquos
1142 4473 1322 4518 autem
1369 4463 1583 4531 judices
1613 4462 1680 4515 ad
1707 4462 2082 4532 complendum

498 4569 779 4608 numerum
823 4555 1190 4622 necessarios,
1237 4552 1563 4621 eligentibus
1606 4554 1736 4622 ipsis
1782 4554 2084 4610 senioribus

497 4660 525 4697 a
557 4660 698 4699 nova
746 4644 1030 4700 Germania
1050 4683 1065 4708 ,
1096 4661 1258 4699 senex
1288 4643 1593 4713 Xantippus
1634 4644 1843 4698 curavit
1890 4642 2083 4699 decer-

496 4750 647 4791 nere.

531 4845 612 4900 De
665 4828 1005 4916 paciﬁcandis
1034 4844 1282 4899 Ecclesiis
1314 4842 1554 4898 Romana
1591 4853 1641 4898 et
1668 4846 2042 4905 Alexandrina.

570 4960 655 5014 Cl.
689 4958 897 5013 Placuit
947 4961 1106 5015 etiam
1152 4968 1209 5015 ut
1255 4959 1324 5015 de
1352 4959 1685 5018 dissensione
1715 4962 1971 5021 Romana:
2000 4974 2083 5021 at-

495 5067 598 5117 que
626 5049 998 5105 Alexandrinae
1026 5049 1276 5106 Ecclesia:
1326 5051 1392 5106 ad
1431 5061 1675 5108 sanctum
1703 5070 1895 5126 papam
1924 5056 2085 5113 Inno-

495 5143 735 5198 centium
759 5143 1049 5207 scribatur,
1078 5157 1184 5212 quo
1207 5151 1435 5213 utraque
1463 5142 1707 5203 Ecclesia
1730 5149 1869 5205 intra
1895 5165 1955 5207 se
1987 5165 2085 5222 pa-

495 5249 637 5297 cem,
666 5249 826 5303 quam
858 5234 1112 5304 praecepit
1140 5232 1416 5300 Dominus,
1448 5241 1650 5290 teneat.

496 5350 574 5402 [te
602 5350 682 5402 his
711 5350 799 5418 qui
822 5365 1027 5417 uxores,
1051 5360 1140 5402 aut
1167 5366 1281 5422 qua:
1304 5352 1440 5405 viros
1472 5350 1757 5420 dimittunt,
1783 5361 1840 5406 ut
1866 5354 1940 5408 sic
1964 5370 2079 5409 ma—

1196 5430 1371 5476 neunt.

567 5510 677 5564 Cll.
711 5509 915 5565 Placuit
962 5522 1039 5577 ut,
1098 5511 1394 5568 secundum
1446 5516 1811 5584 evangelicam
1860 5524 1915 5571 et
1946 5529 2079 5587 apo-

494 5605 741 5658 stolicam
770 5600 1126 5671 disciplinam,
1178 5619 1354 5673 neque
1381 5604 1630 5660 dimissus
1668 5605 1737 5661 ab
1764 5621 1953 5675 uxore,
1988 5622 2082 5663 ne-

495 5707 600 5758 que
642 5691 859 5746 dimissa
906 5709 934 5746 a
979 5695 1191 5761 marito,
1236 5694 1390 5747 alteri
1436 5693 1815 5764 coniungatur,
1864 5697 1957 5754 sed
2004 5698 2078 5753 ita

494 5793 765 5849 mnzeant,
814 5796 900 5840 aut
952 5787 1165 5840 sibimet
1211 5785 1660 5843 reconcilientur:
1694 5789 1834 5857 quod
1874 5790 1917 5845 si
1953 5807 2081 5846 con-

2160 454 2330 523 legem
2356 456 2683 525 imperialem
2716 454 3000 525 petendam
3033 455 3378 523 promulgari.

2506 569 2583 623 De
2606 569 2839 633 precibus
2861 568 2929 620 ad
2959 568 3125 622 altare
3152 568 3405 620 dicendis.

2230 683 2359 740 Clll.
2393 684 2597 739 Placuit
2639 686 2799 738 etiam
2830 684 2957 749 hoc,
3004 692 3062 738 ut
3107 698 3295 753 preces
3334 697 3453 752 qua:
3508 681 3756 751 probata:

2157 777 2357 832 fuerint
2385 777 2437 831 in
2469 776 2725 845 concilio,
2767 777 2881 831 sive
2929 773 3294 845 pmfationes,
3322 774 3439 830 sive
3465 787 3753 827 commen—

2159 867 2425 933 dationes,
2456 884 2551 923 seu
2594 883 2784 922 manus
2810 867 3199 936 inipositiones,
3231 865 3299 920 ab
3326 863 3576 920 omnibus
3600 864 3755 918 cele-

2159 957 2406 1026 brentur,
2438 974 2536 1013 nec
2567 959 2683 1012 alia:
2713 959 2933 1013 omnino
2969 966 3157 1011 contra
3185 954 3343 1011 ﬁdem
3373 955 3757 1025 praeferantur,

2158 1051 2252 1105 sed
2300 1066 2631 1120 qumcunque
2673 1068 2704 1103 a
2772 1049 3205 1121 prudentioribus
3267 1046 3465 1102 fuerint
3506 1046 3754 1102 collecta:

2158 1145 2423 1198 dicantur.

2164 1260 2239 1314 De
2266 1260 2344 1313 his
2380 1260 2468 1331 qui
2495 1260 2813 1324 publicorum
2836 1258 3153 1329 jndiriorum
3173 1257 3530 1331 cognitionem
3555 1255 3620 1309 ab
3648 1254 3759 1309 int-

2649 1340 2886 1401 peratore
2914 1330 3261 1399 poposceriut.

2231 1444 2364 1499 CIV.
2399 1442 2627 1511 Placuit,
2669 1452 2729 1498 ut
2775 1443 3080 1513 quicunque
3108 1441 3175 1496 ab
3206 1441 3531 1512 imperatore
3559 1439 3755 1507 cogni-

2165 1539 2363 1593 tionem
2389 1536 2716 1606 judiciorum
2752 1534 3095 1606 publicorum
3121 1533 3356 1603 petierit,
3387 1531 3596 1588 honore
3622 1546 3757 1601 pro-

2164 1631 2280 1699 prio
2308 1629 2549 1699 privetur
2573 1647 2584 1681 :
2612 1628 2661 1682 si
2679 1637 2861 1682 autem
2880 1625 3186 1697 episcopale
3209 1624 3470 1694 judicium
3497 1623 3565 1678 ab
3588 1623 3756 1694 impe~

2116 1761 2131 1811 ι
2154 1728 2342 1774 ratore
2366 1718 2671 1789 postularit,
2703 1718 2834 1772 nihil
2862 1719 2911 1772 ei
2941 1716 3102 1771 obsit.

2174 1831 2251 1885 De
2275 1832 2351 1885 his
2382 1833 2487 1903 qui,
2521 1848 2638 1885 cum
2662 1832 2714 1883 in
2738 1832 2917 1900 Africo
2938 1829 3466 1903 noncommunicant,
3493 1827 3761 1881 voluerint”

2639 1899 2791 1954 trans
2811 1917 2952 1954 mare
2975 1899 3265 1968 subrepere.

2237 2013 2344 2067 CV.
2380 2014 2692 2082 Quicunque
2715 2010 2891 2066 autem
2918 2028 3023 2065 non
3051 2011 3454 2065 communicans
3479 2012 3532 2065 in
3551 2010 3756 2077 Africa,

2166 2106 2213 2159 si
2252 2105 2303 2160 in
2345 2105 2716 2160 transmarinis
2756 2104 2824 2158 ad
2876 2103 3385 2159 communicandum
3431 2105 3759 2174 obrepserit,

2162 2195 2427 2263 jacturam
2457 2196 2746 2251 clericatus
2775 2195 3025 2264 excipiat.

2173 2309 2240 2364 Ut
2274 2320 2541 2383 pergentes
2567 2311 2635 2383 ad
2658 2312 2955 2365 comitatum
2986 2326 3195 2363 causam
3224 2327 3392 2377 suam,
3424 2313 3505 2365 uel
3532 2308 3757 2365 Cartha-

2222 2380 2444 2453 ginen'si,
2476 2384 2552 2436 vet
2580 2380 2813 2435 Romano
2836 2382 3068 2451 pontiﬁci
3099 2382 3368 2435 insinuare
3390 2391 3685 2451 procurent.

2238 2472 2369 2527 CVI.
2406 2471 2639 2539 Placuit,
2669 2481 2726 2527 ut
2753 2474 3061 2542 quicunque
3090 2472 3154 2524 ad
3203 2472 3516 2527 comitatum
3548 2474 3626 2527 ire
3655 2488 3755 2527 vo-

2172 2564 2349 2627 luerit,
2406 2566 2457 2619 in
2506 2565 2758 2631 formata,
2806 2580 2910 2634 qua
2959 2566 3023 2619 ad
3075 2564 3219 2618 urbis
3255 2564 3434 2619 Roma:
3463 2563 3759 2620 Ecclesiam

2172 2656 2422 2719 mittitur,
2478 2656 2753 2710 intimetur
2793 2676 2805 2708 ;
2840 2666 2895 2709 ut
2948 2655 3069 2709 inde
3116 2658 3281 2711 etiam
3331 2656 3398 2709 ad
3446 2657 3761 2711 comitatum

2173 2749 2456 2804 formatam
2488 2749 2736 2818 accipiat.
2762 2748 2913 2814 Quod
2941 2749 2989 2801 si
3013 2749 3281 2818 accipiens
3310 2748 3376 2803 ad
3402 2748 3627 2803 Ruinam
3650 2759 3770 2802 tan-

2174 2843 2453 2897 tummodo
2480 2842 2789 2909 formatam,
2818 2850 2873 2896 et
2903 2850 3087 2897 tacens
3112 2842 3512 2907 necessitatem,
3545 2857 3664 2912 qua:
3692 2842 3765 2897 ad

2174 2938 2488 2993 comitatum
2516 2937 2588 2991 illi
2618 2936 2947 3007 pergendum
2977 2945 3080 2999 est,
3128 2936 3358 2990 voluerit
3385 2936 3545 2990 etiam
3577 2935 3641 2989 ad
3667 2951 3763 2991 co-

2179 3033 2425 3087 mitatum
2456 3046 2707 3107 pergere,
2732 3046 2762 3084 a
2797 3030 3177 3085 communione
3218 3039 3584 3083 removeatur.
3611 3027 3762 3095 Quod

2102 3135 2148 3196 C
2180 3127 2224 3177 si
2266 3124 2333 3176 ibi
2369 3123 2550 3176 Retine
2601 3122 2649 3175 ei
2681 3122 2958 3190 repentina
3010 3120 3303 3175 necessitas
3344 3129 3463 3174 orta
3503 3119 3663 3173 fuerit
3698 3118 3768 3173 ad

2180 3219 2495 3270 comitatum
2525 3214 2802 3285 pergendi,
2846 3214 3044 3282 alleget
3092 3212 3231 3283 apud
3282 3213 3593 3282 episcopum
3624 3210 3771 3269 urbis

2181 3309 2365 3363 nonne
2396 3310 2564 3378 ipsam
2592 3308 2996 3373 necessitatem,
3048 3314 3103 3361 et
3132 3307 3198 3361 de
3242 3306 3347 3361 hoc
3396 3305 3598 3374 scripta
3627 3304 3772 3373 ejus-

2178 3402 2299 3455 dem
2333 3400 2556 3455 Romani
2580 3399 2819 3470 episcopi
2847 3399 3100 3468 perferat.
3132 3396 3397 3452 Formata:
3426 3404 3605 3450 autem
3652 3410 3772 3465 qua:

2181 3507 2211 3543 a
2240 3489 2555 3560 primatibus
2593 3489 2739 3543 vela
2791 3488 3197 3559 quibuscunque
3246 3486 3512 3557 episcopis
3560 3487 3775 3541 clericis

2184 3584 2414 3655 propriis
2442 3583 2658 3647 dantur,
2697 3582 2932 3637 habeant
2970 3580 3111 3635 diem
3142 3578 3363 3633 Pascha:
3389 3598 3403 3631 :
3433 3577 3578 3649 quod
3604 3578 3649 3634 si
3678 3577 3774 3632 ad-

2184 3677 2288 3730 huc
2311 3674 2555 3744 ejusdem
2584 3674 2711 3728 anni
2735 3672 2958 3727 Pascbm
2987 3670 3103 3725 dies
3129 3670 3369 3724 incertus
3391 3677 3494 3736 est,
3528 3668 3618 3722 ille
3644 3684 3777 3738 pne-

2185 3769 2385 3823 cedens
2413 3767 2751 3837 adjungatur,
2800 3764 3076 3836 quomodo
3103 3764 3242 3819 solet
3288 3771 3411 3833 post
3439 3764 3776 3819 conSiilatum

2185 3861 2239 3915 in
2269 3861 2495 3932 publicis
2522 3860 2685 3930 gestis
2707 3859 2923 3915 ascribi.
2952 3858 3160 3913 Placuit
3183 3866 3237 3912 et
3260 3856 3407 3923 illud,
3430 3865 3489 3911 ut
3516 3856 3775 3911 adversus

2186 3951 2493 4006 Donatistas
2541 3960 2597 4006 et
2643 3966 2901 4022 paganos,
2974 3949 3061 4004 vel
3108 3964 3297 4004 eorum
3337 3948 3774 4019 superstitiones,

2187 4043 2349 4112 legati
2379 4042 2527 4098 missi
2555 4041 2623 4096 de
2672 4042 2775 4095 hoc
2804 4041 3043 4109 glorioso
3072 4038 3325 4102 concilio,
3356 4035 3616 4106 quidquid
3645 4035 3778 4089 utile

2186 4134 2535 4204 perviderint,
2568 4132 2635 4188 de
2663 4130 3064 4200 gloriosissimis
3094 4128 3428 4200 principibus
3458 4128 3771 4197 impetrent.

2190 4226 2397 4282 Placuit
2425 4227 2585 4281 etiam
2636 4223 2807 4294 petitu
2852 4222 3092 4277 omnium
3122 4222 3525 4291 episcoporum,
3570 4226 3631 4272 ut
3657 4217 3773 4287 epi-

2186 4324 2340 4379 stolis
2360 4319 2609 4375 omnibus
2645 4316 2714 4371 de
2743 4314 2974 4370 concilio
3004 4315 3195 4369 dandis
3240 4312 3500 4368 sanctitas
3528 4318 3615 4364 tua
3660 4310 3776 4364 sola

2186 4413 2505 4471 subscribat.
2566 4408 2635 4461 Et
2680 4406 3136 4476 subscripserunt.
3189 4405 3438 4461 Aurelius
3487 4403 3779 4473 episcopus

2113 4497 2626 4582 DCarthaginensis
2673 4496 2797 4551 huic
2844 4495 3063 4549 decreto
3094 4493 3367 4561 consensi,
3416 4501 3473 4547 et
3519 4490 3774 4562 prmlecto

2187 4590 2503 4661 subscripsi.
2536 4588 2795 4644 Similiter
2830 4595 2887 4642 et
2925 4586 3109 4641 creteri
3154 4584 3396 4655 episcopi
3442 4581 3774 4652 subscripse-

2188 4694 2332 4741 runt.

2407 4792 2697 4849 Concilium
2725 4798 2907 4844 contra
2931 4805 3163 4860 paganos
3187 4797 3238 4843 et
3266 4787 3555 4841 hazreticos.

2258 4911 2428 4965 Basso
2476 4915 2533 4962 et
2585 4904 2833 4974 Philippo
2860 4919 2949 4957 vv.
2982 4917 3063 4957 cc.
3113 4916 3290 4956 conss.
3332 4915 3420 4954 xvt
3462 4898 3565 4953 cal.
3608 4897 3775 4952 Julias

2190 4999 2532 5069 Carthagine,
2564 4998 2618 5051 in
2647 4994 2943 5050 secretario
2992 4991 3227 5047 basilica:
3255 4990 3536 5045 restitutae.
3583 4988 3643 5043 lu
3670 4988 3775 5043 hoc

2191 5092 2426 5151 concilio
2475 5088 2801 5157 legationem
2845 5085 3037 5139 iterum
3085 5081 3321 5151 suscepit
3360 5080 3777 5136 Fortunatianus

2193 5185 2479 5256 episcopus
2497 5186 2688 5236 contra
2714 5191 2953 5248 paganos
2979 5183 3034 5230 et
3061 5174 3367 5229 haereticos.

2339 5296 2471 5351 Item
2499 5293 2775 5349 concilium
2802 5300 2981 5345 contra
3002 5306 3234 5360 paganos
3263 5297 3312 5342 et
3341 5288 3627 5342 haereticos.

2266 5411 2432 5467 Basso
2461 5416 2518 5464 et
2546 5406 2791 5477 Philippo
2818 5420 2908 5460 vv.
2962 5418 3045 5459 cc.
3093 5417 3275 5458 conss.
3307 5418 3362 5457 ιιι
3390 5401 3507 5455 idus
3527 5391 3779 5457 Octobris

2193 5503 2538 5573 Carthagine,
2582 5502 2637 5557 in
2658 5498 2951 5556 secretario
2978 5496 3213 5551 basilica:
3254 5497 3531 5551 restitutas.
3561 5494 3621 5550 lu
3668 5496 3775 5552 hoc

2193 5598 2429 5658 concilio
2457 5600 2811 5665 susceperunt
2852 5590 3177 5661 legationem
3227 5588 3525 5644 Restitutus
3563 5597 3619 5643 et
3646 5588 3776 5645 Flo-

2193 5690 2401 5746 rentius
2445 5685 2687 5758 episcopi
2734 5689 2923 5738 contra
2976 5694 3213 5751 paganos
3279 5687 3334 5733 et
3378 5678 3659 5735 bzereticos
3707 5696 3775 5737 eo

2196 5796 2439 5855 tempore
2492 5796 2598 5850 quo
2651 5777 2882 5834 Severus
2931 5785 2985 5832 et
3022 5774 3288 5833 Macarius
3314 5776 3486 5849 .occisi
3532 5786 3677 5843 sunt,
3720 5785 3773 5830 ct
