4092 6348
356 249 452 304 2i?

355 376 577 436 propter
603 378 788 419 eorum
817 376 1031 417 musam
1067 359 1326 434 Evodius,
1355 359 1635 425 Theasius,
1664 368 1720 414 et
1745 358 1928 412 Victor
1960 362 2002 416 A

357 459 597 529 episcopi
627 455 748 512 cesi
773 464 917 510 sunt.

664 566 948 622 Concilium
978 565 1040 617 de
1067 563 1359 634 cognitione
1384 553 1630 632 episcopi.

431 677 586 739 CVII.
615 679 1025 738 Gloriosissimis
1078 678 1489 749 imperatoribus
1521 676 1760 732 Honorio
1787 694 1856 732 vu
1886 685 1940 731 et

359 774 667 832 Theodosio
687 791 743 831 ιιι
767 775 901 842 Aug.
932 788 1134 832 conss.,
1162 788 1267 827 xvu
1287 772 1390 826 cal.
1422 771 1589 826 Julias
1616 769 1940 840 Carthagine

358 866 414 920 in
439 866 656 922 basilica
689 865 924 932 regionis
968 863 1236 918 secundm.
1271 863 1326 917 In
1359 870 1461 917 hoc
1487 863 1716 917 concilio
1743 862 1943 930 placuit

359 965 422 1011 ut
467 973 574 1010 non
619 956 719 1010 sibi
771 971 906 1008 unus
947 957 1231 1024 episcopus
1288 939 1520 1008 vindicet
1557 954 1938 1020 cognitionem.

359 1047 521 1104 Gesta
551 1048 708 1117 hujus
728 1048 938 1102 concilii
963 1048 1084 1102 ideo
1116 1064 1222 1101 non
1247 1047 1526 1117 descripsi,
1548 1047 1802 1116 quoniam
1825 1062 1944 1118 pro-

361 1139 613 1204 vinciale,
643 1157 752 1195 non
785 1139 1084 1194 universale
1113 1141 1442 1195 celebratum
1471 1150 1570 1195 est.

730 1253 1017 1306 Concilium
1046 1263 1226 1307 contra
1252 1251 1576 1306 Donatistas.

433 1357 563 1414 Post
610 1362 945 1416 consulatum
1000 1363 1507 1432 gloriosissimorum
1561 1365 1942 1434 imperatorum

363 1450 588 1508 Honorii
613 1470 706 1508 vui
736 1463 793 1508 et
821 1455 1106 1510 Theodosii
1137 1473 1191 1510 ιιι
1225 1459 1418 1526 Augg.,
1452 1473 1578 1511 xvm
1627 1458 1728 1511 cal.
1775 1457 1944 1511 Julias

363 1545 685 1616 Carthagine
710 1547 762 1600 in
793 1547 1016 1620 basilica
1041 1549 1276 1619 regionis
1305 1549 1574 1603 secundm.
1607 1549 1664 1603 In
1698 1551 1801 1605 hoc
1822 1567 1947 1605 con-

361 1636 496 1690 cilio'
519 1636 841 1705 legationem
873 1648 1226 1708 susceperunt
1254 1649 1442 1694 contra
1473 1640 1796 1703 Donatistas,
1817 1639 1944 1694 Flo-

1325 247 1542 306 CODEX
1580 247 1908 306 CANON‘UH
1950 244 2656 302 ECCLESIASTICOHI’RL

3515 250 3621 306 2l8

2102 372 2345 432 agamus,
2375 356 2466 409 sed
2491 357 2660 432 etiam
2705 355 3030 432 dilectionem
3089 355 3236 412 nobis
3283 360 3522 432 inspirat,
3565 372 3625 415 ut
3663 339 3668 343 ⁸

2111 428 2246 496 quod
2271 428 2458 480 scimus
2485 426 2697 495 implere
2719 427 3004 481 valeamus.

2114 535 2270 591 CXII.
2303 536 2434 590 Item
2459 537 2699 606 quisquis
2739 535 2935 592 dixerit
2975 539 3215 594 eamdem
3269 539 3623 608 gratiachi
3665 580 3670 586 .

2043 645 2141 700 per
2167 627 2347 682 Jesum
2377 626 2647 681 Christum
2675 627 2957 682 Dominum
2987 641 3232 684 nostrum
3270 641 3490 702 propter
3520 633 3627 688 hoc

2046 730 2251 775 tantum
2293 736 2395 774 nos
2439 718 2692 788 adjuvare
2733 719 2798 773 ad
2849 737 2954 774 non
2986 723 3340 790 peccandum,
3373 724 3498 792 quia
3529 739 3626 795 per

2045 812 2213 881 ipsam
2245 811 2400 865 nobis
2427 810 2717 874 revelatur,
2751 817 2810 864 et
2835 812 3074 879 aperitur
3102 812 3449 879 intelligentia
3474 829 3628 868 man-

2045 901 2318 968 datorum,
2347 911 2410 956 ut
2435 901 2668 956 sciamus
2695 900 2820 969 quid
2859 911 3134 969 appetere,
3167 904 3294 973 quid
3322 906 3494 958 vitare
3533 905 3628 959 dc-

2045 993 2311 1047 beamus:
2347 1009 2453 1046 non
2501 1003 2680 1045 autem
2725 1007 2822 1060 per
2867 991 3011 1044 illam
3061 994 3218 1047 nobis
3259 995 3521 1064 przestari,
3568 1003 3628 1048 ut

2046 1084 2188 1151 quod
2223 1083 2524 1136 iaciendum
2564 1082 2981 1148 cognoverimus
3007 1084 3167 1135 etiam
3217 1083 3394 1138 facere
3436 1085 3628 1153 diliga-

2047 1187 2164 1226 mus
2195 1181 2354 1241 atque
2384 1174 2675 1237 valeamus,
2709 1173 2995 1226 anathema
3032 1174 3122 1227 sit.
3152 1173 3284 1228 Cum
3315 1177 3454 1229 enim
3485 1176 3632 1230 dicat

2047 1263 2364 1332 Apostolus,
2398 1263 2637 1318 Scientia
2687 1264 2868 1330 inﬂat,
2917 1266 3329 1320 charitasvero
3378 1265 3629 1331 aediﬁcat,

2045 1355 2200 1409 valde
2229 1354 2449 1422 impium
2480 1361 2561 1409 est
2609 1364 2669 1409 ut
2725 1355 3006 1409 credamus
3053 1355 3118 1409 ad
3149 1371 3267 1410 eam
3313 1371 3434 1425 qua:
3482 1355 3633 1410 inﬂat

2047 1462 2147 1500 nos
2177 1446 2374 1499 habere
2421 1446 2646 1515 gratiam
2676 1445 2904 1509 Christi,
2950 1444 3018 1499 ad
3061 1461 3178 1500 eam
3235 1461 3353 1516 qua:
3400 1445 3633 1500 mdilicat

2049 1554 2154 1591 non
2188 1538 2384 1590 habere
2410 1556 2421 1589 :
2457 1553 2578 1591 cum
2619 1537 2689 1589 sit
2719 1547 3006 1604 utrumque,
3033 1537 3232 1590 donum
3266 1536 3381 1601 Dei,
3413 1543 3470 1590 et
3495 1536 3634 1590 scire

2047 1628 2173 1697 quid
2223 1627 2403 1682 facere
2450 1629 2761 1690 debeamus,
2811 1636 2866 1680 et
2891 1625 3115 1694 diligere
3147 1635 3204 1681 ut
3249 1626 3526 1693 faciamus,
3574 1633 3634 1681 ut

362 1730 589 1793 rentius,
625 1728 915 1793 Possidius,
949 1731 1252 1798 Pnesidius,
1274 1741 1328 1786 et
1357 1731 1660 1787 Benenatus
1683 1733 1941 1802 episcopi,

2051 1718 2344 1774 :ediﬂcante
2371 1718 2635 1772 charitatc
2672 1718 2894 1772 scientia
2936 1733 3041 1770 non
3077 1717 3249 1786 possit
3303 1714 3510 1770 inﬂare.
3548 1714 3635 1770 Si-

364 1839 436 1876 (ιο
479 1831 724 1892 tempore
768 1838 878 1892 quo
924 1824 1010 1877 lex
1059 1823 1180 1877 data
1229 1831 1332 1885 est,
1381 1831 1440 1876 ut
1476 1823 1640 1877 libera
1673 1825 1949 1878 voluntate

361 1915 487 1983 quis
511 1916 713 1969 cultum
743 1916 1160 1970 Christianitatis
1190 1917 1488 1986 exciperet.

497 2028 781 2084 Concilium
812 2041 990 2083 contra
1015 2029 1248 2082 haeresim
1276 2026 1482 2099 Pelagii
1503 2036 1550 2082 et
1579 2026 1822 2082 Ctelestii.

432 2138 613 2195 CVIII.
640 2139 1051 2196 Gloriosissimis
1081 2140 1496 2209 imperatoribus
1535 2139 1773 2195 Honorio
1800 2158 1872 2196 xu
1894 2149 1950 2196 et

364 2229 672 2286 Theodosio
723 2249 774 2286 ιχ
826 2232 994 2300 Augg.
1036 2248 1239 2297 conss,
1288 2233 1390 2287 cal.
1429 2233 1598 2288 Maias
1625 2233 1950 2301 Carthagine

363 2323 416 2376 in
447 2324 742 2379 secretario
768 2323 1004 2379 basilica:
1033 2323 1234 2378 Fausti.
1287 2323 1420 2378 Cum
1449 2324 1700 2380 Aurelius
1743 2326 1952 2394 episco-

360 2429 461 2483 pus
490 2415 778 2469 universali
809 2416 1039 2470 concilio
1063 2416 1414 2479 consedisset,
1434 2417 1731 2471 astantibus
1760 2416 1949 2471 diaco-

361 2506 462 2569 nis,
495 2504 696 2574 placuit
723 2506 968 2558 omnibus
1025 2505 1312 2575 episcopis,
1361 2521 1591 2574 quorum
1627 2507 1862 2562 .nomina
1894 2515 1950 2562 et

361 2597 782 2666 subscriptiones
811 2597 993 2652 indita:
1016 2608 1161 2665 sunt,
1198 2600 1249 2653 in
1278 2610 1463 2655 sancta
1495 2600 1700 2671 synodo
1729 2599 1951 2655 Cartha-

360 2687 604 2755 ginensis
627 2685 880 2742 Ecclesizn
903 2691 1231 2744 constitutis.

528 2799 680 2864 Quod
708 2800 876 2854 Adam
901 2818 1004 2856 non
1032 2803 1100 2856 sit
1130 2804 1298 2873 {actus
1325 2820 1357 2856 a
1389 2802 1498 2858 Deo
1524 2805 1781 2859 mortalis.
1873 2837 1878 2842 -

432 2891 566 2948 CIX.
603 2891 672 2948 Ut
700 2894 1008 2964 quicunque
1052 2893 1184 2948 dicit
1213 2895 1384 2952 Adam
1415 2897 1645 2965 primum
1676 2897 1948 2951 hominem

360 2991 646 3046 mortalem
675 2990 896 3055 factum,
931 2992 1003 3045 ita
1033 3000 1091 3045 ut
1119 2993 1234 3047 sive
1260 3000 1516 3062 peccaret
1540 2994 1654 3047 sive
1681 3008 1790 3046 non
1819 3007 1948 3062 pec-

361 3093 528 3148 caret,
573 3092 878 3139 moreretur
907 3084 958 3137 in
1004 3099 1257 3154 corpore,
1308 3085 1414 3140 hoc
1463 3093 1562 3149 est,
1607 3083 1677 3138 de
1718 3099 1949 3154 corpore

362 3176 554 3238 exiret,
586 3191 693 3230 non
719 3177 934 3246 peccati
961 3176 1176 3243 merito,
1228 3176 1325 3232 sed
1355 3176 1679 3232 necessitate
1719 3185 1946 3243 natum,

361 3267 650 3322 anathema
680 3268 769 3322 sit.

365 3383 518 3448 Quod
537 3386 735 3455 parvuli
774 3387 828 3440 in
859 3395 1182 3455 peccatorum
1211 3387 1567 3442 remissionem
1604 3385 1944 3458 baptizentur.

431 3476 547 3532 CX.
579 3477 708 3532 Item
752 3480 975 3549 placuit,
1007 3488 1065 3533 ut
1091 3481 1395 3550 quicunque
1422 3481 1675 3552 parvulos
1703 3490 1950 3536 recentes

361 3569 432 3620 ah
457 3570 624 3624 uteris
658 3578 886 3623 matrum
915 3570 1265 3641 baptizanzlos
1295 3583 1474 3639 negat,
1506 3580 1600 3626 aut
1627 3572 1754 3627 dicit
1783 3573 1833 3626 in
1864 3588 1950 3627 re-

359 3656 672 3714 mis-sionem
717 3660 931 3730 quidem
974 3670 1323 3731 peccatorum
1371 3676 1466 3716 eos
1510 3662 1803 3732 baptizari,
1852 3662 1949 3717 sed

365 3750 495 3803 nihil
523 3766 591 3804 ex
621 3749 788 3804 Adam
839 3752 1054 3806 trahere
1083 3751 1358 3820 originalis
1407 3757 1636 3822 peccati,
1677 3755 1820 3825 quod
1871 3755 1946 3808 la-

358 3855 524 3896 vacro
551 3843 981 3908 regenerationis
1034 3844 1300 3913 expietur,
1343 3843 1485 3899 unde
1513 3845 1584 3899 sit
1611 3860 1948 3915 consequens

358 3932 498 3986 utin
529 3931 609 3987 eis
653 3933 822 3987 forma
871 3933 1210 4001 baptismatis
1254 3935 1306 3989 in
1350 3935 1724 3990 remissionem
1755 3953 1950 4006 pecca-

360 4033 538 4080 torum
561 4041 666 4081 non
695 4042 848 4095 vera,
877 4025 974 4082 sed
1003 4025 1135 4081 falsa
1167 4027 1516 4096 intelligatur,
1542 4029 1829 4084 anathema
1853 4031 1943 4086 sit.

358 4115 623 4184 Quoniam
655 4133 758 4171 non
790 4117 948 4172 aliter
996 4118 1400 4187 intelligendum
1432 4129 1514 4173 est
1537 4120 1680 4188 quod
1711 4121 1787 4174 ait
1813 4122 1950 4191 Apo-

357 4209 530 4265 stolus
560 4227 572 4263 :
607 4208 710 4264 Per
760 4225 924 4264 unum
975 4209 1250 4264 hominem
1299 4217 1580 4280 peccatum
1630 4210 1847 4266 intravit
1894 4212 1947 4267 in

358 4300 637 4365 mundum,
683 4308 738 4353 et
781 4315 880 4369 per
921 4307 1206 4370 peccatum
1237 4316 1405 4365 mors,
1458 4308 1514 4354 et
1543 4300 1616 4354 ita
1658 4301 1711 4354 in
1758 4317 1947 4357 omnes

357 4383 604 4449 homines
632 4392 960 4461 pertransiit,
986 4392 1039 4445 in
1069 4406 1178 4459 quo
1208 4405 1396 4445 omnes
1423 4401 1819 4460 peccaverunt;
1847 4392 1947 4446 nisi

355 4483 807 4556 quemadmodum
879 4481 1117 4578 Ecclesia
1175 4481 1442 4536 catholica
1500 4482 1697 4551 ubique
1754 4480 1942 4578 diﬂ'usa
1975 4521 2021 4578 υ

354 4593 572 4647 semper
614 4575 894 4631 intellexit.
926 4571 1156 4643 Propter
1194 4574 1335 4628 hanc
1380 4573 1522 4628 enim
1553 4574 1789 4641 regulam
1822 4571 1943 4628 fidei

355 4670 520 4724 etiam
549 4667 779 4738 parvuli,
810 4667 898 4736 qui
930 4667 1062 4720 nihil
1089 4675 1434 4736 peccatorum
1459 4666 1510 4718 in
1541 4667 1748 4736 seips'os
1772 4666 1946 4720 adhuc

355 4760 699 4814 committere
724 4765 1034 4828 potuerunt,
1066 4756 1187 4811 ideo
1217 4757 1268 4810 in
1300 4763 1644 4826 peccatorum
1669 4756 1945 4811 remissio-

356 4869 478 4908 nem
512 4851 780 4907 veraciter
803 4850 1170 4919 baptizantur,
1202 4857 1264 4904 ut
1307 4849 1360 4903 in
1403 4850 1481 4904 eis
1533 4849 1944 4917 regeneratione

355 4944 660 5008 mundetur,
689 4941 832 5014 quod
863 4942 1211 5010 generatione
1241 4949 1543 4996 traxerunt.

356 5059 510 5127 Quod
547 5061 720 5131 gratia
749 5059 843 5131 Dei
879 5076 982 5113 non
1010 5060 1179 5114 solum
1220 5060 1572 5131 remissionem
1614 5058 1793 5110 tribuit
1819 5075 1941 5127 pec-

423 5129 689 5198 catorum,
729 5130 822 5184 sed
869 5131 1022 5184 etiam
1067 5139 1279 5202 praestat
1327 5129 1667 5201 adjuton'um,
1719 5144 1784 5181 ne
1822 5145 1943 5199 pec-

428 5213 589 5257 retur.

423 5292 561 5350 CXI.
593 5293 724 5349 Item
773 5293 976 5364 placuit
1020 5300 1078 5346 ut
1130 5292 1437 5363 quicunque
1473 5289 1669 5345 dixerit
1711 5289 1937 5358 gratiam

353 5387 470 5452 Dei,
514 5400 619 5456 qua
654 5383 981 5453 justiticatur
1007 5384 1169 5438 homo
1201 5396 1294 5453 per
1319 5380 1499 5437 Iesum
1527 5379 1797 5434 Christum
1828 5379 1937 5433 Do-

357 5479 560 5533 minum
591 5486 854 5543 nostrum,
886 5475 954 5530 ad
982 5475 1152 5530 solam
1189 5473 1564 5528 remissionem
1593 5479 1940 5542 peccatorum

353 5570 556 5636 valere,
586 5582 705 5637 qua:
729 5566 839 5636 jam
872 5565 1156 5622 commissa
1186 5571 1332 5628 sunt,
1364 5578 1470 5618 non
1502 5565 1664 5618 etiam
1694 5563 1762 5617 ad
1790 5562 1942 5632 adju-

356 5661 554 5715 torium
581 5669 640 5714 ut
664 5674 772 5716 non
797 5658 1224 5722 committantur,
1257 5652 1543 5709 anathema
1567 5653 1656 5708 sit.

364 5772 514 5839 Quod
552 5773 720 5845 gratia
756 5770 944 5828 Christi
976 5787 1077 5826 non
1106 5767 1273 5825 solum
1314 5765 1582 5823 scientiam
1612 5762 1792 5820 tribuit
1822 5763 1944 5820 auid

2049 1819 2142 1864 cut
2167 1819 2346 1864 autem
2388 1809 2454 1863 de
2488 1809 2598 1862 Deo
2620 1808 2876 1876 scriptum
2908 1816 3020 1870 est,
3049 1807 3150 1873 Qui
3171 1807 3338 1860 docet
3361 1805 3633 1860 hominem

2047 1901 2350 1965 scientiam,
2377 1901 2448 1953 ita
2472 1901 2633 1954 etiam
2649 1901 2904 1969 scriptum
2932 1908 3032 1962 est,
3052 1899 3298 1952 Charitas
3314 1914 3380 1952 ex
3397 1897 3508 1952 Deo
3529 1908 3632 1952 est.

2107 2008 2257 2074 Quod
2283 2012 2396 2064 sine
2429 2009 2522 2064 Dei
2552 2011 2722 2080 gratia
2752 2009 2883 2063 nihil
2914 2008 3033 2063 boni
3059 2010 3312 2079 possimus
3342 2008 3576 2078 implere.

2121 2103 2299 2159 CXIII.
2348 2103 2478 2157 Item
2510 2104 2709 2172 placuit
2741 2112 2797 2157 ut
2825 2103 3132 2172 quicunque
3161 2101 3360 2157 dixerit
3387 2101 3512 2157 ideo
3545 2118 3636 2158 no-

2049 2200 2131 2254 bis
2160 2199 2385 2267 gratiam
2413 2196 2818 2265 justilicationis
2847 2195 2985 2261 dari,
3028 2203 3084 2248 ut
3110 2195 3234 2263 quid
3263 2194 3440 2249 facere
3465 2194 3636 2249 libero

2046 2288 2296 2358 jubemur
2325 2288 2568 2351 arbitrio,
2601 2286 2809 2341 facilius
2835 2287 3102 2356 possimus
3144 2286 3365 2354 implere
3393 2301 3491 2354 per
3515 2299 3636 2356 gra-

2053 2384 2201 2447 tiam,
2223 2391 2482 2460 tanquam
2507 2389 2561 2434 et
2588 2381 2632 2435 si
2663 2380 2831 2447 gratia
2863 2396 2966 2433 non
3013 2379 3251 2442 daretur,
3287 2394 3390 2432 non
3420 2377 3635 2447 quidem

2051 2474 2230 2540 facile,
2277 2472 2372 2527 sed
2421 2481 2600 2526 tamen
2647 2473 2912 2542 possimus
2951 2473 3110 2524 etiam
3141 2471 3255 2524 sine
3297 2469 3383 2524 illa
3415 2470 3637 2539 implere

2050 2563 2228 2617 divina
2262 2561 2533 2627 mandata,
2581 2565 2867 2617 anathema
2916 2561 3002 2616 sit.
3059 2561 3133 2616 De
3184 2561 3444 2615 fructibus
3489 2561 3634 2615 enim

2053 2655 2425 2709 mandatorum
2457 2655 2710 2709 Dominus
2746 2657 3077 2726 loquebatur,
3106 2656 3194 2709 ubi
3237 2672 3342 2708 non
3376 2656 3471 2720 ait,
3502 2653 3636 2710 Sine

2051 2761 2138 2800 me
2167 2744 2435 2800 diﬂicilins
2467 2747 2690 2815 potestis
2725 2746 2933 2800 facere:
2967 2745 3059 2799 sed
3091 2745 3186 2810 ait,
3231 2747 3358 2800 Sine
3389 2762 3476 2800 me
3504 2745 3636 2800 nihil

2053 2838 2278 2906 potestis
2304 2837 2500 2890 facere.

2055 2947 2206 3014 Quod
2228 2967 2329 3003 non
2351 2950 2515 3002 solum
2540 2950 2766 3012 humilis,
2799 2949 2890 3003 sed
2913 2964 3070 3002 verax
3098 2960 3394 3003 sanctorum
3418 2967 3514 3004 νοω
3535 2951 3637 3004 ista

2122 3031 2218 3083 est,
2250 3020 2312 3074 Si
2341 3021 2623 3074 dixerimus
2664 3023 2786 3091 quia
2811 3029 3076 3089 peccatum
3105 3036 3210 3073 non
3247 3019 3510 3086 habemus,
3540 3035 3638 3075 nos

2123 3093 2264 3161 ipsos
2287 3091 2596 3145 seducimus.

2124 3181 2305 3236 CXIV.
2353 3181 2486 3235 Item
2535 3180 2777 3250 placuit,
2822 3179 2966 3250 quod
3017 3180 3094 3234 ait
3139 3187 3358 3236 sanctus
3401 3179 3639 3238 Joannes

2052 3275 2328 3347 apostolus
2365 3273 2464 3328 :Si
2499 3273 2796 3328 dixerimus
2833 3274 2958 3342 quia
3008 3281 3287 3344 peccatum
3333 3289 3441 3329 non
3470 3274 3639 3331 habe-

2053 3385 2191 3432 mus,
2219 3383 2318 3423 nos
2339 3367 2486 3436 ipsos
2505 3366 2822 3435 decipimus,
2843 3374 2900 3421 et
2920 3367 3118 3422 veritas
3142 3367 3194 3420 in
3217 3367 3372 3422 nobis
3397 3382 3508 3423 non
3532 3376 3640 3434 est,

2052 3457 2295 3528 quisquis
2326 3457 2404 3510 sic
2429 3455 2798 3525 accipiendum
2829 3456 3114 3525 putaverit,
3142 3465 3200 3510 ut
3226 3455 3388 3521 dicat,
3415 3464 3640 3528 propter

2051 3550 2409 3604 humilitatem
2471 3557 2730 3620 oportere
2779 3548 2883 3604 dici
2929 3564 3030 3603 nos
3058 3564 3165 3602 non
3211 3548 3412 3604 habere
3439 3564 3640 3618 pecca-

2051 3649 2185 3706 tum,
2219 3657 2325 3696 non
2375 3638 2501 3710 quia
2531 3654 2658 3694 vere
2688 3639 2760 3693 ita
2791 3647 2892 3704 est,
2925 3639 3212 3692 anathema
3253 3637 3344 3693 sit.
3383 3637 3640 3708 Sequitur

2053 3734 2196 3787 enim
2227 3731 2505 3801 apostolus
2525 3771 2539 3795 ,
2575 3738 2632 3784 et
2657 3729 2898 3798 adjungit
2929 3729 3025 3784 :Si
3047 3738 3228 3784 autem
3259 3726 3493 3784 confessi
3517 3726 3639 3786 fue-

2049 3825 2216 3879 rimus
2255 3832 2475 3896 peccala
2517 3831 2725 3887 nostra,
2757 3821 2924 3877 tidelis
2975 3830 3060 3877 est
3106 3830 3162 3876 et
3181 3820 3388 3890 justus,
3424 3820 3518 3890 qui
3544 3834 3635 3875 re-

2051 3916 2230 3970 mittat
2253 3916 2410 3970 nobis
2436 3921 2680 3985 peccata,
2709 3923 2764 3968 et
2791 3911 3014 3968 mundet
3043 3929 3144 3968 nos
3170 3915 3239 3968 ab
3263 3913 3411 3968 omni
3437 3911 3636 3981 iniqui-

2050 4015 2180 4062 tate.
2222 4005 2324 4062 Ubi
2377 4006 2508 4062 satis
2536 4011 2762 4076 apparet
2800 4004 2905 4059 hoc
2948 4020 3056 4058 non
3099 4013 3305 4058 tantum
3335 4003 3633 4071 humiliter,

2049 4099 2142 4156 sed
2172 4100 2334 4154 etiam
2361 4097 2630 4153 veraciter
2653 4096 2776 4151 dici.
2823 4094 3046 4152 Poterat
3073 4097 3214 4151 enim
3237 4096 3531 4166 Apostolus
3556 4096 3641 4151 di-

2049 4207 2173 4246 cere
2217 4209 2230 4244 :
2265 4190 2320 4244 Si
2367 4189 2685 4253 dixerimus,
2719 4203 2828 4241 non
2875 4188 3136 4243 habemus
3177 4196 3496 4257 peccatum,
3535 4202 3640 4242 nos

2051 4283 2198 4352 ipsos
2223 4279 2556 4347 extollimus,
2583 4287 2639 4335 et
2668 4278 2942 4333 humilitas
2969 4278 3024 4332 in
3055 4278 3208 4333 nobis
3237 4294 3344 4332 non
3380 4284 3464 4332 est
3495 4295 3508 4331 :
3537 4276 3638 4333 sed

2049 4387 2170 4427 cum
2198 4372 2292 4436 ait,
2325 4385 2424 4424 nos
2446 4369 2591 4440 ipsos
2616 4366 2936 4438 decipimus,
2962 4367 3236 4422 etveritas
3265 4365 3319 4421 in
3345 4365 3501 4422 nobis
3528 4380 3636 4422 non

2049 4474 2170 4530 est,
2209 4464 2340 4517 satis
2389 4461 2624 4516 ostendit
2677 4477 2799 4516 eum
2839 4460 2931 4529 qui
2974 4460 3169 4514 dixerit
3199 4475 3258 4515 se
3295 4475 3403 4515 non
3433 4459 3640 4516 habere

2050 4565 2326 4628 peccatum
2359 4570 2466 4610 non
2494 4569 2680 4609 verum
2710 4553 2878 4620 loqui,
2909 4551 3005 4608 sed
3037 4550 3252 4606 falsum.

2119 4666 2268 4734 Quod
2302 4671 2358 4723 in
2408 4669 2644 4723 oratione
2677 4665 2953 4720 Dominica
2979 4665 3149 4720 sancti
3173 4681 3266 4734 pro
3295 4680 3352 4718 se
3379 4662 3581 4732 dicunt,

2118 4735 2120 4738 ’
2444 4738 2661 4792 Dimitte
2689 4736 2836 4792 nobis
2865 4737 3036 4790 debita
3056 4744 3259 4791 nostra.

2120 4836 2282 4893 CXV.
2311 4836 2443 4892 Item
2484 4835 2686 4905 placuit
2749 4842 2807 4888 ut
2859 4834 3168 4904 quicunque
3195 4831 3397 4886 dixerit
3431 4831 3484 4886 in
3515 4845 3642 4886 ora--

2049 4930 2198 4985 tione
2235 4931 2498 4987 dominica
2529 4931 2651 4986 ideo
2679 4930 2861 4985 dicere
2906 4936 3123 4984 sanctos
3148 4970 3163 4994 ,
3215 4925 3437 4981 Dimitte
3483 4922 3639 4978 nobis

2051 5022 2231 5076 debita
2264 5033 2467 5087 nostra,
2498 5032 2556 5077 ut
2585 5039 2694 5078 non
2725 5038 2825 5093 pro
2879 5021 3070 5092 seipsis
3114 5020 3220 5075 hoc
3248 5019 3462 5083 dicant,
3511 5015 3638 5084 quia

2053 5128 2162 5166 non
2183 5120 2265 5167 est
2290 5114 2371 5167 eis
2393 5111 2504 5182 jam
2535 5113 2841 5169 necessaria
2872 5113 2970 5167 ista
2993 5111 3206 5181 petitio,
3237 5109 3331 5164 sed
3359 5122 3462 5178 pro
3491 5105 3634 5168 aliis,

2053 5203 2144 5275 qui
2167 5211 2293 5259 sunt
2320 5205 2372 5259 in
2391 5211 2493 5259 ‘suo
2517 5205 2715 5278 populo
2737 5213 3071 5276 peccatores,
3095 5211 3152 5257 et
3173 5202 3296 5256 ideo
3318 5215 3423 5254 non
3455 5197 3639 5254 dicere

2053 5311 2490 5367 unumquemque
2517 5306 2852 5364 sanctorum,
2877 5295 3095 5349 Dimitte
3128 5292 3256 5346 mihi
3283 5290 3464 5346 debita
3492 5304 3636 5358 mea,

2047 5389 2166 5452 sed,
2201 5388 2418 5444 Dimitte
2446 5389 2602 5445 nobis
2627 5388 2808 5443 debita
2831 5395 3034 5448 nostra,
3061 5393 3120 5438 ut
3141 5383 3243 5438 hoc
3266 5397 3367 5454 pro
3396 5381 3516 5438 aliis
3547 5397 3639 5452 po-
3694 5406 3713 5451 ε

2049 5483 2156 5537 tius
2179 5497 2342 5550 quam
2363 5497 2462 5552 pro
2483 5497 2544 5537 se
2566 5480 2743 5551 justus
2766 5486 2952 5549 petere
2975 5474 3323 5544 intelligatur,
3348 5473 3634 5529 anathema

2047 5576 2138 5631 sit.
2169 5573 2399 5631 Sanctus
2429 5576 2573 5630 enim
2603 5582 2658 5629 et
2695 5572 2873 5642 justus
2915 5578 3035 5626 erat
3073 5569 3352 5641 apostolus
3377 5567 3632 5632 Iacobus,

2054 5681 2178 5723 cum
2225 5665 2487 5722 dicebat:
2535 5664 2596 5720 In
2635 5664 2818 5720 multis
2870 5661 3014 5718 enim
3053 5661 3374 5718 oﬂ'endimus
3421 5673 3612 5716 omnes

2053 5761 2186 5818 Nam
2218 5774 2388 5832 quare
2432 5756 2670 5814 additum
2698 5762 2800 5823 est,
2831 5768 3043 5826 omnes,
3074 5753 3260 5813 nisiut
3285 5751 3387 5812 ista
3415 5757 3620 5808 sentcn-
