4092 6348
442 325 548 378 219

1687 274 2041 374 ntosvsws
2076 314 2392 370 EXIGUUS.

2302 232 2329 248 ο..
2343 214 2515 273 ,λεὶ-τ’

3601 318 3725 373 ὶωτ

442 436 515 490 tia
540 436 850 491 conveniret
878 400 933 490 et
963 434 1202 505 psalmo,
1246 431 1334 487 ubi
1368 432 1561 498 legitur
1595 448 1607 484 :
1641 430 1715 485 Ne
1758 432 1927 485 intres
1961 431 2013 483 in
2048 434 2093 491 Α
2121 446 2289 497 scopo
2305 428 2610 497 ilepntetnr.
2635 427 2692 481 Si
2721 436 2901 481 autem
2932 428 3001 480 ita
3026 426 3249 495 plurima
3280 427 3398 481 loca
3424 428 3719 485 inveniun-

438 524 641 594 judicio
670 540 791 579 cum
819 541 977 580 servo
1026 535 1117 579 tuo
1140 564 1155 589 ,
1198 524 1455 593 quoniam
1503 539 1608 578 non
1636 521 2014 593 justilicabitur

443 614 499 669 in
544 621 837 681 conspectu
866 623 959 669 tuo
1000 614 1174 668 omnis
1202 613 1390 667 vivens
1419 630 1434 668 ;
1466 623 1523 667 et
1563 613 1621 666 in
1645 613 1889 667 oratione
1928 626 2017 667 sa-

442 705 764 775 pientissimi
793 704 1092 759 Salomonis
1118 722 1130 757 :
1164 702 1278 758 Non
1326 713 1409 759 est
1438 704 1602 757 homo
1639 704 1731 772 qui
1754 719 1860 757 non
1892 717 2021 772 pec-

444 796 614 858 cavit;
640 805 695 851 et
725 796 777 849 in
804 794 941 849 libro
971 794 1142 849 sancti
1183 793 1283 849 Job
1310 812 1322 845 :
1356 792 1413 846 In
1439 809 1601 847 manu
1641 793 1817 847 omnis
1842 792 2019 845 homi-

446 888 531 941 nis
558 887 753 956 signat,
783 896 841 940 ut
870 888 1005 940 sciat
1039 886 1215 938 omnis
1244 886 1407 939 homo
1449 884 1813 938 inﬁmitatem
1842 898 2016 937 suam.

450 974 602 1030 Unde
636 976 798 1029 etiam
843 976 1029 1029 Daniel
1073 984 1290 1031 sanctus
1330 985 1384 1029 et
1419 975 1615 1044 justus,
1640 990 1760 1029 cum
1802 974 1856 1027 in
1896 988 2021 1027 ora-

446 1066 593 1119 tione
639 1065 917 1133 pluraliter
960 1065 1207 1119 diceret:
1252 1063 1631 1126 Peccavimns,
1683 1062 2019 1131 iniquitatem

446 1157 688 1221 fecimus,
721 1166 778 1211 et
803 1164 1025 1218 caatera,
1073 1171 1195 1224 qua:
1234 1156 1306 1209 ibi
1353 1155 1619 1209 veraciter
1663 1162 1720 1208 et
1750 1153 2023 1207 humiliter

446 1249 731 1305 conlitetur
778 1266 790 1300 :
832 1264 900 1304 ne
942 1256 1258 1318 putaretur,
1306 1242 1758 1315 quemadmodum
1804 1242 2021 1311 quidam

445 1338 708 1403 sentiunt,
755 1338 860 1393 hoc
886 1354 993 1392 non
1022 1339 1090 1391 de
1117 1338 1244 1399 suis,
1288 1336 1383 1391 sed
1414 1336 1479 1390 de
1509 1335 1690 1405 populi
1730 1334 1812 1388 sui
1842 1333 2025 1403 potius

448 1428 649 1482 dixisse
678 1429 930 1498 peccatis,
966 1436 1151 1497 postea
1180 1428 1313 1480 dixit
1343 1444 1355 1478 :
1387 1424 1519 1479 Cum
1550 1440 1782 1487 orarem,
1814 1433 1868 1476 et
1890 1439 2023 1477 con-

451 1517 633 1573 ﬁterer
659 1528 879 1587 peccata
910 1534 1051 1582 mea,
1097 1528 1151 1571 et
1182 1527 1399 1586 peccata
1430 1516 1613 1587 populi
1657 1516 1761 1569 mei
1793 1515 2019 1567 Domino

450 1610 563 1666 Deo
593 1628 733 1675 meo,
766 1611 936 1665 noluit
968 1611 1150 1665 dicere
1191 1619 1412 1679 peccata
1444 1617 1645 1671 nostra,
1676 1607 1771 1663 sed
1802 1615 2019 1691 peccata

452 1703 632 1773 populi
661 1704 743 1756 sui
774 1704 922 1766 dixit,
955 1712 1011 1757 et
1036 1720 1130 1757 sua
1172 1722 1186 1755 :
1228 1703 1481 1771 quoniam
1510 1700 1715 1755 futuros
1748 1700 1901 1762 istos,
1929 1699 2019 1766 qui

2125 528 2229 581 tur,
2264 520 2315 571 in
2342 518 2534 587 quibus
2567 519 2737 573 amba:
2764 528 2945 587 partes
2984 519 3229 583 luerunt,
3266 527 3323 572 ut
3364 536 3469 575 non
3492 523 3704 590 possint

2122 609 2399 676 arqualiter
2447 608 2649 671 dividi,
2696 610 2845 663 velut
2889 609 2934 663 si
2967 609 3153 677 impari
3203 626 3427 665 munero
3473 610 3697 677 fuerint,

2122 700 2418 753 distributis
2460 701 2538 752 eis
2594 699 2724 755 locis
2787 700 2877 767 qui
2908 714 3089 767 parem
3136 699 3337 752 habent
3380 716 3659 757 numerum
3680 745 3711 770 ,.

2122 791 2426 861 quicunque
2472 792 2619 845 locus
2664 790 3020 851 remanserit,
3070 789 3171 844 hoc
3215 789 3267 843 in
3314 805 3382 844 eo
3423 800 3695 856 servetur,

2122 881 2263 949 quod
2295 881 2542 950 superius
2584 881 2789 935 dictum
2819 891 2939 945 est,
2982 895 3102 935 cum
3132 879 3198 934 de
3242 896 3350 935 uno
3384 891 3697 937 tractaretur

2126 972 2265 1025 loco.

2161 1083 2204 1137 [ἶ
2212 1093 2228 1135 ι
2268 1085 2310 1136 si
2343 1101 2495 1153 quant
2524 1084 2779 1137 dim'esim
2817 1085 3081 1151 episcopus
3118 1084 3182 1135 ab
3214 1085 3397 1137 haeresi
3428 1084 3654 1139 liberans

2338 1156 2562 1207 triennio
2592 1154 2901 1223 possederit,
2926 1154 3096 1206 nullus
3123 1171 3237 1206 eam
3270 1162 3485 1221 repetat.

2195 1242 2376 1296 CXIX.
2429 1243 2561 1297 Item
2606 1244 2806 1313 placuit
2864 1252 2939 1307 ut,
2990 1244 3201 1297 etiamsi
3240 1246 3522 1313 quisquam
3581 1256 3699 1317 post

2125 1332 2269 1402 leges
2316 1333 2551 1403 aliquem
2589 1333 2773 1389 locum.
2803 1334 2871 1386 ad
2917 1334 3238 1388 catholicam
3286 1337 3544 1390 unitatem
3570 1354 3699 1391 con-

2124 1424 2360 1487 verterit,
2421 1425 2464 1478 si
2488 1440 2610 1478 eum
2641 1439 2735 1494 per
2765 1424 3051 1478 triennium
3080 1426 3292 1478 nemine
3315 1439 3594 1495 repetente
3617 1446 3700 1481 re-

2126 1520 2299 1581 tinuit,
2334 1520 2553 1573 ulterius
2591 1520 2658 1573 ab
2698 1536 2763 1573 eo
2794 1537 2899 1574 non
2951 1530 3249 1589 repetatur.
3299 1523 3353 1575 Si
3388 1534 3563 1577 tamen
3610 1542 3701 1592 per

2125 1611 2296 1679 ipsmn
2329 1612 2617 1665 triennium
2646 1611 2744 1665 fuit
2769 1613 3056 1682 episcopus
3085 1614 3177 1680 qni
3232 1626 3417 1681 [masel
3458 1627 3703 1684 repetere

2123 1710 2178 1754 et
2209 1702 2409 1765 tacuit,
2444 1686 2808 1770 praeiudicium
2840 1703 3073 1773 patietur
3106 1723 3117 1755 :
3149 1705 3191 1757 si
3237 1715 3415 1758 autem
3447 1721 3552 1760 non
3583 1708 3713 1771 fuit,

450 1801 561 1846 tam
600 1794 739 1847 male
787 1793 1180 1861 intelligerent,
1232 1802 1485 1860 tanquam
1528 1790 1795 1859 Propheta
1820 1830 1835 1855 ,
1880 1805 2019 1858 pne-
2057 1807 2099 1866 Β
2128 1808 2231 1844 non
2265 1792 2649 1860 praajudicetur
2677 1793 2908 1858 matrici,
2952 1794 3045 1847 sed
3078 1794 3259 1861 liceat,
3288 1813 3410 1850 cuin
3440 1797 3587 1852 locus
3614 1815 3701 1851 ae-

449 1882 601 1935 vidit.

453 1992 603 2059 Quod
633 1997 881 2050 veraciter
907 2014 939 2050 a
969 1999 1160 2051 sanctis
1190 1998 1413 2059 dicatur,
1436 1996 1647 2050 Dimitte
1676 1995 1820 2050 nobis
1853 1994 2022 2048 debita

1133 2077 1330 2121 nostra.

521 2157 706 2212 CXVI.
735 2156 867 2213 Item
914 2159 1113 2229 placuit
1148 2168 1205 2213 ut
1233 2160 1536 2229 quicunque
1580 2158 1692 2229 ipsa
1737 2158 1897 2213 verba
1926 2157 2023 2211 do-

451 2250 664 2304 minica:
704 2251 981 2313 orationis,
1015 2251 1104 2304 ubi
1130 2250 1375 2311 dicimus,
1419 2251 1638 2304 Dimitte
1665 2249 1819 2302 nobis
1844 2247 2020 2301 debita

451 2351 659 2407 nostra,
708 2342 780 2395 ita
809 2342 997 2397 volunt
1037 2357 1068 2397 a
1097 2343 1297 2397 sanctis
1326 2343 1451 2409 dici,
1505 2352 1562 2396 nt
1592 2342 1882 2407 humiliter,
1915 2357 2021 2394 non

453 2433 712 2487 veraciter
737 2434 840 2488 hoc
866 2433 1094 2497 dicatur,
1126 2434 1409 2487 anathema
1438 2434 1524 2487 sit.
1557 2431 1687 2499 Quis
1715 2432 1857 2486 enim
1878 2418 2025 2485 lerat

453 2533 720 2592 orantem,
757 2534 812 2578 et
853 2541 958 2579 non
989 2526 1312 2589 hominibus,
1354 2526 1448 2580 sed
1477 2526 1578 2595 ipsi
1621 2526 1845 2580 Domino
1874 2541 2025 2579 men-

450 2614 697 2679 tientem,
727 2618 817 2683 qui
846 2616 1001 2670 labiis
1031 2619 1127 2670 sibi
1170 2619 1300 2671 dicit
1330 2618 1521 2671 dimitti
1554 2617 1691 2672 velle
1717 2659 1731 2683 ,
1778 2624 1829 2671 et
1862 2617 2024 2671 corde

451 2704 602 2769 dicit,
631 2721 749 2773 qua:
777 2706 875 2762 sibi
906 2707 1261 2770 dimittantur,
1292 2707 1469 2761 debita
1498 2723 1605 2761 non
1634 2707 1865 2761 habere?

739 2814 819 2869 De
843 2816 1070 2886 plebibus
1091 2818 1345 2871 conversis
1371 2834 1403 2869 a
1436 2816 1738 2871 Donatistis.

519 2904 720 2961 CXVII.
751 2907 881 2963 Item
928 2908 1161 2977 placuit,
1206 2907 1460 2978 quoniam
1500 2907 1715 2977 quidem
1760 2916 1885 2961 ante
1922 2906 2022 2960 ali-

450 3006 585 3066 quot
613 3014 781 3053 annos
803 2999 857 3053 in
887 2997 1122 3054 Ecclesia
1154 2999 1397 3067 plenario
1419 2998 1649 3061 concilio
1670 2999 2022 3052 constitutum

452 3098 534 3143 est
565 3098 621 3142 ut
663 3104 993 3159 quaecunque
1042 3088 1295 3144 Ecclesia:
1337 3088 1388 3142 in
1432 3088 1652 3143 dimcesi
1693 3090 2020 3155 constitutae,

2126 1886 2328 1952 ceperit
2356 1885 2667 1954 episcopmn
2688 1885 2780 1954 qui
2809 1900 2916 1939 non
2941 1886 3192 1949 habebat,
3218 1904 3283 1941 ex
3310 1889 3427 1957 ipso
3455 1888 3541 1943 die
3563 1890 3711 1943 intra.

2126 1974 2412 2028 triennium
2459 1983 2723 2041 repetere.
2761 1974 2998 2043 Itemque
3026 1976 3068 2029 si
3115 1974 3273 2029 fuerit
3309 1977 3597 2046 episcopus
3634 1980 3700 2031 ad

2124 2060 2445 2115 catholicam
2478 2078 2545 2116 ex
2588 2063 2779 2117 Donati
2813 2073 2963 2132 parte
2992 2080 3305 2130 conversus,
3356 2082 3462 2119 non
3493 2067 3541 2119 ci
3572 2083 3701 2136 pirn-

2118 2154 2323 2222 judicct
2366 2154 2687 2228 puellnitum
2738 2165 2986 2226 tempus;
3042 2158 3135 2210 sed
3183 2173 3249 2211 ex
3294 2174 3401 2225 quo
3428 2158 3515 2215 die
3568 2157 3705 2213 con;

2123 2265 2311 2303 versus
2339 2259 2419 2303 est
2444 2291 2460 2313 ,
2510 2250 2705 2304 habeat
2756 2266 2851 2319 per
2883 2251 3169 2305 triennium
3198 2261 3517 2321 potestatem
3557 2271 3719 2324 reper

2125 2339 2268 2392 tendi
2298 2341 2415 2393 loca
2444 2355 2566 2409 qum
2616 2340 2681 2395 ad
2712 2340 2881 2411 ipsam
2920 2344 3263 2412 pertinebant
3291 2345 3626 2401 cathedram.

2128 2452 2201 2505 De
2226 2452 2303 2504 Itis
2332 2453 2419 2523 qui
2456 2455 2505 2505 in
2531 2454 2723 2522 plebes,
2751 2472 2879 2525 quas
2920 2456 2990 2508 ad
3019 2474 3073 2510 se
3103 2466 3284 2525 putant
3308 2460 3583 2525 pertinere,
3614 2463 3701 2513 in-

2301 2526 2560 2576 rouventis
2592 2525 2667 2576 liis
2706 2543 2736 2576 (ι
2764 2526 2945 2595 quibus
2978 2535 3240 2592 tenentur,
3278 2528 3542 2581 irruerint.

2191 2612 2349 2667 CXX.
2376 2614 2507 2669 Item
2539 2616 2763 2684 placuit,
2793 2622 2850 2669 ut
2895 2617 3199 2685 quicunque
3229 2618 3489 2689 episcopi,
3517 2620 3697 2689 plebes

2123 2718 2256 2771 quas
2283 2703 2352 2757 ad
2377 2719 2525 2756 suam
2558 2706 2860 2759 cathedram
2883 2707 3148 2759 mstimant
3170 2709 3455 2775 pertinere,
3487 2723 3593 2764 non
3627 2710 3712 2764 ita;

2123 2804 2373 2864 repetunt
2394 2804 2450 2848 ut
2472 2811 2661 2849 causas
2682 2812 2805 2851 suas
2830 2796 3097 2866 episcOpis
3125 2798 3489 2864 judicantibus
3520 2810 3695 2868 agant.

2124 2885 2217 2940 sed
2245 2886 2353 2939 alio
2381 2886 2648 2941 retinente
2677 2888 2946 2953 irruerint,
2978 2888 3093 2941 sive
3121 2889 3443 2955 volentibus,
3470 2893 3583 2946 sive
3604 2908 3697 2947 no-

2125 2979 2355 3034 Ientibus
2382 2981 2641 3049 plebibus,
2674 2996 2848 3035 causa:
2868 2997 2978 3035 suae
3004 2982 3381 3037 detrimentum
3412 2986 3707 3052 patiantur.

2128 3067 2193 3121 Et
2220 3070 2526 3140 quicunque
2548 3073 2660 3141 jam
2693 3074 2795 3126 hoc.
2821 3071 3083 3137 fecerunt,
3115 3074 3158 3127 si
3191 3075 3427 3128 nondum
3456 3088 3539 3129 est
3568 3078 3702 3131 inter

452 3191 577 3235 ante
608 3183 750 3250 leges
777 3184 845 3238 de
874 3185 1164 3240 Donatistis
1191 3186 1359 3249 latas,
1400 3186 1679 3239 catholica:
1710 3183 1847 3239 facta
1877 3192 2024 3249 sunt,

2134 3160 2416 3231 episcopos
2455 3162 2601 3217 ﬁnita
2640 3164 2938 3227 contentio,
2985 3164 3077 3219 sed
3108 3164 3285 3219 adhuc
3315 3165 3439 3220 inde
3478 3178 3701 3222 centen-

453 3274 517 3324 a.l
548 3287 642 3325 eas
668 3276 947 3328 cathedras
976 3278 1298 3344 pertineant,
1330 3290 1429 3344 per
1467 3291 1695 3343 quarum
1742 3276 2027 3344 episcopos

456 3363 653 3416 factum
704 3374 786 3415 est
831 3373 889 3417 ut
936 3367 1212 3420 catholica:
1262 3365 1453 3420 unitati
1500 3365 1961 3419 communicarent
2010 3382 2023 3418 :

457 3464 580 3521 post
627 3455 770 3522 leges
818 3466 1034 3519 autem,
1087 3472 1421 3525 quincunque
1448 3457 2025 3520 communicaverunt,

456 3546 584 3599 illnc
627 3548 930 3614 pertineant
973 3565 1083 3619 quo
1149 3550 1528 3618 pertinebant,
1584 3564 1705 3603 cum
1750 3558 1933 3604 essent
1974 3550 2026 3604 in

456 3648 608 3708 parte
655 3639 866 3694 Donati.
915 3641 1019 3695 Sed
1050 3643 1172 3711 quia
1204 3642 1385 3695 multie
1424 3642 1803 3696 controversiae
1838 3650 2026 3711 postea

456 3730 596 3783 inter
617 3732 901 3801 epise0pos
929 3733 998 3788 de
1040 3733 1359 3789 dioecesibus
1388 3742 1519 3787 orta:
1565 3743 1689 3788 sunt
1712 3774 1725 3797 ,
1763 3742 1817 3787 et
1846 3734 2029 3788 oriun-

458 3827 564 3886 tur,
614 3823 806 3891 quibus
833 3832 961 3878 tunc
1004 3825 1179 3878 minus
1222 3824 1431 3878 videtur
1475 3839 1594 3879 esse
1644 3832 2026 3893 prospectum,

459 3929 600 3968 nunc
629 3917 736 3969 isto
774 3917 1005 3971 concilio
1038 3925 1223 3971 sancto
1272 3916 1468 3986 placuit
1523 3925 1580 3970 ut
1629 3916 1933 3985 ubicunque
1974 3926 2032 3971 et

457 4006 719 4059 catholica
751 4007 873 4071 fuit,
904 4016 958 4062 et
998 4024 1121 4078 pars
1150 4009 1363 4074 Donati,
1397 4015 1451 4062 et
1476 4008 1541 4062 ad
1573 4008 1813 4062 diversas
1841 4010 2028 4064 cathe-

455 4094 580 4149 dras
626 4096 999 4165 pertinebant,
1046 4111 1367 4166 quocunque
1416 4104 1659 4166 tempore
1708 4096 1815 4150 illic
1853 4098 2029 4151 unitas

457 4182 596 4238 facta
627 4193 708 4239 est
737 4186 823 4240 vel
865 4186 1002 4241 facta
1049 4187 1227 4251 fuerit,
1261 4186 1375 4241 sive
1400 4196 1526 4241 ante
1555 4186 1728 4254 leges,
1759 4186 1873 4239 sive
1908 4196 2030 4254 post

456 4274 618 4342 leges.
644 4277 710 4330 ad
750 4293 868 4331 eam
895 4272 1218 4333 cathedram
1231 4280 1539 4348 pertineant
1562 4278 1628 4333 ad
1658 4294 1818 4347 quam
1840 4279 2031 4334 catho-

456 4369 557 4423 lica
580 4384 703 4439 quae
728 4371 839 4439 jam
873 4374 946 4427 ibi
977 4373 1152 4428 fuerat
1180 4374 1506 4444 pertinebat.

456 4476 537 4530 De
572 4479 865 4554 dioecesibus
897 4497 913 4554 ;
944 4486 1164 4553 qualiter
1184 4501 1272 4537 eas
1298 4485 1530 4554 dividant
1557 4486 1692 4537 inter
1721 4502 1775 4537 se
1802 4485 2028 4554 episcopi

2129 3253 2300 3317 dunt,
2335 3254 2423 3308 ille
2473 3253 2599 3307 inde
2639 3254 2914 3319 discedat,
2966 3268 3124 3322 quem
3155 3256 3457 3309 constiterit
3486 3266 3705 3325 printer-

2133 3343 2309 3399 missis
2333 3343 2550 3413 judiciis
2588 3344 2967 3399 ecclesiasticis
3010 3346 3246 3399 irruisse.
3283 3346 3389 3401 Nec
3431 3348 3531 3400 sibi
3559 3349 3705 3417 quis-

2128 3449 2232 3503 que
2259 3436 2583 3495 blandiatur.
2608 3439 2652 3490 si
2682 3454 2711 3491 a
2736 3438 2979 3509 primate,
3015 3449 3074 3490 ut
3103 3439 3349 3503 retineat,
3378 3440 3585 3493 litteras
3613 3440 3705 3492 im-

2129 3529 2353 3597 petrarit
2380 3570 2394 3593 ,
2444 3530 2537 3583 sed
2565 3532 2677 3584 sive
2705 3532 2900 3585 habeat
2928 3532 3158 3597 litteras,
3206 3534 3320 3586 sive
3349 3549 3456 3586 non
3486 3534 3704 3596 habeat,

2130 3619 2415 3670 conveniat
2442 3634 2564 3672 eum
2598 3620 2686 3687 qui
2728 3631 2892 3681 tenet,
2925 3632 2981 3673 et
3006 3620 3122 3688 ejus
3149 3623 3355 3675 litteras
3379 3623 3629 3693 accipiat,
3653 3632 3715 3679 ut

2130 3724 2253 3762 eum
2282 3720 2541 3779 appareat
2570 3711 2795 3780 pacilice
2825 3713 3059 3766 tenuisse
3084 3711 3381 3767 Ecclesiam
3410 3713 3477 3767 ad
3501 3729 3561 3768 se
3585 3729 3706 3784 per-

2131 3799 2409 3853 tinentem.
2453 3799 2509 3854 Si
2544 3811 2722 3855 autem
2754 3803 2985 3873 aliquam
3027 3805 3378 3873 quiestionem
3425 3806 3711 3873 retulerit,

2133 3904 2229 3957 per
2258 3891 2545 3959 episcopos
2566 3890 2772 3959 judices
2818 3908 2977 3946 causa
3031 3892 3246 3947 tiniatur
3277 3912 3290 3946 :
3331 3895 3444 3950 sive
3471 3910 3609 3964 quos
3632 3897 3711 3952 eis

2133 3983 2386 4050 primates
2432 3982 2677 4037 dederint
2708 4022 2725 4047 ,
2770 3984 2884 4039 sive
2923 4000 3060 4052 quos
3102 3984 3205 4055 ipsi
3234 3986 3443 4041 vicinos
3481 4001 3548 4042 ex
3577 4003 3707 4042 con-

2131 4088 2293 4127 sensu
2321 4074 2599 4139 elegerint.

2274 4164 2351 4217 De
2380 4166 2457 4219 his
2478 4166 2563 4236 qui
2586 4166 2754 4235 plebes
2776 4168 2845 4219 ad
2872 4186 2926 4221 se
2950 4172 3261 4239 pertinentes
3282 4172 3566 4242 negligant.

2200 4255 2386 4310 CXXI.
2421 4256 2553 4311 Item
2605 4257 2804 4326 placuit
2843 4269 2903 4313 ιιι
2952 4262 3258 4330 quicunque
3287 4262 3562 4331 negligant
3590 4262 3715 4319 loca

2132 4346 2201 4400 ad
2226 4364 2378 4401 suam
2407 4347 2723 4404 cathedram
2752 4350 3101 4419 pertinentia,
3130 4352 3181 4405 in
3224 4353 3549 4407 catholicam
3588 4354 3708 4408 uni—

2134 4447 2298 4494 tatem
2348 4439 2583 4503 lucrari,
2628 4441 3019 4495 conveniantur
3054 4457 3084 4494 a
3131 4442 3473 4513 diligentibus
3517 4443 3711 4498 vicinis

525 4529 908 4605 ιαίιῖεειῃίδιῑεέ
945 4529 1772 4625 2:55:42;gratuitas;
1797 4529 2029 4608 gata;-
2060 4551 2102 4606 υ
2132 4530 2420 4597 episcopis.
2454 4539 2513 4583 υι
2554 4529 2797 4625 βέλεμνα
2826 4542 3262 4625 nmmum
3300 4531 3469 4625 900‘!
3496 4533 3540 4589 si
3570 4533 3713 4625 intra

525 4629 662 4671 sunt.

532 4708 759 4764 CXVIII.
786 4710 863 4765 Ita
894 4727 1046 4779 sane,
1076 4721 1135 4768 ut
1162 4713 1208 4768 si
1237 4715 1522 4784 episcopus
1546 4728 1613 4767 ex
1644 4714 1934 4770 Donatistis
1958 4714 2026 4770 ad

457 4801 779 4856 catholicam
809 4804 1068 4859 unitatem
1097 4821 1389 4863 conversus
1423 4813 1506 4861 est
1528 4842 1544 4869 ,
1586 4805 1864 4873 aequaliter
1890 4806 2030 4863 inter

456 4907 516 4946 se
569 4891 808 4947 dividant
834 4910 929 4950 eas
973 4912 1091 4966 quae
1118 4897 1197 4953 sic
1222 4895 1421 4953 fuerint
1448 4898 1698 4966 iuventte,
1742 4898 1829 4953 ubi
1857 4900 2027 4955 amba:

454 4991 639 5051 partes
654 4984 885 5052 ruerunt,
904 4985 955 5040 id
971 4996 1074 5055 est,
1097 4988 1267 5043 utalia
1281 4989 1394 5044 loca
1409 4989 1477 5044 ad
1493 4989 1660 5055 illum,
1676 4988 1778 5043 alia
1789 4990 1861 5044 ad
1879 4990 2026 5044 illum

454 5077 781 5143 pertineant,
814 5079 889 5133 ita
928 5087 989 5133 ut
1019 5080 1108 5136 ille
1135 5079 1364 5146 dividat,
1386 5081 1480 5150 qui
1508 5081 1737 5152 amplius
1766 5082 2026 5152 temporis

455 5167 510 5220 in
536 5168 848 5238 episc0patu
889 5168 1054 5225 habet
1074 5211 1089 5236 ,
1128 5179 1185 5226 et
1212 5171 1393 5227 minor
1419 5172 1602 5243 eligat.
1631 5171 1785 5239 Quod
1809 5172 1857 5227 si
1887 5171 2027 5229 forte

456 5272 591 5312 unus
619 5256 781 5315 fuerit
805 5260 972 5327 locus,
1010 5262 1077 5316 ad
1108 5278 1230 5317 eum
1263 5262 1531 5333 pertineat
1561 5264 1648 5319 cui
1675 5263 1907 5319 vicinior
1944 5264 2027 5319 in-

452 5349 687 5404 venitur.
728 5350 882 5417 Quod
908 5353 954 5408 si
981 5355 1241 5411 ambabus
1269 5355 1545 5411 cathedris
1570 5355 1853 5425 aequaliter
1890 5355 2025 5409 vici-

454 5456 556 5495 nus
592 5450 703 5511 est,
744 5443 811 5498 ad
853 5459 975 5500 eum
1020 5447 1325 5516 pertineat,
1374 5463 1535 5519 quem
1580 5448 1734 5519 plebs
1780 5446 2023 5515 elegerit.

454 5530 607 5597 Quod
635 5534 682 5589 si
708 5532 850 5590 forte
886 5536 1093 5608 antiqui
1130 5537 1381 5594 catholici
1409 5552 1567 5594 suum
1594 5537 1906 5607 episcopum
1926 5550 2027 5589 vo-

456 5621 687 5688 luerint,
729 5631 785 5677 et
814 5623 887 5679 illi
942 5641 1094 5680 suum
1123 5627 1217 5697 qui
1247 5642 1313 5683 ex
1364 5624 1557 5681 Donati
1585 5633 1737 5696 parte
1781 5623 2028 5679 conversi

455 5722 597 5776 sunt,
632 5715 859 5784 plurium
914 5718 1160 5773 voluntas
1207 5718 1548 5787 paucioribus
1596 5715 1925 5784 praeferatur.
1970 5712 2027 5765 Si

456 5815 633 5863 autem
664 5818 844 5881 partes
884 5812 1114 5882 :equales
1144 5819 1283 5877 sunt,
1336 5808 1553 5879 majoris
1604 5806 1864 5877 temporis
1908 5804 2024 5876 epi-

2132 4633 2229 4671 sex
2258 4634 2469 4672 menses
2511 4634 2540 4671 a
2585 4618 2672 4674 die
2702 4620 3074 4674 conventionis
3119 4637 3226 4676 non
3257 4622 3572 4688 ell'ecerint,
3618 4623 3709 4691 qui

2134 4713 2368 4783 potuerit
2396 4727 2461 4767 ea
2501 4712 2696 4768 lucrari
2721 4752 2737 4779 ,
2784 4712 2850 4767 ad
2880 4714 3053 4782 ipsum
3085 4715 3409 4783 pertineant.
3451 4714 3528 4768 Ita
3556 4728 3707 4775 sane,

2134 4814 2193 4858 ut
2220 4804 2262 4859 si
2293 4804 2383 4859 ille
2430 4804 2497 4859 ad
2526 4820 2691 4874 quem
2740 4805 3063 4874 pertinuisse
3090 4805 3429 4869 videbantur,
3480 4805 3710 4875 probare

2134 4895 2370 4964 potuerit
2397 4894 2566 4962 magis
2591 4893 2730 4948 illius
2774 4894 3001 4949 electam
3048 4894 3428 4963 negligentiam
3457 4896 3524 4950 ab
3549 4894 3710 4949 hatre-

2134 4987 2275 5050 ticis,
2309 4995 2367 5041 ut
2411 4987 2628 5056 impune
2670 4986 2740 5039 ibi
2769 4986 2899 5051 sint,
2931 4994 2986 5040 et
3008 5000 3160 5039 suam
3190 4984 3518 5055 diligentiam
3548 4982 3709 5040 fuisse

2134 5088 2459 5149 prmventam
2494 5096 2506 5131 :
2540 5087 2597 5131 ut
2637 5092 2703 5131 eo
2734 5076 2894 5131 modo
2921 5075 3038 5146 ejus
3083 5091 3211 5130 cura
3252 5076 3535 5131 sollicitior
3560 5083 3709 5130 vets-

2133 5178 2281 5223 retur
2310 5188 2322 5220 :
2353 5184 2473 5222 eum
2502 5167 2606 5221 hoc
2638 5166 2848 5234 judices
2875 5166 3117 5236 episcopi
3166 5165 3554 5235 cognoverint,
3602 5180 3710 5221 sua:

2134 5258 2402 5313 cathedra:
2426 5257 2545 5311 loca
2568 5255 2874 5310 restituant.
2899 5255 3041 5311 Sane
3064 5257 3109 5310 si
3130 5256 3372 5327 episcopi
3416 5257 3557 5311 inter
3576 5270 3712 5325 quos

2135 5364 2298 5405 causa
2325 5357 2586 5412 versatur,
2619 5346 2952 5402 diversarum
2981 5358 3105 5402 sunt
3149 5347 3575 5416 provinciarum,
3622 5346 3712 5401 ille

2132 5439 2333 5507 primas
2358 5438 2450 5492 det
2471 5436 2701 5506 judices,
2727 5437 2780 5495 in
2811 5436 2965 5506 cujus
3005 5438 3279 5507 provincia
3323 5446 3408 5490 est
3436 5439 3589 5493 locus
3638 5435 3708 5491 de

2130 5544 2239 5598 quo
2276 5528 2637 5583 contenditur.
2670 5528 2727 5582 Si
2758 5537 2937 5583 autem
2966 5543 3033 5583 ex
3064 5527 3335 5583 communi
3362 5527 3562 5598 placito
3587 5527 3710 5581 vici-

2131 5635 2228 5673 nos
2251 5618 2459 5687 judices
2498 5618 2777 5688 elegerint,
2815 5628 2909 5673 aut
2951 5635 3089 5674 unus
3149 5620 3380 5688 eligatur
3427 5628 3522 5674 aut
3579 5628 3710 5682 tres,

2132 5720 2189 5765 ut
2216 5710 2261 5766 si
2291 5720 2401 5766 tres
2426 5711 2703 5779 elegerint,
2736 5720 2828 5767 aut
2856 5713 3094 5768 omnium
3122 5713 3447 5769 sententiam
3476 5727 3705 5783 sequan-

2132 5812 2236 5869 tur,
2270 5810 2361 5858 aut
2391 5802 2637 5858 duorum.
