4092 6348
388 289 491 346 ‘2‘.”

1348 283 1572 340 GOBE‘X
1609 283 1937 341 CANONUM
1982 282 2678 341 ECCLESIASTICORUM.

3553 286 3660 341 1‘32

391 394 544 459 Quod
572 397 839 449 electorum
870 397 1107 466 jadicnm
1131 398 1382 451 sententia
1425 398 1597 468 sperni
1623 414 1725 451 non
1761 398 1964 451 debeat.
1996 400 2046 457 Λ
2075 412 2226 451 versa
2247 406 2576 465 cognoscant
2604 415 2617 451 ε
2646 413 2674 450 a
2699 414 2808 468 quo
2830 398 2984 468 petiit
3010 398 3319 454 universum
3346 398 3657 460 concilium,

465 482 665 536 CXXII.
715 487 753 539 Λ
798 489 1070 553 .iulicilms
1100 498 1276 542 autem
1325 505 1460 559 quos
1493 489 1794 541 (“Olltlltllllis
1843 506 1973 542 con-

395 591 586 630 sensus
622 577 881 645 elegerit,
928 597 1035 632 non
1074 581 1233 634 liccat
1280 595 1598 650 provocare.
1636 579 1704 634 Et
1732 578 1974 650 quisquis

395 677 719 736 provocatus
764 674 1010 738 repertus
1048 669 1207 723 fuerit
1256 686 1353 738 per
1390 671 1785 725 contumaciam
1827 668 1973 723 nolle

398 761 771 831 obtemperare
809 762 1077 831 judicibus
1102 805 1118 829 ,
1165 778 1284 816 cum
1330 763 1435 815 hoc
1472 763 1656 831 prima:
1690 762 1832 816 sedis
1858 761 1974 829 epi-

395 870 562 924 scopo
607 854 765 909 fuerit
810 855 1121 925 probatum,
1173 854 1264 909 dct
1310 856 1544 913 litteras.
1598 864 1655 907 ut
1701 853 1880 906 nullus
1921 852 1972 906 ei

396 948 759 1002 communicet
786 947 1187 1017 epis00porum,
1214 946 1385 1001 donec
1415 949 1769 1016 obtemperet.

399 1057 467 1111 Ut
494 1059 538 1111 si
576 1061 844 1130 episcopus
874 1060 1102 1131 negligat
1127 1075 1275 1141 suam
1298 1058 1581 1124 dioecesim,
1612 1060 1971 1113 communione

1063 1140 1308 1200 privetur.

463 1220 693 1276 CXXIII.
736 1220 793 1276 Si
823 1222 875 1275 in
916 1223 1227 1276 matricibus
1253 1220 1527 1276 cathedris
1553 1221 1840 1290 episcopus
1870 1236 1970 1275 ne-

393 1313 596 1381 gligens
624 1313 783 1369 fuerit
828 1313 1085 1369 adversus
1114 1314 1421 1379 haereticos,
1465 1314 1815 1369 conveniatur
1835 1328 1864 1366 a
1891 1314 1974 1368 vi-

394 1411 531 1464 cinis
558 1409 826 1480 episcopis
855 1409 1218 1478 diligentibus,
1244 1418 1299 1464 et
1328 1409 1377 1463 ei
1399 1425 1493 1463 sua
1524 1408 1845 1476 negligentia
1876 1407 1973 1462 de-

392 1510 743 1564 monstretur,
788 1509 847 1555 ut
888 1516 947 1555 se
976 1516 1236 1555 excusare
1265 1516 1373 1554 non
1420 1499 1606 1569 possit.
1651 1498 1803 1565 Quod
1833 1499 1876 1552 si
1904 1514 1971 1553 ex

392 1589 481 1644 die
521 1605 628 1658 quo
673 1590 1026 1655 convenitur,
1080 1590 1218 1644 intra
1261 1607 1354 1645 sex
1407 1605 1653 1654 menses,
1702 1590 1745 1645 si
1775 1591 1825 1643 in
1856 1590 1971 1657 ejus

391 1684 665 1754 provincia
694 1686 971 1740 exsecutio
1011 1685 1190 1751 fuerit,
1240 1696 1295 1740 ct
1322 1703 1429 1741 non
1472 1701 1567 1741 eos
1610 1683 1679 1738 ad
1709 1684 1969 1738 unitatem

2079 496 2138 542 ut
2166 489 2372 542 cunctis
2416 490 2530 543 sive
2560 490 2726 557 gestis
2756 506 2874 559 qua:
2922 490 3164 544 confecta
3209 487 3316 557 jam
3360 497 3513 556 sunt,
3561 505 3658 542 seu

2076 578 2318 647 epistolis
2341 579 2456 647 ipse
2485 579 2805 634 subscribat.
2834 578 2901 632 Et
2921 580 3370 649 subscripserunt.
3405 579 3689 633 Aurelius’

2076 673 2365 742 episcOpns
2385 672 2637 729 Ecclesia:
2659 672 3097 741 Carthaginensis
3136 675 3261 729 huic
3280 674 3503 729 decreto
3524 689 3656 729 con-

2072 763 2238 829 sensi,
2260 769 2315 817 et
2344 763 2594 832 prazlecto
2614 764 2926 834 subscripsi.
2947 759 3204 819 Similiter
3233 776 3287 819 et
3314 764 3497 820 ea:er
3522 762 3655 818 sub-

2074 853 2424 923 scripserunt.

2075 960 2208 1017 Item
2234 963 2350 1018 huic
2379 965 2595 1019 concilio
2623 967 2857 1037 interfuit
2886 966 3136 1023 Ecclesiae
3168 968 3416 1022 Romana:
3438 968 3650 1038 legatio.

2144 1052 2272 1106 Post
2319 1055 2658 1119 consulatum
2705 1058 3215 1125 gloriosissimorum
3264 1058 3652 1127 imperatorum

2076 1142 2293 1198 llonorii
2326 1161 2397 1199 xu
2445 1154 2501 1199 et
2539 1146 2827 1201 Theodosii
2858 1164 2949 1201 vtu
2983 1161 3177 1216 Αυεε..
3209 1163 3265 1203 III
3294 1148 3403 1202 kal.
3436 1147 3647 1210 Junias,

2072 1234 2394 1304 Carthagine
2419 1236 2473 1289 in
2501 1238 2794 1292 secretario
2824 1237 3056 1292 basilica:
3081 1238 3361 1291 restitulaz.
3388 1235 3522 1290 Cum
3544 1235 3653 1288 Au-

2072 1326 2236 1380 relius
2258 1327 2560 1397 cpiscopus,
2593 1342 2700 1381 una
2728 1342 2849 1381 cum
2883 1326 3141 1381 Faustino
3168 1325 3422 1381 Ecclesia:
3450 1323 3653 1379 Poten-

2074 1415 2219 1481 tinze,
2250 1417 2536 1484 provincia:
2557 1417 2720 1471 Italia:
2751 1414 2956 1484 Piceni,
2981 1418 3155 1484 legato
3183 1416 3437 1470 Romana:
3465 1412 3653 1469 Eccle-

2072 1507 2186 1570 sirc,
2216 1505 2501 1562 Vincentio
2539 1506 2876 1572 Culositano,
2912 1507 3303 1562 Fortunatiano
3345 1503 3655 1575 Neapolita-

2076 1614 2168 1663 uo,
2200 1597 2438 1652 Mariano
2480 1598 2844 1671 Uzipparensi,
2885 1600 3164 1656 Adeodato
3205 1598 3481 1662 Simidico,
3511 1596 3653 1652 Peu-

2076 1689 2221 1742 tadio
2268 1688 2582 1759 Carpitauo,
2628 1690 2912 1744 Ruﬁniano
2952 1688 3283 1756 Muzubensi,
3326 1686 3654 1743 Prmtextato

394 1775 719 1830 catholicam
769 1777 1162 1830 convertendos
1198 1779 1489 1842 curaverit,
1517 1793 1621 1831 non
1652 1776 1703 1830 ei
1732 1789 1973 1842 commp-
2001 1770 2048 1827 B
2074 1781 2397 1849 Sicilibensi,
2429 1781 2802 1848 Quodvultdeo
2830 1782 3081 1849 Verensi,
3112 1780 3353 1835 Candido
3384 1778 3653 1833 Abbirita-

391 1866 633 1929 nicetnr,
680 1866 853 1921 donec
892 1866 1203 1936 adintplcat.
1259 1869 1313 1923 Si
1362 1879 1541 1924 autem
1590 1876 1875 1922 exsecutor
1903 1865 1972 1920 ad

393 1954 512 2007 loca
538 1969 645 2008 non
675 1956 905 2023 venerit,
931 1972 1034 2010 non
1058 1959 1358 2014 ascribatur
1379 1961 1657 2030 episcopo.

392 2061 475 2116 De
520 2064 770 2133 episcopis
824 2063 911 2135 qui
980 2063 1282 2122 Donatistas
1326 2069 1731 2125 communicasse
1773 2065 1975 2121 mentiti

1070 2142 1279 2209 fuerint.

467 2221 695 2279 CXXIV.
735 2225 792 2280 Si
830 2237 1008 2283 autem
1054 2230 1338 2298 probatum
1370 2229 1531 2285 fuerit
1573 2244 1696 2284 eum
1724 2228 1791 2284 de
1821 2244 1971 2285 com-

396 2316 651 2371 munione
680 2317 892 2373 illorum
918 2318 1080 2374 fuisse
1110 2321 1413 2389 mentitum,
1440 2321 1666 2376 dicendo
1698 2336 1793 2376 eos
1820 2336 1971 2375 com-

397 2407 697 2464 municasse
726 2426 862 2478 quos
912 2427 977 2465 eo
1006 2413 1211 2467 sciente
1245 2429 1352 2467 non
1390 2415 1815 2469 communicasse
1844 2429 1974 2469 con-

398 2500 612 2563 stiterit,
644 2503 806 2555 etiam
837 2504 1203 2574 episcopatum
1226 2507 1456 2562 amittat.

397 2607 478 2662 De
515 2610 825 2683 presbyteris
861 2625 911 2667 et
944 2615 1178 2689 clericis,
1218 2625 1273 2669 nt
1315 2635 1418 2672 non
1451 2619 1712 2689 appellent
1758 2619 1859 2672 nisi
1905 2618 1974 2671 ad

924 2686 1173 2756 Africana
1200 2690 1440 2742 concilia.

470 2788 676 2878 CvXXV.
721 2794 851 2848 Item
893 2796 1109 2866 placuit,
1146 2807 1203 2852 nt
1238 2801 1571 2873 presbyteri,
1614 2803 1851 2867 diaconi,
1890 2804 1976 2858 vel

401 2884 582 2936 caueri
634 2884 915 2942 inferiores
960 2888 1160 2955 clerici,
1194 2892 1247 2945 in
1282 2893 1482 2961 causis,
1508 2909 1643 2963 quas
1671 2896 1972 2959 habuerint,

400 2971 444 3024 si
474 2971 778 3040 de-judiciis
819 2976 1196 3047 episcoporum
1244 2995 1463 3036 suorum
1511 2982 1686 3052 questi
1735 2981 1971 3045 fuerint,

400 3059 561 3114 vicini
591 3062 829 3131 episcopi
860 3080 954 3118 eos
982 3067 1223 3134 audiant,
1249 3080 1304 3124 et
1343 3070 1482 3125 inter
1501 3088 1594 3127 eos
1614 3073 1868 3145 quidquid
1891 3083 1970 3127 est

404 3147 607 3215 ﬁniant,
633 3154 854 3209 adhibiti
876 3157 941 3211 ab
965 3158 1041 3211 eis
1068 3175 1134 3213 ex
1155 3176 1417 3216 consensu
1444 3140 1821 3234 episcoporum
1851 3182 1973 3218 suo-
2004 3140 2051 3203 Ο

404 3256 543 3294 rum.
575 3242 727 3309 Quod
755 3248 798 3299 si
828 3256 883 3301 et
912 3248 977 3303 ab
1001 3250 1078 3304 eis
1100 3254 1500 3320 provocandam
1524 3258 1847 3325 putaverint,
1871 3272 1976 3311 non

405 3345 699 3400 provocent
726 3337 826 3392 nisi
855 3338 918 3391 ad
942 3339 1187 3396 Africana
1217 3345 1461 3411 concilia,
1495 3347 1577 3401 vel
1606 3347 1672 3401 ad
1716 3348 1975 3416 primates

350 3420 353 3421 ⁷
408 3421 799 3489 provinciarum
852 3444 1107 3496 suarum;
1141 3431 1209 3485 ad
1254 3436 1611 3488 transmarina
1661 3446 1840 3490 autem
1886 3436 1978 3504 qui

404 3513 672 3577 putaverit
693 3517 1087 3585 appellandum,
1116 3536 1145 3575 a
1168 3523 1314 3578 nullo
1342 3524 1479 3578 intra
1503 3524 1735 3581 Africam
1753 3527 1805 3581 in
1830 3542 1979 3582 com-

404 3600 710 3657 munionem
741 3608 1076 3678 suscipiatur.

602 3710 681 3766 De
707 3715 988 3785 uirginibus
1014 3718 1169 3772 etiam
1198 3720 1483 3777 minoribus
1512 3724 1764 3779 vetandis.

477 3818 707 3877 CXXVI.
747 3821 880 3877 Item
923 3827 1143 3895 placuit,
1178 3838 1234 3883 ut
1263 3832 1566 3901 quicunque
1604 3835 1977 3905 episcoporum

408 3909 729 3964 necessitate
754 3912 1104 3980 periclitantis
1136 3917 1405 3986 pudicitia:
1431 3922 1725 3990 virginalis,
1748 3940 1869 3977 cum
1897 3925 1978 3978 vel

408 4000 605 4069 petitor
633 4010 845 4070 potens,
876 4006 962 4060 vel
996 4016 1183 4077 raptor
1223 4011 1416 4079 aliquis
1456 4012 1794 4082 formidatur,
1828 4017 1907 4071 vel
1934 4017 1978 4072 si

405 4092 567 4145 etiam
611 4094 789 4162 aliquo
818 4099 1006 4155 mortis
1036 4102 1337 4169 periculoso
1365 4107 1615 4175 scrupulo
1658 4121 1977 4178 compuncta

407 4178 586 4248 fuerit,
618 4199 686 4238 ne
711 4201 820 4241 non
846 4189 1024 4245 velata
1058 4193 1341 4255 moriatur,
1380 4205 1473 4248 aut
1510 4198 1847 4267 exigentibus
1885 4216 1980 4270 pa-

408 4272 669 4340 rentibus,
700 4284 795 4331 aut
821 4277 904 4332 his
932 4280 1001 4334 ad
1041 4297 1270 4351 quorum
1317 4300 1501 4340 curam
1532 4290 1785 4357 pertinet,
1830 4292 1978 4346 vela-

407 4364 548 4418 verit
592 4366 871 4433 virginem,
896 4385 990 4426 seu
1035 4374 1232 4429 velavit
1277 4377 1415 4441 intra
1446 4380 1631 4448 viginti
1662 4392 1717 4436 et
1744 4385 1980 4454 quinque

410 4469 583 4513 annos
635 4460 846 4514 aetatis:
880 4478 987 4517 non
1024 4466 1074 4519 ei
1109 4468 1251 4521 obsit
1280 4471 1564 4526 concilium
1594 4474 1736 4544 quod
1762 4477 1832 4530 de
1876 4478 1978 4531 isto

408 4564 671 4606 annorum
698 4569 924 4611 numero
942 4560 1290 4615 constitutum
1321 4572 1421 4617 est.

410 4656 498 4712 Ne
525 4660 716 4742 diutius
741 4665 965 4742 episcopi
993 4677 1257 4724 teneantur
1280 4674 1334 4726 in
1359 4677 1597 4741 concilio,
1632 4688 1798 4732 ternos
1828 4696 1893 4734 ea:
1922 4699 1975 4736 se

598 4737 917 4803 singularum
944 4742 1319 4807 provinciarum
1339 4745 1541 4814 judices
1569 4737 1783 4817 eligant.

479 4840 735 4918 CXXVII.
777 4845 908 4901 Item
934 4849 1154 4918 placuit,
1180 4868 1248 4909 ne
1272 4855 1470 4911 diutius
1498 4860 1733 4915 universi
1760 4863 1978 4931 episco-

411 4930 467 4999 pi
512 4932 602 5000 qui
631 4931 700 4986 ad
727 4936 1012 4991 concilium
1061 4945 1368 5013 congregati
1398 4955 1520 5000 sunt
1548 4930 1879 5017 tenerentur,
1913 4954 1981 5009 ab

414 5022 664 5079 universo
690 5028 920 5099 concilio
944 5030 1153 5098 judiees
1191 5042 1373 5090 ternos
1409 5038 1476 5092 de
1511 5039 1730 5107 singulis
1754 5045 1980 5111 provin-

410 5115 510 5168 ciis
536 5116 683 5185 eligi,
714 5129 770 5173 et
796 5119 953 5175 electi
989 5133 1114 5179 sunt
1142 5126 1208 5180 de
1235 5129 1508 5196 provincia
1546 5129 1977 5202 Carthaginensi,

415 5202 742 5277 Vincentius,
779 5209 1215 5285 Fortunatianus,
1251 5228 1307 5273 et
1342 5219 1566 5288 Clarus;
1598 5224 1665 5278 de
1704 5227 1977 5294 provincia

410 5295 654 5353 Numidia
684 5302 926 5373 Alypius,
955 5305 1298 5376 Augustinus,
1332 5322 1388 5367 et
1418 5313 1713 5373 Restitutus
1737 5336 1751 5385 ;
1775 5319 1841 5375 de
1865 5337 1985 5391 pro-

410 5390 586 5443 vincia
615 5390 910 5465 Byzacena,
932 5414 1051 5453 cum
1080 5412 1265 5455 sancto
1288 5420 1417 5459 sene
1440 5407 1735 5464 Donatiano
1758 5390 1985 5481 primate

410 5480 751 5554 Cresconius,
774 5486 1063 5556 Jocundus,
1096 5502 1151 5547 et
1181 5493 1499 5553 Emilianns
1527 5516 1541 5561 ;
1571 5498 1637 5554 de
1667 5480 1980 5559 Mauritania

412 5571 650 5630 Sitifensi
680 5577 1021 5645 Severianus,
1053 5583 1334 5650 Asiaticus,
1370 5595 1425 5640 ct
1456 5588 1690 5645 Donatus
1716 5609 1731 5656 ;
1761 5593 1829 5648 de
1858 5611 1985 5664 pro-

413 5666 585 5731 vincia
610 5667 935 5739 ‘l‘ripolitana
960 5672 1217 5742 Plautius,
1245 5678 1334 5746 qui
1357 5694 1423 5734 ex
1446 5697 1594 5736 more
1619 5682 1824 5751 legatus
1846 5704 1982 5745 unus

414 5766 496 5808 est
523 5757 735 5825 missus,
767 5761 858 5830 qui
889 5778 1074 5821 omnes
1104 5783 1222 5823 cum
1254 5778 1441 5824 sancto
1466 5786 1594 5826 sene
1622 5771 1838 5829 Aurelio
1866 5781 1983 5834 uni-

2007 4526 2060 4586 D

2075 1888 2165 1937 no,
2206 1871 2525 1927 Gallouiano
2558 1873 2761 1928 Utiensi
2805 1875 2992 1942 legatis
3021 1875 3311 1944 provincia:
3354 1872 3655 1926 Proconsu-

2074 1966 2221 2030 laris,
2253 1966 2444 2036 Alypio
2479 1966 2852 2034 Thagastensi,
2885 1967 3183 2035 Augustino
3229 1964 3651 2035 lltppmiensium

2073 2055 2384 2123 Regiorum,
2416 2065 2470 2111 et
2501 2054 2792 2112 Posidonio
2813 2056 3119 2113 Calamcusi
3150 2058 3337 2125 legatis
3366 2055 3656 2127 provincia:

2073 2147 2352 2211 Numidiae,
2382 2149 2706 2205 Maximiano
2736 2152 2990 2220 Aqnensi,
3014 2150 3258 2206 Jocundo
3280 2148 3650 2211 Sull‘etulensi,

2074 2249 2128 2294 et
2158 2240 2432 2297 Ililariano
2458 2242 2923 2297 llorreocellorunt
2958 2245 3142 2312 legatis
3167 2243 3451 2312 provincia:
3482 2240 3656 2314 Byza-

2075 2348 2238 2394 ccmu,
2274 2333 2481 2387 Novato
2510 2334 2773 2398 Sitit‘cnsi,
2814 2346 2869 2390 et
2910 2334 3090 2388 Leone
3132 2334 3414 2399 Macte-usi,
3461 2332 3657 2402 legatis

2076 2428 2364 2496 provincia:
2394 2428 2725 2483 Mauritania:
2752 2429 3036 2493 Sitifensis,
3069 2429 3275 2482 Nincllo
3311 2427 3658 2490 Busurrensi,

2079 2519 2368 2575 Laurentio
2400 2521 2689 2585 Icositann,
2734 2531 2788 2576 ct
2831 2523 3155 2577 Numeriano
3190 2521 3543 2588 llusgunicnsi
3573 2520 3654 2573 lc-

2075 2613 2214 2681 gatis
2242 2614 2532 2682 provincia:
2572 2614 2903 2669 Mauritania:
2932 2615 3301 2680 Cmsaricnsis,
3343 2614 3409 2667 ab
3444 2614 3657 2667 univer-

2076 2706 2173 2758 sali
2222 2707 2457 2761 concilio
2482 2707 2752 2775 iudicibus
2778 2710 3024 2775 delectis,
3055 2711 3356 2763 astantilms
3394 2708 3658 2767 diaconis,

2077 2799 2434 2865 consedisset,
2466 2809 2521 2856 et
2567 2802 2882 2869 quihusdam
2934 2804 3187 2871 peractis,
3234 2803 3383 2855 nzulti
3416 2799 3658 2869 episcopi

2078 2900 2291 2943 CIDII‘I’O'
2311 2906 2396 2942 Illll
2427 2892 2852 2958 ιιρνεὶερυιιοιηιιιι
2884 2908 3213 2946 memorasse
3258 2905 3657 2957 (Τοηιιυρνρῐ-ριι-

2081 2990 2165 3034 tur
2211 2984 2481 3036 sustinere
2519 3000 2625 3036 non
2674 3000 2850 3052 posse,
2893 2995 2947 3038 et
2993 2985 3059 3037 ad
3105 2985 3350 3053 proprias
3392 2982 3660 3038 Ecclesiae

2081 3069 2415 3135 festinarent,
2439 3072 2640 3139 placuit
2671 3072 2920 3125 universo
2950 3072 3183 3128 concilio
3230 3080 3287 3126 ut
3315 3072 3383 3126 ab
3409 3070 3659 3126 omnibus

2080 3160 2404 3228 eligerentur
2421 3161 2487 3215 de
2509 3162 2728 3231 singulis
2753 3163 3052 3232 quibusque
3080 3163 3392 3232 provinciis,
3420 3160 3510 3230 qui
3531 3176 3658 3231 pro-

2081 3259 2200 3321 pter
2230 3252 2329 3305 alia
2362 3253 2661 3323 peragenda
2706 3254 3022 3307 residerent.
3058 3252 3121 3308 Et
3150 3253 3346 3307 factum
3373 3260 3458 3307 est
3513 3261 3573 3306 ut
3602 3251 3658 3307 bi

2079 3342 2329 3395 adessent
2382 3357 2607 3411 quorum
2656 3343 3076 3412 subscriptiones
3147 3359 3243 3398 eos
3288 3342 3521 3397 adfuisse
3570 3348 3651 3395 te-

2080 3443 2310 3488 ειλιιιιυιν.

2083 3545 2234 3611 Quod
2278 3549 2708 3602 excommtmicati
2758 3547 2827 3600 ad
2868 3548 3248 3601 accusationem
3297 3545 3503 3601 admitti
3551 3561 3657 3600 non

2748 3618 2984 3673 debeant.

2150 3732 2428 3788 CXXVIII.
2471 3732 2789 3801 Placuitque
2815 3732 3081 3796 omnibus,
3112 3730 3366 3800 quoniam
3412 3728 3662 3798 superio-

2081 3827 2229 3881 ribus
2264 3826 2618 3881 conciliorum
2656 3825 2891 3880 decretis
2918 3825 2987 3880 de
3037 3824 3288 3894 personis
3317 3838 3437 3891 qua:
3464 3820 3663 3877 admit-

2083 3918 2255 3974 tenda:
2287 3929 2411 3974 sunt
2438 3918 2505 3973 ad
2541 3920 2944 3975 accusationem
2975 3917 3296 3973 clericorum
3320 3914 3431 3984 jam
3461 3913 3662 3969 consti-

2086 4018 2252 4063 tutum
2292 4018 2402 4075 est,
2434 4017 2489 4064 et
2523 4024 2643 4078 quae
2680 4023 2924 4077 personae
2953 4022 3061 4061 non
3111 4006 3527 4067 admitterentur
3552 4018 3665 4059 non

2089 4117 2402 4171 expressum
2432 4109 2534 4165 est,
2566 4099 2766 4155 idcirco
2805 4097 3089 4156 deﬁnimus
3126 4112 3249 4151 eum
3276 4095 3377 4151 rite
3404 4094 3471 4149 ad
3499 4109 3663 4150 accu-

2083 4192 2344 4244 sationem
2371 4206 2475 4244 non
2500 4189 2741 4253 admitti,
2771 4189 2885 4257 qui,
2915 4196 3266 4257 posteaquam
3295 4182 3667 4239 excommuni-

2084 4288 2234 4335 catus
2270 4277 2451 4345 fuerit,
2487 4279 2539 4333 in
2570 4279 2683 4347 ipsa
2722 4277 2898 4332 adhuc
2941 4274 3498 4333 excommunicatione
3532 4288 3667 4329 con-

2083 4371 2317 4435 stitutus,
2349 4371 2462 4426 sive
2489 4371 2559 4425 sit
2599 4369 2859 4437 clericus,
2887 4370 3001 4427 sive
3044 4369 3236 4436 laicus,
3266 4381 3527 4424 accusare
3566 4382 3669 4424 vo-

2087 4461 2265 4516 luerit.

2088 4571 2238 4637 Quod
2264 4576 2396 4628 servi
2423 4583 2474 4627 et
2522 4574 2711 4637 liberti,
2740 4591 3018 4645 omnesque
3044 4576 3268 4645 infames
3295 4586 3534 4645 personae
3558 4587 3666 4628 non

2610 4646 2829 4702 debeant
2856 4662 3122 4701 accusare.

2155 4754 2561 4813 CXXIX.Item
2592 4758 2791 4828 placuit
2819 4766 2879 4813 ut
2932 4772 3120 4813 omnes
3174 4756 3314 4813 servi
3338 4756 3424 4811 vel
3462 4751 3667 4825 proprii

2086 4846 2263 4902 liberti
2290 4847 2359 4901 ad
2387 4849 2785 4904 accusationem
2813 4865 2921 4904 non
2948 4848 3318 4915 admittantur,
3344 4846 3429 4902 vel
3455 4858 3664 4903 omnes.

2087 4957 2223 5011 quos
2251 4942 2317 4998 ad
2341 4943 2639 4999 accusanda
2662 4943 2874 5013 publica
2900 4944 3123 5000 crimina
3144 4943 3291 5011 leges
3310 4939 3535 5012 publica
3556 4948 3667 4992 non

2087 5033 2395 5088 admittunt.
2425 5032 2625 5089 Omnes
2652 5036 2814 5090 etiam
2844 5034 3074 5089 infamia:
3106 5034 3327 5089 maculis
3356 5027 3578 5099 aspersi,
3608 5025 3665 5079 id

2088 5132 2190 5188 est,
2224 5125 2530 5188 histriones,
2560 5141 2625 5180 ac
2654 5126 3072 5196 turpitudinibus
3107 5124 3359 5190 subjecta:
3397 5131 3659 5189 personae.

2088 5217 2324 5273 hmretici
2360 5220 2542 5283 etiam,
2574 5220 2689 5274 sive
2734 5221 2949 5291 pagani,
2976 5233 3070 5273 seu
3111 5215 3278 5270 Judtei
3304 5232 3315 5267 :
3344 5212 3437 5269 sed
3482 5219 3665 5266 tamen

2086 5307 2333 5361 omnibus
2359 5308 2551 5377 quibus
2578 5309 2854 5363 accusatio
2901 5309 3218 5376 denegatur,
3246 5304 3300 5357 in
3326 5299 3505 5358 causis
3533 5313 3663 5371 pro-

2090 5396 2218 5467 priis
2246 5397 2533 5452 accusandi
2558 5398 2773 5455 licentia
2804 5413 2910 5451 non
2936 5394 3199 5463 neganda.

2165 5503 2233 5557 Ut
2261 5505 2344 5574 qni
2381 5522 2539 5559 unum
2567 5507 2759 5577 crimen
2788 5522 2892 5561 non
2924 5502 3245 5577 probaverit,
3276 5503 3345 5558 ad
3372 5503 3593 5559 alterum

2592 5576 2796 5630 admitti
2823 5575 2932 5630 non
2956 5575 3157 5631 debeat.

2158 5689 2369 5745 CXXX.
2411 5691 2540 5746 Item
2589 5692 2819 5763 placuit,
2866 5693 3291 5764 quotiescunque
3336 5690 3546 5747 clericis
3593 5688 3663 5741 ab

2088 5783 2489 5839 accusatoribus
2518 5784 2683 5839 multa
2716 5785 2933 5844 crimina
2965 5787 3309 5857 objiciuntur,
3332 5794 3385 5842 et
3408 5797 3569 5839 unum
3594 5796 3659 5834 es
