4092 6348
469 320 578 374 2-35

1702 312 2052 368 DIONYSIUS
2093 309 2249 364 liXIG
2261 309 2300 362 U
2312 309 2412 363 US.

3638 317 3746 369 9.3.5

471 431 618 498 ipsis,
650 432 717 487 de
744 448 848 502 quo
893 433 1039 503 prius
1076 433 1300 500 egerint,
1341 429 1568 498 prolmrc
1609 443 1717 480 non
1761 424 2043 486 valuerint,
2079 430 2121 481 Α
2224 420 2462 474 l\'inellus
2508 419 2971 484 Ilusurrianeusis,
3019 421 3224 489 legatus
3254 424 3540 491 provincia:
3563 427 3743 483 Gaesa-

469 522 538 576 atl
567 531 758 578 caetera
781 523 894 593 jam
922 540 1026 577 non
1057 523 1403 575 admittuntur

727 661 826 727 Qui
853 665 929 716 ad’
951 663 1293 717 testimonium
1323 659 1624 714 admittendi
1650 666 1786 710 sunt.

541 775 774 832 CXXXI.
815 775 1002 830 Testes
1029 784 1207 828 autem
1238 773 1303 827 ad
1328 771 1686 826 testimonium
1718 786 1823 822 non
1854 767 2052 820 admit—

469 868 680 931 tendos,
721 868 810 936 qui
853 881 951 919 nec
995 865 1063 918 ad
1104 864 1502 919 accusationem
1545 861 1750 914 admitti
1794 858 2048 929 praecepti

467 968 609 1023 sunt,
642 958 725 1012 vel
754 959 914 1011 etiam
964 973 1100 1026 quos
1148 957 1260 1024 ipse
1308 963 1594 1008 accusator
1630 952 1697 1005 de
1743 968 1838 1005 sua
1885 951 2058 1003 domo

465 1050 802 1119 produxerit.
845 1047 922 1102 Ad
968 1048 1334 1102 testimonium
1376 1053 1554 1099 autem
1586 1045 1723 1098 intra
1779 1057 1947 1096 annos
1983 1040 2048 1093 I4

463 1140 637 1192 aetatis
665 1155 774 1193 suae
803 1155 907 1192 non
936 1139 1308 1191 admittuntur.

469 1279 543 1334 Dc
607 1283 842 1350 episcopo
889 1283 975 1350 qui
1013 1279 1422 1333 eaconmmnicat
1475 1293 1591 1350 eum
1657 1277 1743 1347 qui
1799 1273 1895 1328 sibi
1948 1272 2052 1327 soli

842 1353 1034 1404 crimen
1066 1350 1189 1402 dicit
1218 1365 1329 1402 esse
1357 1349 1665 1418 confessum.

533 1456 790 1512 CXXXII.
831 1459 962 1513 Item
989 1459 1186 1528 placuit
1219 1468 1294 1522 ut,
1327 1459 1372 1512 si
1403 1458 1618 1527 quando
1649 1459 1935 1526 episcopus
1967 1455 2054 1509 di-

464 1549 537 1600 cit
565 1549 797 1618 aliquem
843 1549 942 1604 sibi
975 1550 1073 1604 soli
1108 1553 1383 1618 proprium
1416 1550 1616 1602 crimen
1648 1550 1810 1602 fuisse
1839 1547 2048 1602 confes-

463 1654 604 1706 sum,
634 1650 795 1708 atque
822 1642 912 1695 ille
952 1651 1110 1709 neget
1136 1683 1148 1701 ,
1182 1658 1288 1694 non
1335 1651 1485 1709 putet
1519 1642 1584 1694 azl
1618 1641 1864 1706 injuriam
1895 1654 2045 1691 suam

463 1728 749 1798 episcopus
782 1730 1058 1798 pertinere
1087 1730 1229 1799 quod
1287 1730 1360 1783 illi
1390 1731 1489 1784 soli
1521 1746 1627 1783 non
1659 1729 1928 1791 creditur,
1949 1729 2048 1782 etsi

460 1795 716 1888 scrupulo
745 1795 977 1889 propria:
1021 1795 1366 1876 conscientia:
1394 1836 1451 1874 se
1480 1820 1610 1875 dicit
1645 1819 1862 1886 neganti
1903 1819 2046 1872 nolle
2083 1795 2126 1854 Β

461 1908 882 1963 cornmtmicare.

465 2046 538 2100 Ut
552 2063 653 2100 non
672 2057 858 2102 temere
871 2065 1172 2121 quemquam
1196 2053 1552 2105 communione
1569 2051 1736 2120 privet
1752 2051 2040 2120 episcopus.

535 2158 816 2213 CXXXIII.
859 2161 1107 2229 Quandiu
1154 2165 1620 2218 cxcommunicato
1652 2179 1759 2217 non
1803 2178 2046 2216 commu—

461 2250 718 2304 nicaverit
740 2268 865 2306 suus
895 2254 1200 2323 episcopus,
1224 2254 1397 2308 eidem
1421 2253 1676 2323 episcopo
1705 2255 1770 2306 ab
1794 2252 1911 2305 aliis
1936 2268 2042 2305 nou

460 2345 886 2397 conmquicetur
912 2345 1180 2415 episcopis
1205 2364 1217 2398 :
1244 2347 1498 2414 ut‘magis
1545 2354 1731 2398 caveat
1761 2345 2045 2422 episcopus

461 2448 530 2486 ne
559 2433 702 2488 dicat
758 2437 808 2489 in
839 2453 1161 2506 quemquam
1203 2437 1347 2506 quod
1392 2439 1512 2493 aliis
1553 2437 1887 2492 documentis
1915 2453 2044 2490 cou-

461 2524 676 2579 vincere
708 2543 812 2581 non
846 2529 1061 2597 poterit.

534 2616 783 2672 Aurelius
813 2621 1097 2690 episcopus
1127 2621 1258 2675 dixit
1283 2639 1294 2674 :
1319 2619 1476 2674 Juxta
1502 2627 1702 2673 statuta
1726 2619 1889 2673 totius
1915 2632 2046 2671 con-

461 2707 570 2763 cilii
621 2712 950 2778 congregati,
998 2722 1052 2765 et
1097 2729 1228 2767 mea:
1267 2712 1654 2767 mediocritatis
1699 2710 2046 2774 sententiam,

461 2799 638 2868 placet
662 2799 840 2857 facere
870 2818 1047 2858 rerum
1078 2805 1314 2858 omnium
1337 2805 1739 2860 conclusionem
1768 2821 1787 2856 ι
1810 2801 2042 2857 universi

461 2890 599 2945 tituli
640 2892 925 2962 designati,
956 2905 1010 2949 et
1039 2896 1231 2964 digesti
1262 2896 1418 2965 hujus
1447 2897 1554 2950 diei
1586 2903 1834 2959 tractatu,
1868 2893 2044 2948 eccle-

459 2984 670 3040 siastica
713 2995 862 3054 gesta
909 2989 1234 3060 suscipiant;
1265 3006 1383 3060 quae
1412 3005 1540 3044 vero
1570 2989 1745 3043 adhuc
1786 3002 2040 3057 expressa

459 3090 564 3130 non
589 3086 734 3146 sunt,
758 3079 846 3134 die
875 3081 1120 3149 sequenti
1151 3098 1246 3152 per
1271 3081 1460 3136 fratres
1486 3091 1699 3135 nostros
1728 3079 2038 3133 Faustinum

457 3166 792 3238 episcopum,
823 3168 1150 3240 Philippum,
1175 3180 1230 3226 et
1251 3172 1488 3226 Asellum
1513 3173 1856 3242 presbyteros
1878 3185 2042 3224 vene-
2071 3171 2113 3227 Ο

461 3259 619 3313 rabili
647 3260 799 3314 fratri
830 3271 884 3316 et
911 3264 1236 3334 coepiscopo
1262 3275 1450 3319 nostro
1480 3264 1752 3318 Bonifacio
1781 3263 2046 3317 rescribe—

462 3363 581 3404 mus
601 3392 617 3418 ,
647 3360 702 3405 et
729 3353 1180 3422 subscripserunt.

533 3442 783 3499 Aurelius
809 3446 1114 3514 episcopus,
1146 3445 1228 3501 his
1249 3445 1414 3514 gestis
1441 3455 1762 3500 statuzorum
1789 3447 1926 3516 apud
1951 3461 2050 3499 nos

463 3531 663 3587 habitis
691 3533 1000 3606 subscripsi.

539 3623 854 3680 Valentinus
883 3625 1069 3696 primae
1097 3625 1242 3681 sedis
1271 3627 1555 3697 episcopus
1602 3627 1888 3696 provincia:
1936 3627 2047 3680 Νυ-

463 3715 661 3780 midiae,
696 3716 780 3772 his
805 3718 969 3786 gestis
996 3717 1310 3787 subscripsi.

508 3807 820 3865 Faustinus
846 3811 1128 3882 episcopus
1157 3809 1409 3867 Ecclesiae
1440 3809 1739 3866 Potentina:
1761 3810 2048 3880 provinciae

463 3898 682 3967 Piceni,
714 3902 937 3973 Llegatus
977 3903 1235 3959 Ecclesiae
1277 3903 1561 3969 Romanae,
1597 3903 1680 3958 his
1720 3903 1883 3973 gestis
1923 3903 2050 3958 sub-

463 3991 676 4061 scripsi.

509 4082 861 4152 'Augustinus
907 4085 1194 4156 episcopus
1238 4083 1642 4156 Hipponiensis,
1671 4084 1878 4155 legatus
1922 4100 2048 4155 pro-

463 4173 654 4229 vincia:
681 4175 956 4242 Numidiae,
989 4177 1071 4231 his
1090 4176 1254 4245 gestis
1281 4177 1594 4246 subscripsi.

535 4263 810 4322 Possidius
835 4268 1121 4337 episcopus
1142 4267 1497 4331 Calamensis,
1523 4268 1730 4337 legatus
1756 4267 2049 4338 provincia:

465 4351 746 4424 Numidiae,
775 4356 859 4412 his
886 4359 1050 4426 gestis
1076 4358 1386 4428 subscripsi.

532 4445 847 4502 Vincentius
868 4447 1228 4513 Culusitanus,
1261 4448 1344 4502 bis
1366 4449 1531 4518 gestis
1557 4447 1865 4516 subscripsi.
1903 4485 1905 4488 ι

2155 511 2364 575 rieusis,
2395 511 2475 564 his
2503 512 2665 580 gestis
2693 512 3001 582 subscripsi.

2227 600 2540 656 Laurentius
2591 601 2917 668 Icositanus,
2971 605 3176 674 legatus
3223 608 3516 677 provinciae
3563 610 3742 668 Caesa-

2153 692 2360 758 riensis,
2390 693 2468 746 his
2498 695 2662 760 gestis
2683 695 2990 764 subscripsi.

2222 783 2575 839 Numerianus
2623 784 3018 853 Rusguriensis,
3054 786 3260 858 legatus
3301 794 3597 862 provincia:
3627 795 3742 851 Caco

2151 875 2424 937 saricnsis,
2455 875 2535 929 his
2555 876 2721 942 gestis
2750 877 3060 947 subscripsi.

2224 965 2332 1020 Leo
2371 966 2685 1032 Moctensisr
2710 967 2915 1036 legatus
2945 971 3232 1039 provincia:
3260 973 3627 1044 Caesariensis,
3660 981 3752 1036 bis

2151 1060 2313 1128 gestis
2335 1059 2643 1130 subscripsi.

2223 1153 2370 1206 Alius
2399 1154 2530 1222 Leo,
2566 1157 2771 1226 legatus
2809 1164 3096 1233 provincia:
3142 1161 3426 1231 Sitifensis,
3461 1166 3550 1221 his
3575 1170 3744 1237 gestis-

2149 1247 2458 1317 subscripsi.

2222 1336 2287 1391 Et
2316 1341 2504 1394 caeteri.
2533 1343 2770 1416 episcopi
2799 1346 2904 1400 227
2933 1349 3179 1403 similiter
3205 1352 3666 1423 subscripserunt.

2221 1431 2498 1505 Philippus
2521 1437 2820 1509 presbyter,
2845 1441 3051 1508 legatus
3074 1440 3324 1497 Ecclesiae
3355 1444 3636 1511 Romanae,
3660 1447 3739 1500 his

2148 1524 2313 1592 gestis
2340 1542 2369 1578 a
2402 1527 2554 1582 nobis
2583 1530 2883 1585 recollectis
2911 1533 3220 1602 subscripsi.

2219 1639 2430 1694 Asellus
2473 1643 2769 1712 presbyter,
2803 1645 3009 1712 legatus
3056 1645 3308 1700 Ecclesia:
3338 1647 3624 1714 Ilotnanae,
3655 1649 3738 1704 his

2149 1730 2314 1795 gestis
2336 1730 2644 1803 subscripsi.
2670 1749 2788 1802 quae
2819 1751 2913 1803 per
2943 1753 3040 1788 nos
3069 1737 3272 1791 directa
3303 1746 3446 1790 suat.

2155 1840 2344 1923 Incipit
2371 1846 2592 1933 cpistola
2615 1846 2678 1898 ab
2706 1849 2845 1928 omni
2879 1849 3101 1903 concilio
3129 1850 3382 1933 Africano
3405 1850 3477 1900 ad
3521 1849 3738 1933 Bonifa-

2221 1915 2355 1965 ciuin
2377 1913 2729 1991 urbisulioma:
2747 1920 3058 1991 epiawpnrn,
3087 1913 3183 1990 per
3198 1920 3514 1991 Faustinum
3538 1913 3736 1991 episco-

2220 2000 2360 2065 p‘nm‘,
2409 1984 2728 2065 Philippum,
2769 1984 3097 2065 et__Asellum'
3136 1989 3484 2062 presbyteros,
3537 1984 3747 2065 legatos

2220 2051 2474 2108 Ecclesia:
2499 2051 2770 2125 Romam,
2800 2059 3018 2113 directa.

2219 2143 2495 2199 CXXXIV.
2529 2147 2756 2202 Domino
2790 2151 3100 2204 beatissimo
3136 2161 3193 2206 ct
3244 2153 3556 2210 honorabili
3587 2155 3732 2212 fratri

2148 2235 2422 2292 Bonifacio
2452 2240 2715 2303 Aurelius,
2767 2241 3080 2298 Valentinus
3127 2245 3312 2314 prima:
3342 2247 3488 2302 sedis
3521 2248 3733 2318 provin-

2146 2331 2244 2385 ciae
2272 2329 2550 2398 Numidiae,
2583 2342 2636 2386 et
2663 2334 2862 2396 caeteri,
2895 2335 2984 2402 qui
3011 2345 3299 2405 praesentes
3319 2337 3611 2407 adfuimus,
3639 2357 3736 2395 nu-

2145 2435 2295 2475 mero
2324 2438 2497 2476 ccxvn
2529 2438 2593 2476 ex
2623 2424 2767 2477 omni
2796 2425 3024 2479 concilio
3047 2423 3254 2481 African

2217 2517 2483 2581 Quoniam
2508 2516 2732 2570 Domino
2756 2516 2955 2586 placuit
3004 2527 3059 2571 ut
3087 2518 3154 2573 de
3200 2518 3282 2574 his
3301 2535 3420 2589 qua:
3449 2521 3730 2576 nobiscum

2146 2616 2371 2674 egerunt
2399 2609 2568 2661 sancti
2599 2607 2790 2662 fratres
2816 2606 3004 2673 nost'ri,
3030 2611 3386 2680 coepiscopus
3416 2611 3742 2679 Faustinus,

2144 2707 2199 2753 et
2226 2701 2648 2770 compresbyteri
2690 2701 2981 2771 Philippus,
3035 2710 3090 2756 et
3119 2704 3347 2769 Asellus,
3403 2720 3512 2760 non
3563 2706 3730 2760 beata:

2146 2792 2420 2845 memoria:
2445 2792 2696 2862 episcopo
2727 2792 2960 2856 Zosimo,
2989 2809 3019 2847 a
3042 2809 3151 2863 quo
3180 2794 3375 2852 ad-nos
3401 2798 3653 2851 mandata
3675 2803 3730 2850 et

2145 2881 2352 2937 litteras
2381 2884 2696 2948 attulerunt,
2740 2884 2834 2938 scd
2869 2892 2972 2939 tua:
2999 2887 3356 2952 venerationi,
3404 2888 3497 2957 qui
3532 2889 3587 2943 in
3616 2887 3741 2957 ejus-

2146 2975 2320 3030 locum
2347 2991 2406 3029 es
2430 2976 2684 3030 divinitus
2728 2978 3077 3046 constitutus,
3109 2979 3380 3036 humilitas
3406 2989 3598 3036 nostra
3639 2996 3725 3036 re-

2144 3067 2425 3135 scriberet,
2457 3083 2519 3122 ea
2549 3068 2782 3122 breviter
2811 3069 3082 3125 insinuare
3112 3071 3393 3141 debemus,
3421 3088 3548 3142 quae
3579 3084 3724 3128 utro-

2145 3171 2372 3224 rumque
2401 3159 2687 3213 concordia
2719 3161 3003 3215 terminata
3031 3172 3178 3228 sunt,
3229 3179 3329 3218 nec
3368 3179 3432 3219 ea
3460 3179 3586 3233 quae
3606 3181 3736 3236 pro--

2148 3249 2268 3304 lixis
2297 3258 2568 3317 gestorum
2599 3252 2958 3309 voluminibus
3005 3257 3369 3324 continentur,
3420 3257 3474 3312 in
3504 3258 3726 3328 quibus,

2147 3341 2292 3393 salva
2323 3340 2538 3409 quidem
2566 3343 2850 3409 charitate,
2881 3361 2988 3399 non
3019 3356 3196 3400 tamen
3219 3347 3336 3402 sine
3365 3363 3533 3419 parvo
3566 3350 3724 3405 alt—er-

2148 3432 2375 3485 rationis
2401 3431 2584 3487 labore
2611 3433 2874 3489 demorati
2902 3451 3106 3504 sumus,
3138 3452 3200 3492 ea
3230 3439 3397 3505 gestis
3421 3439 3727 3495 deliberan-

2151 3529 2230 3575 tes
2274 3537 2392 3589 quze
2443 3538 2585 3577 nunc
2616 3523 2680 3576 ad
2710 3539 2926 3578 causam
2974 3527 3266 3596 pertinent.
3311 3528 3633 3599 Quanquam
3675 3536 3730 3583 et

2149 3613 2257 3674 ille,
2288 3615 2330 3666 si
2355 3614 2530 3668 adhuc
2558 3626 2702 3670 esset
2728 3617 2779 3669 in
2802 3632 3050 3687 corpore,
3083 3619 3183 3672 hoc
3213 3621 3486 3691 acciperet
3504 3622 3728 3688 gratius.

2148 3703 2291 3770 quod
2332 3703 2540 3759 videret
2585 3708 2826 3775 pacatius
2867 3709 3245 3774 terminatum,
3280 3710 3497 3766 domine
3545 3712 3723 3767 frater.

2151 3794 2397 3863 Apiarius
2435 3797 2737 3869 presbyter,
2767 3798 2834 3854 de
2861 3799 3014 3870 cujus
3039 3810 3094 3855 et
3135 3803 3493 3871 ordinatione,
3541 3815 3601 3860 et
3640 3820 3728 3860 ex-

2149 3890 2638 3945 comnmnicatione
2662 3932 2678 3957 ,
2741 3900 2798 3947 et
2837 3897 3224 3963 provocatione
3263 3895 3438 3952 fuerat
3483 3909 3741 3954 exortum-

2151 3996 2257 4034 non
2305 3981 2481 4036 solum
2522 3982 2792 4047 Siccensi.
2839 4001 3022 4041 verum
3061 3990 3224 4042 etiam
3256 3991 3422 4046 totius
3470 3991 3730 4048 Africanae

2150 4069 2404 4126 Ecclesia:
2453 4089 2560 4128 non
2610 4074 2727 4130 leve
2775 4077 3104 4143 scandalum,
3155 4080 3224 4134 de
3264 4082 3514 4137 omnibus
3541 4082 3729 4138 erratis

2149 4165 2260 4218 suis
2288 4165 2497 4219 veniam
2526 4175 2715 4234 petens
2743 4170 3109 4224 communioni
3135 4179 3217 4225 est
3242 4173 3542 4228 restitutus.
3581 4173 3742 4228 Prior-

2150 4263 2329 4309 autem
2359 4257 2714 4327 coepiscopus
2741 4267 2928 4314 noster
2967 4259 3236 4316 Siccensis
3266 4262 3545 4328 Urbanus,
3593 4261 3727 4334 quod

2151 4347 2204 4399 in
2233 4361 2300 4400 eo
2343 4347 2720 4414 corrigendum
2748 4351 2917 4404 visum
2961 4360 3064 4419 est,
3113 4352 3229 4408 sine
3260 4353 3366 4408 ulla
3397 4355 3738 4410 dubitatione

2150 4438 2407 4491 correxit.
2433 4437 2569 4503 Quia
2599 4454 2728 4493 vero
2758 4441 2876 4510 paci
2911 4449 2968 4496 et
2993 4444 3161 4512 quieti
3191 4443 3446 4500 Ecclesiae
3474 4461 3583 4501 non
3613 4454 3727 4501 tan-

505 4536 950 4594 .Foﬂunauanus
978 4537 1386 4607 Neapolitanus,
1419 4539 1502 4592 his
1530 4538 1695 4606 gestis
1731 4535 2045 4606 subscripsi.
2078 4541 2123 4597 ί)
2153 4538 2264 4582 ιιιιη
2295 4530 2362 4583 ad
2395 4547 2649 4600 praesens,
2697 4533 2791 4589 sed
2822 4537 2984 4590 etiam
3015 4537 3067 4590 in
3097 4546 3368 4607 posterum
3396 4539 3726 4609 prospicien-

536 4627 829 4684 Pentadius
855 4627 1252 4698 Carpentanus,
1285 4631 1368 4685 bis
1396 4630 1562 4702 gestis
1589 4629 1897 4700 subscripsi.
1953 4657 1958 4662 ι

536 4719 795 4777 Rufianus
821 4721 1115 4789 Maxensis,
1146 4722 1229 4778 his
1255 4724 1423 4792 gestis
1449 4723 1761 4792 subscripsi.

533 4810 891 4868 Praetextatus
917 4811 1270 4879 Sicilibensis,
1302 4814 1384 4869 his
1411 4814 1572 4883 gestis
1593 4813 1904 4883 subscripsi.

531 4902 936 4972 Quodvultdeus
961 4904 1229 4970 Verensis,
1261 4905 1345 4960 his
1371 4905 1534 4976 gestis
1557 4905 1868 4976 subscripsi.

535 4994 803 5052 Candidus
830 4993 1153 5062 Germaniae,
1183 4996 1270 5052 bis
1296 4997 1462 5067 gestis
1487 4996 1795 5067 subscripsi.

531 5085 885 5142 Maximianus
912 5087 1198 5156 Aquensis,
1221 5087 1305 5143 his
1331 5089 1498 5157 gestis
1523 5088 1832 5158 subscripsi.

504 5177 809 5236 «Iucundus
831 5178 1224 5247 Suffetulensis,
1254 5180 1462 5248 legatus
1499 5180 1785 5250 provincia:
1818 5179 2053 5252 Byzace-

464 5287 568 5338 nae,
598 5271 680 5328 his
705 5272 874 5340 gestis
898 5269 1214 5340 subscripsi.

533 5365 874 5431 Maximinus,
906 5365 1114 5432 legatus
1135 5361 1423 5434 provincia:
1443 5362 1757 5436 Byzacenac,
1781 5364 1862 5418 bis
1887 5364 2053 5433 gestis

424 5453 434 5464 “
463 5456 777 5526 subscripsi.
977 5510 982 5514 .

536 5548 838 5605 Hilarianus
859 5533 1336 5615 Horriéoeellensis,
1350 5549 1557 5620 legatus
1577 5549 1863 5622 provincia:
1888 5549 2052 5621 Byza-

465 5655 542 5694 cc;
564 5655 631 5704 ac,
657 5639 738 5694 his
757 5641 923 5708 gestis
951 5639 1260 5709 subscripsi.

538 5731 776 5786 Novatus
803 5729 1087 5799 Sitifensis,
1121 5713 1324 5804 legatus
1353 5733 1643 5806 provinciae
1672 5732 1933 5804 ejusdem,
1965 5731 2050 5790 his

463 5825 627 5893 gestis
656 5824 967 5896 subscripsi.
1253 5813 1259 5819 ’
1313 5814 1315 5816 ’
1475 5819 1482 5821 Α
1571 5814 1578 5818 ’
1819 5811 1844 5821 ’

2150 4622 2280 4678 dum
2308 4624 2429 4691 fuit,
2480 4627 2735 4694 quoniam
2766 4628 2891 4682 talia
2920 4629 3085 4683 multa
3117 4639 3526 4699 pra-cesserant,
3567 4639 3628 4687 ut
3649 4625 3738 4684 vel

2150 4705 2362 4780 simila,
2395 4717 2478 4770 vel
2505 4718 2668 4772 etiam
2695 4720 2940 4786 graviora
2969 4719 3224 4790 deinceps
3253 4722 3541 4791 praecaveri
3574 4737 3726 4794 opor-

2157 4813 2330 4861 teret:
2366 4808 2567 4878 placuit
2614 4811 2769 4866 nobis
2799 4821 2855 4866 ut
2884 4812 2952 4866 de
2983 4811 3221 4868 Siccensi
3251 4811 3523 4880 Ecclesia,
3554 4824 3726 4871 reten-

2153 4908 2212 4955 to
2241 4902 2448 4957 scilicet
2473 4902 2679 4959 honore
2702 4905 2898 4972 gradus
2921 4906 3023 4971 sui,
3056 4906 3340 4977 presbyter
3364 4915 3728 4963 removeretur

2155 4991 2421 5062 Apiarius,
2453 5002 2510 5050 et
2534 5005 2759 5066 accepto
2787 4997 3034 5066 epistolio
3061 4998 3364 5068 ubicunque
3416 4999 3544 5054 alibi
3573 4997 3726 5054 vellet

2154 5089 2209 5136 et
2237 5092 2441 5151 posset,
2486 5084 2804 5156 presbyterii
2833 5102 3055 5142 munere
3094 5087 3427 5157 fungeretur.
3471 5089 3625 5156 Quod
3653 5073 3738 5190 εἰσι

2156 5171 2279 5227 dem
2310 5174 2411 5244 ipsi
2459 5189 2556 5243 per
2605 5176 2812 5232 litteras
2853 5180 3099 5249 proprias
3128 5181 3567 5250 postulantisine
3593 5178 3724 5236 diﬂi‘

2158 5267 2365 5320 cullate
2409 5268 2793 5323 concessimus.
2857 5269 3000 5327 Sane
3054 5273 3366 5342 priusquam
3416 5273 3531 5329 hanc
3570 5285 3725 5331 causa

2156 5358 2260 5416 isto
2316 5359 2546 5413 termino
2575 5361 2940 5431 clauderetur,
2987 5365 3126 5420 inter
3173 5366 3275 5419 alia
3323 5383 3443 5437 qua:
3474 5363 3727 5422 diuturnis

2155 5451 2635 5522 disceptationibus
2665 5456 3027 5522 versabamus,
3066 5457 3189 5526 quia
3235 5458 3375 5513 ratio
3406 5459 3518 5530 ipsa
3549 5471 3724 5531 poscev

2154 5541 2247 5596 hat
2283 5550 2340 5596 ut
2382 5542 2523 5613 apud
2564 5553 2683 5599 acta
2739 5546 3136 5611 ecclesiastica,
3185 5564 3216 5603 a
3262 5549 3515 5604 fratribus
3540 5545 3724 5604 nostris

2154 5633 2410 5690 Faustino
2445 5638 2788 5707 coepiscopo,
2822 5647 2876 5694 et
2904 5638 3169 5710 Philippo,
3201 5651 3255 5696 et
3284 5642 3465 5697 Asello
3493 5652 3720 5712 compre

2153 5725 2384 5795 sbylcris
2448 5743 2813 5798 quaereremus
2871 5739 2928 5784 ut
2992 5743 3304 5802 promerent
3347 5732 3607 5803 quidquid
3659 5730 3722 5784 ei:

2153 5819 2432 5878 nobiscum
2456 5824 2722 5894 agendum
2753 5823 2940 5881 fuisset
2968 5825 3288 5896 injunctum.
3330 5825 3592 5888 Nonnulla
3621 5822 3722 5895 qui:
