4092 6348
445 265 553 321 22)
1395 267 1631 323 "CODEX
1669 247 1994 328 CANONU.“
2031 273 2728 338 l‘lCCLESlASTlCORUM.
3621 294 3724 350 9336

445 379 569 436 dem
598 380 715 434 sine
743 377 852 433 ullo
877 378 1077 448 scripto
1100 380 1367 448 prosecuti
1398 389 1524 435 snutt
1555 383 1752 449 verbis,
1783 385 1876 438 sed
1899 394 2026 440 'cum
2059 397 2105 456 Α
2133 384 2420 444 sanctitate
2451 390 2705 447 Romanae
2726 391 2982 450 Ecclesiae
3010 399 3356 470 praesidente,
3397 418 3506 458 non
3535 419 3723 462 sumus

445 474 498 528 id
523 472 701 565 potius
729 472 1112 565 ﬂagitaremus,
1142 472 1370 565 quodin
1403 471 1600 565 litteris
1620 474 1852 543 ferrent,
1882 493 2032 531 com-
2109 503 2113 506 ·
2131 481 2241 551 jam
2273 483 2430 538 istum
2464 486 2683 555 typlium
2706 489 2935 556 passuri.
2967 487 3031 543 Et
3059 495 3418 549 servabuntur
3442 510 3567 565 erga
3598 513 3722 563 nos,

375 597 386 644 ζ
445 563 794 620 ιηοιιίῑονίιιιιι
849 563 1206 634 Ρΐοῑυιθτυηῐ-
1286 561 1441 629 QUO“
1501 565 1785 621 τεείιειιυιη
1842 568 2030 636 nobiS,
2135 589 2256 644 quae
2284 576 2440 632 nobis
2462 578 2625 632 etiam
2649 595 2756 634 non
2783 579 3168 638 disserentibus
3189 586 3446 640 custodiri
3467 561 3722 642 debeant.

443 657 610 710 etiam
643 656 810 725 gestis
835 671 954 725 qua:
1001 669 1184 711 secum
1212 656 1279 710 ad
1305 673 1401 712 vos
1428 657 1692 724 deferunt,
1726 668 1807 716 est
1833 662 2034 730 allega-
2128 665 2269 720 Cum
2316 666 2554 723 fraterna
2592 671 2878 737 charilate,
2921 689 3040 742 qua:
3071 675 3370 730 secundum
3400 678 3720 747 sapientiam

446 757 581 803 tum.
635 748 691 804 In
717 764 825 820 quo
853 749 933 804 eis
961 758 1195 820 quatuor
1217 751 1462 819 qumdam
1515 753 1792 808 nobiscum
1823 753 2032 823 agenda

445 841 700 896 mandata
724 850 872 908 sunt,
905 857 1068 896 unum
1089 842 1156 897 de
1184 843 1634 913 appellationibus
1654 845 2034 915 episcOporum

446 933 515 988 ad
545 932 801 988 Romana:
829 931 1083 988 Ecclesiae
1132 934 1508 1002 sacerdotem;
1556 936 1804 1003 alterum,
1853 952 1922 991 ne
1967 937 2036 991 ad

447 1025 764 1080 comitatum
793 1026 1032 1095 episcOpi
1065 1025 1371 1094 importune
1397 1027 1650 1096 navigem
1675 1044 1692 1094 ;
1726 1028 1941 1082 tertium
1967 1029 2036 1082 de

385 1171 392 1176 ,
442 1117 742 1171 tractandis
772 1116 1207 1186 presbyterorum
1238 1125 1294 1170 et
1324 1116 1672 1171 diaconorum
1694 1118 1874 1172 causis
1895 1118 2037 1187 apud

449 1208 708 1263 finitimos
734 1208 1036 1277 episcopos,
1070 1207 1112 1260 si
1158 1223 1188 1261 a
1213 1209 1325 1262 suis
1361 1207 1814 1262 excommunicati
1843 1224 2037 1279 perpe-

447 1313 563 1351 ram
594 1296 832 1363 fuerint;
880 1306 1134 1366 quartum
1179 1297 1247 1352 de
1279 1297 1498 1354 Urbano
1529 1301 1783 1370 episcopo
1807 1315 2035 1355 excom-

443 1387 794 1452 municando,
821 1389 906 1443 vel
934 1389 1095 1442 etiam
1128 1388 1355 1443 Romam
1386 1390 1650 1455 vocando,
1687 1391 1790 1445 nisi
1829 1405 1892 1446 ea
1918 1405 2037 1460 quae

444 1478 769 1533 videbantur
795 1481 1114 1548 corrigenda
1145 1483 1460 1549 corrigeret.
1501 1481 1740 1548 Quorum
1796 1484 2034 1538 omnium

431 1572 516 1628 de
541 1573 715 1642 primo
743 1581 798 1628 et
828 1574 1010 1641 tertio,
1043 1573 1094 1627 id
1147 1583 1251 1642 est,
1283 1582 1344 1628 ut
1373 1573 1598 1628 Romam
1634 1575 1797 1629 liceat
1823 1576 2037 1646 episco-

445 1669 531 1739 pis
559 1684 878 1738 provocare,
921 1677 978 1725 et
1003 1677 1063 1724 ut
1095 1669 1417 1725 clericorum
1445 1684 1622 1724 causae
1650 1669 1792 1740 apud
1820 1685 2038 1725 suarum

2133 766 2299 826 atque
2318 759 2578 828 justitiam
2608 775 2769 829 quam
2801 763 2894 817 tibi
2942 763 3162 819 donavit
3201 767 3526 832 Altissimus,
3558 770 3721 823 etiam

2134 847 2253 918 ipse
2281 849 2539 919 perspicis
2569 864 2688 905 esse
2713 852 2994 915 servanda,
3028 854 3072 906 si
3102 853 3242 910 forte
3268 855 3424 909 aliter
3445 872 3504 911 se
3527 858 3745 926 habent

2138 954 2375 994 canones
2400 940 2618 995 concilii
2663 940 2889 996 Nicaani.
2935 941 3191 1009 Quamvis
3217 945 3475 1014 plurimos
3506 947 3723 1001 codices

2134 1028 2458 1097 iegeremus,
2498 1030 2592 1085 sed
2618 1046 2881 1101 nusquam
2912 1031 2964 1085 in
2995 1031 3214 1087 Niczeno
3242 1035 3494 1100 concilio,
3530 1037 3581 1089 in
3618 1035 3723 1090 La-

2140 1121 2266 1175 tinis
2294 1122 2568 1177 codicibus
2593 1123 2837 1192 legimus,
2863 1125 3312 1192 quemadmodum
3337 1127 3389 1180 in
3412 1127 3724 1197 supradicto

2132 1216 2578 1284 commonitorio,
2634 1216 2759 1270 inde
2787 1216 2994 1271 directa
3031 1225 3176 1272 sunt.
3229 1217 3363 1272 Tum
3394 1220 3519 1290 quia
3550 1220 3637 1273 hic
3669 1220 3722 1274 in

2141 1306 2290 1360 nullo
2318 1306 2507 1362 codice
2531 1306 2720 1362 Graeco
2749 1322 2813 1362 ea
2843 1308 3116 1376 potuimus
3143 1307 3405 1371 invenire,
3439 1325 3507 1363 ex
3537 1307 3725 1363 Orien~

2141 1398 2337 1452 talibus
2381 1397 2670 1462 Ecclesiis,
2728 1399 2817 1454 ubi
2865 1399 3216 1468 perhibentur
3259 1398 3455 1453 eadem
3507 1400 3726 1455 decreta

2139 1501 2306 1559 posse
2333 1489 2500 1543 etiam
2526 1489 2837 1543 authentica
2863 1489 3108 1558 reperiri,
3141 1489 3312 1555 magis
3341 1488 3495 1542 nobis
3519 1488 3726 1542 deside-

2140 1593 2329 1635 ramus
2357 1579 2556 1634 aﬁ‘erri.
2587 1578 2692 1634 Pro
2711 1595 2815 1648 qua
2839 1594 2898 1632 re
2921 1589 3064 1632 tuam
3084 1593 3300 1649 quoque
3325 1580 3727 1633 venerationem

2143 1671 2510 1736 obsecramus,
2557 1681 2615 1724 ut
2644 1672 2883 1725 scribere
2911 1671 3073 1724 etiam
3105 1671 3218 1740 ipse
3246 1669 3484 1736 digneris
3508 1670 3576 1722 ad
3607 1669 3726 1722 illa-

443 1761 848 1831 proviuciarum
893 1761 1179 1832 episcopos
1209 1761 1464 1816 liniantur
1486 1803 1501 1828 ,
1550 1760 1658 1831 jam
1690 1762 1870 1831 priore
1895 1776 2039 1816 anno
2073 1781 2116 1838 Β
2143 1775 2262 1816 rum
2289 1763 2521 1832 partium
2548 1761 2883 1828 sacerdotes,
2913 1761 3016 1815 hoc
3046 1770 3130 1814 est
3157 1761 3411 1815 Ecclesize
3438 1759 3726 1814 Antioche-

427 1853 610 1906 »etiam
638 1852 832 1907 litteris
874 1853 1073 1908 nostris
1102 1852 1168 1906 ad
1198 1853 1447 1908 eumdem
1471 1853 1797 1909 venerabilis
1826 1867 2038 1908 memo-

422 1975 424 1977 »
448 1947 541 1999 riae
570 1945 841 1998 Zosimum
872 1945 1186 2015 episc0pum
1207 1944 1369 2010 datis,
1409 1944 1683 1998 insinuare
1710 1945 2036 2007 curavimus,

423 2048 508 2092 --ut
537 2053 598 2092 ea
631 2053 850 2092 scrvare
881 2039 999 2092 sine
1025 2037 1132 2091 ulla
1165 2035 1281 2105 ejus
1302 2036 1498 2104 injuria
1529 2035 1800 2106 paulisper
1827 2037 2036 2091 sinere—

453 2147 590 2195 mus,
624 2146 792 2200 usque
823 2129 889 2184 ad
921 2129 1323 2199 inquisitionem
1352 2137 1677 2183 statutorum
1703 2129 1916 2182 concilii
1946 2127 2039 2182 Ni-

429 2224 603 2279 ~c:cni.
636 2220 701 2276 Et
729 2238 872 2281 nunc
900 2222 967 2277 de
995 2231 1086 2277 tua
1115 2223 1385 2291 poscimus
1420 2221 1707 2277 sanctitate
1731 2231 1812 2286 ut,
1845 2237 2037 2292 quent-

451 2313 742 2367 admodum
790 2327 854 2366 ea
920 2312 1064 2382 apud
1123 2312 1352 2366 Nicaeam
1399 2326 1430 2364 a
1481 2308 1727 2366 Patribus
1781 2320 1897 2367 acta
1953 2313 2038 2367 vel

429 2405 742 2459 -constituta
771 2411 918 2469 sunt,
967 2405 1048 2459 sic
1097 2419 1160 2458 ea
1200 2418 1231 2457 a
1259 2403 1414 2459 nobis
1459 2403 1600 2458 facta
1649 2404 1928 2471 custodiri,
1985 2413 2039 2460 ct

445 2499 522 2554 ibi
553 2497 694 2570 apud
722 2515 820 2554 vos
863 2498 964 2554 ista
1002 2513 1121 2569 quae
1152 2499 1205 2552 in
1253 2498 1674 2554 commonitorio
1719 2499 2034 2564 attulerunt,

448 2588 617 2644 facias
645 2591 887 2645 exerceri
913 2608 926 2642 :
961 2589 1012 2644 id
1041 2598 1142 2652 est,
1175 2591 1221 2646 si
1241 2591 1529 2661 episcopus
1550 2600 1834 2646 accusatus
1857 2591 2033 2659 fuerit,

446 2688 506 2733 et
531 2679 892 2747 judicaverint
938 2680 1251 2749 congregati
1288 2681 1529 2751 episcopi
1578 2682 1815 2751 regionis
1844 2682 2032 2752 ipsius,

433 2776 505 2822 et
533 2769 602 2824 de
630 2770 798 2840 gradu
821 2785 922 2824 suo
950 2769 1246 2839 dejecerint
1274 2785 1417 2835 eum,
1443 2779 1498 2825 et
1525 2772 1826 2841 appellasse
1855 2772 2038 2826 vidca-

450 2867 555 2922 tur,
589 2868 642 2913 et
672 2859 974 2928 confugerit
1002 2860 1065 2913 ad
1095 2860 1462 2914 beatissimum
1494 2859 1748 2916 Ecclesim
1779 2855 2036 2916 Romame

446 2945 779 3020 episcopum,
830 2960 884 3006 et
913 2952 1142 3006 voluerit
1194 2953 1386 3020 audiri,
1433 2961 1485 3006 et
1519 2954 1722 3021 justum
1769 2956 2038 3024 putaverit

447 3052 509 3097 ut
533 3052 820 3099 renovetur
840 3060 1088 3131 examen,
1112 3045 1349 3100 scribere
1389 3046 1472 3100 his
1492 3047 1759 3116 episcopis
1790 3047 2038 3115 dignetur

2141 1867 2246 1921 nte,
2280 1853 2656 1907 Alexandriam
2684 1861 2740 1907 et
2782 1851 3414 1920 Cunstantiuopolitanm.
3447 1848 3581 1904 Etsi
3609 1848 3726 1904 aliis

2141 1950 2307 2003 etiam
2337 1956 2442 2002 tua:
2469 1948 2732 2018 placuerit
2759 1945 3056 2012 sanctitati,
3110 1953 3167 1998 ut
3196 1945 3318 1997 inde
3345 1944 3409 1996 ad
3440 1957 3537 1996 nos
3567 1944 3726 1999 iidem

2139 2056 2377 2096 canones
2399 2040 2540 2111 apud
2565 2039 2796 2094 Nicmam
2819 2039 3092 2091 civitatem
3117 2052 3146 2089 a
3177 2033 3424 2089 Patribus
3445 2035 3724 2089 constituti

2139 2137 2381 2203 veniant,
2415 2145 2467 2190 te
2496 2133 2833 2206 potissimum
2863 2132 2968 2186 hoc
2995 2129 3314 2186 beneﬁcium
3344 2129 3550 2183 cunctis
3572 2127 3724 2182 Occi-

2139 2229 2444 2287 dentalibus
2473 2226 2727 2282 Ecclesiis
2753 2226 2806 2279 in
2833 2223 3047 2278 Domini
3079 2222 3345 2290 adjutorio
3386 2219 3724 2275 conferente.

2140 2323 2271 2390 Quis
2294 2324 2438 2377 enim
2468 2321 2678 2376 dubitet
2705 2320 3034 2389 exemplaria
3065 2333 3186 2373 esse
3208 2317 3483 2370 verissima
3511 2314 3722 2369 concilii

2139 2415 2338 2470 Nicami
2380 2414 2431 2467 in
2462 2412 2668 2467 Graecia
2717 2412 3047 2480 congregati,
3099 2425 3218 2479 qua:
3260 2409 3327 2462 dc
3358 2417 3466 2460 tam
3497 2406 3724 2459 diversis

2141 2508 2275 2564 locis
2298 2515 2354 2562 et
2381 2507 2448 2561 de
2479 2505 2747 2560 nobilibus
2776 2505 2974 2560 Graecis
2997 2501 3246 2558 Ecclesiis
3281 2502 3440 2555 allata
3479 2507 3534 2554 et
3573 2514 3726 2553 com-

2138 2606 2328 2670 parata
2372 2597 2748 2653 concordant?
2795 2591 2947 2661 Quod
2996 2596 3168 2649 donec
3199 2593 3307 2658 ﬁat,
3350 2592 3462 2646 hmo
3504 2605 3622 2659 quae
3671 2590 3723 2643 in

2140 2689 2558 2745 commonitorio
2617 2687 2925 2756 supradicto
2982 2685 3138 2738 nobis
3185 2684 3413 2750 allegata
3463 2691 3606 2744 sunt,
3657 2678 3725 2733 de

2139 2781 2590 2853 appellationibus
2627 2781 3003 2850 episcoporum
3051 2780 3117 2831 ad
3164 2776 3418 2829 Romana:
3467 2772 3724 2826 Elclcsirc

2139 2872 2497 2937 sacerdotem,
2543 2883 2599 2927 et
2647 2874 2713 2927 de
2741 2871 3060 2925 clericorum
3093 2870 3268 2922 causis
3315 2868 3455 2935 apud
3507 2879 3725 2918 suarum

2138 2964 2536 3036 provinciarum
2563 2964 2846 3034 episcopos
2884 2959 3254 3026 terminandis,
3299 2975 3397 3012 nos
3443 2949 3610 3024 ustjue
3657 2955 3725 3008 ad

2139 3057 2515 3128 probationem
2557 3063 2865 3110 servaturos
2893 3067 3014 3107 esse
3042 3050 3375 3122 profitemur,
3409 3058 3462 3104 et
3491 3048 3727 3102 beatitu-

443 3135 540 3204 qui
568 3135 624 3189 in
653 3133 875 3191 ﬁnitima
907 3145 963 3191 et
992 3138 1289 3208 propinqua
1329 3139 1606 3209 provincia
1635 3148 1780 3208 sunt,
1830 3149 1888 3194 ut
1935 3141 2034 3212 ipsi
2063 3175 2106 3236 ε
2141 3147 2321 3203 dinem
2349 3155 2496 3200 tuam
2525 3145 2594 3199 ad
2623 3145 2727 3198 hoc
2756 3159 2855 3197 nos
2884 3141 3187 3210 adjuturam
3239 3141 3298 3194 iu'
3321 3139 3417 3193 Dei
3446 3137 3728 3192 voluntate

449 3229 731 3300 diligenter
752 3233 933 3287 omnia
957 3234 1252 3302 requirant,
1307 3244 1363 3289 et
1401 3236 1555 3305 juxta
1602 3235 1759 3290 ﬁdem
1795 3239 2036 3294 veritatis

443 3323 724 3379 deliniant.
751 3325 904 3392 Quod
926 3325 968 3380 si
1011 3327 1056 3381 is
1080 3329 1179 3397 -qui
1220 3338 1372 3397 rogat
1397 3345 1614 3384 causam
1645 3347 1798 3386 suam
1841 3335 2036 3390 iterum

451 3416 647 3482 audiri,
681 3418 1071 3487 deprecatione
1103 3436 1196 3474 sua
1226 3422 1457 3476 moverit
1485 3423 1800 3493 episcopum
1832 3423 2036 3480 Roma-

441 3522 602 3574 num,
648 3518 706 3560 ut
743 3523 773 3561 e
803 3509 970 3564 latere
1015 3525 1113 3564 suo
1157 3511 1532 3582 presbyterum
1580 3513 1778 3578 mittat,
1834 3516 1939 3569 erit
1987 3516 2036 3570 in

449 3605 724 3668 potestate
750 3599 894 3668 quod
947 3601 1079 3654 velit
1129 3611 1182 3654 et
1211 3602 1352 3671 quod
1381 3603 1629 3656 :cstimet.
1684 3602 1749 3656 Et
1771 3588 1819 3658 Isi
1851 3604 2041 3661 decre-

449 3689 590 3743 verit
616 3689 910 3747 mittendos
958 3706 1078 3746 esse
1122 3693 1212 3762 qui
1264 3702 1556 3762 pnesentes
1601 3710 1722 3749 cum
1770 3697 2040 3767 episcopis

443 3779 709 3852 judicent,
740 3783 1003 3837 habentes
1032 3784 1409 3838 auctoritatem
1440 3783 1556 3852 ejus
1585 3799 1616 3838 a
1647 3799 1755 3853 quo
1784 3785 2039 3841 destinati

439 3879 595 3936 sunt,
627 3873 730 3926 erit
752 3873 803 3926 in
834 3889 933 3927 suo
955 3873 1198 3928 arbitrio.
1223 3873 1280 3927 Si
1312 3889 1441 3928 vero
1472 3873 1761 3929 crediderit
1789 3874 2040 3932 sufficere

450 3964 740 4032 episcopos
788 3972 847 4019 ut
916 3964 1134 4033 negotio
1177 3965 1463 4020 terminum
1513 3968 1828 4036 imponant,
1879 3968 2040 4024 faciet

445 4056 595 4126 quod
623 4059 1023 4128 sapientissimo
1052 4074 1150 4113 suo
1179 4059 1406 4114 consilio
1428 4054 1772 4128 judicaverit.
1809 4060 1942 4116 Item
1973 4063 2040 4118 de

445 4147 778 4220 presbyteris
806 4158 860 4204 et
882 4151 1150 4220 diaconis.
1184 4151 1240 4206 Si
1287 4152 1573 4222 episcopus
1602 4153 1722 4223 quis
1750 4153 2041 4209 iracundus

450 4240 616 4310 (quod
645 4257 765 4296 esse
795 4258 901 4296 non
930 4241 1114 4313 debet)
1145 4230 1277 4308 cito,
1309 4252 1402 4297 aut
1424 4259 1614 4314 aspere
1635 4254 2043 4300 counnoveatur

448 4329 705 4384 adversus
753 4332 1131 4404 presbyterum
1169 4333 1284 4387 sive
1329 4333 1620 4388 diaconum
1650 4349 1828 4396 suum,
1863 4342 1916 4387 et
1946 4351 2041 4389 cx-

445 4411 739 4477 terminare
783 4438 907 4476 eum
954 4422 1022 4478 de
1051 4422 1294 4478 Ecclesia
1341 4424 1597 4492 voluerit,
1645 4423 2038 4495 providendum

446 4520 532 4566 est
576 4529 644 4567 ne
674 4513 934 4568 innocens
985 4513 1294 4578 damnetur,
1346 4523 1439 4569 aut
1478 4515 1673 4584 perdat
1701 4517 2040 4572 communio—
2068 4541 2116 4598 υ

446 4621 572 4660 nem
599 4623 612 4658 :
644 4606 842 4660 habeat
870 4614 1190 4676 potestatem
1219 4607 1426 4676 ejectus
1467 4615 1525 4662 ut
1557 4607 1816 4663 ﬁnitimos
1868 4607 2038 4663 inter-

447 4700 635 4771 pellet,
665 4707 722 4754 et
744 4715 904 4755 causa
935 4700 1052 4770 ejus
1097 4702 1368 4765 audiatur,
1400 4710 1456 4756 et
1493 4701 1802 4769 diligentius
1831 4708 2036 4755 tracte-

447 4802 555 4858 tur,
587 4792 711 4861 quia
738 4807 845 4847 non
878 4800 1094 4863 oportet
1118 4793 1166 4846 ei
1191 4792 1372 4860 negari
1403 4792 1674 4846 audientia
1718 4792 1952 4860 roganti,
1984 4800 2041 4847 et

451 4886 540 4942 ille
571 4886 859 4957 episcopus
885 4886 976 4955 qui
1005 4895 1098 4940 aut
1134 4887 1278 4955 juste
1333 4894 1427 4940 aut
1457 4884 1651 4954 injuste
1703 4884 1909 4953 rejecit,
1943 4900 2041 4956 pa-

455 4976 656 5031 tienter
701 4977 936 5047 accipiat
1003 4985 1061 5032 ut
1108 4977 1383 5045 negotium
1436 4975 1784 5039 discutiatur,
1834 4982 1892 5028 ut
1949 4983 2044 5028 aut

452 5069 711 5137 probetur
729 5068 866 5138 ejus.
901 5076 994 5124 aut
1015 5069 1337 5124 emendetur
1358 5067 1646 5124 sententia.
1691 5064 1818 5121 Haec
1860 5067 2045 5136 utique

451 5174 624 5228 usque
669 5158 734 5214 ad
785 5159 1076 5214 adventum
1125 5159 1534 5215 verissimorum
1584 5156 2043 5226 exemplariorum

455 5249 660 5306 Niczeni
691 5251 911 5306 concilii
938 5251 1141 5305 inserta
1171 5251 1335 5319 gestis
1364 5259 1509 5313 sunt,
1557 5265 1675 5318 quae
1701 5248 1824 5314 sibi,
1855 5262 2044 5317 quem-

452 5339 740 5396 admodum
783 5341 900 5412 ipso
965 5341 1109 5411 quod
1140 5339 1279 5409 apud
1321 5355 1420 5394 nos
1466 5339 1662 5393 fratres
1716 5353 1784 5392 ex
1828 5347 2048 5407 aposto-

453 5433 556 5487 lica
579 5433 712 5488 sede
736 5433 929 5488 directi
969 5433 1359 5503 allegat-erunt,
1414 5421 1836 5486 commonitorio
1864 5431 2042 5483 conti-

454 5537 668 5581 nentur.
717 5524 904 5597 quue
931 5525 1144 5590 ordine,
1186 5525 1272 5578 vel
1302 5522 1446 5593 apud
1470 5538 1569 5578 vos
1598 5522 1651 5576 in
1681 5520 1832 5575 Italia
1862 5529 2045 5576 custo-

453 5619 716 5690 direntur,
743 5619 891 5676 nullo
919 5619 1083 5675 modo
1107 5634 1205 5674 nos
1228 5617 1359 5672 talia
1391 5615 1570 5685 qualia
1617 5622 2042 5669 commemorata

450 5712 562 5782 jam
589 5712 860 5779 nolumus,
889 5712 975 5768 vel
1010 5711 1243 5767 tolerare
1273 5721 1532 5779 cogemur
1561 5721 1575 5759 :
1607 5704 1706 5760 sed
1750 5703 2042 5771 credimus,

454 5804 742 5870 adjuvante
773 5799 1141 5856 misericordia
1171 5797 1382 5852 Domini
1416 5795 1509 5850 Dei
1547 5792 1736 5858 nostri,
1771 5792 1914 5862 quod
1955 5801 2044 5848 tua

2141 3237 2476 3293 conﬁdimus.
2510 3235 2717 3292 Caetera
2745 3229 2875 3290 vero
2910 3250 3030 3304 qua:
3070 3234 3122 3287 in
3176 3227 3359 3287 nostra
3389 3229 3598 3302 synodo
3625 3230 3724 3298 ge-

2138 3339 2220 3384 sta
2252 3329 2335 3383 vel
2365 3326 2572 3382 ﬁrmata
2597 3335 2743 3390 sunt,
2775 3326 3030 3397 quoniam
3083 3322 3374 3393 supradicti
3404 3322 3599 3376 fratres
3631 3338 3729 3376 no-

2139 3421 2258 3485 Stri,
2305 3419 2591 3494 Faustinus
2634 3420 3008 3488 coepiscopus,
3058 3414 3357 3483 Philippus,
3409 3421 3463 3480 et
3505 3411 3720 3466 Asellus

2141 3511 2440 3582 presbyteri
2469 3524 2650 3565 secum
2682 3507 2878 3569 ferunt,
2910 3507 2955 3561 si
2986 3507 3234 3574 dignatus
3255 3501 3437 3564 fueris,
3471 3511 3579 3584 tuae
3597 3510 3725 3555 nota

2143 3605 2336 3659 facient
2379 3602 2670 3657 sanctitati.
2719 3600 2786 3654 Et
2833 3599 2934 3652 alia
2987 3614 3185 3650 manu:
3240 3595 3494 3650 Dominus
3542 3603 3729 3651 noster

2141 3703 2195 3748 te
2224 3694 2378 3748 nobis
2421 3693 2576 3748 annis
2605 3690 2846 3762 plurimis
2867 3689 3150 3748 custodiat,
3193 3686 3503 3740 beatissime
3533 3683 3726 3738 frater.

2141 3787 2584 3857 Subscripserunt
2611 3798 2826 3855 quoque
2863 3782 3111 3854 Alypius,
3147 3779 3506 3849 Augustinus,
3541 3776 3726 3832 Possi-

2142 3880 2280 3948 dius,
2314 3879 2569 3944 Mariuus,
2605 3890 2660 3932 et
2689 3877 2872 3932 czeteri
2903 3869 3164 3946 episcopi.

2143 3991 2410 4064 Incipiunt
2443 3990 2708 4064 rescripta
2762 3990 2830 4064 ad
2877 3983 3732 4064 concilium_A{ricanu‘nt“(1yrilfi

2212 4053 2554 4117 Alexandrini
2573 4061 2819 4130 episcopi,
2841 4057 2926 4112 ubi
2953 4053 3256 4130 authentico"
3269 4057 3472 4110 concilii
3497 4053 3729 4130 Nicmni,

2215 4134 2472 4186 translata
2521 4125 2804 4184 de'Grar'co
2855 4145 2943 4196 per
2985 4125 3734 4196 Innocentiumpresbyterum

2215 4203 2614 4255 transmiserunt
2637 4217 2654 4263 ;
2689 4215 2801 4270 qua:
2829 4195 2985 4251 etiam
3015 4199 3248 4270 epistola:
3276 4212 3389 4247 cum
3412 4195 3588 4270 eodem
3616 4205 3734 4246 conn

2215 4273 2334 4326 cilia
2366 4271 2414 4325 Ν
2422 4275 2584 4326 ἑεωηο
2613 4263 2711 4339 μετ’
2723 4278 3062 4339 memoratum
3091 4268 3442 4339 presbylerum
3478 4263 3730 4339 [inaccen-

2219 4346 2364 4406 tium,
2399 4352 2447 4395 et
2482 4333 2790 4394 Marcellum
2819 4333 3189 4392 subdiaconum
3223 4333 3469 4406 liicclesiw
3509 4333 3734 4406 (.'_urtlta-

2222 4401 2449 4486 gincnsis
2480 4421 2658 4486 sancto
2693 4409 2963 4486 Bonifacio
2985 4409 3227 4486 episcopo
3252 4404 3500 4486 Ecclesia:
3529 4401 3728 4456 Roma-

2215 4477 2314 4548 ἦω,
2338 4485 2429 4537 sub
2466 4483 2552 4536 die
2574 4497 2626 4534 v1
2654 4480 2755 4534 cat.
2789 4477 3082 4532 Decembris
3111 4489 3227 4531 sunt
3257 4477 3483 4530 αἰνείτω.
3699 4489 3702 4494 ·

2214 4597 2472 4656 CXXXV.
2516 4595 2757 4651 Dominis
2785 4592 3214 4658 honorabilibus,
3245 4592 3445 4646 sanctis
3476 4589 3733 4645 fratribus

2143 4691 2500 4762 coepiscopis,
2535 4689 2772 4754 Aurelio,
2805 4687 3114 4750 Valentino,
3147 4685 3240 4739 sed
3277 4693 3331 4738 ct
3359 4684 3503 4738 omni
3535 4691 3736 4738 sancta:

2145 4780 2552 4852 congregationi
2605 4779 2657 4833 in
2702 4777 3108 4844 Carthaginiensi
3136 4774 3342 4847 synodo
3373 4780 3733 4843 congregem,

2145 4873 2378 4947 Cyrillus
2406 4871 2645 4926 salutans
2670 4870 2722 4923 in
2751 4869 2862 4923 Deo
2892 4866 3208 4922 charitalem
3240 4874 3494 4920 vestram.
3626 4869 3630 4873 ’

2219 4963 2432 5032 Scripta
2457 4959 2824 5016 venerationis
2850 4966 3043 5012 vestra?
3068 4957 3288 5010 multam
3322 4955 3573 5008 habentia
3603 4968 3736 5022 ques

2149 5055 2433 5111 rimoniam
2464 5069 2584 5108 cum
2611 5051 2756 5107 omni
2806 5050 2984 5104 lxetitii
3017 5065 3112 5121 per
3158 5048 3320 5100 lilium
3372 5057 3614 5099 nostrum
3644 5044 3733 5097 lu-

2146 5147 2454 5202 nocentium
2485 5143 2854 5215 presbyterum
2885 5142 3114 5210 suscepi,
3149 5140 3339 5207 quibus
3365 5152 3393 5189 a
3420 5136 3575 5189 nobis
3606 5151 3734 5206 spe-

2146 5239 2279 5294 ratis
2309 5249 2368 5293 ut
2394 5237 2462 5292 de
2496 5238 2694 5291 scrinio
2722 5243 2920 5290 nostne
2959 5231 3210 5287 Ecclesia:
3245 5227 3524 5283 verissima
3546 5243 3733 5282 exem-

2150 5329 2319 5400 plaria
2350 5344 2417 5382 ex
2446 5327 2752 5380 authentica
2784 5324 2990 5395 synodo
3015 5321 3155 5391 apud
3178 5319 3409 5374 Nicmam
3439 5318 3732 5384 civitatem,

2147 5420 2491 5490 metropolim
2521 5418 2802 5487 Bithyniae,
2842 5432 2872 5469 a
2892 5415 3113 5470 ,sanctis
3169 5411 3413 5468 Patribus
3442 5414 3736 5468 constituta

2149 5528 2312 5584 atque
2341 5513 2566 5574 firmata,
2613 5509 2712 5566 sub
2758 5517 2956 5562 nostrze
3002 5504 3125 5561 ﬁdei
3155 5505 3492 5576 professione
3535 5515 3731 5561 vestrae

2148 5605 2422 5661 dilectioni
2482 5603 2839 5674 porrigamus.
2911 5597 3098 5665 Unde,
3129 5598 3330 5654 domini
3389 5597 3739 5652 honorabiles

2150 5699 2362 5761 fratres,
2395 5696 2568 5750 salute
2587 5700 2864 5764 prmeunte
2905 5690 3158 5758 Domino,
3201 5706 3422 5745 necesse
3451 5690 3611 5744 habui
3643 5702 3740 5760 per

2151 5790 2340 5844 barum
2371 5787 2598 5842 latorem
2637 5783 2800 5837 lilium
2835 5791 3078 5838 nostrum
3108 5781 3480 5837 Innocentium
3513 5779 3740 5852 [resby-
