4092 6348
441 339 541 396 Ξὲτ

1040 334 1390 389 DlON-YSIUS
1429 334 1745 391 EX-IGUUS.
1787 334 2010 392 CODEX
2037 336 2362 392 CANONUM
2404 336 3090 395 ECCLESIASTiCURUM.

3658 339 3767 395 223

439 462 634 513 terum,
668 447 969 504 fidelissima
1000 450 1421 517 exemplaria-cx
1451 450 1759 505 autlteutica
1790 451 2019 523 synodo,
2052 460 2101 517 Α
2126 452 2441 519 Servusdei,
2475 453 2778 519 Tereutiur,
2834 456 3179 522 Fortunatus,
3206 457 3524 524 Martinus,
3558 455 3771 513 Janua-

438 546 493 599 in
522 542 731 598 Nicena
761 541 977 596 civitate
1010 539 1269 612 Bithynia:
1298 541 1503 608 habita,
1547 550 1739 597 vestra:
1767 544 2018 598 charitati

439 634 689 703 dirigere.
714 630 865 699 Quod
888 640 940 685 et
963 630 1013 683 iu
1046 631 1410 685 ecclesiastica
1438 633 1662 687 historia
1687 635 2022 703 requirentes

440 725 744 779 invenietis.
786 722 861 777 De
890 720 1094 777 Pascha
1153 739 1313 787 vero,
1354 731 1411 777 ut
1451 725 1769 795 scripsistis,
1805 727 2021 780 nuntia-

440 833 558 871 mus
596 817 745 871 vobis
800 831 907 869 xvu
954 814 1057 868 cal.
1111 812 1278 869 Maias
1333 831 1431 869 nos
1488 816 1663 871 futura
1731 817 2021 874 indictione

440 908 735 963 celebrare.
774 906 838 960 Et
867 907 971 961 alia
1022 923 1221 961 manu:
1274 908 1414 963 Deus
1459 917 1516 963 et
1545 909 1799 964 Dominus
1838 918 2024 965 noster

439 1009 677 1054 sanctam
726 1008 959 1051 vestram
1008 984 1482 1067 congregationem
1526 1001 1824 1067 custodiat,
1879 1000 2023 1069 quod

439 1098 707 1157 optamus,
741 1087 1038 1141 cliarissimi
1069 1088 1280 1142 fratres.

442 1200 635 1270 Incipit
663 1200 883 1270 epistola
926 1200 1082 1267 Attici
1110 1202 1335 1270 episcopi
1360 1201 1919 1273 Constantinopolitani
1950 1203 2019 1257 ad

1115 1275 1341 1325 eosdem.

510 1382 791 1439 CXXXVI.
854 1384 1094 1438 Dominis
1148 1385 1389 1450 sanctis,
1441 1385 1636 1439 merito
1699 1386 2024 1440 beatissimis

438 1471 692 1526 fratribus
720 1474 1074 1542 coepiscopis,
1107 1472 1345 1539 Aurelio,
1382 1474 1680 1536 Valentino,
1708 1476 1791 1531 vel
1816 1477 2025 1530 caneris

439 1565 772 1620 charissimis
832 1567 885 1619 in
936 1566 1146 1635 synodo
1208 1567 1350 1637 apud
1416 1565 1796 1635 Carthaginem
1843 1567 2026 1623 habita

438 1659 764 1721 constitutis,
804 1659 1010 1712 Atticus
1037 1660 1346 1728 episcopus.

514 1746 617 1804 Per
664 1749 828 1801 lilium
861 1759 1101 1803 nostrum
1145 1748 1458 1805 Marcellum
1498 1748 1887 1805 subdiaconum
1928 1763 2025 1806 Ve-

2124 544 2252 607 rius,
2284 545 2529 614 Optatus,
2565 546 2822 611 Ccticius,
2856 549 3116 616 Donatus,
3150 549 3459 613 Theasius,
3500 548 3764 603 Vincen-

2124 634 2248 699 tius,
2282 635 2717 703 Fortunatianus,
2742 648 2799 694 et
2826 640 3030 704 ea-teri,
3060 641 3150 708 qui
3180 640 3505 697 universali
3536 638 3767 694 Africa-

2124 742 2195 781 no
2217 728 2448 783 concilio
2477 728 2813 797 Carthaginis
2842 730 3125 785 adfuimus.

2195 815 2531 889 Optarcmus,
2557 822 2599 875 si
2624 821 3070 889 quemadmodum
3099 823 3372 878 sanctitas
3410 832 3517 878 tua
3552 822 3630 879 de
3658 822 3770 881 ad-

2125 919 2287 963 ventu
2322 910 2522 979 Apiarii
2557 911 2765 966 laetatos
2795 928 2889 965 vos
2918 910 3097 977 fuisse,
3122 915 3301 969 missis
3337 930 3453 985 per
3489 929 3771 985 compro-

2124 1003 2397 1071 sbyterum
2422 1012 2663 1059 nostrum
2693 1003 2928 1058 Leonem
2958 1005 3153 1059 litteris
3176 1006 3468 1061 intimavit
3497 1024 3513 1059 :
3548 1008 3632 1062 ita
3658 1020 3767 1065 tios

2126 1106 2341 1161 quoque
2369 1093 2435 1146 de
2462 1093 2579 1161 ejus
2608 1096 2920 1163 purgatione
2962 1096 3074 1149 hzcc
3111 1098 3312 1167 scripta
3370 1113 3518 1152 cum
3552 1098 3758 1153 laetitia

2126 1185 2480 1239 mitteremus.
2513 1186 2670 1242 Esset
2700 1190 2943 1255 profecto
2971 1196 3027 1243 et
3056 1199 3239 1243 nostra
3280 1200 3335 1245 et
3373 1200 3583 1245 vestra
3632 1206 3757 1246 meo

2127 1274 2196 1328 do
2218 1276 2471 1329 alacritas
2491 1280 2713 1342 certior,
2765 1293 2864 1332 nec
2888 1296 3229 1350 prmpropera
3259 1282 3596 1350 videretur,
3629 1298 3760 1352 qua:

2127 1365 2304 1422 adhuc
2351 1366 2419 1421 de
2448 1367 2734 1433 audiendo,
2787 1385 2947 1438 quam
2994 1372 3060 1426 de
3110 1374 3293 1428 audito
3341 1386 3754 1444 praecesserat.

2127 1457 2461 1514 Adveniente
2486 1474 2618 1514 sane
2646 1460 2713 1515 ad
2745 1478 2843 1516 nos
2869 1473 3058 1517 sancto
3082 1464 3247 1519 fratre
3285 1474 3341 1519 et
3385 1467 3756 1538 coepiscopo

2124 1561 2314 1606 nostro
2341 1550 2622 1619 Faustino,
2664 1555 2953 1611 concilium
3001 1557 3488 1625 congregavimus,
3537 1566 3601 1612 et
3630 1573 3755 1613 cro-

2127 1644 2359 1701 didimus
2404 1646 2530 1709 ideo
2577 1664 2699 1702 cum
2730 1649 2822 1703 illo
2852 1650 3110 1704 missum:
3158 1651 3425 1719 quoniam
3458 1651 3622 1706 sicut
3650 1666 3755 1722 per

2128 1738 2244 1807 ejus
2290 1754 2512 1809 operam
2551 1740 2886 1811 presbyterio
2932 1752 3058 1797 ante
3100 1742 3341 1798 redditus
3392 1740 3623 1810 fuerat,
3672 1742 3752 1797 ita

439 1850 613 1897 strqu
660 1841 859 1910 scripta
894 1849 1086 1893 vestrm
1129 1840 1436 1895 dilectionis
1477 1856 1599 1894 cum
1628 1839 1775 1894 omni
1817 1840 2017 1907 gratia-

2126 1845 2269 1884 nunc
2299 1839 2481 1900 posset
2498 1831 2567 1886 de
2597 1832 2757 1886 tantis
2786 1832 3098 1888 criminibus
3139 1847 3170 1885 a
3212 1831 3616 1889 Thabracenis
3646 1834 3751 1888 ob-

440 1947 558 1985 rum
588 1934 802 1986 actione
844 1933 1075 2001 suscepi,
1126 1931 1354 1987 Domino
1396 1933 1595 2001 gratias
1648 1946 1834 1999 agens,
1880 1931 2026 2000 quod

439 2022 612 2077 merui
643 2030 911 2077 tantorum
934 2022 1157 2076 fratrum
1182 2022 1556 2077 benedictione
1581 2023 1799 2092 perfrui.
1835 2023 2022 2078 Domi-

441 2114 497 2164 ni
529 2112 821 2165 beatissimi
851 2111 1063 2175 fratres,
1093 2113 1385 2185 scripsistis
1414 2128 1562 2178 sane,
1614 2123 1671 2168 ut
1718 2114 2025 2169 verissimos

440 2217 679 2255 canones
718 2202 856 2271 apud
881 2202 1108 2257 Nicmam
1136 2205 1430 2269 civitatem,
1480 2207 1819 2275 metropolim
1848 2206 2026 2279 Bithy-

438 2291 561 2355 niae,
595 2306 623 2344 a
658 2289 903 2345 Patribus
927 2293 1249 2348 constitutos
1267 2295 1366 2349 sub
1388 2293 1515 2350 fidei
1544 2296 1921 2366 astipulatione
1951 2297 2025 2350 di-

439 2384 628 2451 rigam.
656 2382 722 2438 Et
742 2385 861 2453 quis
890 2395 973 2441 est
1014 2386 1104 2455 qui
1133 2402 1477 2442 communem
1506 2388 1687 2457 fidem,
1718 2392 1801 2444 vel
1823 2399 2021 2444 statuta

438 2488 470 2527 a
501 2471 748 2529 Patribus
778 2475 984 2529 firmata
1011 2477 1123 2531 suis
1153 2477 1404 2533 fratribus
1434 2480 1661 2547 deneget
1687 2482 1709 2533 ?
1738 2480 1850 2545 Qua
1872 2482 1937 2536 de
1965 2497 2022 2535 re

438 2580 538 2635 per
558 2566 805 2620 eumdem
835 2566 999 2621 lilium
1038 2583 1213 2621 memn
1259 2567 1592 2630 Marcellum.
1634 2572 2020 2625 subdiacouum

438 2666 700 2724 vestrum,
743 2659 964 2713 nimium
1011 2658 1375 2726 festinantem,
1427 2664 1565 2716 sicut
1603 2665 1787 2717 statuti
1818 2673 1939 2718 sunt
1968 2665 2019 2718 in

437 2745 613 2802 Nicata
648 2749 862 2804 civitate
912 2766 944 2803 a
988 2748 1234 2805 Patribus
1280 2767 1533 2818 canones,
1568 2753 1621 2808 in
1676 2754 1911 2821 integro,
1965 2763 2021 2809 ut

434 2840 688 2907 jussistis,
720 2839 895 2896 direxi
923 2860 935 2894 :
978 2852 1169 2913 petens
1196 2851 1254 2897 ut
1285 2859 1383 2913 pro
1406 2860 1491 2899 me
1521 2845 1809 2915 plurimum
1842 2856 2020 2903 vestra

435 2937 623 2985 sancta
649 2932 997 3000 congregatio
1024 2948 1182 2987 orare
1203 2934 1409 3002 jubeat.
1441 2932 1505 2987 Et
1527 2935 1631 2988 alia
1653 2950 1815 2989 manu
1842 2953 1853 2987 :
1880 2935 2021 2991 Deus

438 3030 625 3077 noster
644 3024 983 3078 sanctitatem
1012 3034 1249 3079 vestram
1270 3026 1555 3093 custodiat,
1580 3025 1726 3096 quod
1751 3035 2017 3096 optamus,

434 3116 607 3169 sancti
633 3113 847 3171 fratres.

436 3222 703 3297 Incipiunt
725 3227 1043 3297 egemplaria
1072 3230 1283 3284 concilii
1325 3227 1554 3293 Nicwni,
1594 3231 1790 3286 directa
1817 3233 1909 3286 sub
1937 3234 2021 3287 die

510 3310 559 3348 v1
598 3296 699 3377 cal:
751 3295 1047 3351 Decembris
1075 3311 1240 3377 ,_post
1275 3301 1599 3377 consulatum
1608 3304 2027 3377 giariosissimo-

505 3380 621 3418 rum
675 3378 1043 3421 imperatorum

503 3432 698 3507 Augg.,

1153 3371 1331 3423 ouorii
1383 3387 1453 3424 xu
1500 3380 1550 3424 et
1606 3371 1876 3428 Theodosii
1934 3390 2026 3429 vut

809 3439 1003 3508 nifacio
1026 3439 1165 3492 urbis
1193 3438 1378 3494 Roma:
1399 3440 1661 3513 episcopo.

502 3542 806 3601 CXXXVII.
865 3547 1147 3604 Credimus
1196 3552 1252 3605 in
1310 3568 1473 3606 unum
1528 3552 1703 3608 Deum
1733 3596 1749 3622 ,
1809 3552 2023 3611 Patrem

434 3638 900 3707 omnipotentem,
952 3639 1262 3703 visibilium,
1311 3658 1412 3697 nec
1457 3658 1563 3697 non
1595 3652 1651 3697 et
1680 3644 2021 3699 invisibilium

433 3734 762 3781 creatorem.
806 3725 873 3781 Et
918 3728 969 3781 in
1009 3745 1175 3784 unum
1226 3731 1513 3786 Dominum
1556 3742 1798 3789 nostrum
1840 3734 2021 3791 Jesum

432 3815 727 3880 Christum,
758 3816 950 3872 Filium
980 3817 1100 3887 Dei,
1137 3830 1320 3875 natum
1349 3837 1415 3876 ex
1460 3821 1621 3878 Patre
1665 3826 2017 3892 unigenitum,

433 3909 541 3964 hoc
569 3920 653 3965 est
680 3926 748 3965 ex
777 3911 1079 3966 substantia
1110 3911 1304 3978 Patris,
1358 3915 1523 3969 Deum
1570 3932 1636 3970 ex
1667 3916 1797 3982 Deo,
1829 3918 2021 3974 dumen

434 4015 503 4055 ex
533 4000 762 4065 lumine,
822 4001 991 4056 Deum
1022 4020 1208 4058 verum
1239 4020 1305 4060 ex
1346 4005 1459 4061 Deo
1490 4022 1642 4076 vero,
1671 4018 1878 4075 natum,
1912 4026 2017 4065 non

434 4104 697 4159 creatum,
728 4096 971 4166 ejusdem
1001 4113 1123 4152 cum
1156 4097 1315 4154 Patre
1345 4100 1683 4166 substantiae,
1728 4117 1826 4171 per
1853 4118 2017 4170 quem

436 4186 617 4240 omnia
658 4185 800 4241 facta
830 4196 979 4253 sunt,
1020 4188 1261 4245 cwlestia
1291 4201 1343 4245 et
1376 4200 1613 4245 terrena.
1654 4190 1755 4257 Qui
1798 4203 2020 4263 propter

434 4292 531 4333 nos
553 4278 822 4345 homines,
854 4289 909 4335 et
937 4293 1161 4351 propter
1189 4290 1432 4336 nostram
1458 4282 1686 4336 salutem
1718 4282 2014 4347 descendit,

431 4380 487 4422 et
518 4371 825 4425 incarnatus
849 4381 949 4435 est,
982 4380 1036 4426 et
1064 4373 1228 4426 homo
1258 4373 1430 4427 factus
1459 4387 1649 4441 passus
1690 4381 1793 4427 est.
1828 4369 1896 4426 Et
1928 4389 2015 4428 re~

431 4462 664 4514 surrexit
692 4462 847 4514 tertia
878 4461 985 4524 die,
1017 4463 1262 4518 ascendit
1300 4463 1352 4515 in
1382 4465 1599 4527 emtum,
1642 4471 1903 4517 venturus
1930 4464 2016 4516 in-

429 4552 498 4608 de
520 4552 762 4621 judicare
787 4554 939 4608 vivos
968 4562 1023 4607 et
1046 4562 1330 4607 mortuos:
1385 4559 1444 4607 et
1486 4556 1541 4607 in
1587 4551 1845 4621 Spiritum
1883 4567 2013 4607 san-

428 4652 593 4696 ctum.
646 4640 750 4697 Eos
800 4660 929 4699 vero
974 4645 1065 4713 qui
1113 4644 1318 4710 dicunt,
1366 4650 1485 4699 erat
1535 4652 1746 4713 tempus
1799 4644 2014 4714 quando

430 4749 536 4786 non
565 4745 700 4798 erat,
728 4745 782 4787 ct
804 4735 894 4804 qui
917 4750 984 4789 ex
1006 4736 1171 4790 nihilo
1196 4734 1417 4801 factum,
1445 4733 1532 4790 vel
1551 4750 1619 4790 ex
1641 4734 1742 4790 alia
1762 4736 2012 4791 substan-

429 4822 525 4889 tia,
556 4824 640 4878 vel
668 4826 902 4880 cssentia
928 4841 1066 4892 esse,
1111 4835 1205 4882 aut
1256 4826 1575 4884 mutabilem
1609 4836 1702 4882 aut
1740 4827 2009 4883 converti-

428 4914 592 4968 bitem
622 4910 814 4970 Filium
846 4917 940 4972 Dei
966 4916 1172 4985 dicunt,
1214 4918 1637 4975 anathematizat
1663 4918 1927 4977 catholica
1956 4929 2011 4976 et

427 5006 723 5077 apostolica
750 5005 1007 5063 Ecclesia.

498 5093 633 5151 Huic
658 5097 904 5167 symbolo
935 5096 1058 5153 fidet
1089 5109 1253 5154 etiam
1306 5101 1640 5172 exemplaria
1687 5111 2014 5159 statutorum

427 5183 668 5252 ejusdem
715 5187 929 5242 CODCilii
969 5186 1171 5245 Nicatni
1219 5206 1250 5244 a
1298 5194 1615 5250 memoratis
1663 5194 2011 5264 pontificibus

427 5293 637 5331 annexa
664 5288 808 5344 sunt,
839 5282 979 5336 sicut
1004 5284 1254 5353 superius
1290 5301 1387 5356 per
1413 5287 1595 5341 omnia
1621 5290 1967 5343 continentur
1993 5304 2006 5341 :

429 5386 547 5436 quae
574 5386 675 5425 nos
698 5371 788 5427 hic
828 5374 1021 5431 iterum
1051 5378 1317 5434 conscribi
1348 5381 1711 5436 necessarium
1739 5396 1845 5436 non
1888 5394 2009 5436 esse

428 5461 765 5517 credidimus.

428 5570 620 5641 Incipit
640 5576 861 5645 epistola
881 5582 1087 5655 concilii
1106 5584 1342 5654 Africani
1362 5583 1431 5637 ad
1453 5599 1646 5655 papam
1671 5580 2002 5637 Caelestinum

854 5649 993 5703 urbis
1027 5649 1206 5707 Romae
1232 5649 1549 5724 episcopum.

494 5751 826 5814 CXXXVIII.
895 5740 1121 5815 Domino
1187 5761 1535 5816 dilectissimo
1594 5772 1651 5815 et
1697 5762 2002 5820 honorabili

426 5842 580 5905 fratri
592 5846 883 5907 leestino
909 5849 1174 5916 Aurelius,
1205 5850 1497 5921 Palatinus,
1512 5853 1795 5923 Antonius,
1812 5854 1998 5929 Tutus,

2120 1920 2283 1989 jectis
2304 1937 2371 1976 eo
2403 1922 2683 1978 laborante
2704 1924 2939 1992 purgari.
2971 1924 3138 1999 Cujus
3188 1932 3335 1987 tanta
3366 1939 3441 1979 ac
3484 1932 3610 1978 tam
3643 1924 3751 1977 im-

2127 2013 2306 2067 mania
2337 2011 2534 2083 llagitia
2564 2014 2851 2068 decursum
2896 2016 3068 2068 nostri
3117 2014 3334 2069 concilii
3376 2029 3633 2070 examen
3666 2014 3747 2069 iu-

2125 2104 2312 2170 venit,
2361 2114 2419 2157 ut
2470 2112 2525 2158 et
2579 2107 2860 2158 memorati
2904 2104 3259 2172 patrocinium
3310 2105 3507 2173 potius
3568 2118 3745 2172 quam

2120 2195 2401 2266 judicium,
2431 2210 2495 2248 ac
2523 2192 2822 2249 defensoris
2862 2196 3029 2262 magis
3057 2209 3278 2263 operam
3332 2208 3510 2262 quam
3555 2193 3742 2249 disce-

2126 2288 2351 2356 ptatoris
2375 2286 2639 2354 justitiam
2666 2293 3003 2355 superarent.
3052 2285 3184 2339 Nam
3236 2284 3501 2353 primum,
3551 2300 3739 2353 quan-

2127 2386 2237 2432 tum
2269 2378 2560 2444 obstiterit,
2603 2378 2749 2432 omni
2779 2377 3184 2444 congregationi
3214 2375 3463 2431 diversas
3497 2375 3738 2444 injurias

2125 2468 2439 2537 ingerendo,
2468 2468 2622 2539 quasi
2650 2465 2903 2522 Ecclesiae
2933 2466 3187 2521 Romana:
3215 2482 3471 2524 asserens
3513 2467 3739 2537 privile-

2124 2563 2231 2627 gia,
2261 2568 2316 2614 et
2343 2560 2528 2614 volens
2553 2573 2675 2613 eum
2703 2574 2734 2613 a
2758 2557 2912 2612 nobis
2934 2557 2986 2611 in
3012 2556 3454 2612 communionem
3478 2554 3731 2625 suscipi:

2123 2664 2282 2718 quem
2311 2658 2399 2702 tua
2430 2649 2687 2703 sanctitas
2715 2646 2941 2702 credens
2962 2648 3284 2718 appellasse,
3310 2648 3461 2716 quod
3483 2647 3732 2718 probare

2126 2760 2233 2798 non
2266 2744 2457 2812 potuit,
2510 2741 2878 2797 communioni
2908 2742 3254 2806 reddiderat;
3301 2742 3451 2809 quod
3493 2741 3729 2795 minime

2127 2845 2305 2891 tamen
2347 2836 2515 2901 licuit,
2564 2836 2707 2905 quod
2736 2837 2899 2891 etiam
2928 2843 3204 2902 gestorum
3232 2836 3424 2889 melius
3478 2835 3726 2890 lectione

2125 2941 2440 2995 cognosces.
2494 2927 2763 2983 Triduano
2814 2939 2990 2982 tamen
3040 2928 3463 2984 laboriosissimo
3512 2928 3723 2996 agitato

2119 3017 2340 3087 judicio,
2374 3036 2496 3073 cum
2526 3020 2735 3087 diversa
2759 3019 2933 3074 eidem
2962 3018 3175 3087 objecta
3202 3017 3547 3075 afflictissimi
3570 3034 3723 3088 qua:—

2125 3123 2384 3174 reremus,
2418 3110 2502 3163 vel
2532 3124 2710 3164 moras
2734 3109 3041 3178 coepiscopi
3089 3109 3258 3165 nostri
3310 3110 3583 3177 Faustini,
3616 3106 3720 3169 .vel

2049 3219 2094 3281 ρ
2126 3202 2597 3271 tergiversationes
2623 3202 2789 3271 ipsius
2810 3202 3035 3271 Apiarii,
3067 3203 3260 3271 quibus
3309 3202 3578 3258 nefandas
3607 3211 3723 3255 tur-

2130 3293 2398 3369 pitudines
2437 3293 2689 3347 occulere
2744 3292 3062 3361 conabatur,
3128 3292 3264 3347 Deus
3302 3291 3471 3361 judex
3507 3293 3720 3362 justus,

2127 3388 2283 3443 fortis
2309 3394 2366 3441 et
2392 3384 2711 3452 longanimis
2738 3398 2931 3451 magno
2955 3384 3276 3454 compendio
3299 3389 3597 3439 resecavit.
3617 3383 3723 3439 Te-

2135 3480 2304 3534 triore
2335 3476 2533 3547 quippe
2560 3490 2625 3530 ac
2673 3474 2940 3545 putidiore
2983 3475 3344 3531 obstinatione
3373 3490 3716 3546 compressa,

2126 3586 2233 3641 qua
2262 3578 2472 3625 tantum
2517 3568 2738 3624 lividum
2780 3583 2995 3624 caenum
3041 3568 3372 3639 impudentia
3403 3569 3718 3638 negationis

2125 3663 2344 3718 volebat
2400 3662 2632 3717 obruere
2657 3702 2672 3727 ,
2741 3658 2853 3715 Deo
2888 3657 3094 3721 hostro
3142 3659 3260 3728 ejus
3314 3662 3714 3717 conscientiam

2126 3760 2459 3817 coarctante,
2507 3759 2563 3805 et
2602 3751 2816 3806 occulta
2844 3766 2965 3821 qua:
3005 3751 3060 3806 in
3088 3750 3232 3806 illius
3254 3753 3418 3807 corde
3447 3760 3714 3821 tanquam

2124 3844 2177 3898 in
2207 3844 2489 3899 volutabra
2532 3843 2814 3898 criminum
2839 3842 2951 3913 jam
2998 3843 3287 3899 damnabat
3330 3845 3492 3900 etiam
3539 3844 3715 3901 homi-

2121 3933 2281 3987 nibus
2310 3931 2641 4003 publicante,
2672 3940 2899 4003 repente
2942 3933 2995 3988 in
3042 3933 3441 3991 confessionem
3488 3942 3713 3990 cuncto-

2124 4039 2243 4078 rum
2265 4010 2603 4092 objectorum
2637 4020 2959 4091 flagitiorum
2988 4024 3207 4079 dolosas
3250 4033 3476 4094 negator
3503 4025 3706 4095 erupit.

2120 4111 2186 4168 Et
2209 4115 2424 4168 tandem
2458 4113 2526 4168 de
2556 4114 2806 4169 omnibus
2846 4114 3248 4171 incredibilibus
3295 4116 3607 4186 opprobriis
3635 4114 3711 4170 ul-

2121 4213 2341 4260 troneus
2384 4219 2443 4259 se
2488 4203 2603 4273 ipse
2651 4204 2909 4273 convicit,
2952 4212 3114 4273 atque
3159 4205 3329 4275 ipsam
3360 4220 3580 4276 quoque
3610 4220 3711 4262 no-

2123 4312 2290 4359 stram
2330 4318 2502 4373 spem,
2551 4316 2656 4371 qua
2697 4316 2820 4356 eum
2846 4308 2903 4356 et
2931 4300 3281 4356 credebamus
3306 4310 3361 4356 et
3382 4302 3706 4371 optabamus

2120 4396 2188 4450 de
2211 4403 2321 4449 tam
2350 4393 2616 4465 pudendis
2636 4393 2865 4449 maculis
2883 4406 3042 4463 posse
3066 4395 3307 4463 purgari,
3351 4394 3623 4448 convertit
3650 4393 3705 4446 in

2120 4484 2369 4554 gemitus,
2400 4484 2501 4539 nisi
2527 4483 2780 4554 quoniam
2810 4484 2969 4538 istam
2995 4492 3234 4539 nostram
3257 4484 3567 4541 muastitiam
3595 4498 3704 4539 uno

2120 4586 2327 4633 tantum
2356 4577 2551 4632 solatio
2580 4578 2863 4645 mitigavit,
2899 4576 3044 4646 quod
3074 4586 3129 4633 et
3155 4593 3254 4632 nos
3284 4578 3468 4633 labore
3493 4576 3704 4631 diutur-

2122 4672 2287 4726 nioris
2308 4671 2617 4741 qumsttonis
2643 4669 2893 4736 absolvit,
2916 4679 2972 4723 et
2990 4670 3103 4725 suis
3122 4670 3430 4724 vulneribus
3456 4668 3702 4737 qualem—

2120 4777 2333 4832 cunque
2361 4762 2645 4825 medelam,
2690 4763 2790 4816 etsi
2820 4760 2986 4816 itﬂ'ila
3013 4778 3077 4816 ac
3116 4778 3225 4816 sua:
3246 4763 3593 4817 conscientia:
3624 4777 3701 4818 re-

2120 4856 2355 4912 luctante
2383 4853 2719 4909 confessione
2741 4854 2992 4924 providit,
3014 4853 3231 4909 domine
3257 4856 3439 4910 frater.
3470 4853 3697 4910 Pracfato

2117 4948 2299 5015 itaque
2325 4946 2519 5000 debita:
2548 4946 2887 5001 salutationis
2915 4944 3115 5012 cilicio,
3147 4947 3421 5016 impendio
3438 4948 3697 5016 depreca-

2118 5052 2237 5090 mur
2290 5042 2351 5090 ut
2377 5035 2631 5105 deinceps
2685 5034 2753 5089 ad
2790 5042 3000 5090 vestras
3046 5051 3205 5092 aures
3254 5037 3381 5091 hinc
3416 5038 3696 5092 venientes

2115 5143 2225 5182 non
2250 5126 2455 5183 facilius
2480 5125 2795 5193 admittatis,
2826 5140 2927 5181 nec
2956 5141 2987 5181 a
3018 5126 3175 5181 nobis
3204 5128 3695 5183 excommunicatos

2116 5217 2171 5271 in
2212 5215 2650 5271 communionem
2699 5214 2837 5269 ultra
2867 5215 3045 5269 velitis
3088 5216 3377 5285 excipere:
3427 5218 3551 5286 quia
3593 5219 3694 5273 hoc

2112 5310 2275 5365 etiam
2306 5308 2520 5365 Nicatno
2549 5308 2781 5364 concilio
2826 5308 3103 5364 definitum
3147 5308 3305 5365 facile
3329 5310 3575 5366 advertet
3599 5326 3691 5366 ve-

2114 5399 2426 5454 nerabilitas
2477 5408 2586 5452 tua.
2621 5398 2753 5453 Nam
2795 5407 2850 5453 et
2896 5401 2942 5453 si
2988 5401 3056 5454 de
3096 5401 3437 5456 inferioribus
3482 5402 3692 5458 clericis

2114 5492 2198 5546 vel
2229 5491 2378 5545 laicis
2406 5491 2623 5545 videtur
2661 5491 2733 5545 ibi
2780 5493 3090 5561 prtecavcri,
3132 5501 3335 5562 quanto
3378 5496 3547 5563 magis
3588 5495 3688 5549 hoc

2114 5582 2184 5637 de
2211 5583 2483 5653 episcopis
2511 5583 2685 5637 voluit
2729 5584 3046 5652 observari,
3094 5599 3163 5639 ne
3204 5585 3258 5638 in
3287 5600 3385 5639 sua
3416 5586 3688 5654 provincia

2112 5692 2142 5731 a
2168 5677 2545 5731 communione
2575 5674 2818 5745 suspensi
2863 5690 2891 5728 a
2916 5683 3005 5730 tua
3033 5676 3321 5730 sanctitate
3350 5690 3690 5746 prwpropere

2111 5766 2195 5820 vel
2225 5764 2460 5820 indebite
2483 5765 2767 5820 videantur
2795 5766 3160 5821 communioni
3186 5766 3422 5821 restitui!
3462 5764 3689 5838 Presby—

2109 5866 2347 5913 terorum
2373 5871 2588 5926 quoque
2626 5865 2682 5911 et
2728 5857 3067 5925 sequentium
3097 5857 3412 5913 clericorum
3445 5860 3689 5931 improba
