4092 6348
433 288 542 345 3‘29

839 299 846 303 ‘
927 289 1216 343 υιυχγδιι
1261 287 1489 346 ΕΧιιΛῙΙ
1529 291 1908 347 COLLELTiO
1950 296 2030 348 [ll-3

2109 297 2408 352 lETOIiUd
2457 299 2557 354 i‘i'.
2604 302 2712 355 liii.
2757 302 3150 363 PILEFATIO.

3573 313 3675 372 ΞΣΩ

380 381 388 417 ³
426 403 625 469 refugis
695 400 834 456 sicut
864 409 917 457 te
943 401 1159 469 dignum
1200 413 1303 469 est,
1335 405 1557 472 repellat
1587 406 1843 458 sanctitas
1874 417 1986 468 tua,
2027 417 2066 468 Α
2096 418 2263 463 strum
2296 410 2620 476 Faustinum,
2657 423 2906 484 tauquam
2936 431 3000 470 ex
3033 429 3182 488 parte
3213 419 3408 474 Nicieni
3439 424 3678 493 concilii,

421 495 548 560 quia
589 504 646 549 et
676 493 819 548 nulla
851 495 1065 548 Patrum
1089 493 1400 549 deﬁnitione
1426 496 1527 549 hoc
1559 494 1812 550 Ecclesia:
1841 497 1998 551 dero-

422 591 602 648 gatum
645 591 727 637 est
756 582 1055 638 Africanae:
1089 593 1144 639 et
1172 585 1388 640 decreta
1419 586 1652 652 Nicena,
1702 590 1816 644 sive
1864 587 1999 644 infe-

424 671 583 725 rioris
609 673 802 739 gradus
831 675 1074 741 clericos,
1106 676 1219 730 sive
1249 677 1394 746 ipsos
1422 693 1708 747 episcopos
1737 686 1850 733 suis
1885 697 2000 734 mc-

427 761 762 830 tropolitanis
783 765 1116 834 apertissime
1139 769 1526 823 conuuiseruut
1551 787 1565 833 ;
1591 773 2002 838 prudentissime

427 854 570 910 enim
617 854 1019 926 justissimeque
1061 858 1309 914 viderunt
1356 860 1417 931 [Γ.
1452 863 1823 936 providerunt]
1850 880 1999 932 qua:-

413 963 640 1016 eunque
671 953 888 1018 negotia
917 953 970 1006 in
1001 953 1112 1007 suis
1147 952 1282 1006 locis
1323 953 1413 1008 ubi
1459 962 1577 1008 orta
1601 965 1727 1014 sunt
1752 957 2002 1012 linienda.

427 1037 538 1093 Nec
585 1040 872 1110 unicuique
926 1044 1274 1112 providentiae
1317 1045 1379 1116 [ι’.
1424 1046 1736 1118 provincier
1777 1048 2002 1115 gratiam

417 1126 488 1182 .S.
519 1127 748 1198 Spiritus
776 1130 1100 1195 defuturam,
1146 1148 1250 1203 qua
1278 1135 1503 1204 aequitas
1530 1152 1560 1188 a
1599 1137 1796 1192 Christi
1825 1153 2008 1193 sacer-

415 1221 645 1276 Idotibus
684 1229 739 1275 et
768 1224 1062 1292 prudenter
1089 1224 1353 1290 videatur,
1382 1235 1436 1281 et
1466 1230 1898 1284 constantissime
1923 1239 2004 1282 te-

432 1319 622 1363 neatur
654 1327 666 1362 :
717 1312 947 1366 maxime
976 1315 1100 1381 quia
1147 1314 1440 1384 unicuique
1480 1332 1794 1372 concessum
1827 1327 1930 1385 est,
1961 1320 2008 1373 si

427 1399 626 1470 judicio
670 1399 906 1455 offensus
934 1401 1093 1457 fuerit
1140 1405 1502 1471 cognitorum,
1549 1407 1614 1458 ad
1645 1407 1870 1462 concilia
1899 1422 2008 1462 suae

423 1494 760 1562 provincias,
819 1495 903 1548 vel
951 1495 1114 1549 etiam
1164 1497 1467 1550 universale
1518 1513 1835 1566 provocare.
1898 1499 2008 1551 Nisi

432 1583 572 1637 forte
623 1585 905 1653 quisquam
952 1591 1036 1638 est
1103 1585 1196 1654 qui
1263 1586 1450 1640 credat
1499 1587 1812 1642 unicuilibet
1857 1604 2012 1656 posse

421 1675 698 1730 vexaminis
722 1675 981 1744 inspirare
997 1674 1279 1744 justitiam,
1310 1689 1364 1731 et
1386 1679 1864 1736 innumerabilibus
1882 1698 2012 1736 con-

2101 501 2294 554 cxinde
2323 503 2706 568 transmisistis,
2738 505 2788 558 in
2820 507 3062 562 conciliis
3091 511 3411 578 verioribus,
3441 529 3675 582 quinae-

2100 589 2369 658 cipiuntur
2396 591 2618 657 Niczeni,
2651 610 2680 647 a
2709 605 2899 650 saneto
2921 597 3119 669 Cyrillo
3140 604 3461 674 coepiscopo
3489 616 3676 660 nostro

2102 684 2472 741 Alexandrinae
2487 686 2756 756 Ecclesiae,
2779 699 2833 744 et
2861 711 2887 746 Α
2908 697 3194 749 venerabili
3219 699 3393 754 Attico
3414 700 3682 757 Conslan-

2102 775 2458 845 tin0politano
2500 779 2776 842 antistite,
2821 799 2888 836 ex
2939 787 3248 841 authentico
3294 792 3507 848 missis:
3558 811 3678 864 quae

2103 867 2264 920 etiam
2305 876 2429 920 ante
2478 867 2580 922 hoc
2627 884 2722 938 per
2785 869 3153 928 Innocentium
3205 881 3573 950 presbyterum
3623 894 3680 937 et.
3729 878 3732 880 ⁷

2105 955 2410 1011 Marcellum
2441 958 2846 1024 subdiaconum,
2877 977 2971 1031 per
3001 980 3140 1032 quos
3172 971 3236 1020 ad
3268 987 3363 1022 nos
3392 972 3460 1023 ab
3489 974 3568 1026 eis
3596 973 3679 1028 di-

2106 1057 2249 1103 recta
2278 1059 2431 1115 sunt,
2465 1051 2788 1106 venerabilis
2818 1057 3087 1110 memoria:
3123 1058 3392 1114 Bonifatii)
3421 1065 3676 1134 episcopo

2105 1141 2376 1196 deeessori
2397 1151 2580 1197 vestro
2603 1159 2632 1196 a
2665 1144 2818 1198 nobis
2850 1149 3160 1202 transmissa
3198 1164 3339 1216 sunt,
3393 1155 3441 1207 in
3485 1157 3679 1225 quibus

2109 1232 2215 1285 tale
2267 1232 2467 1300 aliquid
2523 1236 2628 1287 non
2686 1235 2956 1302 potuimus
3005 1240 3259 1305 reperire.
3321 1241 3679 1300 [insecutores

2109 1322 2267 1374 etiam
2296 1323 2521 1376 clericos
2561 1332 2765 1376 vestros
2812 1326 3110 1396 quibit-quc
3160 1331 3466 1399 petentibus
3515 1335 3681 1389 nolite

2110 1413 2345 1474 mittere,
2383 1414 2548 1467 nolite
2575 1415 2893 1476 concedere,
2923 1431 2990 1470 ne
3021 1415 3283 1472 ruinosam
3316 1423 3536 1491 typbum
3575 1439 3682 1477 saa-

2110 1501 2216 1553 culi
2247 1501 2300 1553 in
2331 1499 2620 1555 Ecclesium
2650 1500 2849 1558 Christi
2875 1545 2888 1565 ,
2943 1520 3060 1573 qum
3103 1507 3280 1562 lucem
3327 1513 3682 1580 simplicitatis

2105 1600 2167 1644 et
2197 1591 2508 1645 humilitatis
2537 1593 2675 1644 diem
2731 1593 2896 1646 Deum
2950 1595 3127 1650 videre
3179 1600 3514 1666 cupientibus
3555 1617 3685 1670 pra:-

2111 1680 2238 1743 fcrt.
2270 1683 2548 1736 videamur
2571 1684 2862 1740 inducere:
2896 1702 3015 1740 nam
3041 1689 3105 1739 de
3139 1691 3298 1744 lintre
3329 1708 3513 1747 nossro
3539 1694 3682 1749 Fau-

436 1768 669 1835 gregatis
717 1767 768 1820 in
815 1767 1102 1822 concilium
1149 1768 1516 1824 sacerdotibus
1563 1771 1851 1839 denegare.
1904 1773 2008 1828 Aut
2045 1789 2082 1844 η
2113 1776 2256 1829 stino
2305 1777 2519 1847 (amoto
2553 1775 2662 1844 jam
2711 1793 2808 1845 pro
2854 1780 2964 1832 suis
3015 1779 3254 1834 nefandis
3307 1785 3556 1851 nequitiis
3617 1787 3686 1840 de

429 1856 704 1924 quomodo
734 1859 904 1927 ipsum
935 1859 1347 1912 transmarinum
1380 1859 1640 1928 judicium
1671 1872 1844 1917 ratum
1881 1864 2003 1925 erit,

432 1951 500 2003 ad
530 1951 671 2017 quod
708 1950 918 2004 testium
947 1951 1264 2004 necessaria:
1293 1965 1535 2019 persona:
1564 1952 1646 2006 vel
1674 1963 1893 2024 propter
1920 1971 2008 2010 se-

434 2054 554 2101 xus.
586 2040 666 2092 vel
699 2047 918 2108 propter
955 2040 1249 2095 senectutis
1276 2038 1664 2105 inﬁrmitatem,
1710 2043 1794 2096 vel
1833 2045 2010 2097 multis

431 2129 553 2183 aliis
596 2128 989 2196 impedimentis
1031 2129 1222 2183 adluci
1272 2145 1378 2184 non
1425 2133 1724 2200 poterunt?
1771 2131 1902 2186 Nam
1952 2143 2012 2187 ut

433 2220 597 2287 aliqui
628 2228 879 2289 tanquam
927 2233 955 2270 a
1005 2227 1107 2272 tua:
1146 2220 1445 2275 sanctitatis
1491 2221 1659 2276 latere
1708 2223 2007 2286 mittantur,

421 2310 580 2361 suilla
626 2308 926 2364 invenimus
954 2306 1170 2362 Patrum
1201 2309 1407 2380 synodo
1451 2313 1822 2376 constitutum,
1875 2315 2006 2379 Quia

425 2401 566 2454 illud
609 2400 754 2469 quod
811 2401 1016 2472 pridem
1067 2416 1164 2469 per
1190 2401 1437 2456 eumdem
1480 2405 1860 2471 coepiscopum
1911 2422 2007 2458 no-

447 2501 526 2515 σιν·

1619 2501 1868 2510 ——.——.—..

2113 1867 2310 1921 Christi
2345 1866 2579 1922 Ecclesia
2603 1868 2833 1922 dolendo
2856 1869 3094 1940 Apiaria)
3115 1874 3286 1926 securi
3315 1890 3517 1938 sumus,
3539 1876 3682 1944 quod

2114 1974 2236 2013 eum
2270 1959 2537 2027 probitate
2567 1975 2630 2012 ac
2661 1960 3028 2016 moderatione
3075 1972 3176 2017 tua:
3201 1968 3516 2028 sanctitatis,
3541 1970 3688 2025 salva

2116 2049 2348 2104 fraterna
2377 2050 2672 2114 charitatc,
2730 2052 2950 2105 ulterius
2979 2051 3153 2108 Africa
3186 2057 3403 2112 minime
3432 2060 3686 2128 patiatur.

2119 2139 2184 2196 Et
2223 2140 2325 2194 alia
2354 2157 2511 2193 manu
2541 2157 2553 2192 :
2587 2140 2844 2194 Dominus
2871 2154 3056 2197 noster
3088 2147 3428 2201 sanctitatem
3457 2158 3691 2204 vestram

2115 2246 2231 2284 awo
2272 2230 2515 2297 longiore
2560 2240 2802 2285 orantem
2832 2247 2929 2301 pro
2959 2234 3113 2289 nobis
3141 2238 3426 2302 custodiat,
3470 2239 3689 2295 domine

2115 2319 2298 2375 frater.

2099 2502 3669 2532 ———————-————-——-————-————..,

2317 2531 3678 2557 .....________._.______________________

1365 2603 2740 2768 COLLECTIO

595 2852 1541 2970 DECRETORUM
1605 2853 2505 2967 "PONTIFICUM
2587 2853 3520 3010 ROMANORUM,

1242 3045 1754 3147 AUCTORE
1831 3044 2342 3118 DIONYSIO
2423 3043 2850 3116 EXIGUO.

1770 3249 2256 3312 LECTORI
2305 3259 2332 3288 ⁸

513 3397 643 3451 IIuic
677 3415 821 3452 nocte
845 3399 1056 3453 eaitioni
1088 3396 1420 3452 Collectionis
1451 3395 1720 3451 Canonum
1750 3398 1998 3451 ccclesiu-
2032 3405 2075 3458 ιζ
2107 3395 2230 3461 499.
2265 3393 2416 3458 Quod
2444 3396 2578 3448 lianc
2604 3394 2984 3468 Dionysianam
3032 3399 3382 3455 collectionem
3419 3405 3559 3460 circa
3581 3405 3691 3460 hac

435 3491 680 3544 sticorum
719 3489 955 3560 Dionysii
985 3487 1198 3558 Exigui,
1231 3507 1294 3543 ne
1321 3488 1443 3558 quid
1470 3489 1623 3542 veteri
1644 3489 2011 3559 jurispruden-

435 3582 521 3636 tiae
568 3583 828 3635 canonicw
864 3580 1036 3634 deesse
1072 3581 1319 3644 videatur,
1359 3579 1717 3650 subjunximus
1745 3577 2012 3645 epistolam

434 3671 663 3741 ejusdem
711 3669 949 3740 Dionysii
994 3669 1184 3740 Exigui
1231 3670 1300 3721 ad
1337 3668 1608 3722 Iulianum
1661 3667 2012 3738 presbyterum

437 3761 567 3814 tituli
599 3759 809 3815 Sancta:
835 3761 1162 3826 Anastasite,
1193 3761 1518 3831 praefationis
1547 3759 1679 3825 loco,
1717 3774 1822 3812 sua:
1859 3760 2013 3811 colle-

427 3851 590 3906 ctioni
624 3851 952 3906 Decretorum
983 3850 1334 3906 Romanorum
1372 3851 1673 3920 pontiﬁcum
1713 3849 2010 3920 praeﬁxum,

431 3959 586 4014 quant
629 3959 763 3996 nunc
790 3942 1010 4008 primum
1038 3957 1128 3995 suo
1173 3942 1371 3993 auctori
1400 3941 1710 4004 restitutum,
1759 3955 1825 3991 ea:
1853 3939 2008 3990 reteri

434 4034 548 4086 cod.
577 4049 670 4086 ms.
702 4047 915 4086 summa
942 4031 1243 4086 eruditionis
1268 4031 1362 4084 viri
1386 4029 1569 4084 Jacobi
1591 4028 1859 4084 Sirmondi
1877 4028 1897 4081 !
1923 4045 2010 4082 so—

433 4121 636 4186 cietatis
663 4119 785 4174 Iesu
828 4118 1130 4191 presbyteri,
1180 4119 1263 4171 cui
1292 4128 1552 4188 acceptam
1582 4120 1739 4187 refer,
1792 4116 1882 4170 tibi
1909 4116 2006 4170 da-

435 4229 548 4266 mus
597 4229 713 4266 cum
738 4212 908 4266 indice
938 4221 1133 4264 tantum
1157 4209 1517 4280 capitulorum,
1567 4211 1772 4263 omissis
1817 4207 2007 4262 Decre-

442 4313 609 4358 torum
630 4305 843 4374 integris
864 4302 1138 4371 capitibus,
1162 4317 1274 4370 qua:
1292 4317 1357 4354 ex
1374 4302 1528 4353 reteri
1549 4300 1724 4354 codice
1743 4298 2009 4354 Canonum

436 4394 684 4466 Ecclesiae
707 4395 977 4462 Romana,
1002 4397 1086 4466 qui
1112 4392 1396 4464 Moguntia:
1419 4395 1643 4463 primum
1669 4409 1884 4446 excusas
1911 4403 2006 4455 est,

437 4503 574 4539 mmo
608 4483 770 4552 1525,
805 4494 853 4540 et
881 4495 1058 4556 postea
1087 4483 1309 4540 Parisiis
1336 4500 1423 4538 an.
1468 4481 1629 4550 1619,
1673 4483 1825 4554 facile
1852 4483 2009 4536 cuiris

436 4576 588 4648 fuerit
635 4585 878 4646 repetere.
930 4574 986 4629 Is
1030 4591 1146 4628 vero
1193 4585 1268 4628 est
1309 4575 1552 4628 Julianus
1598 4573 1884 4645 presbyter,
1923 4573 2009 4644 qui

432 4665 730 4736 subscripsit
758 4665 971 4736 synodis
1001 4662 1180 4720 Roma:
1208 4665 1496 4730 celebratis,
1527 4665 1619 4719 sub
1648 4663 1825 4719 Felice
1850 4681 2008 4735 papa,

2116 3498 2364 3555 tempora,
2411 3495 2527 3556 prst
2571 3503 2825 3542 canonum
2857 3485 3152 3542 Grazcorum
3193 3492 3690 3563 interpretationem,

2115 3578 2308 3648 factam
2341 3577 2500 3644 fuisse
2545 3577 2734 3645 arguit.
2768 3575 3004 3630 Continet
3033 3587 3203 3631 autem
3253 3577 3546 3636 Decretales
3581 3586 3692 3653 epi-

2111 3670 2270 3722 stolas
2296 3667 2492 3730 Siricii.
2519 3666 2832 3733 Innocentii,
2858 3668 3074 3732 Zosimi,
3103 3669 3380 3742 Bonifacii,
3405 3671 3689 3738 Cazlestini,

2117 3757 2322 3818 Leonis,
2377 3754 2595 3824 Cclasii,
2641 3766 2689 3809 et
2717 3757 3002 3819 Anastasii,
3055 3760 3117 3811 ab
3147 3777 3285 3814 anno
3316 3761 3546 3818 videlicet
3587 3763 3693 3816 585

2111 3851 2180 3903 ad
2201 3865 2393 3903 annum
2424 3847 2548 3912 481i,
2580 3865 2707 3929 quas
2734 3850 2891 3902 etiam
2918 3860 3142 3904 recenset
3164 3851 3469 3907 Cresconius
3491 3855 3543 3906 in
3571 3853 3690 3908 Bre-

2110 3940 2272 3994 riario
2317 3938 2608 3999 Canonico,
2652 3949 2701 3991 et
2733 3936 2836 3992 Leo
2867 3937 2948 3992 IV
2991 3957 3158 4009 papa,
3203 3942 3342 4010 apud
3383 3941 3686 3998 Gratianum

2111 4047 2230 4082 «an.
2278 4030 2342 4084 de
2380 4029 2569 4084 libellis
2607 4029 2730 4084 dist.
2781 4028 2868 4093 Ξ),
2921 4040 2968 4083 et
3011 4029 3326 4085 llincmarus
3386 4032 3686 4088 Rhemeusis

2111 4122 2561 4190 archiepiscopus,
2623 4120 2865 4174 adrersus
2914 4119 3256 4176 Ilincmarum
3301 4122 3690 4177 Laudunensem

2111 4212 2426 4281 episcopum,
2467 4226 2586 4277 cap.
2613 4207 2703 4263 45.
2752 4207 2821 4262 Et
2867 4225 2984 4263 tero
3025 4211 3116 4264 illa
3151 4221 3227 4265 est
3272 4213 3504 4266 collectio
3533 4229 3688 4283 quam

2113 4299 2404 4353 Zacharias
2426 4315 2586 4368 papa,
2615 4299 2669 4352 in
2698 4298 2916 4366 epistola
2945 4300 3014 4351 ad
3047 4298 3292 4368 Pipinum
3325 4302 3574 4370 majorem
3605 4305 3693 4357 do—

2111 4405 2246 4456 mus,
2272 4398 2321 4441 et
2342 4387 2594 4441 universis
2619 4387 2872 4458 episcopis
2901 4388 2954 4440 in
2989 4405 3146 4460 regno
3175 4389 3422 4446 Francia:
3450 4396 3695 4448 constitu-

2097 4481 2198 4544 ‘tis,
2231 4479 2435 4535 Lion"
2465 4477 2830 4534 Dacus'ronuu
2855 4489 3020 4544 vocat,
3051 4488 3202 4552 atque
3224 4496 3290 4535 ex
3313 4499 3373 4536 eo
3402 4484 3525 4537 citat
3546 4502 3691 4556 (μητ-

2110 4571 2234 4624 dam
2281 4569 2512 4639 capitula
2546 4568 2758 4633 Siricii,
2804 4567 3118 4634 Innocentii,
3167 4569 3356 4626 Leonis
3384 4583 3434 4626 et
3473 4573 3686 4630 Gelasii.

2115 4658 2228 4725 Qua
2259 4660 2320 4714 ds
2349 4677 2406 4714 re
2425 4676 2540 4713 cum
2567 4659 2872 4727 ampliorem
2891 4661 3249 4714 tractationem
3270 4678 3537 4737 paramus,
3560 4665 3691 4718 illud

435 4754 675 4810 Dinamio
703 4765 752 4810 et
781 4756 1021 4827 Siphidio
1049 4772 1180 4809 coss.
1203 4797 1219 4823 ,
1247 4756 1346 4819 hac
1385 4767 1461 4810 est
1489 4772 1627 4810 anno
1649 4754 1839 4810 Christi
1879 4754 2008 4819 488,
2041 4762 2088 4822 ι)
2113 4753 2195 4806 hic
2223 4753 2286 4806 de
2309 4753 2478 4821 prima
2498 4750 2849 4804 Decretalium
2877 4753 3177 4822 pontiﬁcum
3204 4751 3557 4810 Romanorum
3585 4756 3693 4810 col-

431 4857 480 4899 et
495 4846 584 4900 sub
599 4847 928 4918 Symmacho,
946 4858 1060 4918 post
1076 4849 1395 4903 consulatum
1419 4848 1647 4915 Paulini,
1668 4848 1764 4902 ltoc
1782 4856 1858 4902 est
1877 4862 2016 4902 anno

2123 4843 2336 4896 lectione
2363 4839 2579 4895 breuiter
2605 4840 2932 4918 admonuisse
2959 4842 3216 4896 duximus.

503 4995 525 5020 ⁸
568 4983 693 5055 Hinc
739 4985 989 5041 Praefatio
1037 4983 1135 5040 luit
1173 4985 1390 5055 pristina
1436 5001 1465 5040 a
1494 4983 1553 5040 C.
1586 4984 1811 5039 .lustello
1849 4980 2159 5038 collectioni
2174 4979 2522 5035 Decretorum
2545 4977 2858 5049 pontiﬁcum
2884 4977 3273 5046 Romanorum,
3315 4993 3535 5040 auctore
3561 4983 3686 5039 Dio-

434 5055 582 5124 nysio
610 5054 834 5125 Exiguo,
866 5056 1026 5111 edita:
1053 5054 1196 5111 anno
1223 5055 1385 5110 1645.

1374 5185 1782 5244 CATALOGUS
1820 5180 2230 5240 PONTlFlCUM
2272 5178 2702 5235 ROMANORUM
2721 5219 2739 5243 ,
3079 5238 3098 5258 ‘

1045 5296 1256 5346 ρυοιωκ
1297 5297 1540 5338 DECBBTA
1577 5296 1628 5336 IN
1667 5295 1768 5334 HAG
1808 5290 2174 5332 COLLEC'I‘IONE
2215 5286 2432 5327 DIONYSII
2472 5285 2652 5326 EXIGUI
2690 5284 3085 5324 RECENSENTUR.

1726 5370 1826 5425 AN.
1856 5369 1992 5424 Cun.

564 5465 793 5520 Sumtus
1799 5457 1925 5514 585.

565 5555 913 5611 lNNOCENTlUS
1801 5547 1926 5602 404·

565 5646 790 5700 Zosutus
1799 5639 1860 5692 Η
1873 5641 1925 5693 7ο

563 5735 878 5794 Βοκιηειυε
1803 5731 1862 5783 41
1874 5731 1930 5785 9-

3408 5364 3507 5422 AN.
3539 5365 3678 5424 Curi.

2247 5457 2531 5513 C(ELBSTIN
2541 5471 2598 5510 us
3483 5457 3609 5513 429.

2248 5546 2359 5601 Leo
2399 5545 2417 5599 l
3488 5546 3612 5602 444.

2247 5635 2510 5691 ϐειΑειῠε
3481 5635 3606 5691 492.

3494 5724 3598 5780 ωδ
3609 5771 3617 5778 .

2251 5729 2582 5783 ΑκΑετΑειυε

1809 5827 2308 5844 ι-η--α-Μ
