4092 6348
457 427 1712 450 *οῴοΜ

1718 310 2073 370 DIONYSIUS
2112 311 2428 371 EXICUUS.

3612 313 3723 370 2'2

1326 520 1777 601 DIUNYSII
1852 517 2197 595 EXIGUI
2274 517 2816 593 PREFATIO.

519 728 746 784 Domino
767 722 1055 778 venerabili
1097 721 1225 776 mihi
1267 719 1480 776 Iuliano
1526 721 1840 791 presbytero
1881 719 2020 773 tituli
2048 719 2106 780 Δ
2130 717 2272 772 niam
2293 717 2552 771 doctrina:
2581 716 2786 771 meritis
2807 715 3107 786 ampliaret.
3131 715 3373 788 Denique
3395 735 3556 774 omne
3577 736 3715 792 opus

447 819 657 874 Sancta:
686 814 1009 877 Anastasius,
1060 812 1346 883 Dionysius
1395 810 1647 880 Exiguus.
1719 812 2029 866 Sanctitatis

445 918 638 965 vesti-.1:
681 907 781 977 piis
821 905 1092 960 excitatus
1143 901 1354 968 studiis,
1403 903 1599 971 quibus
1631 901 1759 955 nihil
1808 917 2029 971 prorsus

442 1016 632 1058 eorum
659 1014 777 1068 quae
804 997 871 1051 ad
908 996 1327 1052 ecclesiasticam
1367 994 1706 1064 disciplinam
1736 995 2027 1063 pertinent,

443 1087 954 1156 omittit.inquirere,
979 1085 1370 1154 prteteritorum
1393 1085 1534 1138 sedis
1562 1085 1870 1154 apostolica:
1894 1099 2032 1154 pra:-

440 1181 616 1236 suium
646 1175 1228 1244 constituta,quavalui
1257 1192 1383 1230 cura
1411 1175 2028 1243 diligentiaquecollegi,

444 1281 502 1328 et
529 1274 581 1327 in
606 1270 891 1340 quemdam
920 1269 1167 1336 redigens
1191 1269 1431 1323 ordinem
1457 1269 1624 1324 titulis
1645 1268 1861 1323 distinxi
1883 1284 2031 1322 com-

419 1362 634 1434 positis
682 1380 695 1414 :
745 1361 819 1415 ita
865 1360 1127 1415 duntaxat
1180 1367 1238 1412 ut
1282 1360 1614 1427 singulorum
1671 1359 2025 1429 pontificum,

443 1463 711 1524 quotquot
742 1468 772 1505 a
805 1467 889 1506 me
919 1459 1183 1521 praecepta
1221 1461 1434 1520 reperta
1465 1461 1609 1516 sunt,
1658 1452 1758 1506 sub
1787 1467 1891 1505 una
1932 1467 2031 1505 nu-

442 1559 714 1599 merorum
762 1543 908 1597 serie
943 1543 1317 1608 terminarem,
1349 1556 1644 1610 omnesque
1672 1541 1854 1596 titulos
1905 1542 2030 1596 huic

443 1635 744 1706 przefationi
791 1634 1184 1701 snbnecterem,
1233 1648 1301 1687 eo
1340 1633 1501 1687 modo
1530 1649 1638 1702 quo
1679 1631 1904 1696 dudum,
1959 1633 2028 1689 de

440 1725 628 1782 Gnaeo
657 1741 907 1781 sermone
933 1725 1150 1779 Patrum
1176 1724 1505 1780 transferens
1524 1739 1786 1791 canones,
1811 1725 2030 1779 ordina-

440 1835 576 1882 ram,
609 1817 753 1888 quod
775 1819 929 1872 vobis
958 1818 1177 1871 nitnium
1208 1817 1472 1885 placuisse
1500 1830 1879 1883 cognoveram.
1927 1815 2027 1883 Qui

443 1930 578 1969 vero
611 1913 976 1970 sincerissimo
1022 1911 1216 1965 affectu
1249 1911 1416 1964 Deum
1447 1910 1684 1978 diligitis,
1725 1917 1782 1964 et
1830 1909 2029 1966 idcirco

440 2004 668 2059 famulos
697 2006 814 2070 ejus
853 2003 1116 2057 laudanda
1154 2000 1525 2056 sollicitudine
1562 2001 1871 2056 continetis.
1898 1999 2029 2066 Quis

438 2097 583 2151 enim
623 2096 1076 2165 peregrinantium
1126 2093 1368 2148 serviens
1406 2091 1643 2156 Christo,
1688 2101 1871 2146 vestro
1915 2103 2021 2146 non
2057 2081 2096 2137 Β

439 2187 648 2244 fovetur
686 2188 956 2258 hospitio?
994 2185 1204 2240 Justum
1233 2184 1435 2239 credidi
1471 2184 1625 2238 vobis
1656 2183 1709 2238 in
1738 2185 1838 2238 hac
1872 2191 2025 2253 parte

439 2278 706 2343 famulari,
738 2288 1002 2347 quatenus
1032 2275 1346 2330 industriam
1372 2282 1629 2338 vestram,
1673 2289 1831 2341 quam
1862 2273 2027 2327 cmle-

437 2372 608 2426 stibus
638 2371 945 2439 impenditis
975 2369 1190 2434 regulis,
1241 2377 1296 2422 et
1325 2383 1561 2436 pnesens
1611 2367 1848 2420 imitetur
1870 2375 2020 2428 :etas,

437 2470 492 2514 et
515 2463 800 2530 posteritas
855 2461 1168 2513 admiretur.
1226 2459 1358 2511 Nam
1414 2473 1520 2527 prie
1572 2457 1783 2511 virtutis
1841 2473 2025 2512 amore

436 2559 629 2604 cuncta
677 2566 796 2618 quae
837 2558 960 2602 sunt
989 2550 1135 2602 utilia
1180 2549 1496 2602 desideratis
1543 2560 1865 2615 agnoscere,
1901 2547 2026 2601 licet

437 2657 627 2696 oumes
668 2643 954 2696 venerandi
989 2643 1126 2709 juris
1173 2642 1572 2694 observantiam
1627 2642 1867 2694 moribus
1926 2642 2028 2694 im-

437 2735 647 2803 pleatis.
681 2731 984 2801 Quantique
1010 2735 1079 2786 sit
1101 2734 1239 2803 apud
1271 2734 1433 2787 [)enm
1464 2734 1640 2787 meriti
1671 2733 1859 2787 beatus
1887 2749 2025 2802 papa

437 2825 702 2890 Gclasius,
725 2835 778 2879 et
809 2843 904 2879 nos
933 2827 1019 2896 qui
1045 2841 1166 2880 eum
1203 2827 1485 2895 prmsentia
1516 2827 1785 2897 corporali
1810 2842 1914 2880 non
1946 2827 2024 2879 vi-

434 2919 638 2984 dimus,
699 2934 792 2986 per
821 2934 914 2972 vos
962 2919 1208 2971 alumnos
1260 2919 1376 2985 ejus
1423 2919 1630 2973 facilius
1674 2919 2022 2973 aestimamus.

434 3008 598 3077 Cujus
621 3009 922 3064 eruditione
951 3008 1163 3063 formati
1211 3010 1433 3077 gradum
1488 3008 1790 3081 presbyteri
1837 3018 2024 3062 saneta

435 3101 846 3156 conversatione
893 3101 1188 3166 decoratis,
1249 3109 1307 3154 ιιι
1360 3102 1412 3155 ἰη
1460 3111 1762 3156 vestrorum
1813 3117 2022 3156 morum

435 3191 723 3260 perspicuo
752 3205 975 3244 munere
1021 3190 1137 3258 ejus
1169 3190 1412 3243 videatur
1455 3190 1852 3258 quodammodo
1883 3191 2025 3246 actio

439 3280 750 3350 prmlucere.
785 3278 989 3344 Quem,
1023 3280 1181 3332 sicuti
1227 3289 1400 3332 vestra
1448 3279 1711 3333 relatione
1759 3280 2026 3349 comperi-

437 3385 578 3432 mus,
610 3371 662 3424 in
705 3379 909 3423 tantum
954 3370 1107 3423 bonae
1133 3370 1421 3423 voluntatis
1466 3371 1736 3425 exstitisse
1783 3371 2023 3437 gratula-

2128 809 2244 878 ejus
2271 817 2364 862 aut
2391 809 2566 864 oratio
2613 808 2773 862 fuisse
2805 818 3152 875 memoratur,
3200 820 3293 864 aut
3320 811 3502 866 lectio.
3527 805 3710 867 Inter-

2129 899 2254 954 dum
2283 913 2498 969 quoque
2524 899 2793 954 scribendi
2830 915 3017 954 curam
3045 901 3306 967 sumebat,
3358 911 3519 972 prout
3546 919 3710 958 causa

2129 990 2216 1044 vel
2244 991 2382 1045 ratio
2411 990 2767 1060 poposcisset,
2798 1005 3182 1060 servorumque
3214 991 3309 1046 Dei
3333 993 3551 1046 maximi
3581 1007 3714 1048 con-

2129 1082 2300 1136 sortio
2352 1090 2516 1151 atque
2559 1081 2821 1136 societate
2877 1081 3161 1150 gaudebat.
3193 1083 3430 1149 Quorum
3485 1083 3704 1154 spiritali

2131 1175 2423 1230 collatione
2445 1184 2595 1230 tanto
2623 1176 2786 1230 divini
2817 1177 3015 1232 amoris
3043 1178 3238 1243 studio,
3271 1188 3417 1233 tanta
3439 1181 3584 1234 verbi
3614 1179 3711 1236 Dei

2129 1268 2475 1322 meditatione
2522 1267 2822 1331 fovebatur,
2887 1278 2944 1324 ut
2995 1269 3116 1324 huic
3169 1273 3332 1325 etiam
3389 1271 3516 1326 illud
3565 1274 3713 1343 quod

2130 1359 2410 1414 Psalmista
2440 1362 2655 1424 cecinit,
2686 1372 2960 1432 aptaretur
2996 1381 3007 1413 :
3041 1363 3234 1418 Beatus
3265 1364 3430 1418 homo
3462 1381 3620 1434 quem
3653 1375 3713 1420 tu
3754 1409 3756 1411 μ

2130 1451 2410 1515 erudieris,
2460 1452 2704 1517 Domine,
2739 1462 2793 1507 et
2816 1453 2881 1507 de
2926 1454 3043 1522 lege
3075 1464 3162 1508 tua
3195 1455 3444 1509 docueris
3466 1471 3608 1524 eum,
3657 1466 3714 1511 ttt

2128 1544 2340 1612 mitiges
2365 1561 2488 1599 ettm
2515 1561 2546 1599 a
2572 1545 2758 1600 diebus
2781 1547 2953 1602 malis.
2983 1546 3151 1617 Hujus
3171 1550 3312 1604 enim
3335 1549 3518 1606 saeculi
3542 1550 3714 1609 malos

2128 1634 2243 1690 dies
2271 1636 2343 1690 ita
2383 1636 2612 1690 Domino
2653 1637 2934 1706 mitigante
2965 1647 3124 1708 atque
3166 1641 3500 1708 gubernante
3529 1651 3716 1698 trans-

2127 1727 2258 1795 egit,
2288 1736 2347 1781 ut
2375 1727 2653 1784 universas
2684 1731 3006 1784 tentationes
3031 1732 3163 1785 mira
3198 1733 3479 1801 prudentia
3510 1743 3566 1788 et
3589 1735 3711 1789 lon-

2129 1818 2442 1884 ganimitate
2481 1819 2744 1884 sufferret,
2779 1820 3000 1875 delicias
3031 1821 3248 1890 jejuniis
3295 1823 3604 1894 sperneret,
3623 1842 3715 1882 suo

2128 1908 2368 1977 perbiam
2391 1909 2691 1964 humilitate
2711 1911 2968 1975 calcaret,
2985 1920 3131 1965 tanta
3155 1913 3522 1968 misericordia
3547 1917 3715 1973 animi

2131 1998 2409 2053 alacritate
2431 2001 2773 2064 claresceret,
2803 2011 2862 2056 ut
2883 2019 3073 2056 omnes
3103 2001 3213 2057 fere
3234 2019 3500 2074 pauperes
3525 2007 3713 2062 satiari

2127 2092 2282 2162 inops
2334 2093 2447 2162 ipse
2492 2103 2808 2148 mereretur.
2862 2092 3112 2149 Profecto
3148 2096 3341 2152 beatus
3388 2095 3491 2152 hac
3535 2098 3715 2170 inopia

2127 2199 2222 2254 per
2251 2199 2410 2252 quam
2441 2183 2634 2238 divinis
2662 2200 2873 2254 semper
2923 2185 3167 2240 laudibus
3213 2187 3527 2254 inhazrebat,
3574 2189 3714 2247 sicut

2125 2275 2388 2344 propheta
2415 2273 2546 2328 dicit
2573 2275 2640 2329 ad
2675 2275 2960 2330 Dominum
2987 2294 2998 2328 :
3028 2277 3238 2347 Pauper
3266 2286 3321 2332 et
3351 2279 3506 2349 inops
3535 2279 3713 2334 lauda-

2125 2365 2260 2418 bunt
2290 2381 2483 2420 nomen
2516 2375 2682 2420 tuum.
2718 2365 2840 2420 Fuit
2867 2368 3009 2422 enitn
3027 2368 3111 2421 vir
3140 2369 3356 2436 ingenio
3384 2368 3708 2433 luculentus,

2126 2458 2231 2512 vita
2263 2459 2582 2528 praecipuus,
2614 2460 2937 2514 auctoritate
2985 2458 3329 2515 reverendus.
3363 2458 3430 2513 Et
3460 2459 3579 2515 ideo
3627 2468 3710 2516 tot

2125 2550 2380 2603 virtutum
2412 2559 2635 2604 ornatus
2666 2551 2980 2618 insignibus,
3009 2551 3074 2604 ad
3105 2559 3214 2605 tam
3235 2551 3438 2605 celsum
3468 2549 3706 2606 officium

2127 2656 2235 2696 non
2267 2641 2500 2694 accessit
2530 2641 2798 2709 indignus,
2847 2641 3110 2697 honorem
3169 2657 3390 2696 summa:
3436 2641 3710 2710 dignitatis

2126 2747 2290 2800 grave
2321 2732 2479 2786 nimis
2519 2749 2656 2786 onus
2683 2733 3024 2799 existimans,
3079 2748 3407 2804 parvamque
3438 2733 3710 2801 negligen-

2129 2823 2254 2876 tiam
2287 2821 2555 2892 pontificis
2586 2823 2772 2892 ingens
2793 2823 3090 2878 animarum
3117 2824 3402 2880 discrimen
3432 2837 3552 2880 esse
3578 2838 3710 2878 con-

2125 2916 2371 2971 tendens.
2407 2916 2612 2971 Idcirco
2641 2917 2789 2970 nullo
2821 2934 2878 2973 se
2907 2919 3176 2972 desidioso
3202 2919 3314 2972 otio
3341 2917 3577 2984 tradidit,
3609 2932 3709 2972 nec

2127 3007 2403 3062 luxurioso
2459 3008 2710 3061 convivio
2763 3007 3040 3077 effusoque
3089 3009 3326 3063 servivit.
3385 3008 3460 3062 Ex
3518 3009 3708 3079 quibus

2126 3102 2288 3155 rebus
2331 3110 2386 3155 et
2426 3101 2726 3155 animarum
2775 3101 2947 3155 morbi
2976 3109 3270 3155 nascantur
3318 3107 3374 3155 et
3399 3116 3708 3172 corporum.

2127 3189 2224 3246 Hic
2255 3191 2435 3261 itaque
2457 3200 2640 3260 pastor
2667 3191 2858 3245 summi
2883 3201 3044 3261 atque
3067 3191 3192 3246 boui
3208 3189 3447 3246 Pastoris
3473 3193 3708 3248 imitator

2126 3282 2361 3335 existens
2389 3284 2636 3349 egregius
2665 3281 2857 3350 prazsul
2908 3281 3052 3338 sedis
3100 3281 3413 3352 apostolica:
3442 3282 3560 3351 fuit,
3615 3285 3707 3354 qui

2128 3371 2307 3424 divina
2335 3380 2600 3440 prtecepta
2629 3371 2755 3425 fecit
2782 3379 2835 3425 et
2856 3371 3065 3426 docuit.
3096 3369 3249 3426 Unde.
3298 3389 3420 3427 eum
3459 3388 3706 3442 magnum

433 3476 577 3528 mur,
605 3469 662 3514 ut
689 3471 962 3515 annuente
1014 3461 1257 3522 Domino,
1293 3461 1648 3530 principatum
1681 3461 1734 3515 itt
1777 3459 2020 3516 Ecclesia
2051 3443 2094 3502 (ἶ
2130 3459 2267 3513 inter
2288 3466 2504 3511 sanctos
2551 3473 2669 3512 esse
2715 3458 3057 3522 confidimus,
3100 3461 3251 3528 juxta
3299 3462 3706 3532 promiSsiouem

435 3569 538 3624 pro
568 3553 856 3608 multorum
888 3556 1062 3608 salute
1090 3555 1408 3621 suscipiens,
1440 3569 1558 3608 eum
1588 3553 1889 3615 serviendo,
1924 3570 2023 3623 po-

437 3647 544 3700 tius
571 3663 732 3714 quam
763 3646 1111 3712 dontinando,
1154 3646 1481 3709 sustolleret,
1513 3646 1740 3716 vitaeque
1768 3646 2022 3699 castimo-

2128 3550 2326 3605 Christi
2369 3550 2578 3602 Domini
2623 3551 2894 3603 dicentis:
2950 3550 3050 3616 Qui
3088 3550 3277 3606 fecerit
3319 3561 3378 3607 et
3423 3551 3705 3620 docuerit,

2130 3644 2392 3697 maximus
2423 3641 2704 3696 vocabitur
2724 3643 2776 3696 in
2804 3657 2967 3711 regno
2997 3643 3278 3699 caelorum.

1323 3826 1704 3886 EPISJ‘OLA
1743 3821 2234 3884 DECRETALIS
2268 3823 2491 3882 ΡΛΡᾸΞ
2528 3821 2813 3884 81111011.

503 3987 726 4044 Siricius
747 3975 750 3978 ’
771 3988 1009 4046 Himerio
1066 3992 1320 4062 episcopo
1349 3992 1738 4048 Tarraconensi
1762 3993 2014 4046 salutem.

506 4077 712 4134 Directa
739 4084 802 4134 a.l
827 4084 1163 4137 decessorcm
1195 4094 1432 4138 nostrum
1461 4094 1660 4138 sanctae
1683 4084 2016 4138 recordatio-

431 4170 514 4226 nis
540 4169 823 4226 Damasum
854 4173 1202 4229 fraternitatis
1234 4184 1335 4228 ttne
1358 4176 1568 4240 relatio,
1599 4190 1685 4229 me
1709 4173 1818 4242 jam
1849 4174 1900 4228 in
1927 4190 2014 4228 sc-

430 4263 550 4320 dem
580 4267 745 4336 ipsius
766 4269 1147 4335 constitutum,
1180 4269 1304 4338 quia
1330 4270 1408 4322 sic
1439 4268 1694 4322 Dominus
1722 4267 2004 4328 ordinavit,

430 4357 629 4410 invenit
665 4376 677 4410 :
710 4375 870 4427 quam
919 4377 1041 4413 cum
1091 4361 1142 4412 in
1189 4368 1457 4413 conventu
1477 4358 1699 4412 fratrum
1727 4357 2008 4412 sollicitius

431 4446 744 4514 legeremus,
771 4458 914 4503 tanta
960 4450 1261 4504 invenimus
1299 4464 1420 4519 qua:
1475 4449 1898 4518 reprehensione
1953 4459 2008 4502 et

431 4541 764 4593 correctione
788 4543 896 4594 sint
917 4544 1073 4610 digna
1107 4586 1120 4598 .
1154 4553 1351 4612 qttauta
1404 4551 1716 4612 optaremus
1745 4542 2006 4597 laudanda

2127 3993 2211 4044 t'os
2246 3989 2313 4043 ab
2361 3988 2536 4058 impiis
2565 3989 2777 4043 Arianis
2807 3987 3066 4057 plurimos
3095 3987 3160 4042 ad
3194 3987 3351 4044 fidem
3383 3990 3704 4050 catholicam

2125 4079 2398 4144 festinare,
2429 4089 2484 4133 et
2529 4079 2792 4149 quosdam
2840 4079 2906 4133 de
2959 4080 3213 4135 fratribus
3263 4081 3461 4136 nostris
3488 4082 3703 4140 eosdem

2124 4167 2304 4224 denuo
2332 4170 2607 4240 baptizare
2636 4165 2797 4236 velle,
2823 4169 2966 4237 quod
3013 4186 3118 4224 non
3150 4169 3292 4237 licet,
3324 4186 3444 4226 cum
3469 4172 3574 4228 hoc
3592 4173 3702 4233 fieri

2115 4270 2170 4315 et
2190 4261 2478 4329 Apostolus
2501 4268 2646 4315 vetet
2669 4259 2825 4330 (Eph.
2847 4261 2944 4326 tv),
2966 4272 3020 4314 et
3044 4275 3279 4316 canones
3306 4262 3697 4329 contradicant,

2116 4363 2170 4407 et
2195 4362 2317 4422 post
2341 4361 2609 4407 cassatum
2633 4351 2970 4407 Ariminense
2990 4354 3277 4408 concilium
3295 4355 3456 4410 missa
3480 4355 3544 4409 ad
3573 4371 3698 4426 pro-

2115 4445 2334 4508 vincias,
2368 4460 2400 4498 a
2443 4443 2764 4498 venerandm
2824 4445 3099 4498 memoriae
3149 4443 3550 4513 praedecessore
3573 4462 3696 4501 meo

2117 4532 2346 4596 Liberio,
2376 4532 2647 4601 generalia
2672 4532 2888 4587 decreta
2918 4532 3254 4600 prohibeant,
3285 4551 3422 4603 quos
3448 4551 3545 4590 nos
3573 4551 3696 4591 cum

427 4641 771 4695 cognoscere.
806 4630 869 4683 Et
897 4609 1020 4698 quia
1048 4609 1269 4686 necesse
1293 4641 1409 4686 erat
1433 4609 1530 4685 nos
1553 4634 1603 4686 in
1635 4631 1752 4699 ejus
1775 4632 2006 4701 labores,
2043 4609 2089 4666 Ι)
2123 4623 2434 4677 Νινοιὶειιιίε
2473 4623 2698 4691 aliisque
2749 4621 3036 4684 Innreticis,
3089 4623 3227 4676 sicut
3274 4631 3356 4676 est
3401 4623 3453 4677 in
3488 4625 3695 4696 synodo

426 4733 688 4786 curasque
708 4723 1017 4788 succedere,
1049 4723 1133 4776 cui
1157 4737 1254 4792 per
1277 4723 1368 4776 Dei
1390 4724 1616 4788 gratiam
1648 4725 2007 4778 successimus

429 4808 479 4864 in
510 4809 768 4866 honorem
802 4831 814 4864 :
849 4814 1006 4878 facto,
1033 4823 1089 4867 ut
1114 4818 1420 4883 oportebat,
1443 4817 1691 4886 primitus
1721 4832 1852 4870 mea:
1883 4833 2006 4885 pro-

423 4901 686 4956 vectionis
729 4902 945 4967 indicio,
978 4904 1043 4957 ad
1098 4905 1325 4973 singula,
1357 4914 1516 4975 prout
1563 4905 1817 4961 Dominus
1861 4910 2004 4977 aspi-

424 5006 542 5045 rare
597 4991 844 5060 dignatns
909 5002 1032 5059 cst,
1093 4996 1468 5049 consultationi
1527 5007 1628 5050 tua:
1667 5013 1998 5071 responsum

423 5094 736 5154 rumpe-lens
755 5101 861 5139 non
887 5100 1167 5153 negamus.
1198 5086 1331 5164 Quia
1361 5104 1457 5156 pro
1488 5089 1649 5142 oliicii
1673 5091 1840 5156 nostri
1870 5107 2002 5146 con-

423 5176 746 5232 siit-ratione
774 5195 880 5232 non
908 5187 992 5233 cst
1020 5179 1173 5233 nobis
1201 5179 1552 5247 dissimulare,
1579 5199 1685 5236 non
1712 5192 1793 5237 est
1823 5193 2002 5240 tacere

424 5269 642 5322 libertas
670 5288 681 5322 :
715 5271 906 5338 quibus
950 5272 1123 5340 major
1151 5275 1357 5328 cunctis
1377 5272 1691 5330 Cltrisiianw
1731 5278 2002 5344 religionis

429 5360 568 5414 zelus
592 5362 867 5426 incumbit,
890 5374 1168 5434 portamus
1190 5383 1352 5421 onera
1376 5372 1610 5423 omnium
1638 5369 1726 5438 qui
1773 5384 2002 5438 gravan-

426 5460 525 5504 tur.
558 5452 602 5518 Q
628 5452 806 5509 .iuitno
836 5455 948 5512 hinc
978 5467 1157 5528 portat
1201 5461 1251 5513 itt
1301 5461 1455 5516 nobis
1503 5443 1691 5516 beatus
1719 5463 2000 5533 apostolus

429 5539 634 5604 Petrus,
665 5545 754 5612 qui
783 5561 882 5605 nos
907 5547 958 5603 in
984 5551 1251 5613 omnibus,
1302 5561 1362 5605 ut
1402 5552 1738 5618 confidimus,
1770 5553 2002 5606 admini-

423 5631 696 5688 sratioztis
716 5651 825 5690 suac
855 5638 1084 5706 protegit
1106 5650 1160 5694 ct
1188 5650 1364 5695 tuetur
1390 5641 1650 5697 hmredes.

775 5728 854 5785 De
892 5732 1106 5788 Arionis
1128 5751 1230 5789 non
1260 5735 1659 5805 rebaptizandis.

496 5818 535 5876 1.
569 5819 739 5877 Prima
771 5825 948 5896 itaque
975 5829 1177 5897 paginre
1199 5837 1299 5882 tum
1321 5828 1494 5884 fronte
1521 5828 1742 5898 signasti
1765 5827 2006 5900 baptiza-

2118 4714 2467 4768 cmtstitutum
2496 4712 2586 4784 (1η
2610 4713 2795 4767 concil.
2818 4709 3054 4775 Nicwno,
3093 4729 3136 4765 c.
3162 4712 3237 4777 8),
3271 4729 3367 4783 per
3397 4715 3696 4771 invocatio-

2121 4820 2242 4858 nem
2287 4806 2458 4859 solam
2509 4804 2835 4874 septiformis
2883 4803 3111 4872 Spiritus
3157 4805 3478 4875 episcopalis
3506 4823 3693 4862 manus

2109 4895 2472 4966 impositione,
2501 4896 2890 4951 catholicorum
2920 4897 3208 4950 eouventui
3235 4897 3528 4964 sociamus,
3549 4899 3693 4969 quod

2105 4989 2266 5043 etiam
2297 4997 2439 5042 totus
2469 4986 2659 5042 Oriens
2686 4986 3054 5055 Occidensque
3105 4987 3355 5052 custodit,
3383 5004 3413 5042 a
3444 5005 3552 5058 quo
3583 4999 3696 5045 tra—

2108 5079 2240 5134 mite
2261 5094 2359 5134 vos
2386 5093 2604 5148 quoque
2644 5078 2872 5148 posthac
2908 5078 3127 5133 minime
3155 5081 3404 5134 convenit
3430 5080 3645 5137 deviare
3674 5099 3689 5135 :

2108 5170 2153 5224 si
2192 5186 2299 5224 non
2321 5169 2478 5224 vultis
2525 5184 2556 5223 a
2613 5176 2798 5224 nostro
2845 5168 3074 5238 collegio
3128 5169 3374 5240 synodali
3421 5171 3692 5227 sententia

2109 5262 2370 5332 separari.
2604 5266 2606 5269 ’
2883 5317 2888 5323 ,
3069 5270 3072 5274 ’

2115 5419 2182 5475 Ut
2210 5429 2400 5491 prtrler
2442 5421 2650 5476 Past'lta
2690 5432 2739 5477 et
2778 5423 3119 5477 Pentecosten
3149 5423 3405 5492 baptisma
3429 5443 3531 5481 non
3560 5427 3692 5482 cele-

2808 5513 3001 5568 bretur.

2185 5650 2248 5706 11.
2274 5650 2526 5721 Sequitur
2544 5655 2610 5711 de
2625 5654 2850 5709 diversis
2867 5653 3309 5724 baptizandorum
3341 5656 3686 5743 temporibus,

2111 5750 2274 5813 prout
2324 5744 2608 5815 unicuique
2688 5746 2894 5800 libitum
2964 5745 3161 5812 fuerit,
3216 5745 3585 5816 improbabilis
3632 5756 3689 5803 et

2108 5833 2440 5892 emendanda
2469 5837 2732 5903 confusio,
2778 5852 2897 5908 qua:
2924 5852 2954 5892 a
2979 5837 3177 5898 nostris
3206 5838 3682 5897 consacerdotibus
