4092 6348
342 280 452 335 εδδ

1376 274 1752 331 COLLECTIO
1793 275 2255 334 DECRETORUM
2296 277 2399 334 PP.
2442 279 2554 334 RR.

3492 282 3597 338 934

345 388 513 461 (quod
542 385 795 444 commoti
821 383 1066 452 dicimus)
1096 398 1202 439 non
1231 384 1437 439 ratione
1457 381 1793 442 auctoritatis
1823 386 1922 439 ali-
1951 396 1997 451 Α
2025 389 2236 458 quibus,
2264 391 2386 458 quia
2402 389 2512 459 jam
2533 388 2816 459 suffugium
2838 405 2945 447 non
2975 392 3176 448 habent
3202 394 3512 464 paenitendi.
3547 395 3599 447 id

346 482 522 549 cujus,
554 479 646 535 sed
672 478 788 533 sola
821 477 1121 532 temeritate
1143 476 1513 543 praesumitur,
1549 485 1609 529 ut
1630 476 1831 546 passim
1861 491 1924 531 ac

348 573 516 627 libere
543 570 799 625 natalitiis
838 567 1053 632 Christi,
1078 581 1172 621 seu
1202 566 1575 636 apparitionis,
1608 582 1706 621 nec
1739 582 1843 621 non
1872 575 1926 621 et

347 662 746 733 Apostolorum,
765 674 859 713 seu
889 657 1180 726 Martyrum
1205 656 1583 711 festivitatibus
1607 658 1922 722 innumerze,

348 766 410 811 ut
436 754 651 817 asseris,
678 753 859 822 plebes
886 751 1134 821 baptismi
1162 750 1475 821 mysterium
1498 761 1922 821 consequantur,

346 863 468 902 cum
498 848 601 901 hoc
623 845 720 900 sibi
750 844 1081 914 privilegium
1104 851 1158 897 et
1178 842 1317 913 apud
1337 859 1456 911 nos,
1488 853 1543 898 et
1571 845 1709 914 apud
1739 860 1927 901 omnes

348 938 616 993 Eeclesias
643 936 968 991 dominicum
990 934 1293 1004 specialiter
1320 950 1441 989 cum
1471 934 1789 991 Pentecoste
1830 951 1928 991 sua

350 1028 555 1083 Pascha
581 1025 850 1090 defendat,
879 1025 1070 1096 quibus
1123 1026 1255 1080 solis
1294 1040 1393 1095 per
1420 1041 1618 1080 annum
1647 1026 1835 1082 diebus
1862 1028 1929 1082 ad

348 1117 507 1173 ﬁdem
547 1114 940 1172 confluentibus
964 1115 1235 1184 generalia
1262 1115 1601 1184 baptismatis
1633 1116 1769 1170 tradi
1798 1133 1930 1173 con-

347 1206 496 1261 venit
519 1214 872 1261 sacramenta.
899 1203 990 1258 llis
1008 1203 1269 1258 duntaxat
1294 1204 1498 1269 eleCtis,
1522 1206 1613 1275 qui
1644 1216 1768 1260 ante
1794 1222 1927 1277 qua—

348 1297 622 1365 draginta,
647 1294 733 1349 vel
786 1309 854 1349 eo
902 1294 1130 1364 amplius
1168 1294 1283 1348 dies
1330 1309 1525 1349 nomen
1578 1293 1847 1362 dederint,
1875 1306 1931 1350 et

347 1386 696 1451 exoreismis,
736 1383 1169 1453 quotidianisque
1214 1385 1548 1439 orationibus
1580 1394 1742 1453 atque
1785 1386 1929 1455 jeju-

350 1478 457 1531 niis
487 1476 683 1531 fuerint
712 1475 935 1544 expiati,
966 1482 1234 1542 quatenus
1255 1476 1554 1544 apostolica
1584 1477 1672 1531 illa
1701 1477 1921 1547 implea~

350 1577 440 1622 tur
466 1567 774 1638 praeceptio,
824 1574 882 1619 ut
928 1574 1224 1635 expurgato
1252 1565 1517 1623 fermento
1564 1568 1761 1635 veteri,
1793 1584 1931 1623 nova

352 1660 575 1729 incipiat
620 1673 738 1713 esse
784 1658 1096 1727 conspersio
1126 1657 1179 1728 (Ι
1200 1656 1321 1714 Cor.
1349 1658 1428 1727 v).
1457 1658 1608 1712 Sicut
1652 1673 1780 1727 ergo
1804 1658 1931 1715 Pas-

352 1751 558 1806 chalem
572 1750 925 1805 reverentiam
943 1750 996 1802 in
1019 1749 1167 1803 nullo
1188 1748 1411 1804 dicimus
1425 1763 1545 1804 esse
1565 1749 1927 1817 minuendam,
1960 1763 2006 1824 Β

352 1843 425 1896 ita
454 1841 761 1906 infantibus,
789 1841 881 1909 qui
910 1839 1141 1895 necdum
1194 1840 1343 1910 loqui
1388 1848 1641 1911 poterunt
1674 1857 1771 1911 per
1796 1850 1928 1896 teta—

358 1942 498 1998 tem,
530 1933 615 1987 vel
668 1933 752 1987 his
790 1932 983 2001 quibus
1028 1930 1085 1985 in
1131 1930 1373 2000 qualibet
1425 1932 1748 1986 necessitate
1796 1948 1933 2003 opus

354 2024 515 2077 fuerit
565 2022 701 2077 sacri
730 2021 867 2076 unda
916 2020 1270 2089 baptismatis,
1302 2021 1448 2074 omni
1470 2020 1719 2075 volumus
1739 2021 1932 2076 celeri-

354 2123 467 2167 tate
495 2112 735 2168 succurri
762 2129 773 2163 :
800 2127 866 2165 ne
887 2110 954 2164 ad
972 2119 1275 2166 nostrarum
1298 2110 1587 2180 perniciem
1605 2111 1789 2166 tendat
1810 2112 1930 2166 ani-

352 2220 581 2267 marum,
602 2204 645 2257 si
669 2213 860 2271 negato
883 2202 1310 2257 desiderantibus
1331 2201 1477 2258 fonte
1499 2203 1720 2259 salutari
1745 2206 1933 2261 exiens

353 2296 719 2363 unusquisque
748 2294 815 2349 de
842 2293 1039 2349 saeculo
1073 2301 1127 2347 et
1172 2307 1395 2362 regnum
1426 2294 1633 2363 perdat,
1664 2305 1718 2349 et
1746 2297 1929 2353 vitam.

353 2386 667 2455 Quicunque
698 2387 858 2440 etiam
889 2386 1175 2441 discrimen
1204 2386 1487 2456 naufragii,
1518 2388 1828 2444 hostilitatis
1849 2390 1931 2444 in-

352 2495 587 2544 cursum,
617 2477 909 2531 obsidionis
932 2478 1256 2546 ambiguum,
1287 2477 1369 2531 vel
1421 2477 1711 2545 cujuslibet
1738 2495 1933 2550 corpo-

350 2569 483 2621 ralis
536 2567 861 2637 :ngritudinis
913 2567 1339 2636 desperationem
1390 2567 1693 2633 inciderint,
1734 2578 1788 2624 et
1830 2572 1933 2627 sibi

353 2659 512 2713 unico
566 2657 897 2713 credulitatis
944 2656 1146 2711 auxilio
1197 2659 1545 2726 poposcerint
1598 2660 1867 2715 subveniri
1915 2682 1928 2716 :

350 2749 564 2813 eodem,
610 2762 719 2816 quo
772 2755 1018 2818 poscunt,
1061 2756 1336 2803 momento
1382 2749 1635 2819 temporis
1682 2753 1932 2820 expetitae

354 2839 776 2909 regenerationis
796 2839 1013 2908 prtemia
1034 2848 1449 2909 consequantur.
1485 2838 1756 2898 Hactenus
1786 2861 1933 2900 erra-

354 2941 465 2986 tum
513 2932 567 2985 in
623 2930 721 2985 hac
751 2939 904 3000 parte
931 2928 1180 2996 sufﬁciat,
1211 2947 1353 2987 nunc
1393 2932 1663 3001 prtefatam
1695 2936 1931 3003 regulam

354 3036 542 3076 omnes
571 3028 789 3075 teneant
817 3017 1159 3087 sacerdotes,
1188 3022 1279 3091 qui
1317 3023 1507 3077 nolunt
1532 3024 1598 3077 ab
1622 3026 1931 3093 apostolica:

2020 481 2273 535 duximus
2301 480 2714 547 decernendum,
2749 489 2807 535 ut
2844 482 2958 537 sola
2989 482 3125 537 intra
3160 483 3437 538 ecclesiam
3470 480 3600 537 fide-

2029 572 2165 625 libus
2208 572 2452 626 oratione
2493 572 2783 641 iungantur
2807 613 2821 637 ,
2854 589 3020 629 sacrae
3052 575 3427 645 mysteriorum
3455 574 3599 628 cele-

2027 661 2206 716 britati
2234 703 2248 726 ,
2279 663 2522 730 quamvis
2548 678 2657 716 non
2698 674 3026 731 mereantur,
3056 665 3302 719 intersint
3327 684 3337 717 :
3368 680 3398 718 a
3427 664 3600 718 domi-

2028 754 2159 806 niczn
2181 760 2361 807 autem
2389 769 2586 808 mensa:
2614 753 2862 809 convivio
2890 764 3259 824 segregentur,
3285 764 3343 809 ut
3369 755 3469 815 hac
3493 754 3602 809 sal-

2029 854 2138 900 tem
2187 845 2551 900 destructione
2593 846 2868 915 correpti,
2918 854 2971 901 et
3009 847 3109 915 ipsi
3139 848 3190 901 in
3217 862 3275 901 se
3302 861 3395 901 sua
3425 852 3605 899 errata

2029 936 2328 1002 castigent,
2360 943 2413 989 et
2462 935 2578 989 aliis
2607 937 2909 1005 exemplum
2952 936 3218 1004 tribuant,
3248 945 3513 1006 quatenus
3537 934 3605 988 ab

2030 1025 2277 1080 obscenis
2304 1025 2684 1097 cupiditatibus
2722 1027 3083 1081 retrabantur.
3137 1026 3337 1093 Quibus
3385 1034 3561 1080 tamen
3589 1062 3606 1087 ,

2030 1115 2282 1184 quoniam
2313 1116 2513 1170 carnali
2552 1115 2840 1185 fragilitate
2874 1116 3223 1183 ceciderunt,
3258 1116 3457 1171 viatico
3486 1130 3609 1171 mu-

2031 1222 2178 1269 nere,
2205 1223 2325 1261 cum
2355 1208 2422 1262 ad
2447 1206 2730 1263 Dominum
2755 1208 3017 1279 coeperint
3037 1206 3321 1278 proﬁcisci,
3342 1222 3440 1278 per
3461 1223 3611 1264 com-

2031 1299 2299 1353 munionis
2329 1301 2554 1368 gratiam
2578 1301 2821 1357 volumus
2862 1300 3154 1356 subveniri.
3180 1300 3353 1366 Quam
3382 1299 3607 1356 formam

2032 1397 2087 1443 et
2135 1390 2275 1444 circa
2315 1390 2568 1445 mulieres
2614 1406 2730 1460 qua:
2760 1405 2820 1446 se
2848 1400 2973 1462 post
3012 1391 3386 1462 paenitentiam
3414 1392 3610 1446 talibus

2033 1482 2413 1552 pollutionibus
2470 1484 2863 1553 devinxerunt,
2929 1486 3248 1541 servandam
3311 1501 3431 1541 esse
3485 1500 3610 1540 cen-

2033 1588 2229 1627 scmus.

2035 1712 2115 1767 De
2134 1715 2399 1769 monachis
2427 1724 2477 1769 et
2500 1716 2781 1786 virginibus
2810 1718 3126 1787 propositum
3148 1734 3250 1771 non
3272 1719 3607 1773 servantibus.

2104 1823 2189 1877 Vl.
2220 1824 2481 1879 Praeterea
2512 1826 2895 1881 monachorum
2932 1827 3191 1895 quosdam
3222 1837 3382 1898 atque
3426 1843 3609 1882 mona~

2033 1919 2277 1986 charum,
2308 1920 2521 1989 abiecto
2549 1921 2828 1990 proposito
2851 1920 3171 1984 sanctitatis,
3204 1921 3257 1975 in
3285 1928 3483 1975 tantam
3511 1934 3610 1989 po-

2034 2010 2245 2063 testatis
2270 2009 2550 2069 demersos
2603 2026 2722 2067 esse
2750 2011 3043 2077 lasciviam,
3072 2019 3129 2065 ut
3160 2012 3305 2081 prius
3332 2010 3611 2078 clanculo,

2034 2100 2178 2155 velut
2202 2100 2303 2155 sub
2333 2102 2785 2158 monasteriorum
2815 2110 3077 2173 prmtextu
3102 2144 3115 2168 ,
3142 2102 3325 2158 illicita
3357 2117 3421 2157 ac
3450 2103 3613 2157 sacri.

2033 2192 2150 2259 lega
2181 2206 2239 2246 se
2267 2195 2586 2261 contagione
2614 2196 2943 2261 miscuerint,
2984 2203 3169 2265 postea
3214 2211 3341 2250 vero
3368 2195 3420 2249 in
3451 2195 3611 2249 abru-

2034 2293 2182 2354 ptum
2241 2287 2585 2342 conscientim
2613 2287 2990 2357 desperatione
3041 2287 3279 2358 perducti
3311 2288 3376 2342 de
3416 2288 3612 2343 illicitis

2033 2378 2401 2448 complexibus
2445 2379 2611 2433 libere
2652 2378 2788 2434 filios
2829 2380 3192 2449 procrearint,
3224 2380 3368 2448 quod
3407 2388 3461 2433 et
3514 2395 3613 2450 pu-

2034 2472 2184 2528 blieae
2215 2474 2359 2539 leges
2384 2515 2397 2539 ,
2441 2482 2497 2528 et
2535 2474 2898 2529 ecclesiastica
2923 2472 3043 2543 jura
3073 2472 3439 2529 condemnant
3466 2493 3478 2527 :
3512 2480 3613 2530 has

2034 2565 2196 2632 igitur
2236 2564 2528 2635 impudicas
2576 2564 3028 2633 detestabilesque
3058 2579 3321 2635 personas
3362 2579 3391 2618 a
3422 2580 3613 2620 mona-

2033 2655 2316 2709 steriorum
2344 2663 2484 2709 cmtu
2504 2696 2518 2721 ,
2562 2655 3017 2723 ecclesiarumque
3056 2654 3407 2709 conventibus
3436 2655 3613 2710 elimi-

2034 2749 2237 2802 nandas
2278 2762 2395 2803 esse
2442 2746 2789 2810 mandamus,
2837 2755 3101 2815 quatenus
3147 2754 3367 2801 retrusm
3410 2746 3463 2800 in
3504 2746 3614 2801 suis

2035 2840 2316 2908 ergastulis
2345 2847 2550 2894 tantum
2575 2837 2781 2893 facinus
2806 2839 3061 2892 continua
3091 2836 3476 2891 lamentatione
3514 2836 3611 2891 de-

2034 2932 2225 2987 flentcs
2248 2972 2261 2994 ,
2294 2930 2657 3003 purifieatorio
2696 2931 2904 3001 possint
2931 2929 3275 3001 paenitudinis
3304 2930 3423 2997 igne
3450 2929 3615 2983 deco-

2034 3039 2201 3093 qnere
2224 3064 2238 3087 ,
2281 3032 2339 3077 ut
2366 3024 2444 3078 eis
2484 3024 2567 3076 vel
2598 3022 2662 3076 ad
2691 3030 2919 3075 mortem
2948 3020 3137 3074 saltem
3162 3060 3177 3085 ,
3210 3019 3375 3073 solius
3399 3019 3611 3073 miseri-

354 3123 542 3183 petrae,
567 3128 728 3183 super
778 3126 939 3185 quam
985 3112 1229 3168 Christus
1250 3113 1606 3170 universalein
1634 3120 1933 3175 construxit
1962 3136 2006 3197 ρ
2037 3114 2231 3170 cordia:
2275 3114 2470 3168 intuitu
2515 3128 2612 3182 per
2657 3110 3049 3167 communionis
3078 3110 3301 3179 gratiam
3331 3109 3498 3180 possit
3527 3107 3610 3162 in-

355 3199 665 3271 Ecclesiam,
693 3203 961 3260 soliditate
980 3205 1160 3260 divelli
1184 3202 1399 3275 (Matth.
1426 3205 1505 3276 ι).

956 3344 1033 3398 De
1063 3348 1333 3416 apostatis.

424 3437 511 3492 Ill.
545 3436 821 3505 Adjectum
848 3444 931 3491 est
969 3436 1131 3490 etiam
1156 3476 1169 3500 ,
1203 3434 1463 3515 quosdam
1494 3436 1831 3494 Christianos
1861 3441 1929 3497 ad

352 3528 675 3598 apostasiam
707 3527 871 3598 (quod
900 3526 1000 3582 dici
1030 3526 1180 3582 nefas
1207 3532 1310 3597 est)
1343 3534 1700 3594 transeuntes,
1733 3537 1788 3585 et
1815 3530 1932 3586 ido-

356 3621 526 3675 lorum
565 3620 710 3676 cultu
760 3636 823 3674 ac
870 3618 1255 3675 sacrificiorum
1301 3621 1759 3678 contaminatione
1797 3638 1929 3693 pro-

354 3710 583 3773 fanatos,
606 3726 743 3780 quos
768 3727 798 3766 a
827 3710 1023 3767 Christi
1052 3727 1281 3781 corpore
1301 3720 1356 3767 et
1382 3714 1662 3782 sanguine,
1693 3730 1802 3785 quo
1831 3716 1931 3771 du-

353 3802 475 3860 dum
507 3804 767 3873 redempti
792 3802 1006 3857 fuerant
1026 3804 1379 3868 renascendo,
1400 3804 1649 3870 jubemus
1669 3806 1925 3862 abscindi.

352 3893 416 3949 Et
444 3897 485 3949 si
504 3897 886 3965 resipiscentes
915 3895 1050 3951 forte
1078 3896 1363 3965 aliquando
1390 3895 1586 3951 fuerint
1606 3898 1671 3951 ad
1693 3898 1928 3954 lamenta

351 3988 615 4049 conversi,
645 3987 747 4049 his,
771 3987 1005 4055 quandiu
1028 3988 1211 4041 vivunt
1247 3987 1449 4054 agenda
1478 3982 1790 4056 pmhitentia
1821 3998 1925 4058 est,

351 4088 407 4133 et
435 4080 488 4133 in
511 4080 697 4133 ultimo
716 4080 818 4134 line
840 4095 939 4134 suo
961 4079 1413 4133 reconciliationis
1428 4080 1598 4147 gratia
1622 4077 1922 4145 tribuenda,

350 4168 497 4237 quia,
523 4170 750 4223 docente
784 4169 1029 4233 Domino,
1062 4169 1309 4222 nolumus
1336 4178 1564 4225 mortem
1594 4170 1923 4237 peccatoris,

350 4260 445 4315 sed
472 4269 676 4314 tantum
707 4267 765 4313 ut
791 4267 1165 4319 convertatur,
1195 4265 1249 4311 et
1268 4258 1414 4311 vivat
1445 4256 1657 4327 (Ezeclt.
1682 4259 1851 4325 xviii).

352 4370 501 4435 Quod
537 4386 637 4425 non
668 4370 820 4423 liceat
848 4370 1059 4424 alterius
1088 4386 1332 4452 sponsam
1360 4369 1430 4423 ad
1457 4372 1772 4424 matrimonii
1799 4372 1925 4441 jura

1038 4451 1235 4493 sortiri.

2036 3203 2307 3273 dulgentia
2335 3199 2641 3258 subvenire.

2432 3342 2514 3398 De
2531 3343 2732 3397 clericis
2759 3341 3207 3396 incontinentibus.

2102 3458 2215 3513 γυ.
2246 3457 2533 3513 Veniamus
2573 3471 2714 3511 nunc
2744 3455 2811 3512 ad
2840 3455 3229 3511 sacratissimos
3259 3453 3474 3508 ordines
3501 3452 3613 3507 cle-

2033 3551 2267 3607 ricorum
2292 3590 2307 3616 ,
2338 3564 2474 3619 quos
2504 3548 2556 3603 in
2583 3546 2903 3603 venerandae
2951 3546 3226 3615 religionis
3255 3544 3504 3612 iniuriam
3535 3543 3611 3597 ita

2031 3655 2130 3711 per
2158 3648 2363 3695 vestras
2391 3640 2693 3710 provincias
2721 3639 2960 3694 calcatos
3009 3647 3171 3707 atque
3200 3635 3454 3693 confusos
3481 3636 3612 3691 cha-

2030 3734 2191 3787 ritate
2213 3742 2301 3787 tua
2314 3732 2615 3789 insinuante
2635 3731 2950 3801 reperimus,
2970 3738 3028 3784 ut
3047 3728 3296 3807 Jeremia:
3310 3728 3463 3783 nobis
3476 3744 3611 3784 voce

2030 3809 2311 3879 dicendum
2335 3826 2405 3879 sit
2434 3844 2446 3877 :
2483 3822 2607 3888 Quis
2637 3824 2777 3877 dabit
2808 3824 2963 3893 capiti
2992 3838 3104 3876 meo
3135 3838 3341 3894 aquam,
3372 3830 3420 3874 et
3447 3822 3611 3875 oculis

2030 3918 2158 3970 meis
2183 3919 2372 3973 fontem
2404 3917 2767 3985 lacrymarum,
2794 3924 2842 3967 et
2868 3913 2997 3983 ﬂebo
3019 3913 3263 3983 populum
3286 3912 3420 3965 hunc
3441 3912 3523 3965 die
3544 3927 3606 3964 ac

2030 4018 2177 4063 nocte
2207 4007 2335 4079 (Jer.
2377 4006 2499 4076 1x)?
2540 4004 2596 4059 Si
2626 4020 2754 4075 ergo
2780 4004 2968 4059 beatus
2996 4003 3259 4073 propheta
3290 4003 3354 4056 ad
3380 4001 3608 4070 lugenda

2028 4098 2211 4168 pepuli
2244 4105 2460 4167 peccata
2489 4111 2596 4147 non
2625 4094 2725 4148 sibi
2756 4093 2829 4147 ait
2857 4093 3121 4163 lacrymas
3154 4106 3310 4161 posse
3334 4091 3603 4158 sufficere,

2029 4198 2233 4259 quanto
2281 4204 2379 4243 nos
2409 4200 2690 4257 possumus
2721 4183 2908 4238 dolore
2956 4182 3214 4252 percelli,
3260 4197 3381 4235 cum
3414 4197 3603 4235 eorum

2027 4282 2117 4349 qui
2170 4281 2221 4333 in
2266 4288 2451 4331 nostro
2497 4284 2621 4330 sunt
2649 4289 2915 4344 corpore,
2961 4272 3332 4341 compellimur
3360 4270 3599 4326 facinora

2028 4371 2308 4440 deplorare
2327 4410 2341 4434 ,
2374 4367 2565 4437 quibus
2604 4366 2869 4435 prcecipue
2897 4363 3187 4418 secundum
3219 4362 3435 4415 beatum
3465 4360 3606 4415 Pau-

2029 4463 2135 4516 lum
2173 4460 2421 4514 instantia
2451 4456 2761 4527 quotidiana
2816 4463 2870 4509 et
2898 4452 3200 4508 sollicitudo
3231 4453 3467 4506 omnium
3496 4450 3600 4505 Ec-

416 4529 503 4584 lV.
537 4530 612 4584 De
639 4530 996 4605 coniugalium
1024 4538 1201 4583 autem
1229 4530 1521 4585 violatione
1550 4531 1851 4600 requisisti,
1876 4533 1921 4588 si

2029 4553 2310 4608 clcsiarum
2358 4513 2721 4603 indesinenter
2764 4545 3021 4600 incumbit
3066 4542 3156 4615 (II
3197 4543 3315 4597 Cor.
3341 4541 3605 4611 xt)?Quis

348 4617 727 4688 desponsatam
755 4620 843 4672 alii
870 4619 1098 4689 puellam
1126 4619 1262 4673 alter
1290 4620 1341 4672 in
1372 4620 1769 4674 matrimonium
1792 4638 1920 4691 pos-

347 4714 416 4766 sit
436 4714 718 4783 accipere?
748 4711 858 4767 Hoc
887 4728 954 4766 ne
980 4710 1088 4776 flat,
1122 4711 1293 4767 modis
1314 4713 1562 4767 omnibus
1589 4713 1916 4778 inhibemus,

348 4808 469 4872 quia
497 4804 590 4857 illa
611 4803 914 4857 benedictio
944 4817 1104 4871 quam
1125 4812 1371 4871 nupturae
1399 4802 1649 4857 sacerdos
1676 4803 1916 4871 imponit,

346 4892 487 4962 apud
519 4893 703 4947 fideles
734 4893 1006 4961 cujusdam
1051 4892 1317 4961 sacrilegii
1346 4892 1513 4947 instar
1558 4900 1678 4959 est,
1724 4892 1767 4946 si
1812 4892 1919 4946 ulla

347 4986 772 5053 transgressione
812 4984 1062 5039 violetur.

484 5096 564 5151 De
591 5097 670 5151 liis
698 5099 783 5168 qui
810 5098 1157 5168 penitentiam
1188 5097 1397 5149 minime
1422 5101 1769 5148 servaverunt.

415 5208 475 5263 γ.
508 5208 582 5262 De
613 5208 695 5261 his
722 5224 849 5263 vero
880 5223 984 5262 non
1016 5208 1304 5275 incongrue
1327 5206 1541 5259 dilectio
1573 5211 1661 5257 tua
1696 5210 1915 5272 aposto-

341 5298 494 5352 licam
546 5298 727 5352 sedem
775 5297 999 5352 credidit
1046 5295 1446 5359 consulendam,
1488 5295 1576 5363 qui
1599 5301 1714 5347 acta
1744 5291 1914 5363 paeni-

340 5389 526 5454 tcntia,
554 5398 805 5455 tanquam
837 5402 996 5441 canes
1046 5402 1109 5439 ac
1137 5400 1259 5439 sues
1288 5385 1353 5438 ad
1382 5384 1616 5438 vomitus
1656 5383 1910 5453 pristinos

337 5487 394 5531 et
421 5478 697 5531 volutabra
725 5477 1033 5541 redeuntes,
1056 5486 1110 5531 et
1139 5475 1339 5529 militia:
1374 5474 1665 5541 cingulum,
1691 5481 1745 5525 at
1773 5472 1910 5526 ludi-

336 5584 454 5624 cras
474 5570 795 5639 voluptates,
838 5579 891 5622 et
923 5584 1056 5622 nova
1080 5566 1348 5637 coniugia,
1382 5574 1437 5620 et
1458 5564 1711 5619 inhibitos
1736 5566 1912 5618 denuo

335 5661 644 5729 appetivere
660 5661 994 5721 concubitus,
1018 5674 1242 5727 quorum
1266 5657 1561 5727 professam
1586 5655 1916 5708 incontinen-

336 5754 461 5803 tiam
492 5751 731 5817 generati
756 5762 874 5819 post
902 5751 1291 5802 absolutioan
1324 5747 1411 5799 lilii
1443 5745 1807 5815 prodiderunt.
1839 5744 1912 5796 De

657 5845 922 5904 Panos.
975 5842 1223 5902 LXVII.

2028 4645 2168 4699 enim
2199 4643 2515 4706 infirmatur,
2534 4648 2586 4691 et
2610 4654 2714 4691 non
2744 4633 3165 4701 infirmor?Quis
3190 4633 3599 4699 scandalizatur,

2028 4744 2082 4788 et
2112 4749 2211 4802 ego
2240 4748 2347 4785 non
2376 4731 2544 4784 uror?
2593 4727 2856 4781 Plurimos
2884 4725 3026 4782 enim
3075 4724 3383 4779 sacerdotes
3404 4721 3601 4777 Christi

2027 4836 2189 4894 atque
2221 4825 2407 4879 levitas
2433 4831 2553 4893 post
2578 4822 2733 4888 longa
2762 4818 3183 4874 consecrationis
3219 4831 3327 4871 sua:
3357 4825 3603 4886 tempora

2028 4925 2136 4970 tam
2185 4916 2252 4969 de
2295 4913 2609 4981 conjugibns
2658 4911 2910 4980 propriis,
2966 4924 3125 4977 quam
3172 4908 3333 4961 etiam
3362 4907 3429 4961 de
3460 4907 3602 4977 turpi

2028 5007 2173 5062 coitu
2202 5004 2441 5059 sobolem
2469 5002 2746 5057 didicimus
2774 5013 3117 5069 procreasse:
3141 5006 3197 5051 et
3227 4997 3428 5051 crimen
3446 5011 3603 5050 suum

2026 5097 2125 5151 hac
2151 5094 2551 5165 pratscriptione
2597 5089 2906 5156 defendere,
2957 5104 3061 5159 qua
3091 5088 3144 5141 in
3166 5086 3351 5141 Veteri
3402 5084 3596 5139 Testa-

2025 5196 2208 5243 mento
2252 5183 2620 5241 sacerdotibus
2650 5200 2713 5237 ac
2758 5182 3015 5237 ministris
3044 5178 3333 5250 generandi
3374 5176 3600 5233 facultas

2025 5282 2218 5349 legitur
2246 5279 2518 5332 attributa.
2552 5275 2704 5329 Dicat
2741 5275 2871 5327 mihi
2903 5288 3070 5337 nunc,
3111 5269 3353 5339 quisquis
3398 5268 3487 5323 ille
3515 5276 3600 5324 est

2024 5380 2260 5427 sectator
2285 5370 2559 5424 libidinum
2588 5408 2603 5432 ,
2636 5375 3036 5437 pmceptorque
3065 5364 3337 5427 vitiorum,
3392 5362 3435 5417 si
3456 5362 3601 5417 aesti-

2020 5472 2131 5517 mat
2169 5463 2293 5531 quia
2340 5463 2392 5515 in
2444 5462 2561 5528 lege
2598 5458 2758 5512 Mosis
2810 5457 3009 5526 passim
3040 5454 3207 5510 sacris
3232 5454 3512 5510 ordinibus
3563 5470 3596 5511 a

2019 5555 2247 5612 Domino
2293 5562 2477 5609 nostro
2507 5553 2684 5606 laxata
2724 5558 2850 5605 sunt
2898 5550 3043 5604 frena
3074 5548 3315 5616 luxuriae,
3371 5563 3467 5603 cur
3495 5563 3591 5605 eos

2020 5650 2212 5719 quibus
2277 5646 2747 5703 committebantur
2797 5652 2981 5699 sancta
3058 5649 3368 5697 sanctorum
3454 5656 3593 5711 prte-

2264 5739 2448 5791 dicens
2494 5754 2505 5787 :
2554 5736 2733 5787 Sancti
2781 5742 2987 5797 Moto,
3046 5735 3171 5801 quia
3223 5743 3277 5789 et
3316 5747 3416 5801 ego
3461 5749 3589 5787 san-

3219 5826 3259 5884 8

2023 5749 2203 5793 monet
