  <div class='ocr_page' id='page_1' title='image "/cluster/home/n/w/nwhite01/storage/ocr_20150623/67/hvd.32044015547185/123.png"; bbox 0 0 4092 6348; ppageno 0'>
   <div class='ocr_carea' id='block_1_1' title="bbox 507 292 611 349">
    <p class='ocr_par' dir='ltr' id='par_1_1' title="bbox 507 292 611 349">
     <span class='ocr_line' id='line_1_1' title="bbox 507 292 611 349; baseline -0.019 -1"><span class='ocrx_word' id='word_1_1' title='bbox 507 292 611 349; x_wconf 71' lang='grc'><strong>955</strong></span> 
     </span>
    </p>
   </div>
   <div class='ocr_carea' id='block_1_2' title="bbox 503 496 2091 567">
    <p class='ocr_par' dir='ltr' id='par_1_2' title="bbox 503 496 2091 567">
     <span class='ocr_line' id='line_1_2' title="bbox 503 496 2091 567; baseline 0.013 -20"><span class='ocrx_word' id='word_1_2' title='bbox 503 496 665 549; x_wconf 86' lang='lat' dir='ltr'><strong>etiam</strong></span> <span class='ocrx_word' id='word_1_3' title='bbox 721 511 850 565; x_wconf 86' lang='lat' dir='ltr'><strong>proc</strong></span> <span class='ocrx_word' id='word_1_4' title='bbox 893 496 907 549; x_wconf 93' lang='lat' dir='ltr'><strong>l</strong></span> <span class='ocrx_word' id='word_1_5' title='bbox 956 514 985 550; x_wconf 90' lang='lat' dir='ltr'><strong>a</strong></span> <span class='ocrx_word' id='word_1_6' title='bbox 1037 498 1147 552; x_wconf 85' lang='lat' dir='ltr'><strong>suis</strong></span> <span class='ocrx_word' id='word_1_7' title='bbox 1194 499 1442 557; x_wconf 81' lang='lat' dir='ltr'><strong>domibus</strong></span> <span class='ocrx_word' id='word_1_8' title='bbox 1499 519 1641 559; x_wconf 87' lang='lat' dir='ltr'><strong>anno</strong></span> <span class='ocrx_word' id='word_1_9' title='bbox 1687 507 1820 565; x_wconf 88' lang='lat' dir='ltr'><strong>vicis</strong></span> <span class='ocrx_word' id='word_1_10' title='bbox 1866 526 1976 565; x_wconf 77' lang='lat' dir='ltr'><strong>sua:</strong></span> <span class='ocrx_word' id='word_1_11' title='bbox 2036 513 2091 567; x_wconf 89' lang='lat' dir='ltr'><strong>in</strong></span> 
     </span>
    </p>
   </div>
   <div class='ocr_carea' id='block_1_3' title="bbox 504 584 2091 684">
    <p class='ocr_par' dir='ltr' id='par_1_3' title="bbox 504 584 2091 684">
     <span class='ocr_line' id='line_1_3' title="bbox 504 584 2091 684; baseline 0.013 -49"><span class='ocrx_word' id='word_1_12' title='bbox 504 585 704 654; x_wconf 81' lang='lat' dir='ltr'><strong>templo</strong></span> <span class='ocrx_word' id='word_1_13' title='bbox 734 584 976 639; x_wconf 79' lang='lat' dir='ltr'><strong>habitare</strong></span> <span class='ocrx_word' id='word_1_14' title='bbox 1002 584 1133 653; x_wconf 88' lang='lat' dir='ltr'><strong>jussi</strong></span> <span class='ocrx_word' id='word_1_15' title='bbox 1184 595 1309 644; x_wconf 90' lang='lat' dir='ltr'><strong>sunt</strong></span> <span class='ocrx_word' id='word_1_16' title='bbox 1356 593 1670 684; x_wconf 69' lang='lat' dir='ltr'><strong>Sacerdotes</strong></span> <span class='ocrx_word' id='word_1_17' title='bbox 1700 596 1848 668; x_wconf 82' lang='lat' dir='ltr'><strong>(Luc.</strong></span> <span class='ocrx_word' id='word_1_18' title='bbox 1883 599 1960 669; x_wconf 80' lang='lat' dir='ltr'><strong>I)?</strong></span> <span class='ocrx_word' id='word_1_19' title='bbox 1990 602 2091 657; x_wconf 92' lang='lat' dir='ltr'><strong>hac</strong></span> 
     </span>
    </p>
   </div>
   <div class='ocr_carea' id='block_1_4' title="bbox 501 673 2093 758">
    <p class='ocr_par' dir='ltr' id='par_1_4' title="bbox 501 673 2093 758">
     <span class='ocr_line' id='line_1_4' title="bbox 501 673 2093 758; baseline 0.014 -33"><span class='ocrx_word' id='word_1_20' title='bbox 501 673 758 730; x_wconf 82' lang='lat' dir='ltr'><strong>videlicet</strong></span> <span class='ocrx_word' id='word_1_21' title='bbox 780 675 1020 741; x_wconf 89' lang='lat' dir='ltr'><strong>ratione,</strong></span> <span class='ocrx_word' id='word_1_22' title='bbox 1052 693 1119 732; x_wconf 92' lang='lat' dir='ltr'><strong>ne</strong></span> <span class='ocrx_word' id='word_1_23' title='bbox 1144 680 1227 734; x_wconf 86' lang='lat' dir='ltr'><strong>vel</strong></span> <span class='ocrx_word' id='word_1_24' title='bbox 1259 697 1380 736; x_wconf 91' lang='lat' dir='ltr'><strong>cum</strong></span> <span class='ocrx_word' id='word_1_25' title='bbox 1412 673 1675 741; x_wconf 75' lang='lat' dir='ltr'><strong>uxoribus</strong></span> <span class='ocrx_word' id='word_1_26' title='bbox 1724 700 1946 758; x_wconf 93' lang='lat' dir='ltr'><strong>possent</strong></span> <span class='ocrx_word' id='word_1_27' title='bbox 1972 709 2093 747; x_wconf 86' lang='lat' dir='ltr'><strong>car—</strong></span> 
     </span>
    </p>
   </div>
   <div class='ocr_carea' id='block_1_5' title="bbox 507 764 2093 850">
    <p class='ocr_par' dir='ltr' id='par_1_5' title="bbox 507 764 2093 850">
     <span class='ocr_line' id='line_1_5' title="bbox 507 764 2093 850; baseline 0.012 -33"><span class='ocrx_word' id='word_1_28' title='bbox 507 764 626 819; x_wconf 84' lang='lat' dir='ltr'><strong>nale</strong></span> <span class='ocrx_word' id='word_1_29' title='bbox 648 778 901 819; x_wconf 80' lang='lat' dir='ltr'><strong>exercere</strong></span> <span class='ocrx_word' id='word_1_30' title='bbox 947 770 1350 834; x_wconf 84' lang='lat' dir='ltr'><strong>commercium,</strong></span> <span class='ocrx_word' id='word_1_31' title='bbox 1383 780 1443 826; x_wconf 91' lang='lat' dir='ltr'><strong>ut</strong></span> <span class='ocrx_word' id='word_1_32' title='bbox 1484 775 1829 833; x_wconf 63' lang='lat' dir='ltr'><strong>conscientiae</strong></span> <span class='ocrx_word' id='word_1_33' title='bbox 1873 779 2093 850; x_wconf 86' lang='lat' dir='ltr'><strong>integri-</strong></span> 
     </span>
    </p>
   </div>
   <div class='ocr_carea' id='block_1_6' title="bbox 505 856 2089 931">
    <p class='ocr_par' dir='ltr' id='par_1_6' title="bbox 505 856 2089 931">
     <span class='ocr_line' id='line_1_6' title="bbox 505 856 2089 931; baseline 0.011 -21"><span class='ocrx_word' id='word_1_34' title='bbox 505 866 614 912; x_wconf 90' lang='lat' dir='ltr'><strong>tate</strong></span> <span class='ocrx_word' id='word_1_35' title='bbox 664 856 927 927; x_wconf 77' lang='lat' dir='ltr'><strong>fulgentes</strong></span> <span class='ocrx_word' id='word_1_36' title='bbox 982 863 1315 931; x_wconf 87' lang='lat' dir='ltr'><strong>acceptabile</strong></span> <span class='ocrx_word' id='word_1_37' title='bbox 1388 865 1498 921; x_wconf 91' lang='lat' dir='ltr'><strong>Deo</strong></span> <span class='ocrx_word' id='word_1_38' title='bbox 1556 884 1752 924; x_wconf 89' lang='lat' dir='ltr'><strong>munus</strong></span> <span class='ocrx_word' id='word_1_39' title='bbox 1809 870 2089 928; x_wconf 76' lang='lat' dir='ltr'><strong>oﬂ‘errent.</strong></span> 
     </span>
    </p>
   </div>
   <div class='ocr_carea' id='block_1_7' title="bbox 504 946 2093 1029">
    <p class='ocr_par' dir='ltr' id='par_1_7' title="bbox 504 946 2093 1029">
     <span class='ocr_line' id='line_1_7' title="bbox 504 946 2093 1029; baseline 0.012 -29"><span class='ocrx_word' id='word_1_40' title='bbox 504 946 706 1013; x_wconf 84' lang='lat' dir='ltr'><strong>Quibus</strong></span> <span class='ocrx_word' id='word_1_41' title='bbox 737 949 954 1018; x_wconf 84' lang='lat' dir='ltr'><strong>expleto</strong></span> <span class='ocrx_word' id='word_1_42' title='bbox 999 951 1380 1009; x_wconf 86' lang='lat' dir='ltr'><strong>deservitionis</strong></span> <span class='ocrx_word' id='word_1_43' title='bbox 1410 972 1519 1010; x_wconf 72' lang='lat' dir='ltr'><strong>sua:</strong></span> <span class='ocrx_word' id='word_1_44' title='bbox 1560 966 1839 1029; x_wconf 89' lang='lat' dir='ltr'><strong>tempore,</strong></span> <span class='ocrx_word' id='word_1_45' title='bbox 1870 963 2093 1019; x_wconf 80' lang='lat' dir='ltr'><strong>uxorius</strong></span> 
     </span>
    </p>
   </div>
   <div class='ocr_carea' id='block_1_8' title="bbox 500 1036 2092 1121">
    <p class='ocr_par' dir='ltr' id='par_1_8' title="bbox 500 1036 2092 1121">
     <span class='ocr_line' id='line_1_8' title="bbox 500 1036 2092 1121; baseline 0.011 -32"><span class='ocrx_word' id='word_1_46' title='bbox 500 1050 626 1091; x_wconf 89' lang='lat' dir='ltr'><strong>usus</strong></span> <span class='ocrx_word' id='word_1_47' title='bbox 651 1036 817 1094; x_wconf 89' lang='lat' dir='ltr'><strong>solius</strong></span> <span class='ocrx_word' id='word_1_48' title='bbox 848 1042 1205 1097; x_wconf 86' lang='lat' dir='ltr'><strong>successionis</strong></span> <span class='ocrx_word' id='word_1_49' title='bbox 1232 1052 1393 1098; x_wconf 88' lang='lat' dir='ltr'><strong>causa</strong></span> <span class='ocrx_word' id='word_1_50' title='bbox 1428 1042 1601 1101; x_wconf 79' lang='lat' dir='ltr'><strong>fuerat</strong></span> <span class='ocrx_word' id='word_1_51' title='bbox 1626 1049 1897 1103; x_wconf 77' lang='lat' dir='ltr'><strong>relaxatus</strong></span> <span class='ocrx_word' id='word_1_52' title='bbox 1928 1069 1939 1103; x_wconf 91' lang='lat'><strong>:</strong></span> <span class='ocrx_word' id='word_1_53' title='bbox 1969 1053 2092 1121; x_wconf 88' lang='lat' dir='ltr'><strong>quia</strong></span> 
     </span>
    </p>
   </div>
   <div class='ocr_carea' id='block_1_9' title="bbox 503 1129 2091 1209">
    <p class='ocr_par' dir='ltr' id='par_1_9' title="bbox 503 1129 2091 1209">
     <span class='ocr_line' id='line_1_9' title="bbox 503 1129 2091 1209; baseline 0.01 -28"><span class='ocrx_word' id='word_1_54' title='bbox 503 1143 609 1183; x_wconf 91' lang='lat' dir='ltr'><strong>non</strong></span> <span class='ocrx_word' id='word_1_55' title='bbox 632 1144 697 1183; x_wconf 80' lang='lat' dir='ltr'><strong>ex</strong></span> <span class='ocrx_word' id='word_1_56' title='bbox 730 1129 854 1193; x_wconf 86' lang='lat' dir='ltr'><strong>alia,</strong></span> <span class='ocrx_word' id='word_1_57' title='bbox 890 1131 989 1185; x_wconf 86' lang='lat' dir='ltr'><strong>nisi</strong></span> <span class='ocrx_word' id='word_1_58' title='bbox 1010 1147 1076 1186; x_wconf 80' lang='lat' dir='ltr'><strong>ex</strong></span> <span class='ocrx_word' id='word_1_59' title='bbox 1104 1133 1241 1189; x_wconf 85' lang='lat' dir='ltr'><strong>tribu</strong></span> <span class='ocrx_word' id='word_1_60' title='bbox 1271 1134 1427 1199; x_wconf 84' lang='lat' dir='ltr'><strong>Levi,</strong></span> <span class='ocrx_word' id='word_1_61' title='bbox 1459 1139 1743 1209; x_wconf 76' lang='lat' dir='ltr'><strong>quisquam</strong></span> <span class='ocrx_word' id='word_1_62' title='bbox 1778 1141 1841 1195; x_wconf 90' lang='lat' dir='ltr'><strong>ad</strong></span> <span class='ocrx_word' id='word_1_63' title='bbox 1868 1141 1960 1196; x_wconf 89' lang='lat' dir='ltr'><strong>Dei</strong></span> <span class='ocrx_word' id='word_1_64' title='bbox 1992 1144 2091 1197; x_wconf 87' lang='lat' dir='ltr'><strong>mi-</strong></span> 
     </span>
    </p>
   </div>
   <div class='ocr_carea' id='block_1_10' title="bbox 504 1218 2085 1303">
    <p class='ocr_par' dir='ltr' id='par_1_10' title="bbox 504 1218 2085 1303">
     <span class='ocr_line' id='line_1_10' title="bbox 504 1218 2085 1303; baseline 0.011 -33"><span class='ocrx_word' id='word_1_65' title='bbox 504 1218 779 1273; x_wconf 89' lang='lat' dir='ltr'><strong>nisterium</strong></span> <span class='ocrx_word' id='word_1_66' title='bbox 838 1218 1012 1275; x_wconf 80' lang='lat' dir='ltr'><strong>fuerat</strong></span> <span class='ocrx_word' id='word_1_67' title='bbox 1058 1234 1357 1294; x_wconf 62' lang='lat' dir='ltr'><strong>praeceptus</strong></span> <span class='ocrx_word' id='word_1_68' title='bbox 1408 1227 1613 1282; x_wconf 79' lang='lat' dir='ltr'><strong>admitti</strong></span> <span class='ocrx_word' id='word_1_69' title='bbox 1664 1228 1851 1300; x_wconf 82' lang='lat' dir='ltr'><strong>(Nam.</strong></span> <span class='ocrx_word' id='word_1_70' title='bbox 1916 1233 2085 1303; x_wconf 86' lang='lat' dir='ltr'><strong>xvm).</strong></span> 
     </span>
    </p>
   </div>
   <div class='ocr_carea' id='block_1_11' title="bbox 508 1298 2093 1378">
    <p class='ocr_par' dir='ltr' id='par_1_11' title="bbox 508 1298 2093 1378">
     <span class='ocr_line' id='line_1_11' title="bbox 508 1298 2093 1378; baseline 0.011 -17"><span class='ocrx_word' id='word_1_71' title='bbox 508 1304 655 1363; x_wconf 80' lang='lat' dir='ltr'><strong>Unde</strong></span> <span class='ocrx_word' id='word_1_72' title='bbox 683 1317 736 1364; x_wconf 91' lang='lat' dir='ltr'><strong>et</strong></span> <span class='ocrx_word' id='word_1_73' title='bbox 766 1298 1019 1365; x_wconf 86' lang='lat' dir='ltr'><strong>Dominus</strong></span> <span class='ocrx_word' id='word_1_74' title='bbox 1045 1312 1219 1378; x_wconf 84' lang='lat' dir='ltr'><strong>Jesus,</strong></span> <span class='ocrx_word' id='word_1_75' title='bbox 1246 1330 1363 1369; x_wconf 89' lang='lat' dir='ltr'><strong>cum</strong></span> <span class='ocrx_word' id='word_1_76' title='bbox 1393 1333 1492 1371; x_wconf 93' lang='lat' dir='ltr'><strong>nos</strong></span> <span class='ocrx_word' id='word_1_77' title='bbox 1521 1335 1619 1373; x_wconf 89' lang='lat' dir='ltr'><strong>suo</strong></span> <span class='ocrx_word' id='word_1_78' title='bbox 1650 1320 1973 1376; x_wconf 89' lang='lat' dir='ltr'><strong>illustrasset</strong></span> <span class='ocrx_word' id='word_1_79' title='bbox 1998 1323 2093 1378; x_wconf 89' lang='lat' dir='ltr'><strong>ad-</strong></span> 
     </span>
    </p>
   </div>
   <div class='ocr_carea' id='block_1_12' title="bbox 501 1399 2091 1481">
    <p class='ocr_par' dir='ltr' id='par_1_12' title="bbox 501 1399 2091 1481">
     <span class='ocr_line' id='line_1_12' title="bbox 501 1399 2091 1481; baseline 0.012 -31"><span class='ocrx_word' id='word_1_80' title='bbox 501 1406 701 1466; x_wconf 87' lang='lat' dir='ltr'><strong>ventu,</strong></span> <span class='ocrx_word' id='word_1_81' title='bbox 736 1401 787 1454; x_wconf 93' lang='lat' dir='ltr'><strong>in</strong></span> <span class='ocrx_word' id='word_1_82' title='bbox 820 1399 1107 1471; x_wconf 87' lang='lat' dir='ltr'><strong>Evangelio</strong></span> <span class='ocrx_word' id='word_1_83' title='bbox 1138 1413 1465 1473; x_wconf 89' lang='lat' dir='ltr'><strong>protestatur</strong></span> <span class='ocrx_word' id='word_1_84' title='bbox 1503 1411 1627 1479; x_wconf 87' lang='lat' dir='ltr'><strong>quia</strong></span> <span class='ocrx_word' id='word_1_85' title='bbox 1662 1412 1831 1481; x_wconf 89' lang='lat' dir='ltr'><strong>legem</strong></span> <span class='ocrx_word' id='word_1_86' title='bbox 1885 1415 2091 1469; x_wconf 80' lang='lat' dir='ltr'><strong>venerit</strong></span> 
     </span>
    </p>
   </div>
   <div class='ocr_carea' id='block_1_13' title="bbox 503 1489 2087 1569">
    <p class='ocr_par' dir='ltr' id='par_1_13' title="bbox 503 1489 2087 1569">
     <span class='ocr_line' id='line_1_13' title="bbox 503 1489 2087 1569; baseline 0.009 -26"><span class='ocrx_word' id='word_1_87' title='bbox 503 1489 725 1559; x_wconf 82' lang='lat' dir='ltr'><strong>implere</strong></span> <span class='ocrx_word' id='word_1_88' title='bbox 747 1532 762 1557; x_wconf 89' lang='lat'><strong>,</strong></span> <span class='ocrx_word' id='word_1_89' title='bbox 794 1504 900 1545; x_wconf 88' lang='lat' dir='ltr'><strong>non</strong></span> <span class='ocrx_word' id='word_1_90' title='bbox 929 1493 1139 1547; x_wconf 89' lang='lat' dir='ltr'><strong>solvere</strong></span> <span class='ocrx_word' id='word_1_91' title='bbox 1168 1494 1381 1565; x_wconf 74' lang='lat' dir='ltr'><strong>(Matth.</strong></span> <span class='ocrx_word' id='word_1_92' title='bbox 1407 1497 1504 1567; x_wconf 78' lang='lat' dir='ltr'><strong>ix).</strong></span> <span class='ocrx_word' id='word_1_93' title='bbox 1540 1498 1602 1553; x_wconf 85' lang='lat' dir='ltr'><strong>Et</strong></span> <span class='ocrx_word' id='word_1_94' title='bbox 1631 1500 1750 1555; x_wconf 92' lang='lat' dir='ltr'><strong>ideo</strong></span> <span class='ocrx_word' id='word_1_95' title='bbox 1774 1501 2087 1569; x_wconf 86' lang='lat' dir='ltr'><strong>Ecclesiam,</strong></span> 
     </span>
    </p>
   </div>
   <div class='ocr_carea' id='block_1_14' title="bbox 501 1580 2089 1664">
    <p class='ocr_par' dir='ltr' id='par_1_14' title="bbox 501 1580 2089 1664">
     <span class='ocr_line' id='line_1_14' title="bbox 501 1580 2089 1664; baseline 0.009 -30"><span class='ocrx_word' id='word_1_96' title='bbox 501 1580 651 1649; x_wconf 83' lang='lat' dir='ltr'><strong>cujus</strong></span> <span class='ocrx_word' id='word_1_97' title='bbox 678 1597 905 1651; x_wconf 68' lang='lat' dir='ltr'><strong>sponsus</strong></span> <span class='ocrx_word' id='word_1_98' title='bbox 928 1594 1011 1638; x_wconf 90' lang='lat' dir='ltr'><strong>est</strong></span> <span class='ocrx_word' id='word_1_99' title='bbox 1039 1587 1318 1655; x_wconf 86' lang='lat' dir='ltr'><strong>speciosus</strong></span> <span class='ocrx_word' id='word_1_100' title='bbox 1344 1587 1516 1644; x_wconf 90' lang='lat' dir='ltr'><strong>forma</strong></span> <span class='ocrx_word' id='word_1_101' title='bbox 1549 1590 1763 1661; x_wconf 81' lang='lat' dir='ltr'><strong>(Ephes.</strong></span> <span class='ocrx_word' id='word_1_102' title='bbox 1800 1592 1857 1664; x_wconf 91' lang='lat' dir='ltr'><strong>v)</strong></span> <span class='ocrx_word' id='word_1_103' title='bbox 1876 1636 1889 1659; x_wconf 90' lang='lat'><strong>,</strong></span> <span class='ocrx_word' id='word_1_104' title='bbox 1925 1595 2089 1650; x_wconf 87' lang='lat' dir='ltr'><strong>casti-</strong></span> 
     </span>
    </p>
   </div>
   <div class='ocr_carea' id='block_1_15' title="bbox 500 1674 2088 1757">
    <p class='ocr_par' dir='ltr' id='par_1_15' title="bbox 500 1674 2088 1757">
     <span class='ocr_line' id='line_1_15' title="bbox 500 1674 2088 1757; baseline 0.013 -32"><span class='ocrx_word' id='word_1_105' title='bbox 500 1674 625 1728; x_wconf 86' lang='lat' dir='ltr'><strong>tatis</strong></span> <span class='ocrx_word' id='word_1_106' title='bbox 654 1675 822 1730; x_wconf 91' lang='lat' dir='ltr'><strong>voluit</strong></span> <span class='ocrx_word' id='word_1_107' title='bbox 852 1677 1141 1747; x_wconf 87' lang='lat' dir='ltr'><strong>splendore</strong></span> <span class='ocrx_word' id='word_1_108' title='bbox 1163 1680 1376 1737; x_wconf 90' lang='lat' dir='ltr'><strong>radiare</strong></span> <span class='ocrx_word' id='word_1_109' title='bbox 1406 1700 1420 1737; x_wconf 92' lang='lat'>:</span> <span class='ocrx_word' id='word_1_110' title='bbox 1454 1693 1512 1739; x_wconf 93' lang='lat' dir='ltr'><strong>ut</strong></span> <span class='ocrx_word' id='word_1_111' title='bbox 1544 1687 1594 1739; x_wconf 91' lang='lat' dir='ltr'><strong>in</strong></span> <span class='ocrx_word' id='word_1_112' title='bbox 1619 1686 1704 1741; x_wconf 92' lang='lat' dir='ltr'><strong>die</strong></span> <span class='ocrx_word' id='word_1_113' title='bbox 1729 1689 1939 1757; x_wconf 86' lang='lat' dir='ltr'><strong>judicii,</strong></span> <span class='ocrx_word' id='word_1_114' title='bbox 1968 1707 2088 1745; x_wconf 93' lang='lat' dir='ltr'><strong>cum</strong></span> 
     </span>
    </p>
   </div>
   <div class='ocr_carea' id='block_1_16' title="bbox 504 1766 2067 1849">
    <p class='ocr_par' dir='ltr' id='par_1_16' title="bbox 504 1766 2067 1849">
     <span class='ocr_line' id='line_1_16' title="bbox 504 1766 2067 1849; baseline 0.013 -35"><span class='ocrx_word' id='word_1_115' title='bbox 504 1780 689 1822; x_wconf 86' lang='lat' dir='ltr'><strong>rursus</strong></span> <span class='ocrx_word' id='word_1_116' title='bbox 715 1766 1025 1833; x_wconf 89' lang='lat' dir='ltr'><strong>advenerit,</strong></span> <span class='ocrx_word' id='word_1_117' title='bbox 1077 1769 1193 1825; x_wconf 91' lang='lat' dir='ltr'><strong>sine</strong></span> <span class='ocrx_word' id='word_1_118' title='bbox 1221 1773 1433 1827; x_wconf 87' lang='lat' dir='ltr'><strong>macula</strong></span> <span class='ocrx_word' id='word_1_119' title='bbox 1499 1783 1553 1829; x_wconf 90' lang='lat' dir='ltr'><strong>et</strong></span> <span class='ocrx_word' id='word_1_120' title='bbox 1581 1790 1711 1846; x_wconf 90' lang='lat' dir='ltr'><strong>ruga</strong></span> <span class='ocrx_word' id='word_1_121' title='bbox 1754 1793 1873 1833; x_wconf 91' lang='lat' dir='ltr'><strong>eam</strong></span> <span class='ocrx_word' id='word_1_122' title='bbox 1900 1782 2067 1849; x_wconf 83' lang='lat' dir='ltr'><strong>possit</strong></span> 
     </span>
    </p>
   </div>
   <div class='ocr_carea' id='block_1_17' title="bbox 500 1854 2091 1939">
    <p class='ocr_par' dir='ltr' id='par_1_17' title="bbox 500 1854 2091 1939">
     <span class='ocr_line' id='line_1_17' title="bbox 500 1854 2091 1939; baseline 0.013 -33"><span class='ocrx_word' id='word_1_123' title='bbox 500 1854 639 1908; x_wconf 81' lang='lat' dir='ltr'><strong>sicut</strong></span> <span class='ocrx_word' id='word_1_124' title='bbox 676 1871 772 1925; x_wconf 91' lang='lat' dir='ltr'><strong>per</strong></span> <span class='ocrx_word' id='word_1_125' title='bbox 814 1860 1117 1927; x_wconf 88' lang='lat' dir='ltr'><strong>apostolum</strong></span> <span class='ocrx_word' id='word_1_126' title='bbox 1161 1876 1315 1916; x_wconf 90' lang='lat' dir='ltr'><strong>suum</strong></span> <span class='ocrx_word' id='word_1_127' title='bbox 1346 1863 1611 1931; x_wconf 87' lang='lat' dir='ltr'><strong>instituit,</strong></span> <span class='ocrx_word' id='word_1_128' title='bbox 1658 1870 1915 1939; x_wconf 89' lang='lat' dir='ltr'><strong>reperire.</strong></span> <span class='ocrx_word' id='word_1_129' title='bbox 1947 1873 2091 1937; x_wconf 88' lang='lat' dir='ltr'><strong>Qua-</strong></span> 
     </span>
    </p>
   </div>
   <div class='ocr_carea' id='block_1_18' title="bbox 507 1940 2091 2029">
    <p class='ocr_par' dir='ltr' id='par_1_18' title="bbox 507 1940 2091 2029">
     <span class='ocr_line' id='line_1_18' title="bbox 507 1940 2091 2029; baseline 0.012 -31"><span class='ocrx_word' id='word_1_130' title='bbox 507 1962 624 1999; x_wconf 90' lang='lat' dir='ltr'><strong>rum</strong></span> <span class='ocrx_word' id='word_1_131' title='bbox 656 1949 996 2003; x_wconf 86' lang='lat' dir='ltr'><strong>sanctionum</strong></span> <span class='ocrx_word' id='word_1_132' title='bbox 1026 1942 1215 2007; x_wconf 89' lang='lat' dir='ltr'><strong>omnes</strong></span> <span class='ocrx_word' id='word_1_133' title='bbox 1256 1940 1573 2013; x_wconf 86' lang='lat' dir='ltr'><strong>sacerdotes</strong></span> <span class='ocrx_word' id='word_1_134' title='bbox 1621 1969 1782 2029; x_wconf 90' lang='lat' dir='ltr'><strong>atque</strong></span> <span class='ocrx_word' id='word_1_135' title='bbox 1812 1961 1985 2016; x_wconf 70' lang='lat' dir='ltr'><strong>levita:</strong></span> <span class='ocrx_word' id='word_1_136' title='bbox 2015 1964 2091 2016; x_wconf 90' lang='lat' dir='ltr'><strong>in-</strong></span> 
     </span>
    </p>
   </div>
   <div class='ocr_carea' id='block_1_19' title="bbox 502 2035 2093 2111">
    <p class='ocr_par' dir='ltr' id='par_1_19' title="bbox 502 2035 2093 2111">
     <span class='ocr_line' id='line_1_19' title="bbox 502 2035 2093 2111; baseline 0.013 -24"><span class='ocrx_word' id='word_1_137' title='bbox 502 2035 715 2090; x_wconf 66' lang='lat' dir='ltr'><strong>aclubili</strong></span> <span class='ocrx_word' id='word_1_138' title='bbox 746 2038 862 2106; x_wconf 82' lang='lat' dir='ltr'><strong>lege</strong></span> <span class='ocrx_word' id='word_1_139' title='bbox 885 2041 1329 2111; x_wconf 87' lang='lat' dir='ltr'><strong>constringimur,</strong></span> <span class='ocrx_word' id='word_1_140' title='bbox 1354 2052 1413 2100; x_wconf 91' lang='lat' dir='ltr'><strong>ut</strong></span> <span class='ocrx_word' id='word_1_141' title='bbox 1442 2062 1472 2100; x_wconf 92' lang='lat' dir='ltr'><strong>a</strong></span> <span class='ocrx_word' id='word_1_142' title='bbox 1498 2048 1585 2102; x_wconf 89' lang='lat' dir='ltr'><strong>die</strong></span> <span class='ocrx_word' id='word_1_143' title='bbox 1612 2040 1966 2106; x_wconf 77' lang='lat' dir='ltr'><strong>ordinationis</strong></span> <span class='ocrx_word' id='word_1_144' title='bbox 1993 2068 2093 2108; x_wconf 90' lang='lat' dir='ltr'><strong>no-</strong></span> 
     </span>
    </p>
   </div>
   <div class='ocr_carea' id='block_1_20' title="bbox 503 2128 2091 2201">
    <p class='ocr_par' dir='ltr' id='par_1_20' title="bbox 503 2128 2091 2201">
     <span class='ocr_line' id='line_1_20' title="bbox 503 2128 2091 2201; baseline 0.014 -23"><span class='ocrx_word' id='word_1_145' title='bbox 503 2133 627 2179; x_wconf 71' lang='lat' dir='ltr'><strong>stra:</strong></span> <span class='ocrx_word' id='word_1_146' title='bbox 658 2128 935 2183; x_wconf 87' lang='lat' dir='ltr'><strong>sobrietati</strong></span> <span class='ocrx_word' id='word_1_147' title='bbox 978 2148 1038 2185; x_wconf 92' lang='lat' dir='ltr'><strong>ac</strong></span> <span class='ocrx_word' id='word_1_148' title='bbox 1069 2133 1339 2201; x_wconf 59' lang='lat' dir='ltr'><strong>pudicitiae</strong></span> <span class='ocrx_word' id='word_1_149' title='bbox 1382 2146 1437 2190; x_wconf 91' lang='lat' dir='ltr'><strong>et</strong></span> <span class='ocrx_word' id='word_1_150' title='bbox 1479 2140 1638 2193; x_wconf 87' lang='lat' dir='ltr'><strong>corda</strong></span> <span class='ocrx_word' id='word_1_151' title='bbox 1670 2152 1853 2198; x_wconf 87' lang='lat' dir='ltr'><strong>nostra</strong></span> <span class='ocrx_word' id='word_1_152' title='bbox 1886 2146 2091 2199; x_wconf 85' lang='lat' dir='ltr'><strong>manci-</strong></span> 
     </span>
    </p>
   </div>
   <div class='ocr_carea' id='block_1_21' title="bbox 505 2224 2092 2297">
    <p class='ocr_par' dir='ltr' id='par_1_21' title="bbox 505 2224 2092 2297">
     <span class='ocr_line' id='line_1_21' title="bbox 505 2224 2092 2297; baseline 0.014 -29"><span class='ocrx_word' id='word_1_153' title='bbox 505 2232 709 2285; x_wconf 87' lang='lat' dir='ltr'><strong>pemus,</strong></span> <span class='ocrx_word' id='word_1_154' title='bbox 739 2226 794 2273; x_wconf 89' lang='lat' dir='ltr'><strong>et</strong></span> <span class='ocrx_word' id='word_1_155' title='bbox 818 2236 1044 2290; x_wconf 90' lang='lat' dir='ltr'><strong>corpora</strong></span> <span class='ocrx_word' id='word_1_156' title='bbox 1077 2242 1088 2275; x_wconf 93' lang='lat'>:</span> <span class='ocrx_word' id='word_1_157' title='bbox 1120 2224 1413 2282; x_wconf 91' lang='lat' dir='ltr'><strong>dummodo</strong></span> <span class='ocrx_word' id='word_1_158' title='bbox 1443 2244 1539 2297; x_wconf 87' lang='lat' dir='ltr'><strong>per</strong></span> <span class='ocrx_word' id='word_1_159' title='bbox 1560 2233 1737 2285; x_wconf 86' lang='lat' dir='ltr'><strong>omnia</strong></span> <span class='ocrx_word' id='word_1_160' title='bbox 1768 2233 1879 2288; x_wconf 92' lang='lat' dir='ltr'><strong>Deo</strong></span> <span class='ocrx_word' id='word_1_161' title='bbox 1904 2247 2092 2291; x_wconf 85' lang='lat' dir='ltr'><strong>nostro</strong></span> 
     </span>
    </p>
   </div>
   <div class='ocr_carea' id='block_1_22' title="bbox 513 2307 2098 2394">
    <p class='ocr_par' dir='ltr' id='par_1_22' title="bbox 513 2307 2098 2394">
     <span class='ocr_line' id='line_1_22' title="bbox 513 2307 2098 2394; baseline 0.015 -35"><span class='ocrx_word' id='word_1_162' title='bbox 513 2307 564 2360; x_wconf 92' lang='lat' dir='ltr'><strong>in</strong></span> <span class='ocrx_word' id='word_1_163' title='bbox 626 2308 708 2363; x_wconf 88' lang='lat' dir='ltr'><strong>bis</strong></span> <span class='ocrx_word' id='word_1_164' title='bbox 762 2327 882 2380; x_wconf 75' lang='lat' dir='ltr'><strong>qua:</strong></span> <span class='ocrx_word' id='word_1_165' title='bbox 923 2314 1161 2381; x_wconf 89' lang='lat' dir='ltr'><strong>quotidie</strong></span> <span class='ocrx_word' id='word_1_166' title='bbox 1220 2316 1492 2373; x_wconf 78' lang='lat' dir='ltr'><strong>offerimus</strong></span> <span class='ocrx_word' id='word_1_167' title='bbox 1564 2323 1839 2378; x_wconf 82' lang='lat' dir='ltr'><strong>sacriﬁciis</strong></span> <span class='ocrx_word' id='word_1_168' title='bbox 1886 2325 2098 2394; x_wconf 87' lang='lat' dir='ltr'><strong>placea-</strong></span> 
     </span>
    </p>
   </div>
   <div class='ocr_carea' id='block_1_23' title="bbox 514 2399 2095 2477">
    <p class='ocr_par' dir='ltr' id='par_1_23' title="bbox 514 2399 2095 2477">
     <span class='ocr_line' id='line_1_23' title="bbox 514 2399 2095 2477; baseline 0.013 -25"><span class='ocrx_word' id='word_1_169' title='bbox 514 2415 653 2454; x_wconf 90' lang='lat' dir='ltr'><strong>mus.</strong></span> <span class='ocrx_word' id='word_1_170' title='bbox 685 2399 787 2467; x_wconf 88' lang='lat' dir='ltr'><strong>Qui</strong></span> <span class='ocrx_word' id='word_1_171' title='bbox 837 2412 1014 2458; x_wconf 90' lang='lat' dir='ltr'><strong>autem</strong></span> <span class='ocrx_word' id='word_1_172' title='bbox 1050 2404 1103 2458; x_wconf 92' lang='lat' dir='ltr'><strong>in</strong></span> <span class='ocrx_word' id='word_1_173' title='bbox 1152 2422 1315 2463; x_wconf 89' lang='lat' dir='ltr'><strong>carne</strong></span> <span class='ocrx_word' id='word_1_174' title='bbox 1371 2418 1533 2476; x_wconf 87' lang='lat' dir='ltr'><strong>sunt,</strong></span> <span class='ocrx_word' id='word_1_175' title='bbox 1564 2410 1775 2477; x_wconf 86' lang='lat' dir='ltr'><strong>dicente</strong></span> <span class='ocrx_word' id='word_1_176' title='bbox 1815 2415 2095 2473; x_wconf 88' lang='lat' dir='ltr'><strong>electionis</strong></span> 
     </span>
    </p>
   </div>
   <div class='ocr_carea' id='block_1_24' title="bbox 504 2490 2094 2572">
    <p class='ocr_par' dir='ltr' id='par_1_24' title="bbox 504 2490 2094 2572">
     <span class='ocr_line' id='line_1_24' title="bbox 504 2490 2094 2572; baseline 0.012 -30"><span class='ocrx_word' id='word_1_177' title='bbox 504 2490 644 2545; x_wconf 73' lang='lat' dir='ltr'><strong>Vase</strong></span> <span class='ocrx_word' id='word_1_178' title='bbox 679 2491 856 2562; x_wconf 83' lang='lat' dir='ltr'><strong>(Rom.</strong></span> <span class='ocrx_word' id='word_1_179' title='bbox 893 2500 1030 2563; x_wconf 75' lang='lat' dir='ltr'><strong>vni),</strong></span> <span class='ocrx_word' id='word_1_180' title='bbox 1074 2494 1186 2550; x_wconf 88' lang='lat' dir='ltr'><strong>Deo</strong></span> <span class='ocrx_word' id='word_1_181' title='bbox 1232 2497 1447 2567; x_wconf 86' lang='lat' dir='ltr'><strong>placere</strong></span> <span class='ocrx_word' id='word_1_182' title='bbox 1505 2517 1609 2555; x_wconf 91' lang='lat' dir='ltr'><strong>non</strong></span> <span class='ocrx_word' id='word_1_183' title='bbox 1656 2513 1881 2572; x_wconf 88' lang='lat' dir='ltr'><strong>possunt</strong></span> <span class='ocrx_word' id='word_1_184' title='bbox 1932 2525 1944 2558; x_wconf 86' lang='lat'><strong>:</strong></span> <span class='ocrx_word' id='word_1_185' title='bbox 1996 2523 2094 2562; x_wconf 86' lang='lat' dir='ltr'><strong>vos</strong></span> 
     </span>
    </p>
   </div>
   <div class='ocr_carea' id='block_1_25' title="bbox 509 2582 2086 2667">
    <p class='ocr_par' dir='ltr' id='par_1_25' title="bbox 509 2582 2086 2667">
     <span class='ocr_line' id='line_1_25' title="bbox 509 2582 2086 2667; baseline 0.01 -33"><span class='ocrx_word' id='word_1_186' title='bbox 509 2590 689 2637; x_wconf 83' lang='lat' dir='ltr'><strong>autem</strong></span> <span class='ocrx_word' id='word_1_187' title='bbox 734 2582 845 2651; x_wconf 91' lang='lat' dir='ltr'><strong>jam</strong></span> <span class='ocrx_word' id='word_1_188' title='bbox 896 2601 1001 2638; x_wconf 89' lang='lat' dir='ltr'><strong>non</strong></span> <span class='ocrx_word' id='word_1_189' title='bbox 1051 2587 1180 2641; x_wconf 72' lang='lat' dir='ltr'><strong>estis</strong></span> <span class='ocrx_word' id='word_1_190' title='bbox 1234 2588 1284 2641; x_wconf 90' lang='lat' dir='ltr'><strong>in</strong></span> <span class='ocrx_word' id='word_1_191' title='bbox 1334 2606 1523 2652; x_wconf 90' lang='lat' dir='ltr'><strong>carne,</strong></span> <span class='ocrx_word' id='word_1_192' title='bbox 1586 2592 1678 2648; x_wconf 89' lang='lat' dir='ltr'><strong>sed</strong></span> <span class='ocrx_word' id='word_1_193' title='bbox 1728 2594 1779 2647; x_wconf 92' lang='lat' dir='ltr'><strong>in</strong></span> <span class='ocrx_word' id='word_1_194' title='bbox 1828 2597 2019 2667; x_wconf 80' lang='lat' dir='ltr'><strong>Spiritu</strong></span> <span class='ocrx_word' id='word_1_195' title='bbox 2074 2615 2086 2649; x_wconf 88' lang='lat'>:</span> 
     </span>
    </p>
   </div>
   <div class='ocr_carea' id='block_1_26' title="bbox 502 2674 2089 2749">
    <p class='ocr_par' dir='ltr' id='par_1_26' title="bbox 502 2674 2089 2749">
     <span class='ocr_line' id='line_1_26' title="bbox 502 2674 2089 2749; baseline 0.01 -24"><span class='ocrx_word' id='word_1_196' title='bbox 502 2674 544 2726; x_wconf 86' lang='lat' dir='ltr'><strong>si</strong></span> <span class='ocrx_word' id='word_1_197' title='bbox 599 2681 776 2728; x_wconf 88' lang='lat' dir='ltr'><strong>tamen</strong></span> <span class='ocrx_word' id='word_1_198' title='bbox 847 2674 1066 2745; x_wconf 80' lang='lat' dir='ltr'><strong>spiritus</strong></span> <span class='ocrx_word' id='word_1_199' title='bbox 1122 2675 1216 2732; x_wconf 87' lang='lat' dir='ltr'><strong>Dei</strong></span> <span class='ocrx_word' id='word_1_200' title='bbox 1265 2678 1473 2734; x_wconf 84' lang='lat' dir='ltr'><strong>habitat</strong></span> <span class='ocrx_word' id='word_1_201' title='bbox 1525 2683 1576 2735; x_wconf 89' lang='lat' dir='ltr'><strong>in</strong></span> <span class='ocrx_word' id='word_1_202' title='bbox 1636 2683 1841 2749; x_wconf 81' lang='lat' dir='ltr'><strong>vobis;</strong></span> <span class='ocrx_word' id='word_1_203' title='bbox 1897 2695 1950 2740; x_wconf 91' lang='lat' dir='ltr'><strong>et</strong></span> <span class='ocrx_word' id='word_1_204' title='bbox 2000 2687 2089 2741; x_wconf 90' lang='lat' dir='ltr'><strong>ubi</strong></span> 
     </span>
    </p>
   </div>
   <div class='ocr_carea' id='block_1_27' title="bbox 503 2763 2086 2847">
    <p class='ocr_par' dir='ltr' id='par_1_27' title="bbox 503 2763 2086 2847">
     <span class='ocr_line' id='line_1_27' title="bbox 503 2763 2086 2847; baseline 0.01 -32"><span class='ocrx_word' id='word_1_205' title='bbox 503 2763 725 2831; x_wconf 88' lang='lat' dir='ltr'><strong>poterit,</strong></span> <span class='ocrx_word' id='word_1_206' title='bbox 760 2765 862 2819; x_wconf 90' lang='lat' dir='ltr'><strong>nisi</strong></span> <span class='ocrx_word' id='word_1_207' title='bbox 917 2766 967 2819; x_wconf 92' lang='lat' dir='ltr'><strong>in</strong></span> <span class='ocrx_word' id='word_1_208' title='bbox 999 2768 1336 2837; x_wconf 88' lang='lat' dir='ltr'><strong>corporibus,</strong></span> <span class='ocrx_word' id='word_1_209' title='bbox 1389 2772 1529 2826; x_wconf 86' lang='lat' dir='ltr'><strong>sicut</strong></span> <span class='ocrx_word' id='word_1_210' title='bbox 1576 2772 1802 2842; x_wconf 79' lang='lat' dir='ltr'><strong>legimus</strong></span> <span class='ocrx_word' id='word_1_211' title='bbox 1843 2775 1998 2847; x_wconf 87' lang='lat' dir='ltr'><strong>(Sap.</strong></span> <span class='ocrx_word' id='word_1_212' title='bbox 2027 2778 2086 2845; x_wconf 81' lang='grc' dir='ltr'><strong>ι),</strong></span> 
     </span>
    </p>
   </div>
   <div class='ocr_carea' id='block_1_28' title="bbox 503 2855 2090 2938">
    <p class='ocr_par' dir='ltr' id='par_1_28' title="bbox 503 2855 2090 2938">
     <span class='ocr_line' id='line_1_28' title="bbox 503 2855 2090 2938; baseline 0.011 -31"><span class='ocrx_word' id='word_1_213' title='bbox 503 2856 702 2910; x_wconf 89' lang='lat' dir='ltr'><strong>sanctis</strong></span> <span class='ocrx_word' id='word_1_214' title='bbox 727 2855 822 2911; x_wconf 87' lang='lat' dir='ltr'><strong>Dei</strong></span> <span class='ocrx_word' id='word_1_215' title='bbox 852 2859 1071 2928; x_wconf 88' lang='lat' dir='ltr'><strong>spiritus</strong></span> <span class='ocrx_word' id='word_1_216' title='bbox 1110 2860 1394 2918; x_wconf 87' lang='lat' dir='ltr'><strong>habitare?</strong></span> <span class='ocrx_word' id='word_1_217' title='bbox 1437 2863 1504 2918; x_wconf 86' lang='lat' dir='ltr'><strong>Et</strong></span> <span class='ocrx_word' id='word_1_218' title='bbox 1533 2866 1656 2935; x_wconf 90' lang='lat' dir='ltr'><strong>quia</strong></span> <span class='ocrx_word' id='word_1_219' title='bbox 1688 2867 1949 2938; x_wconf 83' lang='lat' dir='ltr'><strong>aliquanti</strong></span> <span class='ocrx_word' id='word_1_220' title='bbox 1976 2908 1990 2932; x_wconf 95' lang='lat'><strong>,</strong></span> <span class='ocrx_word' id='word_1_221' title='bbox 2022 2869 2090 2925; x_wconf 89' lang='lat' dir='ltr'><strong>de</strong></span> 
     </span>
    </p>
   </div>
   <div class='ocr_carea' id='block_1_29' title="bbox 500 2946 2090 3028">
    <p class='ocr_par' dir='ltr' id='par_1_29' title="bbox 500 2946 2090 3028">
     <span class='ocr_line' id='line_1_29' title="bbox 500 2946 2090 3028; baseline 0.012 -31"><span class='ocrx_word' id='word_1_222' title='bbox 500 2946 690 3013; x_wconf 86' lang='lat' dir='ltr'><strong>quibus</strong></span> <span class='ocrx_word' id='word_1_223' title='bbox 712 2947 981 3018; x_wconf 91' lang='lat' dir='ltr'><strong>loquimur</strong></span> <span class='ocrx_word' id='word_1_224' title='bbox 998 2952 1079 3022; x_wconf 90' lang='lat' dir='ltr'><strong>(ut</strong></span> <span class='ocrx_word' id='word_1_225' title='bbox 1106 2960 1193 3006; x_wconf 91' lang='lat' dir='ltr'><strong>tua</strong></span> <span class='ocrx_word' id='word_1_226' title='bbox 1217 2955 1475 3010; x_wconf 85' lang='lat' dir='ltr'><strong>sanctitas</strong></span> <span class='ocrx_word' id='word_1_227' title='bbox 1502 2958 1731 3028; x_wconf 83' lang='lat' dir='ltr'><strong>retulit),</strong></span> <span class='ocrx_word' id='word_1_228' title='bbox 1754 2959 2090 3028; x_wconf 85' lang='lat' dir='ltr'><strong>ignoratione</strong></span> 
     </span>
    </p>
   </div>
   <div class='ocr_carea' id='block_1_30' title="bbox 501 3039 2089 3110">
    <p class='ocr_par' dir='ltr' id='par_1_30' title="bbox 501 3039 2089 3110">
     <span class='ocr_line' id='line_1_30' title="bbox 501 3039 2089 3110; baseline 0.01 -20"><span class='ocrx_word' id='word_1_229' title='bbox 501 3039 681 3107; x_wconf 89' lang='lat' dir='ltr'><strong>lapsos</strong></span> <span class='ocrx_word' id='word_1_230' title='bbox 707 3054 826 3095; x_wconf 89' lang='lat' dir='ltr'><strong>esse</strong></span> <span class='ocrx_word' id='word_1_231' title='bbox 855 3057 913 3095; x_wconf 89' lang='lat' dir='ltr'><strong>se</strong></span> <span class='ocrx_word' id='word_1_232' title='bbox 934 3041 1158 3110; x_wconf 76' lang='lat' dir='ltr'><strong>dellxnt,</strong></span> <span class='ocrx_word' id='word_1_233' title='bbox 1214 3045 1296 3099; x_wconf 91' lang='lat' dir='ltr'><strong>bis</strong></span> <span class='ocrx_word' id='word_1_234' title='bbox 1326 3045 1427 3101; x_wconf 88' lang='lat' dir='ltr'><strong>hac</strong></span> <span class='ocrx_word' id='word_1_235' title='bbox 1448 3048 1755 3104; x_wconf 88' lang='lat' dir='ltr'><strong>conditione</strong></span> <span class='ocrx_word' id='word_1_236' title='bbox 1787 3052 2089 3106; x_wconf 85' lang='lat' dir='ltr'><strong>misericor—</strong></span> 
     </span>
    </p>
   </div>
   <div class='ocr_carea' id='block_1_31' title="bbox 499 3126 2087 3203">
    <p class='ocr_par' dir='ltr' id='par_1_31' title="bbox 499 3126 2087 3203">
     <span class='ocr_line' id='line_1_31' title="bbox 499 3126 2087 3203; baseline 0.011 -22"><span class='ocrx_word' id='word_1_237' title='bbox 499 3126 639 3182; x_wconf 82' lang='lat' dir='ltr'><strong>diam</strong></span> <span class='ocrx_word' id='word_1_238' title='bbox 688 3131 914 3185; x_wconf 87' lang='lat' dir='ltr'><strong>dicimus</strong></span> <span class='ocrx_word' id='word_1_239' title='bbox 959 3148 1067 3187; x_wconf 92' lang='lat' dir='ltr'><strong>non</strong></span> <span class='ocrx_word' id='word_1_240' title='bbox 1099 3136 1421 3203; x_wconf 89' lang='lat' dir='ltr'><strong>negandam,</strong></span> <span class='ocrx_word' id='word_1_241' title='bbox 1455 3147 1511 3192; x_wconf 94' lang='lat' dir='ltr'><strong>ut</strong></span> <span class='ocrx_word' id='word_1_242' title='bbox 1553 3142 1668 3195; x_wconf 89' lang='lat' dir='ltr'><strong>sine</strong></span> <span class='ocrx_word' id='word_1_243' title='bbox 1714 3142 1821 3197; x_wconf 92' lang='lat' dir='ltr'><strong>ullo</strong></span> <span class='ocrx_word' id='word_1_244' title='bbox 1866 3143 2087 3199; x_wconf 91' lang='lat' dir='ltr'><strong>honoris</strong></span> 
     </span>
    </p>
   </div>
   <div class='ocr_carea' id='block_1_32' title="bbox 1802 305 2514 369">
    <p class='ocr_par' dir='ltr' id='par_1_32' title="bbox 1802 305 2514 369">
     <span class='ocr_line' id='line_1_32' title="bbox 1802 305 2514 369; baseline 0.014 -12"><span class='ocrx_word' id='word_1_245' title='bbox 1802 305 2157 364; x_wconf 73' lang='lat' dir='ltr'><strong>DIONYSIUS</strong></span> <span class='ocrx_word' id='word_1_246' title='bbox 2197 310 2277 365; x_wconf 74' lang='lat' dir='ltr'><strong>EX</strong></span> <span class='ocrx_word' id='word_1_247' title='bbox 2289 312 2403 367; x_wconf 78' lang='lat' dir='ltr'><strong>[GU</strong></span> <span class='ocrx_word' id='word_1_248' title='bbox 2415 314 2514 369; x_wconf 82' lang='lat' dir='ltr'><strong>US.</strong></span> 
     </span>
    </p>
   </div>
   <div class='ocr_carea' id='block_1_33' title="bbox 504 406 2838 491">
    <p class='ocr_par' dir='ltr' id='par_1_33' title="bbox 504 406 2838 491">
     <span class='ocr_line' id='line_1_33' title="bbox 504 406 2838 491; baseline 0.01 -29"><span class='ocrx_word' id='word_1_249' title='bbox 504 418 623 462; x_wconf 88' lang='lat' dir='ltr'><strong>ctus</strong></span> <span class='ocrx_word' id='word_1_250' title='bbox 664 420 780 461; x_wconf 88' lang='lat' dir='ltr'><strong>sum</strong></span> <span class='ocrx_word' id='word_1_251' title='bbox 825 406 1081 463; x_wconf 89' lang='lat' dir='ltr'><strong>Dominus</strong></span> <span class='ocrx_word' id='word_1_252' title='bbox 1124 408 1263 465; x_wconf 86' lang='lat' dir='ltr'><strong>Deus</strong></span> <span class='ocrx_word' id='word_1_253' title='bbox 1310 419 1491 467; x_wconf 84' lang='lat' dir='ltr'><strong>vester</strong></span> <span class='ocrx_word' id='word_1_254' title='bbox 1556 413 1749 486; x_wconf 72' lang='lat' dir='ltr'><strong>(Leuit.</strong></span> <span class='ocrx_word' id='word_1_255' title='bbox 1803 421 1933 490; x_wconf 78' lang='lat' dir='ltr'><strong>xx)?</strong></span> <span class='ocrx_word' id='word_1_256' title='bbox 1985 421 2092 476; x_wconf 88' lang='lat' dir='ltr'><strong>Cur</strong></span> <span class='ocrx_word' id='word_1_257' title='bbox 2122 428 2171 485; x_wconf 84' lang='grc' dir='ltr'><strong>Λ</strong></span> <span class='ocrx_word' id='word_1_258' title='bbox 2198 434 2321 491; x_wconf 88' lang='lat' dir='ltr'><strong>tam,</strong></span> <span class='ocrx_word' id='word_1_259' title='bbox 2373 442 2473 482; x_wconf 81' lang='lat' dir='ltr'><strong>non</strong></span> <span class='ocrx_word' id='word_1_260' title='bbox 2520 433 2838 486; x_wconf 78' lang='lat' dir='ltr'><strong>meretricem</strong></span> 
     </span>
    </p>
   </div>
   <div class='ocr_carea' id='block_1_34' title="bbox 3686 342 3797 400">
    <p class='ocr_par' dir='ltr' id='par_1_34' title="bbox 3686 342 3797 400">
     <span class='ocr_line' id='line_1_34' title="bbox 3686 342 3797 400; baseline 0.036 -3"><span class='ocrx_word' id='word_1_261' title='bbox 3686 342 3797 400; x_wconf 66' lang='lat'><strong>235</strong></span> 
     </span>
    </p>
   </div>
   <div class='ocr_carea' id='block_1_35' title="bbox 2883 434 3793 519">
    <p class='ocr_par' dir='ltr' id='par_1_35' title="bbox 2883 434 3793 519">
     <span class='ocr_line' id='line_1_35' title="bbox 2883 434 3793 519; baseline 0.032 -32"><span class='ocrx_word' id='word_1_262' title='bbox 2883 434 3101 507; x_wconf 69' lang='lat' dir='ltr'><strong>(Each.</strong></span> <span class='ocrx_word' id='word_1_263' title='bbox 3162 446 3330 519; x_wconf 78' lang='lat' dir='ltr'><strong>xuv).</strong></span> <span class='ocrx_word' id='word_1_264' title='bbox 3373 448 3529 516; x_wconf 81' lang='lat' dir='ltr'><strong>Quod</strong></span> <span class='ocrx_word' id='word_1_265' title='bbox 3567 466 3793 517; x_wconf 83' lang='lat' dir='ltr'><strong>secutus</strong></span> 
     </span>
    </p>
   </div>
   <div class='ocr_carea' id='block_1_36' title="bbox 2197 517 3789 615">
    <p class='ocr_par' dir='ltr' id='par_1_36' title="bbox 2197 517 3789 615">
     <span class='ocr_line' id='line_1_36' title="bbox 2197 517 3789 615; baseline 0.023 -45"><span class='ocrx_word' id='word_1_266' title='bbox 2197 517 2483 615; x_wconf 77' lang='lat' dir='ltr'><strong>Apostolus</strong></span> <span class='ocrx_word' id='word_1_267' title='bbox 2513 521 2600 593; x_wconf 91' lang='grc'><strong>(11</strong></span> <span class='ocrx_word' id='word_1_268' title='bbox 2634 522 2854 581; x_wconf 78' lang='lat' dir='ltr'><strong>Timotlt.</strong></span> <span class='ocrx_word' id='word_1_269' title='bbox 2889 531 2969 602; x_wconf 88' lang='grc' dir='ltr'>ιιι)</span> <span class='ocrx_word' id='word_1_270' title='bbox 3018 549 3087 588; x_wconf 81' lang='lat' dir='ltr'><strong>ex</strong></span> <span class='ocrx_word' id='word_1_271' title='bbox 3114 517 3464 607; x_wconf 87' lang='lat' dir='ltr'><strong>persecutore</strong></span> <span class='ocrx_word' id='word_1_272' title='bbox 3510 548 3789 615; x_wconf 67' lang='lat' dir='ltr'><strong>praedica-</strong></span> 
     </span>
    </p>
   </div>
   <div class='ocr_carea' id='block_1_37' title="bbox 2199 609 3791 704">
    <p class='ocr_par' dir='ltr' id='par_1_37' title="bbox 2199 609 3791 704">
     <span class='ocr_line' id='line_1_37' title="bbox 2199 609 3791 704; baseline 0.022 -44"><span class='ocrx_word' id='word_1_273' title='bbox 2199 616 2305 675; x_wconf 84' lang='lat' dir='ltr'><strong>tor,</strong></span> <span class='ocrx_word' id='word_1_274' title='bbox 2336 609 2494 665; x_wconf 90' lang='lat' dir='ltr'><strong>unius</strong></span> <span class='ocrx_word' id='word_1_275' title='bbox 2523 615 2705 669; x_wconf 82' lang='lat' dir='ltr'><strong>uxoris</strong></span> <span class='ocrx_word' id='word_1_276' title='bbox 2731 618 2905 673; x_wconf 90' lang='lat' dir='ltr'><strong>virum</strong></span> <span class='ocrx_word' id='word_1_277' title='bbox 2934 630 3043 677; x_wconf 90' lang='lat' dir='ltr'><strong>tam</strong></span> <span class='ocrx_word' id='word_1_278' title='bbox 3096 630 3434 687; x_wconf 85' lang='lat' dir='ltr'><strong>sacerdotem</strong></span> <span class='ocrx_word' id='word_1_279' title='bbox 3477 609 3636 704; x_wconf 72' lang='lat' dir='ltr'><strong>quam</strong></span> <span class='ocrx_word' id='word_1_280' title='bbox 3668 638 3791 694; x_wconf 80' lang='lat' dir='ltr'><strong>dia-</strong></span> 
     </span>
    </p>
   </div>
   <div class='ocr_carea' id='block_1_38' title="bbox 2196 700 3791 786">
    <p class='ocr_par' dir='ltr' id='par_1_38' title="bbox 2196 700 3791 786">
     <span class='ocr_line' id='line_1_38' title="bbox 2196 700 3791 786; baseline 0.021 -34"><span class='ocrx_word' id='word_1_281' title='bbox 2196 715 2391 755; x_wconf 83' lang='lat' dir='ltr'><strong>conum</strong></span> <span class='ocrx_word' id='word_1_282' title='bbox 2445 700 2559 758; x_wconf 83' lang='lat' dir='ltr'><strong>ﬁeri</strong></span> <span class='ocrx_word' id='word_1_283' title='bbox 2593 705 2790 763; x_wconf 91' lang='lat' dir='ltr'><strong>debere</strong></span> <span class='ocrx_word' id='word_1_284' title='bbox 2820 714 3112 769; x_wconf 86' lang='lat' dir='ltr'><strong>mandavit.</strong></span> <span class='ocrx_word' id='word_1_285' title='bbox 3142 716 3273 784; x_wconf 67' lang='lat' dir='ltr'><strong>Quae</strong></span> <span class='ocrx_word' id='word_1_286' title='bbox 3317 725 3502 779; x_wconf 88' lang='lat' dir='ltr'><strong>omnia</strong></span> <span class='ocrx_word' id='word_1_287' title='bbox 3531 727 3605 781; x_wconf 92' lang='lat' dir='ltr'><strong>ita</strong></span> <span class='ocrx_word' id='word_1_288' title='bbox 3634 744 3665 782; x_wconf 84' lang='lat' dir='ltr'><strong>a</strong></span> <span class='ocrx_word' id='word_1_289' title='bbox 3694 746 3791 786; x_wconf 84' lang='lat' dir='ltr'><strong>ve-</strong></span> 
     </span>
    </p>
   </div>
   <div class='ocr_carea' id='block_1_39' title="bbox 2196 797 3787 889">
    <p class='ocr_par' dir='ltr' id='par_1_39' title="bbox 2196 797 3787 889">
     <span class='ocr_line' id='line_1_39' title="bbox 2196 797 3787 889; baseline 0.02 -44"><span class='ocrx_word' id='word_1_290' title='bbox 2196 798 2427 847; x_wconf 89' lang='lat' dir='ltr'><strong>strarum</strong></span> <span class='ocrx_word' id='word_1_291' title='bbox 2457 797 2735 864; x_wconf 85' lang='lat' dir='ltr'><strong>regionum</strong></span> <span class='ocrx_word' id='word_1_292' title='bbox 2778 801 3151 874; x_wconf 85' lang='lat' dir='ltr'><strong>despiciuntur</strong></span> <span class='ocrx_word' id='word_1_293' title='bbox 3196 813 3488 885; x_wconf 85' lang='lat' dir='ltr'><strong>episcopis,</strong></span> <span class='ocrx_word' id='word_1_294' title='bbox 3544 822 3699 889; x_wconf 90' lang='lat' dir='ltr'><strong>quasi</strong></span> <span class='ocrx_word' id='word_1_295' title='bbox 3725 822 3787 876; x_wconf 85' lang='lat' dir='ltr'><strong>in</strong></span> 
     </span>
    </p>
   </div>
   <div class='ocr_carea' id='block_1_40' title="bbox 2197 886 3790 976">
    <p class='ocr_par' dir='ltr' id='par_1_40' title="bbox 2197 886 3790 976">
     <span class='ocr_line' id='line_1_40' title="bbox 2197 886 3790 976; baseline 0.021 -42"><span class='ocrx_word' id='word_1_296' title='bbox 2197 886 2529 940; x_wconf 89' lang='lat' dir='ltr'><strong>contrarium</strong></span> <span class='ocrx_word' id='word_1_297' title='bbox 2558 890 2731 958; x_wconf 85' lang='lat' dir='ltr'><strong>magis</strong></span> <span class='ocrx_word' id='word_1_298' title='bbox 2754 891 2952 949; x_wconf 89' lang='lat' dir='ltr'><strong>fuerint</strong></span> <span class='ocrx_word' id='word_1_299' title='bbox 2979 902 3294 958; x_wconf 89' lang='lat' dir='ltr'><strong>constituta.</strong></span> <span class='ocrx_word' id='word_1_300' title='bbox 3313 903 3380 958; x_wconf 89' lang='lat' dir='ltr'><strong>Et</strong></span> <span class='ocrx_word' id='word_1_301' title='bbox 3407 908 3532 976; x_wconf 89' lang='lat' dir='ltr'><strong>quia</strong></span> <span class='ocrx_word' id='word_1_302' title='bbox 3700 920 3790 967; x_wconf 85' lang='lat' dir='ltr'><strong>est</strong></span> 
     </span>
    </p>
   </div>
   <div class='ocr_carea' id='block_1_41' title="bbox 2199 973 3791 1065">
    <p class='ocr_par' dir='ltr' id='par_1_41' title="bbox 2199 973 3791 1065">
     <span class='ocr_line' id='line_1_41' title="bbox 2199 973 3791 1065; baseline 0.021 -40"><span class='ocrx_word' id='word_1_303' title='bbox 2199 973 2354 1065; x_wconf 88' lang='lat' dir='ltr'><strong>nobis</strong></span> <span class='ocrx_word' id='word_1_304' title='bbox 2375 974 2443 1029; x_wconf 92' lang='lat' dir='ltr'><strong>de</strong></span> <span class='ocrx_word' id='word_1_305' title='bbox 2469 976 2775 1046; x_wconf 87' lang='lat' dir='ltr'><strong>bujusmodi</strong></span> <span class='ocrx_word' id='word_1_306' title='bbox 2802 989 3236 1055; x_wconf 89' lang='lat' dir='ltr'><strong>usurpationibus</strong></span> <span class='ocrx_word' id='word_1_307' title='bbox 3266 973 3641 1064; x_wconf 60' lang='lat' dir='ltr'><strong>negliéeudum</strong></span> <span class='ocrx_word' id='word_1_308' title='bbox 3668 1042 3685 1065; x_wconf 92' lang='lat'><strong>,</strong></span> <span class='ocrx_word' id='word_1_309' title='bbox 3715 1017 3791 1059; x_wconf 77' lang='lat' dir='ltr'><strong>ne</strong></span> 
     </span>
    </p>
   </div>
   <div class='ocr_carea' id='block_1_42' title="bbox 2196 1064 3791 1159">
    <p class='ocr_par' dir='ltr' id='par_1_42' title="bbox 2196 1064 3791 1159">
     <span class='ocr_line' id='line_1_42' title="bbox 2196 1064 3791 1159; baseline 0.021 -44"><span class='ocrx_word' id='word_1_310' title='bbox 2196 1077 2295 1117; x_wconf 91' lang='lat' dir='ltr'><strong>nos</strong></span> <span class='ocrx_word' id='word_1_311' title='bbox 2336 1064 2665 1134; x_wconf 83' lang='lat' dir='ltr'><strong>indignantis</strong></span> <span class='ocrx_word' id='word_1_312' title='bbox 2695 1070 2907 1129; x_wconf 89' lang='lat' dir='ltr'><strong>Domini</strong></span> <span class='ocrx_word' id='word_1_313' title='bbox 2957 1093 3060 1132; x_wconf 77' lang='lat' dir='ltr'><strong>vox</strong></span> <span class='ocrx_word' id='word_1_314' title='bbox 3082 1078 3227 1148; x_wconf 90' lang='lat' dir='ltr'><strong>justa</strong></span> <span class='ocrx_word' id='word_1_315' title='bbox 3252 1085 3531 1156; x_wconf 87' lang='lat' dir='ltr'><strong>corripiat,</strong></span> <span class='ocrx_word' id='word_1_316' title='bbox 3559 1064 3679 1159; x_wconf 61' lang='lat' dir='ltr'><strong>quae</strong></span> <span class='ocrx_word' id='word_1_317' title='bbox 3703 1092 3791 1148; x_wconf 86' lang='lat' dir='ltr'><strong>di-</strong></span> 
     </span>
    </p>
   </div>
   <div class='ocr_carea' id='block_1_43' title="bbox 2198 1152 3789 1250">
    <p class='ocr_par' dir='ltr' id='par_1_43' title="bbox 2198 1152 3789 1250">
     <span class='ocr_line' id='line_1_43' title="bbox 2198 1152 3789 1250; baseline 0.021 -46"><span class='ocrx_word' id='word_1_318' title='bbox 2198 1152 2272 1206; x_wconf 90' lang='lat' dir='ltr'><strong>cit</strong></span> <span class='ocrx_word' id='word_1_319' title='bbox 2305 1172 2316 1206; x_wconf 90' lang='lat'><strong>:</strong></span> <span class='ocrx_word' id='word_1_320' title='bbox 2359 1155 2578 1213; x_wconf 68' lang='lat' dir='ltr'><strong>Videbo:</strong></span> <span class='ocrx_word' id='word_1_321' title='bbox 2609 1163 2794 1231; x_wconf 76' lang='lat' dir='ltr'><strong>furem,</strong></span> <span class='ocrx_word' id='word_1_322' title='bbox 2839 1175 2887 1218; x_wconf 88' lang='lat' dir='ltr'><strong>et</strong></span> <span class='ocrx_word' id='word_1_323' title='bbox 2912 1168 3153 1223; x_wconf 81' lang='lat' dir='ltr'><strong>currebas</strong></span> <span class='ocrx_word' id='word_1_324' title='bbox 3182 1189 3297 1227; x_wconf 86' lang='lat' dir='ltr'><strong>cum</strong></span> <span class='ocrx_word' id='word_1_325' title='bbox 3330 1152 3429 1241; x_wconf 48' lang='lat' dir='ltr'><strong>eo,</strong></span> <span class='ocrx_word' id='word_1_326' title='bbox 3481 1152 3529 1231; x_wconf 84' lang='lat' dir='ltr'><strong>et</strong></span> <span class='ocrx_word' id='word_1_327' title='bbox 3557 1152 3789 1250; x_wconf 63' lang='lat' dir='ltr'><strong>ponebas</strong></span> 
     </span>
    </p>
   </div>
   <div class='ocr_carea' id='block_1_44' title="bbox 2199 1253 3791 1341">
    <p class='ocr_par' dir='ltr' id='par_1_44' title="bbox 2199 1253 3791 1341">
     <span class='ocr_line' id='line_1_44' title="bbox 2199 1253 3791 1341; baseline 0.021 -45"><span class='ocrx_word' id='word_1_328' title='bbox 2199 1253 2337 1299; x_wconf 86' lang='lat' dir='ltr'><strong>tuam</strong></span> <span class='ocrx_word' id='word_1_329' title='bbox 2360 1264 2472 1302; x_wconf 83' lang='lat' dir='ltr'><strong>cum</strong></span> <span class='ocrx_word' id='word_1_330' title='bbox 2492 1253 2740 1309; x_wconf 78' lang='lat' dir='ltr'><strong>adulteris</strong></span> <span class='ocrx_word' id='word_1_331' title='bbox 2762 1260 3047 1325; x_wconf 82' lang='lat' dir='ltr'><strong>portionem</strong></span> <span class='ocrx_word' id='word_1_332' title='bbox 3068 1261 3294 1332; x_wconf 79' lang='lat' dir='ltr'><strong>(Psalm.</strong></span> <span class='ocrx_word' id='word_1_333' title='bbox 3326 1269 3475 1340; x_wconf 80' lang='lat' dir='ltr'><strong>xux)</strong></span> <span class='ocrx_word' id='word_1_334' title='bbox 3501 1312 3519 1339; x_wconf 87' lang='lat'><strong>,</strong></span> <span class='ocrx_word' id='word_1_335' title='bbox 3558 1273 3687 1341; x_wconf 85' lang='lat' dir='ltr'><strong>quid</strong></span> <span class='ocrx_word' id='word_1_336' title='bbox 3715 1274 3791 1329; x_wconf 76' lang='lat' dir='ltr'><strong>ab</strong></span> 
     </span>
    </p>
   </div>
   <div class='ocr_carea' id='block_1_45' title="bbox 2197 1334 3787 1435">
    <p class='ocr_par' dir='ltr' id='par_1_45' title="bbox 2197 1334 3787 1435">
     <span class='ocr_line' id='line_1_45' title="bbox 2197 1334 3787 1435; baseline 0.022 -48"><span class='ocrx_word' id='word_1_337' title='bbox 2197 1334 2459 1394; x_wconf 89' lang='lat' dir='ltr'><strong>universis</strong></span> <span class='ocrx_word' id='word_1_338' title='bbox 2506 1344 2747 1411; x_wconf 65' lang='lat' dir='ltr'><strong>posthaec</strong></span> <span class='ocrx_word' id='word_1_339' title='bbox 2798 1346 3057 1405; x_wconf 83' lang='lat' dir='ltr'><strong>Ecclesiis</strong></span> <span class='ocrx_word' id='word_1_340' title='bbox 3113 1334 3595 1429; x_wconf 36' lang='lat' dir='ltr'><strong>sequendum&#39;sit,</strong></span> <span class='ocrx_word' id='word_1_341' title='bbox 3655 1365 3787 1435; x_wconf 86' lang='lat' dir='ltr'><strong>quid</strong></span> 
     </span>
    </p>
   </div>
   <div class='ocr_carea' id='block_1_46' title="bbox 2196 1428 3622 1509">
    <p class='ocr_par' dir='ltr' id='par_1_46' title="bbox 2196 1428 3622 1509">
     <span class='ocr_line' id='line_1_46' title="bbox 2196 1428 3622 1509; baseline 0.02 -29"><span class='ocrx_word' id='word_1_342' title='bbox 2196 1428 2494 1497; x_wconf 86' lang='lat' dir='ltr'><strong>vitandum,</strong></span> <span class='ocrx_word' id='word_1_343' title='bbox 2526 1437 2765 1502; x_wconf 87' lang='lat' dir='ltr'><strong>generali</strong></span> <span class='ocrx_word' id='word_1_344' title='bbox 2796 1444 3234 1509; x_wconf 89' lang='lat' dir='ltr'><strong>pronuntiatione</strong></span> <span class='ocrx_word' id='word_1_345' title='bbox 3259 1449 3622 1509; x_wconf 87' lang='lat' dir='ltr'><strong>decernimus.</strong></span> 
     </span>
    </p>
   </div>
   <div class='ocr_carea' id='block_1_47' title="bbox 2575 1547 3407 1616">
    <p class='ocr_par' dir='ltr' id='par_1_47' title="bbox 2575 1547 3407 1616">
     <span class='ocr_line' id='line_1_47' title="bbox 2575 1547 3407 1616; baseline 0.019 -16"><span class='ocrx_word' id='word_1_346' title='bbox 2575 1547 2655 1602; x_wconf 87' lang='lat' dir='ltr'><strong>De</strong></span> <span class='ocrx_word' id='word_1_347' title='bbox 2675 1550 2977 1608; x_wconf 85' lang='lat' dir='ltr'><strong>clericorum</strong></span> <span class='ocrx_word' id='word_1_348' title='bbox 3008 1560 3407 1616; x_wconf 74' lang='lat' dir='ltr'><strong>conversatione.</strong></span> 
     </span>
    </p>
   </div>
   <div class='ocr_carea' id='block_1_48' title="bbox 2267 1632 3783 1728">
    <p class='ocr_par' dir='ltr' id='par_1_48' title="bbox 2267 1632 3783 1728">
     <span class='ocr_line' id='line_1_48' title="bbox 2267 1632 3783 1728; baseline 0.019 -42"><span class='ocrx_word' id='word_1_349' title='bbox 2267 1632 2358 1689; x_wconf 84' lang='lat' dir='ltr'><strong>lX.</strong></span> <span class='ocrx_word' id='word_1_350' title='bbox 2392 1635 2713 1709; x_wconf 89' lang='lat' dir='ltr'><strong>Quicunque</strong></span> <span class='ocrx_word' id='word_1_351' title='bbox 2739 1641 2922 1712; x_wconf 89' lang='lat' dir='ltr'><strong>itaque</strong></span> <span class='ocrx_word' id='word_1_352' title='bbox 2948 1661 3006 1701; x_wconf 90' lang='lat' dir='ltr'><strong>se</strong></span> <span class='ocrx_word' id='word_1_353' title='bbox 3027 1646 3283 1706; x_wconf 76' lang='lat' dir='ltr'><strong>Ecclesia:</strong></span> <span class='ocrx_word' id='word_1_354' title='bbox 3312 1656 3460 1708; x_wconf 87' lang='lat' dir='ltr'><strong>vovit</strong></span> <span class='ocrx_word' id='word_1_355' title='bbox 3488 1656 3783 1728; x_wconf 81' lang='lat' dir='ltr'><strong>obsequiis,</strong></span> 
     </span>
    </p>
   </div>
   <div class='ocr_carea' id='block_1_49' title="bbox 2198 1729 3782 1819">
    <p class='ocr_par' dir='ltr' id='par_1_49' title="bbox 2198 1729 3782 1819">
     <span class='ocr_line' id='line_1_49' title="bbox 2198 1729 3782 1819; baseline 0.017 -40"><span class='ocrx_word' id='word_1_356' title='bbox 2198 1742 2228 1780; x_wconf 90' lang='lat' dir='ltr'><strong>a</strong></span> <span class='ocrx_word' id='word_1_357' title='bbox 2258 1742 2354 1781; x_wconf 89' lang='lat' dir='ltr'><strong>sua</strong></span> <span class='ocrx_word' id='word_1_358' title='bbox 2403 1729 2622 1786; x_wconf 82' lang='lat' dir='ltr'><strong>infantia</strong></span> <span class='ocrx_word' id='word_1_359' title='bbox 2664 1742 2790 1789; x_wconf 87' lang='lat' dir='ltr'><strong>ante</strong></span> <span class='ocrx_word' id='word_1_360' title='bbox 2835 1739 3134 1806; x_wconf 87' lang='lat' dir='ltr'><strong>pubertatis</strong></span> <span class='ocrx_word' id='word_1_361' title='bbox 3173 1759 3345 1800; x_wconf 91' lang='lat' dir='ltr'><strong>annos</strong></span> <span class='ocrx_word' id='word_1_362' title='bbox 3387 1747 3685 1819; x_wconf 82' lang='lat' dir='ltr'><strong>baptizari,</strong></span> <span class='ocrx_word' id='word_1_363' title='bbox 3728 1761 3782 1806; x_wconf 87' lang='lat' dir='ltr'><strong>et</strong></span> 
     </span>
    </p>
   </div>
   <div class='ocr_carea' id='block_1_50' title="bbox 2072 1813 3786 1907">
    <p class='ocr_par' dir='ltr' id='par_1_50' title="bbox 2072 1813 3786 1907">
     <span class='ocr_line' id='line_1_50' title="bbox 2072 1813 3786 1907; baseline 0.018 -38"><span class='ocrx_word' id='word_1_364' title='bbox 2072 1822 2087 1846; x_wconf 88' lang='lat'><strong>’</strong></span> <span class='ocrx_word' id='word_1_365' title='bbox 2126 1813 2171 1870; x_wconf 84' lang='grc' dir='ltr'><strong><em>Β</em></strong></span> <span class='ocrx_word' id='word_1_366' title='bbox 2197 1817 2459 1874; x_wconf 88' lang='lat' dir='ltr'><strong>lectorum</strong></span> <span class='ocrx_word' id='word_1_367' title='bbox 2504 1822 2666 1878; x_wconf 84' lang='lat' dir='ltr'><strong>debet</strong></span> <span class='ocrx_word' id='word_1_368' title='bbox 2710 1820 3012 1884; x_wconf 89' lang='lat' dir='ltr'><strong>ministerio</strong></span> <span class='ocrx_word' id='word_1_369' title='bbox 3050 1832 3266 1901; x_wconf 86' lang='lat' dir='ltr'><strong>sociari,</strong></span> <span class='ocrx_word' id='word_1_370' title='bbox 3324 1840 3413 1907; x_wconf 90' lang='lat' dir='ltr'><strong>qui</strong></span> <span class='ocrx_word' id='word_1_371' title='bbox 3459 1813 3532 1895; x_wconf 76' lang='lat' dir='ltr'><strong>ab</strong></span> <span class='ocrx_word' id='word_1_372' title='bbox 3561 1813 3786 1898; x_wconf 83' lang='lat' dir='ltr'><strong>accessu</strong></span> 
     </span>
    </p>
   </div>
   <div class='ocr_carea' id='block_1_51' title="bbox 2199 1908 3781 1998">
    <p class='ocr_par' dir='ltr' id='par_1_51' title="bbox 2199 1908 3781 1998">
     <span class='ocr_line' id='line_1_51' title="bbox 2199 1908 3781 1998; baseline 0.018 -38"><span class='ocrx_word' id='word_1_373' title='bbox 2199 1908 2576 1968; x_wconf 73' lang='lat' dir='ltr'><strong>adolescentite</strong></span> <span class='ocrx_word' id='word_1_374' title='bbox 2609 1929 2775 1984; x_wconf 90' lang='lat' dir='ltr'><strong>usque</strong></span> <span class='ocrx_word' id='word_1_375' title='bbox 2803 1918 2869 1972; x_wconf 87' lang='lat' dir='ltr'><strong>ad</strong></span> <span class='ocrx_word' id='word_1_376' title='bbox 2916 1921 3242 1979; x_wconf 89' lang='lat' dir='ltr'><strong>tricesimum</strong></span> <span class='ocrx_word' id='word_1_377' title='bbox 3272 1932 3447 1984; x_wconf 83' lang='lat' dir='ltr'><strong>aetatis</strong></span> <span class='ocrx_word' id='word_1_378' title='bbox 3472 1946 3667 1985; x_wconf 89' lang='lat' dir='ltr'><strong>annum</strong></span> <span class='ocrx_word' id='word_1_379' title='bbox 3693 1973 3709 1998; x_wconf 92' lang='lat'><strong>,</strong></span> <span class='ocrx_word' id='word_1_380' title='bbox 3737 1935 3781 1991; x_wconf 88' lang='lat' dir='ltr'><strong>si</strong></span> 
     </span>
    </p>
   </div>
   <div class='ocr_carea' id='block_1_52' title="bbox 2197 2000 3777 2091">
    <p class='ocr_par' dir='ltr' id='par_1_52' title="bbox 2197 2000 3777 2091">
     <span class='ocr_line' id='line_1_52' title="bbox 2197 2000 3777 2091; baseline 0.016 -38"><span class='ocrx_word' id='word_1_381' title='bbox 2197 2000 2547 2068; x_wconf 88' lang='lat' dir='ltr'><strong>probabiliter</strong></span> <span class='ocrx_word' id='word_1_382' title='bbox 2569 2006 2800 2075; x_wconf 81' lang='lat' dir='ltr'><strong>vixerit,</strong></span> <span class='ocrx_word' id='word_1_383' title='bbox 2836 2026 2941 2064; x_wconf 88' lang='lat' dir='ltr'><strong>una</strong></span> <span class='ocrx_word' id='word_1_384' title='bbox 2971 2021 3202 2082; x_wconf 88' lang='lat' dir='ltr'><strong>tantum,</strong></span> <span class='ocrx_word' id='word_1_385' title='bbox 3232 2026 3286 2071; x_wconf 92' lang='lat' dir='ltr'><strong>et</strong></span> <span class='ocrx_word' id='word_1_386' title='bbox 3316 2034 3378 2073; x_wconf 93' lang='lat' dir='ltr'><strong>ea</strong></span> <span class='ocrx_word' id='word_1_387' title='bbox 3421 2036 3583 2090; x_wconf 89' lang='lat' dir='ltr'><strong>quam</strong></span> <span class='ocrx_word' id='word_1_388' title='bbox 3614 2024 3777 2091; x_wconf 83' lang='lat' dir='ltr'><strong>virgi-</strong></span> 
     </span>
    </p>
   </div>
   <div class='ocr_carea' id='block_1_53' title="bbox 2200 2100 3782 2186">
    <p class='ocr_par' dir='ltr' id='par_1_53' title="bbox 2200 2100 3782 2186">
     <span class='ocr_line' id='line_1_53' title="bbox 2200 2100 3782 2186; baseline 0.015 -38"><span class='ocrx_word' id='word_1_389' title='bbox 2200 2108 2320 2148; x_wconf 85' lang='lat' dir='ltr'><strong>nem</strong></span> <span class='ocrx_word' id='word_1_390' title='bbox 2349 2100 2619 2152; x_wconf 91' lang='lat' dir='ltr'><strong>communi</strong></span> <span class='ocrx_word' id='word_1_391' title='bbox 2644 2115 2739 2171; x_wconf 88' lang='lat' dir='ltr'><strong>per</strong></span> <span class='ocrx_word' id='word_1_392' title='bbox 2767 2104 3101 2160; x_wconf 90' lang='lat' dir='ltr'><strong>sacerdotem</strong></span> <span class='ocrx_word' id='word_1_393' title='bbox 3132 2108 3505 2167; x_wconf 86' lang='lat' dir='ltr'><strong>benedictione</strong></span> <span class='ocrx_word' id='word_1_394' title='bbox 3532 2130 3782 2186; x_wconf 69' lang='lat' dir='ltr'><strong>percepe~</strong></span> 
     </span>
    </p>
   </div>
   <div class='ocr_carea' id='block_1_54' title="bbox 2197 2184 3780 2266">
    <p class='ocr_par' dir='ltr' id='par_1_54' title="bbox 2197 2184 3780 2266">
     <span class='ocr_line' id='line_1_54' title="bbox 2197 2184 3780 2266; baseline 0.016 -30"><span class='ocrx_word' id='word_1_395' title='bbox 2197 2184 2287 2251; x_wconf 90' lang='lat' dir='ltr'><strong>rit,</strong></span> <span class='ocrx_word' id='word_1_396' title='bbox 2319 2200 2487 2241; x_wconf 83' lang='lat' dir='ltr'><strong>uxore</strong></span> <span class='ocrx_word' id='word_1_397' title='bbox 2517 2198 2837 2260; x_wconf 88' lang='lat' dir='ltr'><strong>contentus,</strong></span> <span class='ocrx_word' id='word_1_398' title='bbox 2868 2195 3147 2266; x_wconf 80' lang='lat' dir='ltr'><strong>acolythus</strong></span> <span class='ocrx_word' id='word_1_399' title='bbox 3174 2202 3229 2253; x_wconf 83' lang='lat' dir='ltr'><strong>et</strong></span> <span class='ocrx_word' id='word_1_400' title='bbox 3256 2201 3617 2260; x_wconf 88' lang='lat' dir='ltr'><strong>subdiaconus</strong></span> <span class='ocrx_word' id='word_1_401' title='bbox 3660 2184 3780 2263; x_wconf 81' lang='lat' dir='ltr'><strong>esse</strong></span> 
     </span>
    </p>
   </div>
   <div class='ocr_carea' id='block_1_55' title="bbox 2196 2273 3778 2368">
    <p class='ocr_par' dir='ltr' id='par_1_55' title="bbox 2196 2273 3778 2368">
     <span class='ocr_line' id='line_1_55' title="bbox 2196 2273 3778 2368; baseline 0.017 -40"><span class='ocrx_word' id='word_1_402' title='bbox 2196 2273 2431 2343; x_wconf 88' lang='lat' dir='ltr'><strong>debebit,</strong></span> <span class='ocrx_word' id='word_1_403' title='bbox 2486 2289 2606 2349; x_wconf 89' lang='lat' dir='ltr'><strong>post</strong></span> <span class='ocrx_word' id='word_1_404' title='bbox 2634 2297 2755 2351; x_wconf 81' lang='lat' dir='ltr'><strong>quae</strong></span> <span class='ocrx_word' id='word_1_405' title='bbox 2781 2284 2847 2339; x_wconf 91' lang='lat' dir='ltr'><strong>ad</strong></span> <span class='ocrx_word' id='word_1_406' title='bbox 2892 2287 3121 2344; x_wconf 89' lang='lat' dir='ltr'><strong>diaconii</strong></span> <span class='ocrx_word' id='word_1_407' title='bbox 3151 2291 3393 2359; x_wconf 88' lang='lat' dir='ltr'><strong>gradum,</strong></span> <span class='ocrx_word' id='word_1_408' title='bbox 3444 2296 3488 2350; x_wconf 91' lang='lat' dir='ltr'><strong>si</strong></span> <span class='ocrx_word' id='word_1_409' title='bbox 3529 2312 3587 2352; x_wconf 90' lang='lat' dir='ltr'><strong>se</strong></span> <span class='ocrx_word' id='word_1_410' title='bbox 3644 2300 3778 2368; x_wconf 87' lang='lat' dir='ltr'><strong>ipse,</strong></span> 
     </span>
    </p>
   </div>
   <div class='ocr_carea' id='block_1_56' title="bbox 2194 2368 3778 2456">
    <p class='ocr_par' dir='ltr' id='par_1_56' title="bbox 2194 2368 3778 2456">
     <span class='ocr_line' id='line_1_56' title="bbox 2194 2368 3778 2456; baseline 0.016 -37"><span class='ocrx_word' id='word_1_411' title='bbox 2194 2368 2441 2436; x_wconf 89' lang='lat' dir='ltr'><strong>primitus</strong></span> <span class='ocrx_word' id='word_1_412' title='bbox 2462 2372 2788 2430; x_wconf 88' lang='lat' dir='ltr'><strong>continentia</strong></span> <span class='ocrx_word' id='word_1_413' title='bbox 2816 2389 3111 2447; x_wconf 63' lang='lat' dir='ltr'><strong>praeeunte,</strong></span> <span class='ocrx_word' id='word_1_414' title='bbox 3140 2381 3360 2451; x_wconf 82' lang='lat' dir='ltr'><strong>dignum</strong></span> <span class='ocrx_word' id='word_1_415' title='bbox 3394 2388 3660 2456; x_wconf 90' lang='lat' dir='ltr'><strong>probarit,</strong></span> <span class='ocrx_word' id='word_1_416' title='bbox 3693 2406 3778 2445; x_wconf 73' lang='lat' dir='ltr'><strong>ac~</strong></span> 
     </span>
    </p>
   </div>
   <div class='ocr_carea' id='block_1_57' title="bbox 2194 2464 3775 2544">
    <p class='ocr_par' dir='ltr' id='par_1_57' title="bbox 2194 2464 3775 2544">
     <span class='ocr_line' id='line_1_57' title="bbox 2194 2464 3775 2544; baseline 0.014 -27"><span class='ocrx_word' id='word_1_417' title='bbox 2194 2465 2365 2519; x_wconf 87' lang='lat' dir='ltr'><strong>cedat.</strong></span> <span class='ocrx_word' id='word_1_418' title='bbox 2403 2464 2503 2522; x_wconf 90' lang='lat' dir='ltr'><strong>Ubi</strong></span> <span class='ocrx_word' id='word_1_419' title='bbox 2534 2469 2578 2523; x_wconf 90' lang='lat' dir='ltr'><strong>si</strong></span> <span class='ocrx_word' id='word_1_420' title='bbox 2612 2470 2751 2525; x_wconf 88' lang='lat' dir='ltr'><strong>ultra</strong></span> <span class='ocrx_word' id='word_1_421' title='bbox 2794 2474 3032 2544; x_wconf 89' lang='lat' dir='ltr'><strong>quinque</strong></span> <span class='ocrx_word' id='word_1_422' title='bbox 3078 2492 3248 2534; x_wconf 90' lang='lat' dir='ltr'><strong>annos</strong></span> <span class='ocrx_word' id='word_1_423' title='bbox 3293 2479 3634 2537; x_wconf 88' lang='lat' dir='ltr'><strong>laudabiliter</strong></span> <span class='ocrx_word' id='word_1_424' title='bbox 3673 2486 3775 2538; x_wconf 92' lang='lat' dir='ltr'><strong>mi-</strong></span> 
     </span>
    </p>
   </div>
   <div class='ocr_carea' id='block_1_58' title="bbox 2195 2553 3775 2638">
    <p class='ocr_par' dir='ltr' id='par_1_58' title="bbox 2195 2553 3775 2638">
     <span class='ocr_line' id='line_1_58' title="bbox 2195 2553 3775 2638; baseline 0.013 -31"><span class='ocrx_word' id='word_1_425' title='bbox 2195 2553 2539 2623; x_wconf 83' lang='lat' dir='ltr'><strong>nistraverit,</strong></span> <span class='ocrx_word' id='word_1_426' title='bbox 2593 2573 2829 2627; x_wconf 90' lang='lat' dir='ltr'><strong>congrue</strong></span> <span class='ocrx_word' id='word_1_427' title='bbox 2873 2564 3262 2635; x_wconf 86' lang='lat' dir='ltr'><strong>presbyterium</strong></span> <span class='ocrx_word' id='word_1_428' title='bbox 3318 2580 3695 2638; x_wconf 88' lang='lat' dir='ltr'><strong>consequetur,</strong></span> <span class='ocrx_word' id='word_1_429' title='bbox 3721 2582 3775 2628; x_wconf 88' lang='lat' dir='ltr'><strong>et</strong></span> 
     </span>
    </p>
   </div>
   <div class='ocr_carea' id='block_1_59' title="bbox 2192 2644 3772 2729">
    <p class='ocr_par' dir='ltr' id='par_1_59' title="bbox 2192 2644 3772 2729">
     <span class='ocr_line' id='line_1_59' title="bbox 2192 2644 3772 2729; baseline 0.011 -33"><span class='ocrx_word' id='word_1_430' title='bbox 2192 2644 2384 2698; x_wconf 70' lang='lat' dir='ltr'><strong>exinde</strong></span> <span class='ocrx_word' id='word_1_431' title='bbox 2428 2657 2551 2715; x_wconf 91' lang='lat' dir='ltr'><strong>post</strong></span> <span class='ocrx_word' id='word_1_432' title='bbox 2580 2646 2901 2704; x_wconf 89' lang='lat' dir='ltr'><strong>decennium</strong></span> <span class='ocrx_word' id='word_1_433' title='bbox 2945 2654 3302 2725; x_wconf 88' lang='lat' dir='ltr'><strong>episc0palem</strong></span> <span class='ocrx_word' id='word_1_434' title='bbox 3335 2658 3645 2713; x_wconf 88' lang='lat' dir='ltr'><strong>cathedram</strong></span> <span class='ocrx_word' id='word_1_435' title='bbox 3674 2676 3772 2729; x_wconf 90' lang='lat' dir='ltr'><strong>po-</strong></span> 
     </span>
    </p>
   </div>
   <div class='ocr_carea' id='block_1_60' title="bbox 2193 2733 3773 2818">
    <p class='ocr_par' dir='ltr' id='par_1_60' title="bbox 2193 2733 3773 2818">
     <span class='ocr_line' id='line_1_60' title="bbox 2193 2733 3773 2818; baseline 0.013 -35"><span class='ocrx_word' id='word_1_436' title='bbox 2193 2733 2319 2785; x_wconf 90' lang='lat' dir='ltr'><strong>terit</strong></span> <span class='ocrx_word' id='word_1_437' title='bbox 2348 2733 2569 2803; x_wconf 86' lang='lat' dir='ltr'><strong>adipisci</strong></span> <span class='ocrx_word' id='word_1_438' title='bbox 2605 2754 2617 2788; x_wconf 90' lang='lat'>:</span> <span class='ocrx_word' id='word_1_439' title='bbox 2650 2737 2694 2789; x_wconf 88' lang='lat' dir='ltr'><strong>si</strong></span> <span class='ocrx_word' id='word_1_440' title='bbox 2739 2745 2915 2793; x_wconf 88' lang='lat' dir='ltr'><strong>tamen</strong></span> <span class='ocrx_word' id='word_1_441' title='bbox 2944 2757 3041 2810; x_wconf 85' lang='lat' dir='ltr'><strong>per</strong></span> <span class='ocrx_word' id='word_1_442' title='bbox 3070 2744 3181 2798; x_wconf 71' lang='lat' dir='ltr'><strong>lucc</strong></span> <span class='ocrx_word' id='word_1_443' title='bbox 3230 2753 3471 2816; x_wconf 88' lang='lat' dir='ltr'><strong>tempora</strong></span> <span class='ocrx_word' id='word_1_444' title='bbox 3500 2748 3773 2818; x_wconf 82' lang='lat' dir='ltr'><strong>integritas</strong></span> 
     </span>
    </p>
   </div>
   <div class='ocr_carea' id='block_1_61' title="bbox 2191 2823 3223 2901">
    <p class='ocr_par' dir='ltr' id='par_1_61' title="bbox 2191 2823 3223 2901">
     <span class='ocr_line' id='line_1_61' title="bbox 2191 2823 3223 2901; baseline 0.013 -28"><span class='ocrx_word' id='word_1_445' title='bbox 2191 2823 2309 2875; x_wconf 72' lang='lat' dir='ltr'><strong>vita:</strong></span> <span class='ocrx_word' id='word_1_446' title='bbox 2330 2839 2393 2878; x_wconf 91' lang='lat' dir='ltr'><strong>ac</strong></span> <span class='ocrx_word' id='word_1_447' title='bbox 2421 2823 2542 2878; x_wconf 79' lang='lat' dir='ltr'><strong>ﬁdei</strong></span> <span class='ocrx_word' id='word_1_448' title='bbox 2572 2826 2686 2894; x_wconf 86' lang='lat' dir='ltr'><strong>ejus</strong></span> <span class='ocrx_word' id='word_1_449' title='bbox 2718 2825 2876 2882; x_wconf 89' lang='lat' dir='ltr'><strong>fuerit</strong></span> <span class='ocrx_word' id='word_1_450' title='bbox 2906 2832 3223 2901; x_wconf 80' lang='lat' dir='ltr'><strong>approbata.</strong></span> 
     </span>
    </p>
   </div>
   <div class='ocr_carea' id='block_1_62' title="bbox 2779 2939 3196 3011">
    <p class='ocr_par' dir='ltr' id='par_1_62' title="bbox 2779 2939 3196 3011">
     <span class='ocr_line' id='line_1_62' title="bbox 2779 2939 3196 3011; baseline 0.007 -18"><span class='ocrx_word' id='word_1_451' title='bbox 2779 2939 2858 2994; x_wconf 87' lang='lat' dir='ltr'><strong>De</strong></span> <span class='ocrx_word' id='word_1_452' title='bbox 2886 2944 3196 3011; x_wconf 61' lang='lat' dir='ltr'><strong>grandaevis.</strong></span> 
     </span>
    </p>
   </div>
   <div class='ocr_carea' id='block_1_63' title="bbox 2265 3026 3767 3107">
    <p class='ocr_par' dir='ltr' id='par_1_63' title="bbox 2265 3026 3767 3107">
     <span class='ocr_line' id='line_1_63' title="bbox 2265 3026 3767 3107; baseline 0.007 -26"><span class='ocrx_word' id='word_1_453' title='bbox 2265 3026 2331 3081; x_wconf 82' lang='lat' dir='ltr'><strong>X.</strong></span> <span class='ocrx_word' id='word_1_454' title='bbox 2349 3027 2590 3094; x_wconf 89' lang='lat' dir='ltr'><strong>Quivero</strong></span> <span class='ocrx_word' id='word_1_455' title='bbox 2611 3030 2720 3102; x_wconf 92' lang='lat' dir='ltr'><strong>jam</strong></span> <span class='ocrx_word' id='word_1_456' title='bbox 2748 3040 2908 3087; x_wconf 66' lang='lat' dir='ltr'><strong>aetate</strong></span> <span class='ocrx_word' id='word_1_457' title='bbox 2922 3033 3236 3101; x_wconf 61' lang='lat' dir='ltr'><strong>grandtevus</strong></span> <span class='ocrx_word' id='word_1_458' title='bbox 3264 3035 3497 3090; x_wconf 85' lang='lat' dir='ltr'><strong>melioris</strong></span> <span class='ocrx_word' id='word_1_459' title='bbox 3509 3037 3767 3107; x_wconf 87' lang='lat' dir='ltr'><strong>propositi</strong></span> 
     </span>
    </p>
   </div>
   <div class='ocr_carea' id='block_1_64' title="bbox 2192 3121 3769 3192">
    <p class='ocr_par' dir='ltr' id='par_1_64' title="bbox 2192 3121 3769 3192">
     <span class='ocr_line' id='line_1_64' title="bbox 2192 3121 3769 3192; baseline 0.006 -21"><span class='ocrx_word' id='word_1_460' title='bbox 2192 3121 2601 3176; x_wconf 82' lang='lat' dir='ltr'><strong>conversatione</strong></span> <span class='ocrx_word' id='word_1_461' title='bbox 2648 3131 2970 3192; x_wconf 87' lang='lat' dir='ltr'><strong>provocatus</strong></span> <span class='ocrx_word' id='word_1_462' title='bbox 3000 3139 3065 3178; x_wconf 82' lang='lat' dir='ltr'><strong>ex</strong></span> <span class='ocrx_word' id='word_1_463' title='bbox 3108 3125 3248 3179; x_wconf 89' lang='lat' dir='ltr'><strong>laico</strong></span> <span class='ocrx_word' id='word_1_464' title='bbox 3276 3125 3340 3179; x_wconf 89' lang='lat' dir='ltr'><strong>ad</strong></span> <span class='ocrx_word' id='word_1_465' title='bbox 3386 3142 3593 3181; x_wconf 89' lang='lat' dir='ltr'><strong>sacram</strong></span> <span class='ocrx_word' id='word_1_466' title='bbox 3635 3128 3769 3183; x_wconf 88' lang='lat' dir='ltr'><strong>mili-</strong></span> 
     </span>
    </p>
   </div>
   <div class='ocr_carea' id='block_1_65' title="bbox 500 3180 3811 3306">
    <p class='ocr_par' dir='ltr' id='par_1_65' title="bbox 500 3180 3811 3306">
     <span class='ocr_line' id='line_1_65' title="bbox 542 3180 3343 3231; baseline 0.014 -38"><span class='ocrx_word' id='word_1_467' title='bbox 694 3180 911 3185; x_wconf 62' lang='grc' dir='ltr'><strong>--ντ--ηη</strong></span> <span class='ocrx_word' id='word_1_468' title='bbox 959 3180 1067 3187; x_wconf 74' lang='grc' dir='ltr'><strong>--ν--</strong></span> <span class='ocrx_word' id='word_1_469' title='bbox 1099 3180 1421 3203; x_wconf 62' lang='grc' dir='ltr'><strong>--νυω-ωυυν</strong></span> <span class='ocrx_word' id='word_1_470' title='bbox 1456 3180 1511 3192; x_wconf 68' lang='grc' dir='ltr'><strong>ν’</strong></span> <span class='ocrx_word' id='word_1_471' title='bbox 1554 3180 1668 3195; x_wconf 67' lang='grc' dir='ltr'>ιη’-υ</span> <span class='ocrx_word' id='word_1_472' title='bbox 1716 3180 1821 3197; x_wconf 76' lang='grc' dir='ltr'>υιιυ</span> <span class='ocrx_word' id='word_1_473' title='bbox 1866 3180 2087 3199; x_wconf 71' lang='grc' dir='ltr'><strong>⁸⁸υ¹⁸υ¹¹ο</strong></span> <span class='ocrx_word' id='word_1_474' title='bbox 2216 3209 2225 3219; x_wconf 90' lang='grc'><strong>.</strong></span> <span class='ocrx_word' id='word_1_475' title='bbox 2556 3216 2565 3224; x_wconf 92' lang='grc'><em>,</em></span> <span class='ocrx_word' id='word_1_476' title='bbox 2648 3180 2661 3192; x_wconf 88' lang='grc'><em>’</em></span> <span class='ocrx_word' id='word_1_477' title='bbox 2768 3217 2779 3227; x_wconf 86' lang='grc'><strong>.</strong></span> <span class='ocrx_word' id='word_1_478' title='bbox 3066 3217 3078 3229; x_wconf 89' lang='grc'><strong>.</strong></span> <span class='ocrx_word' id='word_1_479' title='bbox 3182 3217 3212 3229; x_wconf 85' lang='grc'><strong>..</strong></span> <span class='ocrx_word' id='word_1_480' title='bbox 3333 3220 3343 3231; x_wconf 93' lang='grc'>.</span> 
     </span>
     <span class='ocr_line' id='line_1_66' title="bbox 500 3180 3811 3306; baseline 0.013 -34"><span class='ocrx_word' id='word_1_481' title='bbox 500 3231 787 3287; x_wconf 83' lang='lat' dir='ltr'><strong>augmento</strong></span> <span class='ocrx_word' id='word_1_482' title='bbox 816 3224 869 3276; x_wconf 92' lang='lat' dir='ltr'><strong>in</strong></span> <span class='ocrx_word' id='word_1_483' title='bbox 896 3225 1001 3279; x_wconf 91' lang='lat' dir='ltr'><strong>hoc</strong></span> <span class='ocrx_word' id='word_1_484' title='bbox 1029 3241 1139 3293; x_wconf 93' lang='lat' dir='ltr'><strong>quo</strong></span> <span class='ocrx_word' id='word_1_485' title='bbox 1168 3227 1366 3283; x_wconf 89' lang='lat' dir='ltr'><strong>detecti</strong></span> <span class='ocrx_word' id='word_1_486' title='bbox 1396 3226 1537 3296; x_wconf 87' lang='lat' dir='ltr'><strong>sunt,</strong></span> <span class='ocrx_word' id='word_1_487' title='bbox 1573 3235 1811 3302; x_wconf 90' lang='lat' dir='ltr'><strong>quandiu</strong></span> <span class='ocrx_word' id='word_1_488' title='bbox 1833 3237 2081 3306; x_wconf 84' lang='lat' dir='ltr'><strong>vixerint,</strong></span> <span class='ocrx_word' id='word_1_489' title='bbox 2116 3180 2158 3240; x_wconf 78' lang='lat' dir='ltr'><strong>C</strong></span> <span class='ocrx_word' id='word_1_490' title='bbox 2191 3217 2316 3306; x_wconf 48' lang='lat' dir='ltr'><strong>&quot;3m</strong></span> <span class='ocrx_word' id='word_1_491' title='bbox 2349 3228 2632 3306; x_wconf 57' lang='lat' dir='ltr'><strong>P¢&#39;_&quot;‘?&quot;&quot;F’&lt;</strong></span> <span class='ocrx_word' id='word_1_492' title='bbox 2661 3215 2898 3281; x_wconf 58' lang='lat' dir='ltr'><strong>regum&quot;</strong></span> <span class='ocrx_word' id='word_1_493' title='bbox 2966 3217 3214 3272; x_wconf 63' lang='lat' dir='ltr'><strong>des&#39;dem</strong></span> <span class='ocrx_word' id='word_1_494' title='bbox 3263 3236 3345 3275; x_wconf 62' lang='lat' dir='ltr'><strong>sul</strong></span> <span class='ocrx_word' id='word_1_495' title='bbox 3396 3220 3624 3276; x_wconf 46' lang='lat' dir='ltr'><strong>fructum</strong></span> <span class='ocrx_word' id='word_1_496' title='bbox 3661 3238 3768 3277; x_wconf 65' lang='lat' dir='ltr'><strong>non</strong></span> <span class='ocrx_word' id='word_1_497' title='bbox 3806 3268 3811 3275; x_wconf 83' lang='lat'><strong>&#39;</strong></span> 
     </span>
    </p>
   </div>
   <div class='ocr_carea' id='block_1_66' title="bbox 499 3307 2086 3392">
    <p class='ocr_par' dir='ltr' id='par_1_66' title="bbox 499 3307 2086 3392">
     <span class='ocr_line' id='line_1_67' title="bbox 499 3307 2086 3392; baseline 0.015 -30"><span class='ocrx_word' id='word_1_498' title='bbox 499 3307 678 3365; x_wconf 76' lang='lat' dir='ltr'><strong>ofticio</strong></span> <span class='ocrx_word' id='word_1_499' title='bbox 719 3325 1101 3380; x_wconf 87' lang='lat' dir='ltr'><strong>perseverent,</strong></span> <span class='ocrx_word' id='word_1_500' title='bbox 1146 3320 1190 3371; x_wconf 90' lang='lat' dir='ltr'><strong>si</strong></span> <span class='ocrx_word' id='word_1_501' title='bbox 1238 3327 1415 3376; x_wconf 89' lang='lat' dir='ltr'><strong>tamen</strong></span> <span class='ocrx_word' id='word_1_502' title='bbox 1458 3326 1694 3392; x_wconf 71' lang='lat' dir='ltr'><strong>posthzec</strong></span> <span class='ocrx_word' id='word_1_503' title='bbox 1749 3329 2086 3386; x_wconf 69' lang='lat' dir='ltr'><strong>iontinentes</strong></span> 
     </span>
    </p>
   </div>
   <div class='ocr_carea' id='block_1_67' title="bbox 500 3403 2084 3490">
    <p class='ocr_par' dir='ltr' id='par_1_67' title="bbox 500 3403 2084 3490">
     <span class='ocr_line' id='line_1_68' title="bbox 500 3403 2084 3490; baseline 0.013 -35"><span class='ocrx_word' id='word_1_504' title='bbox 500 3416 559 3455; x_wconf 84' lang='lat' dir='ltr'><strong>se</strong></span> <span class='ocrx_word' id='word_1_505' title='bbox 584 3403 886 3459; x_wconf 88' lang='lat' dir='ltr'><strong>studueriut</strong></span> <span class='ocrx_word' id='word_1_506' title='bbox 916 3406 1193 3465; x_wconf 83' lang='lat' dir='ltr'><strong>exhibere.</strong></span> <span class='ocrx_word' id='word_1_507' title='bbox 1218 3412 1282 3466; x_wconf 89' lang='lat' dir='ltr'><strong>Hi</strong></span> <span class='ocrx_word' id='word_1_508' title='bbox 1315 3430 1442 3470; x_wconf 89' lang='lat' dir='ltr'><strong>vero</strong></span> <span class='ocrx_word' id='word_1_509' title='bbox 1470 3416 1569 3486; x_wconf 86' lang='lat' dir='ltr'><strong>qui</strong></span> <span class='ocrx_word' id='word_1_510' title='bbox 1598 3418 1769 3473; x_wconf 88' lang='lat' dir='ltr'><strong>illiciti</strong></span> <span class='ocrx_word' id='word_1_511' title='bbox 1822 3420 2084 3490; x_wconf 84' lang='lat' dir='ltr'><strong>privilegii</strong></span> 
     </span>
    </p>
   </div>
   <div class='ocr_carea' id='block_1_68' title="bbox 499 3494 2083 3580">
    <p class='ocr_par' dir='ltr' id='par_1_68' title="bbox 499 3494 2083 3580">
     <span class='ocr_line' id='line_1_69' title="bbox 499 3494 2083 3580; baseline 0.013 -34"><span class='ocrx_word' id='word_1_512' title='bbox 499 3494 846 3550; x_wconf 83' lang='lat' dir='ltr'><strong>excusatione</strong></span> <span class='ocrx_word' id='word_1_513' title='bbox 868 3497 1137 3567; x_wconf 85' lang='lat' dir='ltr'><strong>nituntur,</strong></span> <span class='ocrx_word' id='word_1_514' title='bbox 1167 3511 1221 3556; x_wconf 92' lang='lat' dir='ltr'><strong>et</strong></span> <span class='ocrx_word' id='word_1_515' title='bbox 1249 3504 1347 3559; x_wconf 89' lang='lat' dir='ltr'><strong>sibi</strong></span> <span class='ocrx_word' id='word_1_516' title='bbox 1371 3517 1615 3560; x_wconf 89' lang='lat' dir='ltr'><strong>asserunt</strong></span> <span class='ocrx_word' id='word_1_517' title='bbox 1644 3510 1811 3563; x_wconf 87' lang='lat' dir='ltr'><strong>veteri</strong></span> <span class='ocrx_word' id='word_1_518' title='bbox 1838 3512 1939 3565; x_wconf 85' lang='lat' dir='ltr'><strong>hoc</strong></span> <span class='ocrx_word' id='word_1_519' title='bbox 1968 3511 2083 3580; x_wconf 83' lang='lat' dir='ltr'><strong>lege</strong></span> 
     </span>
    </p>
   </div>
   <div class='ocr_carea' id='block_1_69' title="bbox 500 3594 2081 3659">
    <p class='ocr_par' dir='ltr' id='par_1_69' title="bbox 500 3594 2081 3659">
     <span class='ocr_line' id='line_1_70' title="bbox 500 3594 2081 3659; baseline 0.014 -22"><span class='ocrx_word' id='word_1_520' title='bbox 500 3599 859 3659; x_wconf 82' lang='lat' dir='ltr'><strong>concessum,</strong></span> <span class='ocrx_word' id='word_1_521' title='bbox 904 3594 1154 3647; x_wconf 86' lang='lat' dir='ltr'><strong>noverint</strong></span> <span class='ocrx_word' id='word_1_522' title='bbox 1181 3611 1240 3650; x_wconf 88' lang='lat' dir='ltr'><strong>se</strong></span> <span class='ocrx_word' id='word_1_523' title='bbox 1274 3597 1340 3651; x_wconf 91' lang='lat' dir='ltr'><strong>ab</strong></span> <span class='ocrx_word' id='word_1_524' title='bbox 1390 3601 1534 3653; x_wconf 90' lang='lat' dir='ltr'><strong>omni</strong></span> <span class='ocrx_word' id='word_1_525' title='bbox 1584 3602 1950 3659; x_wconf 77' lang='lat' dir='ltr'><strong>ecclesiastico</strong></span> <span class='ocrx_word' id='word_1_526' title='bbox 1981 3606 2081 3659; x_wconf 78' lang='lat' dir='ltr'><strong>lio-</strong></span> 
     </span>
    </p>
   </div>
   <div class='ocr_carea' id='block_1_70' title="bbox 498 3679 2081 3759">
    <p class='ocr_par' dir='ltr' id='par_1_70' title="bbox 498 3679 2081 3759">
     <span class='ocr_line' id='line_1_71' title="bbox 498 3679 2081 3759; baseline 0.016 -33"><span class='ocrx_word' id='word_1_527' title='bbox 498 3689 650 3741; x_wconf 91' lang='lat' dir='ltr'><strong>nore,</strong></span> <span class='ocrx_word' id='word_1_528' title='bbox 678 3692 787 3746; x_wconf 90' lang='lat' dir='ltr'><strong>quo</strong></span> <span class='ocrx_word' id='word_1_529' title='bbox 815 3679 1026 3749; x_wconf 84' lang='lat' dir='ltr'><strong>indigne</strong></span> <span class='ocrx_word' id='word_1_530' title='bbox 1051 3685 1128 3739; x_wconf 90' lang='lat' dir='ltr'><strong>usi</strong></span> <span class='ocrx_word' id='word_1_531' title='bbox 1167 3697 1330 3751; x_wconf 87' lang='lat' dir='ltr'><strong>sunt,</strong></span> <span class='ocrx_word' id='word_1_532' title='bbox 1372 3692 1683 3759; x_wconf 73' lang='lat' dir='ltr'><strong>apostolica:</strong></span> <span class='ocrx_word' id='word_1_533' title='bbox 1723 3695 1867 3750; x_wconf 86' lang='lat' dir='ltr'><strong>sedis</strong></span> <span class='ocrx_word' id='word_1_534' title='bbox 1894 3705 2081 3752; x_wconf 56' lang='lat' dir='ltr'><strong>aucto-</strong></span> 
     </span>
    </p>
   </div>
   <div class='ocr_carea' id='block_1_71' title="bbox 495 3766 2083 3850">
    <p class='ocr_par' dir='ltr' id='par_1_71' title="bbox 495 3766 2083 3850">
     <span class='ocr_line' id='line_1_72' title="bbox 495 3766 2083 3850; baseline 0.014 -32"><span class='ocrx_word' id='word_1_535' title='bbox 495 3766 655 3821; x_wconf 88' lang='lat' dir='ltr'><strong>ritate</strong></span> <span class='ocrx_word' id='word_1_536' title='bbox 679 3769 935 3839; x_wconf 88' lang='lat' dir='ltr'><strong>dejectos,</strong></span> <span class='ocrx_word' id='word_1_537' title='bbox 971 3790 1071 3829; x_wconf 90' lang='lat' dir='ltr'><strong>nec</strong></span> <span class='ocrx_word' id='word_1_538' title='bbox 1100 3792 1334 3847; x_wconf 90' lang='lat' dir='ltr'><strong>unquam</strong></span> <span class='ocrx_word' id='word_1_539' title='bbox 1382 3796 1540 3850; x_wconf 90' lang='lat' dir='ltr'><strong>posse</strong></span> <span class='ocrx_word' id='word_1_540' title='bbox 1584 3786 1883 3839; x_wconf 80' lang='lat' dir='ltr'><strong>veneranda</strong></span> <span class='ocrx_word' id='word_1_541' title='bbox 1916 3794 2083 3841; x_wconf 87' lang='lat' dir='ltr'><strong>attre-</strong></span> 
     </span>
    </p>
   </div>
   <div class='ocr_carea' id='block_1_72' title="bbox 498 3861 2080 3949">
    <p class='ocr_par' dir='ltr' id='par_1_72' title="bbox 498 3861 2080 3949">
     <span class='ocr_line' id='line_1_73' title="bbox 498 3861 2080 3949; baseline 0.014 -38"><span class='ocrx_word' id='word_1_542' title='bbox 498 3861 633 3913; x_wconf 86' lang='lat' dir='ltr'><strong>ctari</strong></span> <span class='ocrx_word' id='word_1_543' title='bbox 664 3865 937 3933; x_wconf 77' lang='lat' dir='ltr'><strong>mysteria,</strong></span> <span class='ocrx_word' id='word_1_544' title='bbox 972 3883 1000 3920; x_wconf 89' lang='lat' dir='ltr'><strong>a</strong></span> <span class='ocrx_word' id='word_1_545' title='bbox 1032 3869 1227 3937; x_wconf 88' lang='lat' dir='ltr'><strong>quibus</strong></span> <span class='ocrx_word' id='word_1_546' title='bbox 1256 3887 1313 3925; x_wconf 89' lang='lat' dir='ltr'><strong>se</strong></span> <span class='ocrx_word' id='word_1_547' title='bbox 1347 3872 1467 3941; x_wconf 85' lang='lat' dir='ltr'><strong>ipsi,</strong></span> <span class='ocrx_word' id='word_1_548' title='bbox 1498 3875 1621 3927; x_wconf 91' lang='lat' dir='ltr'><strong>dum</strong></span> <span class='ocrx_word' id='word_1_549' title='bbox 1646 3877 1893 3932; x_wconf 75' lang='lat' dir='ltr'><strong>obscenis</strong></span> <span class='ocrx_word' id='word_1_550' title='bbox 1932 3881 2080 3949; x_wconf 88' lang='lat' dir='ltr'><strong>cupi-</strong></span> 
     </span>
    </p>
   </div>
   <div class='ocr_carea' id='block_1_73' title="bbox 494 3950 2078 4039">
    <p class='ocr_par' dir='ltr' id='par_1_73' title="bbox 494 3950 2078 4039">
     <span class='ocr_line' id='line_1_74' title="bbox 494 3950 2078 4039; baseline 0.015 -37"><span class='ocrx_word' id='word_1_551' title='bbox 494 3950 746 4029; x_wconf 86' lang='lat' dir='ltr'><strong>ditatibus</strong></span> <span class='ocrx_word' id='word_1_552' title='bbox 766 3954 986 4031; x_wconf 78' lang='lat' dir='ltr'><strong>inhiant,</strong></span> <span class='ocrx_word' id='word_1_553' title='bbox 1032 3960 1397 4028; x_wconf 90' lang='lat' dir='ltr'><strong>privaverunt.</strong></span> <span class='ocrx_word' id='word_1_554' title='bbox 1432 3963 1495 4017; x_wconf 83' lang='lat' dir='ltr'><strong>Et</strong></span> <span class='ocrx_word' id='word_1_555' title='bbox 1521 3965 1643 4033; x_wconf 88' lang='lat' dir='ltr'><strong>quia</strong></span> <span class='ocrx_word' id='word_1_556' title='bbox 1671 3970 1913 4037; x_wconf 81' lang='lat' dir='ltr'><strong>exempla</strong></span> <span class='ocrx_word' id='word_1_557' title='bbox 1943 3986 2078 4039; x_wconf 84' lang='lat' dir='ltr'><strong>prae-</strong></span> 
     </span>
    </p>
   </div>
   <div class='ocr_carea' id='block_1_74' title="bbox 491 4028 2077 4131">
    <p class='ocr_par' dir='ltr' id='par_1_74' title="bbox 491 4028 2077 4131">
     <span class='ocr_line' id='line_1_75' title="bbox 491 4028 2077 4131; baseline 0.016 -37"><span class='ocrx_word' id='word_1_558' title='bbox 491 4028 661 4097; x_wconf 87' lang='lat' dir='ltr'><strong>sentia</strong></span> <span class='ocrx_word' id='word_1_559' title='bbox 690 4061 882 4102; x_wconf 89' lang='lat' dir='ltr'><strong>cavere</strong></span> <span class='ocrx_word' id='word_1_560' title='bbox 928 4066 1028 4105; x_wconf 90' lang='lat' dir='ltr'><strong>nos</strong></span> <span class='ocrx_word' id='word_1_561' title='bbox 1057 4063 1388 4120; x_wconf 75' lang='lat' dir='ltr'><strong>pnemonent</strong></span> <span class='ocrx_word' id='word_1_562' title='bbox 1437 4057 1489 4110; x_wconf 91' lang='lat' dir='ltr'><strong>in</strong></span> <span class='ocrx_word' id='word_1_563' title='bbox 1545 4056 1801 4124; x_wconf 90' lang='lat' dir='ltr'><strong>futurum,</strong></span> <span class='ocrx_word' id='word_1_564' title='bbox 1850 4063 2077 4131; x_wconf 90' lang='lat' dir='ltr'><strong>quilibet</strong></span> 
     </span>
    </p>
   </div>
   <div class='ocr_carea' id='block_1_75' title="bbox 490 4126 2079 4224">
    <p class='ocr_par' dir='ltr' id='par_1_75' title="bbox 490 4126 2079 4224">
     <span class='ocr_line' id='line_1_76' title="bbox 490 4126 2079 4224; baseline 0.014 -38"><span class='ocrx_word' id='word_1_565' title='bbox 490 4126 776 4206; x_wconf 77' lang='lat' dir='ltr'><strong>episcopus</strong></span> <span class='ocrx_word' id='word_1_566' title='bbox 797 4179 811 4204; x_wconf 93' lang='lat'><strong>,</strong></span> <span class='ocrx_word' id='word_1_567' title='bbox 836 4142 1116 4213; x_wconf 83' lang='lat' dir='ltr'><strong>presbyter</strong></span> <span class='ocrx_word' id='word_1_568' title='bbox 1163 4156 1326 4215; x_wconf 89' lang='lat' dir='ltr'><strong>atque</strong></span> <span class='ocrx_word' id='word_1_569' title='bbox 1354 4148 1614 4204; x_wconf 88' lang='lat' dir='ltr'><strong>diaconus</strong></span> <span class='ocrx_word' id='word_1_570' title='bbox 1644 4151 1809 4221; x_wconf 90' lang='lat' dir='ltr'><strong>(quod</strong></span> <span class='ocrx_word' id='word_1_571' title='bbox 1841 4168 1946 4207; x_wconf 92' lang='lat' dir='ltr'><strong>non</strong></span> <span class='ocrx_word' id='word_1_572' title='bbox 1979 4171 2079 4224; x_wconf 89' lang='lat' dir='ltr'><strong>op-</strong></span> 
     </span>
    </p>
   </div>
   <div class='ocr_carea' id='block_1_76' title="bbox 493 4226 2074 4309">
    <p class='ocr_par' dir='ltr' id='par_1_76' title="bbox 493 4226 2074 4309">
     <span class='ocr_line' id='line_1_77' title="bbox 493 4226 2074 4309; baseline 0.015 -34"><span class='ocrx_word' id='word_1_573' title='bbox 493 4226 711 4297; x_wconf 85' lang='lat' dir='ltr'><strong>tamus),</strong></span> <span class='ocrx_word' id='word_1_574' title='bbox 737 4229 1049 4301; x_wconf 77' lang='lat' dir='ltr'><strong>sideinceps</strong></span> <span class='ocrx_word' id='word_1_575' title='bbox 1063 4233 1223 4289; x_wconf 83' lang='lat' dir='ltr'><strong>fuerit</strong></span> <span class='ocrx_word' id='word_1_576' title='bbox 1245 4237 1365 4291; x_wconf 89' lang='lat' dir='ltr'><strong>talis</strong></span> <span class='ocrx_word' id='word_1_577' title='bbox 1387 4237 1655 4303; x_wconf 88' lang='lat' dir='ltr'><strong>inventus,</strong></span> <span class='ocrx_word' id='word_1_578' title='bbox 1677 4239 1787 4309; x_wconf 91' lang='lat' dir='ltr'><strong>jam</strong></span> <span class='ocrx_word' id='word_1_579' title='bbox 1814 4258 1954 4297; x_wconf 92' lang='lat' dir='ltr'><strong>nunc</strong></span> <span class='ocrx_word' id='word_1_580' title='bbox 1975 4246 2074 4298; x_wconf 89' lang='lat' dir='ltr'><strong>sibi</strong></span> 
     </span>
    </p>
   </div>
   <div class='ocr_carea' id='block_1_77' title="bbox 488 4325 2076 4404">
    <p class='ocr_par' dir='ltr' id='par_1_77' title="bbox 488 4325 2076 4404">
     <span class='ocr_line' id='line_1_78' title="bbox 488 4325 2076 4404; baseline 0.014 -35"><span class='ocrx_word' id='word_1_581' title='bbox 488 4331 701 4371; x_wconf 87' lang='lat' dir='ltr'><strong>omnem</strong></span> <span class='ocrx_word' id='word_1_582' title='bbox 733 4335 828 4389; x_wconf 87' lang='lat' dir='ltr'><strong>per</strong></span> <span class='ocrx_word' id='word_1_583' title='bbox 858 4339 954 4378; x_wconf 87' lang='lat' dir='ltr'><strong>nos</strong></span> <span class='ocrx_word' id='word_1_584' title='bbox 987 4325 1325 4393; x_wconf 76' lang='lat' dir='ltr'><strong>indulgentia:</strong></span> <span class='ocrx_word' id='word_1_585' title='bbox 1364 4330 1565 4384; x_wconf 89' lang='lat' dir='ltr'><strong>aditum</strong></span> <span class='ocrx_word' id='word_1_586' title='bbox 1609 4333 1872 4404; x_wconf 85' lang='lat' dir='ltr'><strong>intelligat</strong></span> <span class='ocrx_word' id='word_1_587' title='bbox 1918 4337 2076 4391; x_wconf 81' lang='lat' dir='ltr'><strong>obse-</strong></span> 
     </span>
    </p>
   </div>
   <div class='ocr_carea' id='block_1_78' title="bbox 488 4411 2073 4480">
    <p class='ocr_par' dir='ltr' id='par_1_78' title="bbox 488 4411 2073 4480">
     <span class='ocr_line' id='line_1_79' title="bbox 488 4411 2073 4480; baseline 0.015 -24"><span class='ocrx_word' id='word_1_588' title='bbox 488 4413 698 4469; x_wconf 87' lang='lat' dir='ltr'><strong>ratum,</strong></span> <span class='ocrx_word' id='word_1_589' title='bbox 745 4411 869 4478; x_wconf 86' lang='lat' dir='ltr'><strong>quia</strong></span> <span class='ocrx_word' id='word_1_590' title='bbox 922 4414 1063 4467; x_wconf 81' lang='lat' dir='ltr'><strong>ferro</strong></span> <span class='ocrx_word' id='word_1_591' title='bbox 1115 4431 1337 4472; x_wconf 87' lang='lat' dir='ltr'><strong>necesse</strong></span> <span class='ocrx_word' id='word_1_592' title='bbox 1377 4428 1459 4473; x_wconf 90' lang='lat' dir='ltr'><strong>est</strong></span> <span class='ocrx_word' id='word_1_593' title='bbox 1501 4422 1817 4477; x_wconf 86' lang='lat' dir='ltr'><strong>excidantur</strong></span> <span class='ocrx_word' id='word_1_594' title='bbox 1854 4425 2073 4480; x_wconf 89' lang='lat' dir='ltr'><strong>vulnera</strong></span> 
     </span>
    </p>
   </div>
   <div class='ocr_carea' id='block_1_79' title="bbox 487 4498 1788 4569">
    <p class='ocr_par' dir='ltr' id='par_1_79' title="bbox 487 4498 1788 4569">
     <span class='ocr_line' id='line_1_80' title="bbox 487 4498 1788 4569; baseline 0.014 -21"><span class='ocrx_word' id='word_1_595' title='bbox 487 4510 603 4562; x_wconf 72' lang='lat' dir='ltr'><strong>qua:</strong></span> <span class='ocrx_word' id='word_1_596' title='bbox 635 4498 989 4557; x_wconf 86' lang='lat' dir='ltr'><strong>fomentorum</strong></span> <span class='ocrx_word' id='word_1_597' title='bbox 1016 4521 1121 4559; x_wconf 89' lang='lat' dir='ltr'><strong>non</strong></span> <span class='ocrx_word' id='word_1_598' title='bbox 1148 4508 1416 4563; x_wconf 87' lang='lat' dir='ltr'><strong>senserint</strong></span> <span class='ocrx_word' id='word_1_599' title='bbox 1446 4512 1788 4569; x_wconf 90' lang='lat' dir='ltr'><strong>medicinam.</strong></span> 
     </span>
    </p>
   </div>
   <div class='ocr_carea' id='block_1_80' title="bbox 700 4660 1852 4741">
    <p class='ocr_par' dir='ltr' id='par_1_80' title="bbox 700 4660 1852 4741">
     <span class='ocr_line' id='line_1_81' title="bbox 700 4660 1852 4741; baseline 0.013 -27"><span class='ocrx_word' id='word_1_600' title='bbox 700 4660 777 4715; x_wconf 78' lang='lat' dir='ltr'><strong>De</strong></span> <span class='ocrx_word' id='word_1_601' title='bbox 804 4666 1003 4717; x_wconf 76' lang='lat' dir='ltr'><strong>clericis</strong></span> <span class='ocrx_word' id='word_1_602' title='bbox 1034 4682 1050 4717; x_wconf 91' lang='lat'><em>:</em></span> <span class='ocrx_word' id='word_1_603' title='bbox 1078 4668 1254 4737; x_wconf 77' lang='lat' dir='ltr'><strong>quales</strong></span> <span class='ocrx_word' id='word_1_604' title='bbox 1285 4668 1499 4725; x_wconf 82' lang='lat' dir='ltr'><strong>debeant</strong></span> <span class='ocrx_word' id='word_1_605' title='bbox 1535 4678 1852 4741; x_wconf 79' lang='lat' dir='ltr'><strong>promoveri.</strong></span> 
     </span>
    </p>
   </div>
   <div class='ocr_carea' id='block_1_81' title="bbox 559 4777 2072 4866">
    <p class='ocr_par' dir='ltr' id='par_1_81' title="bbox 559 4777 2072 4866">
     <span class='ocr_line' id='line_1_82' title="bbox 559 4777 2072 4866; baseline 0.014 -36"><span class='ocrx_word' id='word_1_606' title='bbox 559 4777 685 4832; x_wconf 77' lang='lat' dir='ltr'><strong>Vill.</strong></span> <span class='ocrx_word' id='word_1_607' title='bbox 735 4780 1023 4838; x_wconf 85' lang='lat' dir='ltr'><strong>Didicimus</strong></span> <span class='ocrx_word' id='word_1_608' title='bbox 1052 4786 1212 4839; x_wconf 86' lang='lat' dir='ltr'><strong>etiam</strong></span> <span class='ocrx_word' id='word_1_609' title='bbox 1259 4788 1484 4844; x_wconf 88' lang='lat' dir='ltr'><strong>licenter</strong></span> <span class='ocrx_word' id='word_1_610' title='bbox 1530 4805 1595 4844; x_wconf 90' lang='lat' dir='ltr'><strong>ac</strong></span> <span class='ocrx_word' id='word_1_611' title='bbox 1628 4791 1795 4849; x_wconf 86' lang='lat' dir='ltr'><strong>libere</strong></span> <span class='ocrx_word' id='word_1_612' title='bbox 1824 4794 2072 4866; x_wconf 85' lang='lat' dir='ltr'><strong>inexplo-</strong></span> 
     </span>
    </p>
   </div>
   <div class='ocr_carea' id='block_1_82' title="bbox 482 4874 2068 4947">
    <p class='ocr_par' dir='ltr' id='par_1_82' title="bbox 482 4874 2068 4947">
     <span class='ocr_line' id='line_1_83' title="bbox 482 4874 2068 4947; baseline 0.014 -25"><span class='ocrx_word' id='word_1_613' title='bbox 482 4880 609 4924; x_wconf 71' lang='lat' dir='ltr'><strong>rata:</strong></span> <span class='ocrx_word' id='word_1_614' title='bbox 641 4874 758 4925; x_wconf 65' lang='lat' dir='ltr'><strong>vitze</strong></span> <span class='ocrx_word' id='word_1_615' title='bbox 789 4874 1050 4940; x_wconf 85' lang='lat' dir='ltr'><strong>homines,</strong></span> <span class='ocrx_word' id='word_1_616' title='bbox 1084 4880 1278 4947; x_wconf 89' lang='lat' dir='ltr'><strong>quibus</strong></span> <span class='ocrx_word' id='word_1_617' title='bbox 1333 4882 1493 4936; x_wconf 89' lang='lat' dir='ltr'><strong>etiam</strong></span> <span class='ocrx_word' id='word_1_618' title='bbox 1549 4883 1750 4939; x_wconf 89' lang='lat' dir='ltr'><strong>fuerint</strong></span> <span class='ocrx_word' id='word_1_619' title='bbox 1780 4902 2068 4943; x_wconf 90' lang='lat' dir='ltr'><strong>numerosa</strong></span> 
     </span>
    </p>
   </div>
   <div class='ocr_carea' id='block_1_83' title="bbox 480 4964 2070 5049">
    <p class='ocr_par' dir='ltr' id='par_1_83' title="bbox 480 4964 2070 5049">
     <span class='ocr_line' id='line_1_84' title="bbox 480 4964 2070 5049; baseline 0.014 -36"><span class='ocrx_word' id='word_1_620' title='bbox 480 4964 760 5032; x_wconf 72' lang='lat' dir='ltr'><strong>conjugia,</strong></span> <span class='ocrx_word' id='word_1_621' title='bbox 793 4968 859 5021; x_wconf 82' lang='lat' dir='ltr'><strong>ad</strong></span> <span class='ocrx_word' id='word_1_622' title='bbox 884 4970 1130 5037; x_wconf 84' lang='lat' dir='ltr'><strong>praefatas</strong></span> <span class='ocrx_word' id='word_1_623' title='bbox 1167 4971 1454 5042; x_wconf 83' lang='lat' dir='ltr'><strong>dignitates</strong></span> <span class='ocrx_word' id='word_1_624' title='bbox 1484 4985 1644 5046; x_wconf 86' lang='lat' dir='ltr'><strong>prout</strong></span> <span class='ocrx_word' id='word_1_625' title='bbox 1678 4979 1981 5049; x_wconf 91' lang='lat' dir='ltr'><strong>cuicunque</strong></span> <span class='ocrx_word' id='word_1_626' title='bbox 2005 4981 2070 5035; x_wconf 87' lang='lat' dir='ltr'><strong>li-</strong></span> 
     </span>
    </p>
   </div>
   <div class='ocr_carea' id='block_1_84' title="bbox 476 5054 2067 5141">
    <p class='ocr_par' dir='ltr' id='par_1_84' title="bbox 476 5054 2067 5141">
     <span class='ocr_line' id='line_1_85' title="bbox 476 5054 2067 5141; baseline 0.013 -33"><span class='ocrx_word' id='word_1_627' title='bbox 476 5054 655 5110; x_wconf 82' lang='lat' dir='ltr'><strong>buerit</strong></span> <span class='ocrx_word' id='word_1_628' title='bbox 695 5059 933 5126; x_wconf 87' lang='lat' dir='ltr'><strong>aspirare</strong></span> <span class='ocrx_word' id='word_1_629' title='bbox 960 5102 977 5126; x_wconf 90' lang='lat'><strong>,</strong></span> <span class='ocrx_word' id='word_1_630' title='bbox 1005 5061 1149 5128; x_wconf 86' lang='lat' dir='ltr'><strong>quod</strong></span> <span class='ocrx_word' id='word_1_631' title='bbox 1192 5080 1296 5118; x_wconf 92' lang='lat' dir='ltr'><strong>non</strong></span> <span class='ocrx_word' id='word_1_632' title='bbox 1339 5073 1547 5122; x_wconf 87' lang='lat' dir='ltr'><strong>tantum</strong></span> <span class='ocrx_word' id='word_1_633' title='bbox 1582 5069 1686 5126; x_wconf 84' lang='lat' dir='ltr'><strong>illis</strong></span> <span class='ocrx_word' id='word_1_634' title='bbox 1731 5072 1821 5141; x_wconf 87' lang='lat' dir='ltr'><strong>qui</strong></span> <span class='ocrx_word' id='word_1_635' title='bbox 1853 5072 1920 5127; x_wconf 90' lang='lat' dir='ltr'><strong>ad</strong></span> <span class='ocrx_word' id='word_1_636' title='bbox 1952 5073 2067 5128; x_wconf 78' lang='lat' dir='ltr'><strong>hmc</strong></span> 
     </span>
    </p>
   </div>
   <div class='ocr_carea' id='block_1_85' title="bbox 478 5145 2067 5231">
    <p class='ocr_par' dir='ltr' id='par_1_85' title="bbox 478 5145 2067 5231">
     <span class='ocr_line' id='line_1_86' title="bbox 478 5145 2067 5231; baseline 0.015 -33"><span class='ocrx_word' id='word_1_637' title='bbox 478 5145 829 5202; x_wconf 77' lang='lat' dir='ltr'><strong>inunoderata</strong></span> <span class='ocrx_word' id='word_1_638' title='bbox 859 5152 1153 5210; x_wconf 88' lang='lat' dir='ltr'><strong>ambitione</strong></span> <span class='ocrx_word' id='word_1_639' title='bbox 1182 5160 1503 5225; x_wconf 90' lang='lat' dir='ltr'><strong>perveniunt</strong></span> <span class='ocrx_word' id='word_1_640' title='bbox 1530 5204 1548 5228; x_wconf 92' lang='lat'><strong>,</strong></span> <span class='ocrx_word' id='word_1_641' title='bbox 1576 5173 1835 5231; x_wconf 83' lang='lat' dir='ltr'><strong>quantum</strong></span> <span class='ocrx_word' id='word_1_642' title='bbox 1864 5174 2067 5221; x_wconf 71' lang='lat' dir='ltr'><strong>motio-</strong></span> 
     </span>
    </p>
   </div>
   <div class='ocr_carea' id='block_1_86' title="bbox 476 5241 2067 5329">
    <p class='ocr_par' dir='ltr' id='par_1_86' title="bbox 476 5241 2067 5329">
     <span class='ocr_line' id='line_1_87' title="bbox 476 5241 2067 5329; baseline 0.014 -36"><span class='ocrx_word' id='word_1_643' title='bbox 476 5241 729 5307; x_wconf 81' lang='lat' dir='ltr'><strong>politanis</strong></span> <span class='ocrx_word' id='word_1_644' title='bbox 754 5244 1062 5310; x_wconf 87' lang='lat' dir='ltr'><strong>specialiter</strong></span> <span class='ocrx_word' id='word_1_645' title='bbox 1079 5248 1420 5319; x_wconf 84' lang='lat' dir='ltr'><strong>pontiﬁcibus</strong></span> <span class='ocrx_word' id='word_1_646' title='bbox 1444 5254 1789 5325; x_wconf 87' lang='lat' dir='ltr'><strong>imputamns,</strong></span> <span class='ocrx_word' id='word_1_647' title='bbox 1812 5260 1902 5329; x_wconf 90' lang='lat' dir='ltr'><strong>qui</strong></span> <span class='ocrx_word' id='word_1_648' title='bbox 1934 5258 2067 5315; x_wconf 85' lang='lat' dir='ltr'><strong>dum</strong></span> 
     </span>
    </p>
   </div>
   <div class='ocr_carea' id='block_1_87' title="bbox 477 5330 2062 5419">
    <p class='ocr_par' dir='ltr' id='par_1_87' title="bbox 477 5330 2062 5419">
     <span class='ocr_line' id='line_1_88' title="bbox 477 5330 2062 5419; baseline 0.016 -37"><span class='ocrx_word' id='word_1_649' title='bbox 477 5330 715 5387; x_wconf 86' lang='lat' dir='ltr'><strong>inhibitis</strong></span> <span class='ocrx_word' id='word_1_650' title='bbox 746 5333 966 5390; x_wconf 83' lang='lat' dir='ltr'><strong>ausibus</strong></span> <span class='ocrx_word' id='word_1_651' title='bbox 1004 5341 1327 5405; x_wconf 84' lang='lat' dir='ltr'><strong>connivent,</strong></span> <span class='ocrx_word' id='word_1_652' title='bbox 1372 5343 1465 5400; x_wconf 86' lang='lat' dir='ltr'><strong>Dei</strong></span> <span class='ocrx_word' id='word_1_653' title='bbox 1515 5351 1687 5403; x_wconf 88' lang='lat' dir='ltr'><strong>nostri</strong></span> <span class='ocrx_word' id='word_1_654' title='bbox 1714 5359 1973 5419; x_wconf 90' lang='lat' dir='ltr'><strong>quantum</strong></span> <span class='ocrx_word' id='word_1_655' title='bbox 2011 5354 2062 5407; x_wconf 89' lang='lat' dir='ltr'><strong>in</strong></span> 
     </span>
    </p>
   </div>
   <div class='ocr_carea' id='block_1_88' title="bbox 475 5432 2053 5513">
    <p class='ocr_par' dir='ltr' id='par_1_88' title="bbox 475 5432 2053 5513">
     <span class='ocr_line' id='line_1_89' title="bbox 475 5432 2053 5513; baseline 0.018 -41"><span class='ocrx_word' id='word_1_656' title='bbox 475 5436 533 5473; x_wconf 88' lang='lat' dir='ltr'><strong>se</strong></span> <span class='ocrx_word' id='word_1_657' title='bbox 563 5432 645 5477; x_wconf 92' lang='lat' dir='ltr'><strong>est</strong></span> <span class='ocrx_word' id='word_1_658' title='bbox 674 5435 943 5495; x_wconf 64' lang='lat' dir='ltr'><strong>praecepta</strong></span> <span class='ocrx_word' id='word_1_659' title='bbox 976 5440 1349 5488; x_wconf 85' lang='lat' dir='ltr'><strong>contemnunt.</strong></span> <span class='ocrx_word' id='word_1_660' title='bbox 1392 5436 1459 5490; x_wconf 87' lang='lat' dir='ltr'><strong>Et</strong></span> <span class='ocrx_word' id='word_1_661' title='bbox 1499 5450 1557 5492; x_wconf 91' lang='lat' dir='ltr'><strong>ut</strong></span> <span class='ocrx_word' id='word_1_662' title='bbox 1600 5450 1871 5498; x_wconf 83' lang='lat' dir='ltr'><strong>taceamus</strong></span> <span class='ocrx_word' id='word_1_663' title='bbox 1906 5446 2053 5513; x_wconf 86' lang='lat' dir='ltr'><strong>quod</strong></span> 
     </span>
    </p>
   </div>
   <div class='ocr_carea' id='block_1_89' title="bbox 474 5511 2059 5600">
    <p class='ocr_par' dir='ltr' id='par_1_89' title="bbox 474 5511 2059 5600">
     <span class='ocr_line' id='line_1_90' title="bbox 474 5511 2059 5600; baseline 0.017 -37"><span class='ocrx_word' id='word_1_664' title='bbox 474 5511 634 5568; x_wconf 88' lang='lat' dir='ltr'><strong>altius</strong></span> <span class='ocrx_word' id='word_1_665' title='bbox 682 5516 1054 5585; x_wconf 87' lang='lat' dir='ltr'><strong>suspicamur,</strong></span> <span class='ocrx_word' id='word_1_666' title='bbox 1100 5525 1186 5580; x_wconf 85' lang='lat' dir='ltr'><strong>ubi</strong></span> <span class='ocrx_word' id='word_1_667' title='bbox 1238 5526 1366 5581; x_wconf 88' lang='lat' dir='ltr'><strong>illud</strong></span> <span class='ocrx_word' id='word_1_668' title='bbox 1396 5540 1480 5583; x_wconf 86' lang='lat' dir='ltr'><strong>est</strong></span> <span class='ocrx_word' id='word_1_669' title='bbox 1523 5534 1664 5600; x_wconf 89' lang='lat' dir='ltr'><strong>quod</strong></span> <span class='ocrx_word' id='word_1_670' title='bbox 1705 5534 1845 5589; x_wconf 88' lang='lat' dir='ltr'><strong>Deus</strong></span> <span class='ocrx_word' id='word_1_671' title='bbox 1873 5511 2059 5590; x_wconf 84' lang='lat' dir='ltr'><strong>noster</strong></span> 
     </span>
    </p>
   </div>
   <div class='ocr_carea' id='block_1_90' title="bbox 472 5602 2055 5685">
    <p class='ocr_par' dir='ltr' id='par_1_90' title="bbox 472 5602 2055 5685">
     <span class='ocr_line' id='line_1_91' title="bbox 472 5602 2055 5685; baseline 0.017 -31"><span class='ocrx_word' id='word_1_672' title='bbox 472 5602 594 5658; x_wconf 81' lang='lat' dir='ltr'><strong>data</strong></span> <span class='ocrx_word' id='word_1_673' title='bbox 611 5622 707 5675; x_wconf 91' lang='lat' dir='ltr'><strong>per</strong></span> <span class='ocrx_word' id='word_1_674' title='bbox 724 5606 905 5663; x_wconf 81' lang='lat' dir='ltr'><strong>Mosen</strong></span> <span class='ocrx_word' id='word_1_675' title='bbox 924 5612 1039 5681; x_wconf 84' lang='lat' dir='ltr'><strong>lege</strong></span> <span class='ocrx_word' id='word_1_676' title='bbox 1064 5618 1581 5685; x_wconf 81' lang='lat' dir='ltr'><strong>constituit,dicens,</strong></span> <span class='ocrx_word' id='word_1_677' title='bbox 1617 5625 1926 5678; x_wconf 77' lang='lat' dir='ltr'><strong>Sacerdotes</strong></span> <span class='ocrx_word' id='word_1_678' title='bbox 1958 5630 2055 5681; x_wconf 81' lang='lat' dir='ltr'><strong>mei</strong></span> 
     </span>
    </p>
   </div>
   <div class='ocr_carea' id='block_1_91' title="bbox 471 5698 2054 5775">
    <p class='ocr_par' dir='ltr' id='par_1_91' title="bbox 471 5698 2054 5775">
     <span class='ocr_line' id='line_1_92' title="bbox 471 5698 2054 5775; baseline 0.017 -31"><span class='ocrx_word' id='word_1_679' title='bbox 471 5698 625 5749; x_wconf 78' lang='lat' dir='ltr'><strong>semel</strong></span> <span class='ocrx_word' id='word_1_680' title='bbox 671 5700 865 5754; x_wconf 80' lang='lat' dir='ltr'><strong>nubant</strong></span> <span class='ocrx_word' id='word_1_681' title='bbox 912 5700 1099 5770; x_wconf 77' lang='lat' dir='ltr'><strong>(Leuit.</strong></span> <span class='ocrx_word' id='word_1_682' title='bbox 1152 5706 1298 5773; x_wconf 67' lang='lat' dir='ltr'><strong>ut)?</strong></span> <span class='ocrx_word' id='word_1_683' title='bbox 1343 5719 1397 5761; x_wconf 87' lang='lat' dir='ltr'><strong>et</strong></span> <span class='ocrx_word' id='word_1_684' title='bbox 1445 5711 1549 5763; x_wconf 84' lang='lat' dir='ltr'><strong>alio</strong></span> <span class='ocrx_word' id='word_1_685' title='bbox 1603 5714 1742 5775; x_wconf 84' lang='lat' dir='ltr'><strong>loco,</strong></span> <span class='ocrx_word' id='word_1_686' title='bbox 1796 5715 2054 5771; x_wconf 73' lang='lat' dir='ltr'><strong>Sacerdos</strong></span> 
     </span>
    </p>
   </div>
   <div class='ocr_carea' id='block_1_92' title="bbox 472 5794 2053 5871">
    <p class='ocr_par' dir='ltr' id='par_1_92' title="bbox 472 5794 2053 5871">
     <span class='ocr_line' id='line_1_93' title="bbox 472 5794 2053 5871; baseline 0.016 -35"><span class='ocrx_word' id='word_1_687' title='bbox 472 5800 681 5843; x_wconf 66' lang='lat' dir='ltr'><strong>uxorem</strong></span> <span class='ocrx_word' id='word_1_688' title='bbox 724 5794 965 5860; x_wconf 76' lang='lat' dir='ltr'><strong>virginem</strong></span> <span class='ocrx_word' id='word_1_689' title='bbox 1006 5800 1257 5866; x_wconf 72' lang='lat' dir='ltr'><strong>arripiat,</strong></span> <span class='ocrx_word' id='word_1_690' title='bbox 1295 5818 1393 5853; x_wconf 84' lang='lat' dir='ltr'><strong>nou</strong></span> <span class='ocrx_word' id='word_1_691' title='bbox 1424 5801 1623 5856; x_wconf 75' lang='lat' dir='ltr'><strong>viduam</strong></span> <span class='ocrx_word' id='word_1_692' title='bbox 1645 5846 1659 5869; x_wconf 94' lang='lat'><strong>,</strong></span> <span class='ocrx_word' id='word_1_693' title='bbox 1684 5821 1783 5858; x_wconf 81' lang='lat' dir='ltr'><strong>non</strong></span> <span class='ocrx_word' id='word_1_694' title='bbox 1810 5808 2053 5871; x_wconf 76' lang='lat' dir='ltr'><strong>repudia-</strong></span> 
     </span>
    </p>
   </div>
   <div class='ocr_carea' id='block_1_93' title="bbox 2189 3300 3768 3382">
    <p class='ocr_par' dir='ltr' id='par_1_93' title="bbox 2189 3300 3768 3382">
     <span class='ocr_line' id='line_1_94' title="bbox 2189 3300 3768 3382; baseline 0.009 -29"><span class='ocrx_word' id='word_1_695' title='bbox 2189 3300 2345 3355; x_wconf 90' lang='lat' dir='ltr'><strong>aliter</strong></span> <span class='ocrx_word' id='word_1_696' title='bbox 2400 3303 2701 3369; x_wconf 89' lang='lat' dir='ltr'><strong>obtinebit,</strong></span> <span class='ocrx_word' id='word_1_697' title='bbox 2756 3306 2856 3360; x_wconf 91' lang='lat' dir='ltr'><strong>nisi</strong></span> <span class='ocrx_word' id='word_1_698' title='bbox 2907 3322 2974 3363; x_wconf 89' lang='lat' dir='ltr'><strong>eo</strong></span> <span class='ocrx_word' id='word_1_699' title='bbox 3020 3323 3127 3376; x_wconf 91' lang='lat' dir='ltr'><strong>quo</strong></span> <span class='ocrx_word' id='word_1_700' title='bbox 3180 3310 3480 3379; x_wconf 86' lang='lat' dir='ltr'><strong>baptizatur</strong></span> <span class='ocrx_word' id='word_1_701' title='bbox 3527 3320 3768 3382; x_wconf 74' lang='lat' dir='ltr'><strong>tempore</strong></span> 
     </span>
    </p>
   </div>
   <div class='ocr_carea' id='block_1_94' title="bbox 2186 3393 3765 3459">
    <p class='ocr_par' dir='ltr' id='par_1_94' title="bbox 2186 3393 3765 3459">
     <span class='ocr_line' id='line_1_95' title="bbox 2186 3393 3765 3459; baseline 0.008 -15"><span class='ocrx_word' id='word_1_702' title='bbox 2186 3393 2367 3445; x_wconf 90' lang='lat' dir='ltr'><strong>statim</strong></span> <span class='ocrx_word' id='word_1_703' title='bbox 2400 3393 2657 3448; x_wconf 88' lang='lat' dir='ltr'><strong>lectorum</strong></span> <span class='ocrx_word' id='word_1_704' title='bbox 2686 3405 2778 3450; x_wconf 90' lang='lat' dir='ltr'><strong>aut</strong></span> <span class='ocrx_word' id='word_1_705' title='bbox 2805 3398 3193 3454; x_wconf 69' lang='lat' dir='ltr'><strong>exon-cistarum</strong></span> <span class='ocrx_word' id='word_1_706' title='bbox 3235 3418 3460 3457; x_wconf 88' lang='lat' dir='ltr'><strong>numero</strong></span> <span class='ocrx_word' id='word_1_707' title='bbox 3489 3405 3723 3459; x_wconf 83' lang='lat' dir='ltr'><strong>societur</strong></span> <span class='ocrx_word' id='word_1_708' title='bbox 3747 3421 3765 3457; x_wconf 86' lang='lat'><strong>:</strong></span> 
     </span>
    </p>
   </div>
   <div class='ocr_carea' id='block_1_95' title="bbox 2185 3483 3767 3557">
    <p class='ocr_par' dir='ltr' id='par_1_95' title="bbox 2185 3483 3767 3557">
     <span class='ocr_line' id='line_1_96' title="bbox 2185 3483 3767 3557; baseline 0.008 -20"><span class='ocrx_word' id='word_1_709' title='bbox 2185 3483 2228 3537; x_wconf 93' lang='lat' dir='ltr'><strong>si</strong></span> <span class='ocrx_word' id='word_1_710' title='bbox 2261 3493 2437 3539; x_wconf 84' lang='lat' dir='ltr'><strong>tamen</strong></span> <span class='ocrx_word' id='word_1_711' title='bbox 2469 3501 2591 3539; x_wconf 89' lang='lat' dir='ltr'><strong>eum</strong></span> <span class='ocrx_word' id='word_1_712' title='bbox 2624 3502 2785 3541; x_wconf 90' lang='lat' dir='ltr'><strong>unam</strong></span> <span class='ocrx_word' id='word_1_713' title='bbox 2831 3488 3079 3544; x_wconf 88' lang='lat' dir='ltr'><strong>habuisse</strong></span> <span class='ocrx_word' id='word_1_714' title='bbox 3123 3493 3207 3546; x_wconf 92' lang='lat' dir='ltr'><strong>vel</strong></span> <span class='ocrx_word' id='word_1_715' title='bbox 3239 3493 3473 3557; x_wconf 86' lang='lat' dir='ltr'><strong>habere,</strong></span> <span class='ocrx_word' id='word_1_716' title='bbox 3523 3504 3579 3550; x_wconf 87' lang='lat' dir='ltr'><strong>et</strong></span> <span class='ocrx_word' id='word_1_717' title='bbox 3630 3496 3767 3550; x_wconf 79' lang='lat' dir='ltr'><strong>hanc</strong></span> 
     </span>
    </p>
   </div>
   <div class='ocr_carea' id='block_1_96' title="bbox 2185 3575 3768 3652">
    <p class='ocr_par' dir='ltr' id='par_1_96' title="bbox 2185 3575 3768 3652">
     <span class='ocr_line' id='line_1_97' title="bbox 2185 3575 3768 3652; baseline 0.008 -24"><span class='ocrx_word' id='word_1_718' title='bbox 2185 3575 2444 3643; x_wconf 89' lang='lat' dir='ltr'><strong>virginem</strong></span> <span class='ocrx_word' id='word_1_719' title='bbox 2496 3579 2768 3647; x_wconf 87' lang='lat' dir='ltr'><strong>accepisse</strong></span> <span class='ocrx_word' id='word_1_720' title='bbox 2816 3590 3027 3637; x_wconf 86' lang='lat' dir='ltr'><strong>constet</strong></span> <span class='ocrx_word' id='word_1_721' title='bbox 3077 3599 3317 3639; x_wconf 81' lang='lat' dir='ltr'><strong>uxorem.</strong></span> <span class='ocrx_word' id='word_1_722' title='bbox 3365 3585 3465 3652; x_wconf 89' lang='lat' dir='ltr'><strong>Qui</strong></span> <span class='ocrx_word' id='word_1_723' title='bbox 3509 3586 3636 3641; x_wconf 84' lang='lat' dir='ltr'><strong>dum</strong></span> <span class='ocrx_word' id='word_1_724' title='bbox 3665 3588 3768 3641; x_wconf 86' lang='lat' dir='ltr'><strong>ini-</strong></span> 
     </span>
    </p>
   </div>
   <div class='ocr_carea' id='block_1_97' title="bbox 2185 3664 3765 3746">
    <p class='ocr_par' dir='ltr' id='par_1_97' title="bbox 2185 3664 3765 3746">
     <span class='ocr_line' id='line_1_98' title="bbox 2185 3664 3765 3746; baseline 0.011 -30"><span class='ocrx_word' id='word_1_725' title='bbox 2185 3664 2346 3719; x_wconf 87' lang='lat' dir='ltr'><strong>tiatus</strong></span> <span class='ocrx_word' id='word_1_726' title='bbox 2396 3664 2573 3731; x_wconf 86' lang='lat' dir='ltr'><strong>fuerit,</strong></span> <span class='ocrx_word' id='word_1_727' title='bbox 2628 3671 2844 3738; x_wconf 84' lang='lat' dir='ltr'><strong>expleto</strong></span> <span class='ocrx_word' id='word_1_728' title='bbox 2898 3672 3137 3737; x_wconf 89' lang='lat' dir='ltr'><strong>biennio,</strong></span> <span class='ocrx_word' id='word_1_729' title='bbox 3200 3689 3295 3743; x_wconf 89' lang='lat' dir='ltr'><strong>per</strong></span> <span class='ocrx_word' id='word_1_730' title='bbox 3339 3678 3765 3746; x_wconf 80' lang='lat' dir='ltr'><strong>quinquennium</strong></span> 
     </span>
    </p>
   </div>
   <div class='ocr_carea' id='block_1_98' title="bbox 2182 3754 3761 3831">
    <p class='ocr_par' dir='ltr' id='par_1_98' title="bbox 2182 3754 3761 3831">
     <span class='ocr_line' id='line_1_99' title="bbox 2182 3754 3761 3831; baseline 0.009 -24"><span class='ocrx_word' id='word_1_731' title='bbox 2182 3754 2329 3808; x_wconf 85' lang='lat' dir='ltr'><strong>aliud</strong></span> <span class='ocrx_word' id='word_1_732' title='bbox 2360 3756 2640 3827; x_wconf 80' lang='lat' dir='ltr'><strong>acolythus</strong></span> <span class='ocrx_word' id='word_1_733' title='bbox 2668 3768 2723 3813; x_wconf 90' lang='lat' dir='ltr'><strong>et</strong></span> <span class='ocrx_word' id='word_1_734' title='bbox 2777 3761 3134 3819; x_wconf 88' lang='lat' dir='ltr'><strong>subdiaconus</strong></span> <span class='ocrx_word' id='word_1_735' title='bbox 3186 3766 3277 3820; x_wconf 88' lang='lat' dir='ltr'><strong>tiat</strong></span> <span class='ocrx_word' id='word_1_736' title='bbox 3299 3807 3333 3831; x_wconf 93' lang='lat'><strong>,_</strong></span> <span class='ocrx_word' id='word_1_737' title='bbox 3370 3774 3424 3821; x_wconf 91' lang='lat' dir='ltr'><strong>et</strong></span> <span class='ocrx_word' id='word_1_738' title='bbox 3450 3768 3529 3820; x_wconf 88' lang='lat' dir='ltr'><strong>sic</strong></span> <span class='ocrx_word' id='word_1_739' title='bbox 3552 3767 3620 3821; x_wconf 83' lang='lat' dir='ltr'><strong>ad</strong></span> <span class='ocrx_word' id='word_1_740' title='bbox 3645 3766 3761 3822; x_wconf 80' lang='lat' dir='ltr'><strong>dia-</strong></span> 
     </span>
    </p>
   </div>
   <div class='ocr_carea' id='block_1_99' title="bbox 2180 3830 3765 3927">
    <p class='ocr_par' dir='ltr' id='par_1_99' title="bbox 2180 3830 3765 3927">
     <span class='ocr_line' id='line_1_100' title="bbox 2180 3830 3765 3927; baseline 0.009 -29"><span class='ocrx_word' id='word_1_741' title='bbox 2180 3830 2455 3913; x_wconf 83' lang='lat' dir='ltr'><strong>conatum,</strong></span> <span class='ocrx_word' id='word_1_742' title='bbox 2477 3848 2519 3901; x_wconf 92' lang='lat' dir='ltr'><strong>si</strong></span> <span class='ocrx_word' id='word_1_743' title='bbox 2554 3864 2649 3918; x_wconf 86' lang='lat' dir='ltr'><strong>per</strong></span> <span class='ocrx_word' id='word_1_744' title='bbox 2672 3851 2785 3904; x_wconf 73' lang='lat' dir='ltr'><strong>hmc</strong></span> <span class='ocrx_word' id='word_1_745' title='bbox 2815 3861 3056 3923; x_wconf 88' lang='lat' dir='ltr'><strong>tempora</strong></span> <span class='ocrx_word' id='word_1_746' title='bbox 3078 3855 3269 3924; x_wconf 88' lang='lat' dir='ltr'><strong>dignus</strong></span> <span class='ocrx_word' id='word_1_747' title='bbox 3284 3830 3553 3925; x_wconf 87' lang='lat' dir='ltr'><strong>judicatus</strong></span> <span class='ocrx_word' id='word_1_748' title='bbox 3581 3856 3765 3927; x_wconf 87' lang='lat' dir='ltr'><strong>fuerit,</strong></span> 
     </span>
    </p>
   </div>
   <div class='ocr_carea' id='block_1_100' title="bbox 2180 3940 3761 4022">
    <p class='ocr_par' dir='ltr' id='par_1_100' title="bbox 2180 3940 3761 4022">
     <span class='ocr_line' id='line_1_101' title="bbox 2180 3940 3761 4022; baseline 0.009 -30"><span class='ocrx_word' id='word_1_749' title='bbox 2180 3940 2529 4008; x_wconf 87' lang='lat' dir='ltr'><strong>provehatur.</strong></span> <span class='ocrx_word' id='word_1_750' title='bbox 2575 3941 2779 3999; x_wconf 75' lang='lat' dir='ltr'><strong>Exinde</strong></span> <span class='ocrx_word' id='word_1_751' title='bbox 2799 3945 2910 4014; x_wconf 89' lang='lat' dir='ltr'><strong>jam</strong></span> <span class='ocrx_word' id='word_1_752' title='bbox 2942 3962 3162 4002; x_wconf 86' lang='lat' dir='ltr'><strong>accessu</strong></span> <span class='ocrx_word' id='word_1_753' title='bbox 3200 3957 3498 4019; x_wconf 88' lang='lat' dir='ltr'><strong>temporum</strong></span> <span class='ocrx_word' id='word_1_754' title='bbox 3538 3950 3761 4022; x_wconf 81' lang='lat' dir='ltr'><strong>presby-</strong></span> 
     </span>
    </p>
   </div>
   <div class='ocr_carea' id='block_1_101' title="bbox 2180 4030 3758 4111">
    <p class='ocr_par' dir='ltr' id='par_1_101' title="bbox 2180 4030 3758 4111">
     <span class='ocr_line' id='line_1_102' title="bbox 2180 4030 3758 4111; baseline 0.01 -29"><span class='ocrx_word' id='word_1_755' title='bbox 2180 4030 2374 4084; x_wconf 84' lang='lat' dir='ltr'><strong>terium</strong></span> <span class='ocrx_word' id='word_1_756' title='bbox 2405 4031 2489 4085; x_wconf 90' lang='lat' dir='ltr'><strong>vel</strong></span> <span class='ocrx_word' id='word_1_757' title='bbox 2516 4033 2917 4102; x_wconf 90' lang='lat' dir='ltr'><strong>episcopatum,</strong></span> <span class='ocrx_word' id='word_1_758' title='bbox 2945 4038 2991 4092; x_wconf 92' lang='lat' dir='ltr'><strong>si</strong></span> <span class='ocrx_word' id='word_1_759' title='bbox 3029 4053 3152 4093; x_wconf 90' lang='lat' dir='ltr'><strong>eum</strong></span> <span class='ocrx_word' id='word_1_760' title='bbox 3182 4040 3311 4095; x_wconf 86' lang='lat' dir='ltr'><strong>cieri</strong></span> <span class='ocrx_word' id='word_1_761' title='bbox 3337 4057 3401 4095; x_wconf 86' lang='lat' dir='ltr'><strong>ac</strong></span> <span class='ocrx_word' id='word_1_762' title='bbox 3434 4042 3607 4111; x_wconf 89' lang='lat' dir='ltr'><strong>plebis</strong></span> <span class='ocrx_word' id='word_1_763' title='bbox 3630 4058 3758 4097; x_wconf 79' lang='lat' dir='ltr'><strong>evo-</strong></span> 
     </span>
    </p>
   </div>
   <div class='ocr_carea' id='block_1_102' title="bbox 2177 4122 3297 4187">
    <p class='ocr_par' dir='ltr' id='par_1_102' title="bbox 2177 4122 3297 4187">
     <span class='ocr_line' id='line_1_103' title="bbox 2177 4122 3297 4187; baseline 0.013 -15"><span class='ocrx_word' id='word_1_764' title='bbox 2177 4123 2318 4175; x_wconf 88' lang='lat' dir='ltr'><strong>carit</strong></span> <span class='ocrx_word' id='word_1_765' title='bbox 2344 4122 2560 4187; x_wconf 90' lang='lat' dir='ltr'><strong>electio,</strong></span> <span class='ocrx_word' id='word_1_766' title='bbox 2592 4140 2697 4179; x_wconf 90' lang='lat' dir='ltr'><strong>non</strong></span> <span class='ocrx_word' id='word_1_767' title='bbox 2730 4126 3000 4184; x_wconf 88' lang='lat' dir='ltr'><strong>immerito</strong></span> <span class='ocrx_word' id='word_1_768' title='bbox 3022 4132 3297 4186; x_wconf 83' lang='lat' dir='ltr'><strong>sortietur.</strong></span> 
     </span>
    </p>
   </div>
   <div class='ocr_carea' id='block_1_103' title="bbox 2214 4231 3719 4313">
    <p class='ocr_par' dir='ltr' id='par_1_103' title="bbox 2214 4231 3719 4313">
     <span class='ocr_line' id='line_1_104' title="bbox 2214 4231 3719 4313; baseline 0.009 -28"><span class='ocrx_word' id='word_1_769' title='bbox 2214 4231 2363 4296; x_wconf 82' lang='lat' dir='ltr'><strong>Quod</strong></span> <span class='ocrx_word' id='word_1_770' title='bbox 2389 4236 2604 4290; x_wconf 78' lang='lat' dir='ltr'><strong>clericus</strong></span> <span class='ocrx_word' id='word_1_771' title='bbox 2636 4239 2720 4307; x_wconf 79' lang='lat' dir='ltr'><strong>qui</strong></span> <span class='ocrx_word' id='word_1_772' title='bbox 2751 4241 3027 4294; x_wconf 77' lang='lat' dir='ltr'><strong>secundum</strong></span> <span class='ocrx_word' id='word_1_773' title='bbox 3067 4259 3279 4297; x_wconf 69' lang='lat' dir='ltr'><strong>uxorem</strong></span> <span class='ocrx_word' id='word_1_774' title='bbox 3317 4245 3521 4298; x_wconf 72' lang='lat' dir='ltr'><strong>duxerit</strong></span> <span class='ocrx_word' id='word_1_775' title='bbox 3561 4246 3719 4313; x_wconf 79' lang='lat' dir='ltr'><strong>depo—</strong></span> 
     </span>
    </p>
   </div>
   <div class='ocr_carea' id='block_1_104' title="bbox 2881 4322 3051 4364">
    <p class='ocr_par' dir='ltr' id='par_1_104' title="bbox 2881 4322 3051 4364">
     <span class='ocr_line' id='line_1_105' title="bbox 2881 4322 3051 4364; baseline 0.012 -3"><span class='ocrx_word' id='word_1_776' title='bbox 2881 4322 3051 4364; x_wconf 82' lang='lat' dir='ltr'><strong>natur.</strong></span> 
     </span>
    </p>
   </div>
   <div class='ocr_carea' id='block_1_105' title="bbox 2247 4393 3753 4471">
    <p class='ocr_par' dir='ltr' id='par_1_105' title="bbox 2247 4393 3753 4471">
     <span class='ocr_line' id='line_1_106' title="bbox 2247 4393 3753 4471; baseline 0.012 -24"><span class='ocrx_word' id='word_1_777' title='bbox 2247 4393 2336 4449; x_wconf 83' lang='lat' dir='ltr'><strong>XI.</strong></span> <span class='ocrx_word' id='word_1_778' title='bbox 2376 4396 2624 4465; x_wconf 89' lang='lat' dir='ltr'><strong>Quisquis</strong></span> <span class='ocrx_word' id='word_1_779' title='bbox 2654 4413 2783 4453; x_wconf 88' lang='lat' dir='ltr'><strong>sane</strong></span> <span class='ocrx_word' id='word_1_780' title='bbox 2812 4400 3040 4457; x_wconf 85' lang='lat' dir='ltr'><strong>clericus</strong></span> <span class='ocrx_word' id='word_1_781' title='bbox 3079 4414 3172 4458; x_wconf 90' lang='lat' dir='ltr'><strong>aut</strong></span> <span class='ocrx_word' id='word_1_782' title='bbox 3212 4406 3421 4460; x_wconf 88' lang='lat' dir='ltr'><strong>viduam</strong></span> <span class='ocrx_word' id='word_1_783' title='bbox 3442 4448 3456 4471; x_wconf 93' lang='lat'><strong>,</strong></span> <span class='ocrx_word' id='word_1_784' title='bbox 3487 4418 3581 4463; x_wconf 87' lang='lat' dir='ltr'><strong>aut</strong></span> <span class='ocrx_word' id='word_1_785' title='bbox 3603 4419 3753 4465; x_wconf 80' lang='lat' dir='ltr'><strong>certe</strong></span> 
     </span>
    </p>
   </div>
   <div class='ocr_carea' id='block_1_106' title="bbox 2176 4486 3749 4558">
    <p class='ocr_par' dir='ltr' id='par_1_106' title="bbox 2176 4486 3749 4558">
     <span class='ocr_line' id='line_1_107' title="bbox 2176 4486 3749 4558; baseline 0.015 -24"><span class='ocrx_word' id='word_1_786' title='bbox 2176 4501 2252 4538; x_wconf 70' lang='lat' dir='ltr'><strong>Set</strong></span> <span class='ocrx_word' id='word_1_787' title='bbox 2273 4486 2472 4540; x_wconf 87' lang='lat' dir='ltr'><strong>undam</strong></span> <span class='ocrx_word' id='word_1_788' title='bbox 2495 4487 2779 4556; x_wconf 89' lang='lat' dir='ltr'><strong>conjugem</strong></span> <span class='ocrx_word' id='word_1_789' title='bbox 2828 4489 3060 4558; x_wconf 78' lang='lat' dir='ltr'><strong>duxerit,</strong></span> <span class='ocrx_word' id='word_1_790' title='bbox 3093 4498 3237 4550; x_wconf 87' lang='lat' dir='ltr'><strong>omni</strong></span> <span class='ocrx_word' id='word_1_791' title='bbox 3265 4496 3643 4556; x_wconf 61' lang='lat' dir='ltr'><strong>ecclesiasticae</strong></span> <span class='ocrx_word' id='word_1_792' title='bbox 3669 4500 3749 4556; x_wconf 84' lang='lat' dir='ltr'><strong>di-</strong></span> 
     </span>
    </p>
   </div>
   <div class='ocr_carea' id='block_1_107' title="bbox 2098 4555 3754 4649">
    <p class='ocr_par' dir='ltr' id='par_1_107' title="bbox 2098 4555 3754 4649">
     <span class='ocr_line' id='line_1_108' title="bbox 2098 4555 3754 4649; baseline 0.011 -22"><span class='ocrx_word' id='word_1_793' title='bbox 2098 4555 2146 4612; x_wconf 74' lang='grc' dir='ltr'><strong>Ῑ)</strong></span> <span class='ocrx_word' id='word_1_794' title='bbox 2175 4576 2393 4643; x_wconf 80' lang='lat' dir='ltr'><strong>gnitatis</strong></span> <span class='ocrx_word' id='word_1_795' title='bbox 2426 4555 2706 4648; x_wconf 80' lang='lat' dir='ltr'><strong>privilegio</strong></span> <span class='ocrx_word' id='word_1_796' title='bbox 2749 4597 2875 4636; x_wconf 81' lang='lat' dir='ltr'><strong>mox</strong></span> <span class='ocrx_word' id='word_1_797' title='bbox 2917 4555 3168 4649; x_wconf 83' lang='lat' dir='ltr'><strong>nudetur,</strong></span> <span class='ocrx_word' id='word_1_798' title='bbox 3216 4588 3348 4643; x_wconf 88' lang='lat' dir='ltr'><strong>laica</strong></span> <span class='ocrx_word' id='word_1_799' title='bbox 3399 4598 3606 4644; x_wconf 83' lang='lat' dir='ltr'><strong>tantum</strong></span> <span class='ocrx_word' id='word_1_800' title='bbox 3653 4591 3754 4648; x_wconf 77' lang='lat' dir='ltr'><strong>sibi</strong></span> 
     </span>
    </p>
   </div>
   <div class='ocr_carea' id='block_1_108' title="bbox 2175 4668 3758 4753">
    <p class='ocr_par' dir='ltr' id='par_1_108' title="bbox 2175 4668 3758 4753">
     <span class='ocr_line' id='line_1_109' title="bbox 2175 4668 3758 4753; baseline 0.012 -33"><span class='ocrx_word' id='word_1_801' title='bbox 2175 4668 2555 4724; x_wconf 80' lang='lat' dir='ltr'><strong>communione</strong></span> <span class='ocrx_word' id='word_1_802' title='bbox 2582 4686 2857 4740; x_wconf 88' lang='lat' dir='ltr'><strong>concessa,</strong></span> <span class='ocrx_word' id='word_1_803' title='bbox 2884 4689 3043 4743; x_wconf 86' lang='lat' dir='ltr'><strong>quam</strong></span> <span class='ocrx_word' id='word_1_804' title='bbox 3072 4677 3145 4730; x_wconf 87' lang='lat' dir='ltr'><strong>ita</strong></span> <span class='ocrx_word' id='word_1_805' title='bbox 3170 4678 3381 4734; x_wconf 88' lang='lat' dir='ltr'><strong>demum</strong></span> <span class='ocrx_word' id='word_1_806' title='bbox 3412 4684 3610 4750; x_wconf 91' lang='lat' dir='ltr'><strong>poterit</strong></span> <span class='ocrx_word' id='word_1_807' title='bbox 3630 4697 3758 4753; x_wconf 84' lang='lat' dir='ltr'><strong>pos—</strong></span> 
     </span>
    </p>
   </div>
   <div class='ocr_carea' id='block_1_109' title="bbox 2173 4759 3753 4845">
    <p class='ocr_par' dir='ltr' id='par_1_109' title="bbox 2173 4759 3753 4845">
     <span class='ocr_line' id='line_1_110' title="bbox 2173 4759 3753 4845; baseline 0.013 -35"><span class='ocrx_word' id='word_1_808' title='bbox 2173 4759 2374 4822; x_wconf 83' lang='lat' dir='ltr'><strong>sidere,</strong></span> <span class='ocrx_word' id='word_1_809' title='bbox 2398 4760 2443 4814; x_wconf 90' lang='lat' dir='ltr'><strong>si</strong></span> <span class='ocrx_word' id='word_1_810' title='bbox 2494 4762 2621 4817; x_wconf 84' lang='lat' dir='ltr'><strong>nilul</strong></span> <span class='ocrx_word' id='word_1_811' title='bbox 2656 4774 2841 4833; x_wconf 88' lang='lat' dir='ltr'><strong>postea</strong></span> <span class='ocrx_word' id='word_1_812' title='bbox 2870 4809 2887 4833; x_wconf 86' lang='lat'><strong>,</strong></span> <span class='ocrx_word' id='word_1_813' title='bbox 2918 4778 3138 4838; x_wconf 87' lang='lat' dir='ltr'><strong>propter</strong></span> <span class='ocrx_word' id='word_1_814' title='bbox 3164 4773 3305 4839; x_wconf 89' lang='lat' dir='ltr'><strong>quod</strong></span> <span class='ocrx_word' id='word_1_815' title='bbox 3347 4774 3486 4828; x_wconf 88' lang='lat' dir='ltr'><strong>hanc</strong></span> <span class='ocrx_word' id='word_1_816' title='bbox 3533 4776 3753 4845; x_wconf 77' lang='lat' dir='ltr'><strong>perdat.</strong></span> 
     </span>
    </p>
   </div>
   <div class='ocr_carea' id='block_1_110' title="bbox 2173 4848 2444 4904">
    <p class='ocr_par' dir='ltr' id='par_1_110' title="bbox 2173 4848 2444 4904">
     <span class='ocr_line' id='line_1_111' title="bbox 2173 4848 2444 4904; baseline 0.011 -3"><span class='ocrx_word' id='word_1_817' title='bbox 2173 4848 2444 4904; x_wconf 89' lang='lat' dir='ltr'><strong>admittat.</strong></span> 
     </span>
    </p>
   </div>
   <div class='ocr_carea' id='block_1_111' title="bbox 2458 4968 3462 5043">
    <p class='ocr_par' dir='ltr' id='par_1_111' title="bbox 2458 4968 3462 5043">
     <span class='ocr_line' id='line_1_112' title="bbox 2458 4968 3462 5043; baseline 0.009 -21"><span class='ocrx_word' id='word_1_818' title='bbox 2458 4968 2586 5034; x_wconf 65' lang='lat' dir='ltr'><strong>Quae</strong></span> <span class='ocrx_word' id='word_1_819' title='bbox 2606 4973 2813 5043; x_wconf 75' lang='lat' dir='ltr'><strong>femina:</strong></span> <span class='ocrx_word' id='word_1_820' title='bbox 2832 4990 2947 5027; x_wconf 84' lang='lat' dir='ltr'><strong>cum</strong></span> <span class='ocrx_word' id='word_1_821' title='bbox 2988 4976 3189 5030; x_wconf 79' lang='lat' dir='ltr'><strong>clericis</strong></span> <span class='ocrx_word' id='word_1_822' title='bbox 3214 4980 3462 5033; x_wconf 79' lang='lat' dir='ltr'><strong>habitent.</strong></span> 
     </span>
    </p>
   </div>
   <div class='ocr_carea' id='block_1_112' title="bbox 2244 5056 3750 5141">
    <p class='ocr_par' dir='ltr' id='par_1_112' title="bbox 2244 5056 3750 5141">
     <span class='ocr_line' id='line_1_113' title="bbox 2244 5056 3750 5141; baseline 0.011 -29"><span class='ocrx_word' id='word_1_823' title='bbox 2244 5056 2355 5113; x_wconf 83' lang='grc' dir='ltr'><strong>ΧΠ.</strong></span> <span class='ocrx_word' id='word_1_824' title='bbox 2397 5060 2645 5116; x_wconf 86' lang='lat' dir='ltr'><strong>Feminas</strong></span> <span class='ocrx_word' id='word_1_825' title='bbox 2673 5078 2803 5117; x_wconf 87' lang='lat' dir='ltr'><strong>vero</strong></span> <span class='ocrx_word' id='word_1_826' title='bbox 2834 5078 2941 5119; x_wconf 85' lang='lat' dir='ltr'><strong>non</strong></span> <span class='ocrx_word' id='word_1_827' title='bbox 2981 5066 3117 5121; x_wconf 88' lang='lat' dir='ltr'><strong>alias</strong></span> <span class='ocrx_word' id='word_1_828' title='bbox 3141 5084 3260 5124; x_wconf 87' lang='lat' dir='ltr'><strong>esse</strong></span> <span class='ocrx_word' id='word_1_829' title='bbox 3286 5074 3519 5141; x_wconf 87' lang='lat' dir='ltr'><strong>patimur</strong></span> <span class='ocrx_word' id='word_1_830' title='bbox 3562 5074 3615 5127; x_wconf 90' lang='lat' dir='ltr'><strong>in</strong></span> <span class='ocrx_word' id='word_1_831' title='bbox 3654 5075 3750 5128; x_wconf 88' lang='lat' dir='ltr'><strong>do-</strong></span> 
     </span>
    </p>
   </div>
   <div class='ocr_carea' id='block_1_113' title="bbox 2170 5151 3749 5237">
    <p class='ocr_par' dir='ltr' id='par_1_113' title="bbox 2170 5151 3749 5237">
     <span class='ocr_line' id='line_1_114' title="bbox 2170 5151 3749 5237; baseline 0.011 -33"><span class='ocrx_word' id='word_1_832' title='bbox 2170 5151 2344 5207; x_wconf 89' lang='lat' dir='ltr'><strong>mibus</strong></span> <span class='ocrx_word' id='word_1_833' title='bbox 2388 5154 2706 5209; x_wconf 89' lang='lat' dir='ltr'><strong>clericorum</strong></span> <span class='ocrx_word' id='word_1_834' title='bbox 2735 5198 2749 5220; x_wconf 91' lang='lat'><strong>,</strong></span> <span class='ocrx_word' id='word_1_835' title='bbox 2804 5159 2903 5212; x_wconf 86' lang='lat' dir='ltr'><strong>nisi</strong></span> <span class='ocrx_word' id='word_1_836' title='bbox 2955 5174 3049 5214; x_wconf 89' lang='lat' dir='ltr'><strong>eas</strong></span> <span class='ocrx_word' id='word_1_837' title='bbox 3099 5169 3300 5216; x_wconf 89' lang='lat' dir='ltr'><strong>tantum</strong></span> <span class='ocrx_word' id='word_1_838' title='bbox 3340 5180 3474 5233; x_wconf 90' lang='lat' dir='ltr'><strong>quas</strong></span> <span class='ocrx_word' id='word_1_839' title='bbox 3530 5176 3749 5237; x_wconf 81' lang='lat' dir='ltr'><strong>prapter</strong></span> 
     </span>
    </p>
   </div>
   <div class='ocr_carea' id='block_1_114' title="bbox 2168 5243 3747 5315">
    <p class='ocr_par' dir='ltr' id='par_1_114' title="bbox 2168 5243 3747 5315">
     <span class='ocr_line' id='line_1_115' title="bbox 2168 5243 3747 5315; baseline 0.013 -21"><span class='ocrx_word' id='word_1_840' title='bbox 2168 5243 2314 5297; x_wconf 86' lang='lat' dir='ltr'><strong>solas</strong></span> <span class='ocrx_word' id='word_1_841' title='bbox 2364 5246 2821 5301; x_wconf 86' lang='lat' dir='ltr'><strong>necessitudinum</strong></span> <span class='ocrx_word' id='word_1_842' title='bbox 2847 5264 3041 5304; x_wconf 89' lang='lat' dir='ltr'><strong>causas</strong></span> <span class='ocrx_word' id='word_1_843' title='bbox 3088 5253 3329 5309; x_wconf 85' lang='lat' dir='ltr'><strong>habitare</strong></span> <span class='ocrx_word' id='word_1_844' title='bbox 3366 5272 3499 5310; x_wconf 78' lang='lat' dir='ltr'><strong>cum</strong></span> <span class='ocrx_word' id='word_1_845' title='bbox 3544 5258 3747 5315; x_wconf 83' lang='lat' dir='ltr'><strong>eisdem</strong></span> 
     </span>
    </p>
   </div>
   <div class='ocr_carea' id='block_1_115' title="bbox 2167 5331 2939 5408">
    <p class='ocr_par' dir='ltr' id='par_1_115' title="bbox 2167 5331 2939 5408">
     <span class='ocr_line' id='line_1_116' title="bbox 2167 5331 2939 5408; baseline 0.012 -22"><span class='ocrx_word' id='word_1_846' title='bbox 2167 5335 2403 5399; x_wconf 68' lang='lat' dir='ltr'><strong>synodus</strong></span> <span class='ocrx_word' id='word_1_847' title='bbox 2432 5335 2645 5391; x_wconf 71' lang='lat' dir='ltr'><strong>Nicarna</strong></span> <span class='ocrx_word' id='word_1_848' title='bbox 2678 5331 2939 5408; x_wconf 81' lang='lat' dir='ltr'><strong>permisit.</strong></span> 
     </span>
    </p>
   </div>
   <div class='ocr_carea' id='block_1_116' title="bbox 2532 5451 3370 5529">
    <p class='ocr_par' dir='ltr' id='par_1_116' title="bbox 2532 5451 3370 5529">
     <span class='ocr_line' id='line_1_117' title="bbox 2532 5451 3370 5529; baseline 0.012 -25"><span class='ocrx_word' id='word_1_849' title='bbox 2532 5451 2611 5505; x_wconf 86' lang='lat' dir='ltr'><strong>De</strong></span> <span class='ocrx_word' id='word_1_850' title='bbox 2641 5457 3007 5512; x_wconf 77' lang='lat' dir='ltr'><strong>monachorum</strong></span> <span class='ocrx_word' id='word_1_851' title='bbox 3030 5462 3370 5529; x_wconf 81' lang='lat' dir='ltr'><strong>promotione.</strong></span> 
     </span>
    </p>
   </div>
   <div class='ocr_carea' id='block_1_117' title="bbox 2242 5538 3743 5625">
    <p class='ocr_par' dir='ltr' id='par_1_117' title="bbox 2242 5538 3743 5625">
     <span class='ocr_line' id='line_1_118' title="bbox 2242 5538 3743 5625; baseline 0.013 -33"><span class='ocrx_word' id='word_1_852' title='bbox 2242 5538 2371 5594; x_wconf 73' lang='grc' dir='ltr'>χιιι.</span> <span class='ocrx_word' id='word_1_853' title='bbox 2402 5540 2695 5601; x_wconf 80' lang='lat' dir='ltr'><strong>Monachos</strong></span> <span class='ocrx_word' id='word_1_854' title='bbox 2733 5562 2982 5617; x_wconf 85' lang='lat' dir='ltr'><strong>quoque,</strong></span> <span class='ocrx_word' id='word_1_855' title='bbox 3011 5566 3148 5620; x_wconf 91' lang='lat' dir='ltr'><strong>quos</strong></span> <span class='ocrx_word' id='word_1_856' title='bbox 3180 5560 3357 5607; x_wconf 88' lang='lat' dir='ltr'><strong>tamen</strong></span> <span class='ocrx_word' id='word_1_857' title='bbox 3386 5570 3594 5610; x_wconf 85' lang='lat' dir='ltr'><strong>morum</strong></span> <span class='ocrx_word' id='word_1_858' title='bbox 3616 5562 3743 5625; x_wconf 78' lang='lat' dir='ltr'><strong>gra-</strong></span> 
     </span>
    </p>
   </div>
   <div class='ocr_carea' id='block_1_118' title="bbox 2167 5629 3741 5713">
    <p class='ocr_par' dir='ltr' id='par_1_118' title="bbox 2167 5629 3741 5713">
     <span class='ocr_line' id='line_1_119' title="bbox 2167 5629 3741 5713; baseline 0.014 -33"><span class='ocrx_word' id='word_1_859' title='bbox 2167 5629 2319 5695; x_wconf 80' lang='lat' dir='ltr'><strong>vitas,</strong></span> <span class='ocrx_word' id='word_1_860' title='bbox 2347 5640 2403 5685; x_wconf 93' lang='lat' dir='ltr'><strong>et</strong></span> <span class='ocrx_word' id='word_1_861' title='bbox 2432 5634 2555 5687; x_wconf 66' lang='lat' dir='ltr'><strong>vitae</strong></span> <span class='ocrx_word' id='word_1_862' title='bbox 2604 5652 2669 5691; x_wconf 88' lang='lat' dir='ltr'><strong>ac</strong></span> <span class='ocrx_word' id='word_1_863' title='bbox 2698 5637 2819 5692; x_wconf 85' lang='lat' dir='ltr'><strong>ﬁdei</strong></span> <span class='ocrx_word' id='word_1_864' title='bbox 2872 5641 3137 5709; x_wconf 81' lang='lat' dir='ltr'><strong>institutio</strong></span> <span class='ocrx_word' id='word_1_865' title='bbox 3163 5655 3347 5699; x_wconf 85' lang='lat' dir='ltr'><strong>sancta</strong></span> <span class='ocrx_word' id='word_1_866' title='bbox 3380 5649 3741 5713; x_wconf 82' lang='lat' dir='ltr'><strong>commendat,</strong></span> 
     </span>
    </p>
   </div>
   <div class='ocr_carea' id='block_1_119' title="bbox 2166 5723 3740 5807">
    <p class='ocr_par' dir='ltr' id='par_1_119' title="bbox 2166 5723 3740 5807">
     <span class='ocr_line' id='line_1_120' title="bbox 2166 5723 3740 5807; baseline 0.015 -36"><span class='ocrx_word' id='word_1_867' title='bbox 2166 5723 2480 5778; x_wconf 66' lang='lat' dir='ltr'><strong>clericorum</strong></span> <span class='ocrx_word' id='word_1_868' title='bbox 2510 5729 2698 5782; x_wconf 70' lang='lat' dir='ltr'><strong>oﬁit-iis</strong></span> <span class='ocrx_word' id='word_1_869' title='bbox 2726 5737 2999 5802; x_wconf 78' lang='lat' dir='ltr'><strong>aggregari</strong></span> <span class='ocrx_word' id='word_1_870' title='bbox 3032 5748 3080 5789; x_wconf 85' lang='lat' dir='ltr'><strong>et</strong></span> <span class='ocrx_word' id='word_1_871' title='bbox 3103 5750 3369 5807; x_wconf 81' lang='lat' dir='ltr'><strong>optamus.</strong></span> <span class='ocrx_word' id='word_1_872' title='bbox 3397 5751 3449 5793; x_wconf 84' lang='lat' dir='ltr'><strong>et</strong></span> <span class='ocrx_word' id='word_1_873' title='bbox 3468 5743 3740 5803; x_wconf 83' lang='lat' dir='ltr'><strong>volumus:</strong></span> 
     </span>
    </p>
   </div>
   <div class='ocr_carea' id='block_1_120' title="bbox 2166 5816 3737 5891">
    <p class='ocr_par' dir='ltr' id='par_1_120' title="bbox 2166 5816 3737 5891">
     <span class='ocr_line' id='line_1_121' title="bbox 2166 5816 3737 5891; baseline 0.015 -24"><span class='ocrx_word' id='word_1_874' title='bbox 2166 5816 2234 5867; x_wconf 85' lang='lat' dir='ltr'><strong>ita</strong></span> <span class='ocrx_word' id='word_1_875' title='bbox 2264 5824 2317 5868; x_wconf 91' lang='lat' dir='ltr'><strong>ut</strong></span> <span class='ocrx_word' id='word_1_876' title='bbox 2343 5818 2433 5876; x_wconf 81' lang='lat' dir='ltr'><strong>qui</strong></span> <span class='ocrx_word' id='word_1_877' title='bbox 2459 5818 2592 5874; x_wconf 87' lang='lat' dir='ltr'><strong>intra</strong></span> <span class='ocrx_word' id='word_1_878' title='bbox 2620 5822 2944 5879; x_wconf 80' lang='lat' dir='ltr'><strong>tricesimum</strong></span> <span class='ocrx_word' id='word_1_879' title='bbox 2968 5833 3138 5883; x_wconf 53' lang='lat' dir='ltr'><strong>artatis</strong></span> <span class='ocrx_word' id='word_1_880' title='bbox 3168 5848 3363 5885; x_wconf 87' lang='lat' dir='ltr'><strong>annum</strong></span> <span class='ocrx_word' id='word_1_881' title='bbox 3387 5841 3533 5888; x_wconf 88' lang='lat' dir='ltr'><strong>sunt.</strong></span> <span class='ocrx_word' id='word_1_882' title='bbox 3565 5836 3619 5889; x_wconf 85' lang='lat' dir='ltr'><strong>in</strong></span> <span class='ocrx_word' id='word_1_883' title='bbox 3642 5837 3737 5891; x_wconf 69' lang='lat' dir='ltr'><strong>mi-</strong></span> 
     </span>
    </p>
   </div>
  </div>
