4092 6348
394 302 497 360 2'7

1422 292 1798 351 COLLECTIO
1827 289 2289 348 DECRETORUM
2332 288 2433 347 PP.
2478 294 2613 383 RR.»

3551 294 3657 350 258

398 420 623 476 norious
660 432 762 490 per
781 414 976 488 gradus
997 413 1235 488 singulos
1268 424 1547 472 crescente
1574 422 1819 485 tempore
1844 427 1972 483 pro-
2003 412 2055 472 A
2077 418 2266 465 contra
2285 425 2522 466 canones
2543 418 2597 465 et
2620 407 2901 466 interdicta
2932 416 3113 465 nostra
3135 408 3502 481 provexerint,
3525 424 3657 466 con-

392 522 711 566 moveantur
767 509 1043 565 ordinibus
1059 549 1074 574 ,
1104 517 1159 563 et
1176 508 1255 563 sic
1283 507 1349 562 ad
1373 507 1687 562 diaconatus
1712 505 1797 561 vel
1825 518 1975 575 pres-

392 602 588 675 byterii
615 601 844 671 insignia
875 609 1098 655 malum
1124 600 1299 655 aetatis
1335 598 1741 655 consecratione
1781 610 1975 667 perve-

393 695 567 759 niant,
601 707 704 747 nec
724 691 903 747 statim
934 691 1074 747 saltu
1103 690 1170 745 ad
1199 690 1537 760 episcopatus
1560 688 1769 744 culmen
1791 700 1979 741 ascen-

396 783 561 852 dant,
604 782 709 838 nisi
742 782 798 837 in
838 783 923 838 his
976 782 1164 838 eadem
1196 796 1319 851 qua:
1359 780 1579 849 singulis
1624 778 1978 847 dignitatibus

396 874 646 944 superius
672 870 1021 943 pracliximus,
1051 881 1297 943 tempora
1326 870 1524 925 fuerint
1544 868 1835 925 custodita.

722 978 872 1044 Quod
892 980 1143 1047 paenitens
1169 996 1270 1034 non
1300 980 1396 1050 ﬁat
1422 981 1655 1036 clericus.

466 1067 604 1124 XIV.
630 1066 764 1123 Illud
788 1083 1003 1138 quoque
1032 1083 1130 1122 nos
1156 1083 1255 1137 par
1282 1067 1381 1123 fuit
1409 1069 1695 1139 providere
1724 1077 1803 1133 ut,
1838 1070 1980 1124 sicut

397 1158 777 1231 ptenitentiam
816 1170 976 1226 agere
1005 1158 1252 1227 cuiquam
1281 1174 1389 1214 non
1419 1159 1734 1214 conceditur
1754 1160 1981 1215 clerico-

396 1264 538 1313 rum,
594 1250 668 1301 ita
710 1255 766 1302 et
795 1255 920 1317 post
958 1247 1346 1317 paenitudinem
1390 1264 1455 1303 ac
1484 1249 1981 1305 reconciliationem

398 1339 534 1394 nulli
551 1352 783 1409 unquam
806 1338 944 1393 laico
970 1337 1130 1393 liceat
1151 1338 1410 1394 honorem
1432 1338 1717 1394 clericatus
1739 1338 1981 1408 adipisci,

398 1434 529 1503 quia
569 1432 813 1504 quamvis
858 1432 967 1486 sint
1009 1431 1247 1486 omnium
1272 1440 1621 1502 peccatorum
1660 1432 1983 1499 contagione

401 1523 665 1590 mundati,
697 1522 841 1577 nulla
864 1530 1041 1578 tamen
1063 1522 1261 1578 debent
1287 1524 1645 1592 gerendorum
1674 1540 1982 1581 sacramen-

400 1620 580 1668 torum
609 1611 963 1667 instrumenta
986 1613 1282 1684 suscipere,
1302 1615 1395 1684 qui
1416 1614 1613 1670 dudum
1636 1615 1838 1671 fuerint
1856 1631 1983 1671 vasa

399 1702 675 1757 vitiorum.

404 1814 480 1870 Ut
505 1818 555 1889 si
588 1832 679 1884 per
723 1818 1074 1889 ignorantiam
1102 1820 1179 1872 vel
1207 1819 1479 1886 pauitans,
1505 1819 1584 1873 vel
1605 1820 1860 1889 eligamus,
1893 1828 1981 1872 aut
2014 1788 2060 1847 Β

472 1888 636 1941 vidua:
688 1888 907 1942 maritus
959 1889 1133 1941 clerici
1180 1889 1306 1960 {acti
1354 1891 1581 1959 fuerint,
1632 1888 1735 1944 non
1774 1906 1984 1961 promo-

473 1967 707 2011 veantur.

474 2045 586 2103 XV.
621 2046 689 2101 Et
716 2048 840 2118 quia
871 2050 954 2103 his
979 2048 1226 2105 omnibus
1253 2066 1371 2120 quzc
1404 2050 1457 2104 in
1507 2051 1984 2120 reprehensionem

402 2138 625 2192 veniunt
647 2180 662 2205 ,
694 2138 809 2193 sola
836 2140 1114 2194 excusatio
1144 2139 1494 2207 ignorationis
1522 2140 1833 2195 obtenditur
1855 2180 1870 2206 ,
1900 2143 1987 2197 cui

404 2243 506 2282 nos
534 2228 746 2283 interim
772 2227 938 2283 solius
958 2229 1171 2299 pietatis
1194 2230 1386 2283 intuitu
1407 2244 1627 2284 necesse
1648 2238 1729 2285 est
1752 2230 1989 2285 clemen-

403 2328 492 2374 ter
528 2318 845 2387 ignoscere,
895 2321 1202 2390 quicunque
1232 2322 1530 2389 paenitens,
1564 2322 1874 2393 quicunque
1904 2324 1988 2378 di-

406 2425 592 2479 gamus
616 2453 634 2479 ,
662 2412 971 2483 quicunque
1019 2413 1195 2467 vidute
1232 2414 1456 2468 maritus
1494 2413 1563 2467 ad
1611 2430 1821 2470 sacram
1842 2416 1987 2471 mili-

406 2504 536 2558 tiam
576 2504 810 2559 indebite
853 2514 908 2560 et
961 2506 1388 2575 incompetenter
1434 2507 1690 2577 irrepsit,
1745 2508 1844 2564 hac
1889 2509 1988 2564 sibi

404 2595 717 2650 conditione
762 2611 793 2650 a
832 2596 988 2652 nobis
1033 2598 1246 2653 veniam
1277 2598 1537 2667 intelligat
1565 2601 1879 2667 relaxatam,
1929 2609 1989 2657 ut

406 2684 461 2739 in
488 2698 684 2752 magno
726 2685 923 2740 debeat
961 2696 1277 2757 computare
1320 2687 1617 2754 beneﬁcio,
1648 2690 1693 2747 si
1740 2691 1987 2761 adempta

405 2776 509 2831 sibi
536 2777 682 2831 omni
710 2792 805 2847 spe
829 2779 1205 2847 promotionis,
1232 2779 1284 2833 in
1307 2780 1410 2835 hoc
1438 2794 1544 2849 quo
1574 2781 1876 2836 invenietur
1899 2798 1989 2837 or-

404 2866 549 2932 dine,
582 2877 840 2939 perpetua
869 2868 1161 2924 stabilitate
1172 2878 1521 2941 permaneat:
1551 2871 1987 2941 scituriposthac

404 2958 803 3028 provinciarum
821 2961 1059 3015 omnium
1083 2962 1276 3016 summi
1298 2962 1580 3027 antistites,
1609 2964 1749 3032 quod
1779 2964 1825 3017 si
1847 2964 1985 3019 ultra

405 3048 478 3103 ad
521 3062 705 3105 sacros
732 3050 951 3105 ordines
976 3066 1302 3122 quemquam
1330 3051 1397 3106 de
1429 3052 1624 3107 talibus
1660 3053 1987 3109 crediderint

2080 516 2267 571 gruam
2296 502 2363 557 ab
2392 500 2685 572 apostolica
2717 500 2847 556 sede
2892 499 3240 570 promendam
3288 514 3407 555 esse
3436 508 3656 556 senten-

2080 594 2229 647 tiam.
2276 591 2663 663 Explicuimus,
2712 598 2773 645 ut
2819 591 3071 656 arbitror,
3123 590 3291 645 frater
3326 592 3660 655 charissime,

2080 682 2329 737 universa
2373 696 2493 750 qum
2528 681 2732 750 digesta
2758 688 2885 736 sunt
2921 681 2975 736 in
3004 680 3278 751 querelam
3301 721 3318 746 ,
3350 691 3404 738 et
3450 683 3515 738 ad
3545 684 3662 739 sin-

2079 772 2233 842 gulas
2261 788 2449 828 causas
2474 814 2491 841 ,
2518 771 2586 826 de
2613 772 2807 841 quibus
2848 786 2946 842 per
2974 771 3137 828 lilium
3168 781 3410 828 nostrum
3451 773 3663 828 Bassia-

2082 876 2209 915 num
2220 861 2591 932 presbyterum
2612 860 2680 916 ad
2708 860 3008 916 Romanam
3028 861 3352 931 Ecclesiam,
3376 870 3434 917 ut
3449 871 3575 933 pote
3598 864 3666 919 ad

2083 959 2242 1019 caput
2274 952 2347 1005 tui
2377 952 2621 1021 corporis
2642 991 2658 1016 ,
2701 950 2931 1005 retulisti
2955 992 2970 1018 ,
3001 950 3315 1007 sufficientia
3341 991 3356 1017 ,
3404 961 3664 1024 quantum

2082 1041 2295 1109 opinor,
2325 1055 2583 1109 responsa
2612 1040 2937 1096 reddidimus
2970 1058 2981 1095 :
3013 1056 3157 1095 nunc
3182 1041 3531 1099 fraternitatis
3562 1052 3666 1099 tute

2083 1129 2319 1184 animum
2348 1131 2415 1185 ad
2442 1131 2732 1187 servandos
2757 1146 2997 1187 canones
3023 1138 3078 1186 et
3112 1132 3346 1187 tenenda
3375 1133 3667 1188 decretalis

2084 1221 2377 1276 constituta
2417 1221 2587 1290 magis
2615 1236 2679 1275 ac
2699 1222 2868 1289 magis
2897 1221 3196 1276 incitamus.
3226 1220 3295 1275 Ut
3321 1222 3434 1277 haec
3459 1238 3577 1292 quae
3598 1223 3667 1279 ad

2038 1350 2045 1355 -
2084 1320 2173 1366 tua
2194 1312 2437 1367 consulta
2457 1311 2848 1382 rescripsimus,
2885 1311 2937 1365 in
2964 1312 3199 1366 omnium
3221 1313 3669 1383 coepiscoporum

2086 1414 2392 1459 nostrorum
2442 1404 2668 1473 perferri
2714 1401 2880 1458 facias
2930 1404 3225 1469 notionem,
3276 1412 3331 1459 et
3360 1420 3467 1460 non
3493 1386 3670 1460 solum

2084 1511 2272 1551 eorum
2313 1497 2401 1563 qui
2431 1496 2484 1549 in
2517 1506 2605 1549 tua
2635 1503 2759 1549 sunt
2810 1495 3024 1551 dimcesi
3051 1496 3358 1561 constituti,
3386 1495 3480 1551 sed
3506 1496 3671 1552 etiam

2086 1588 2153 1642 ad
2208 1589 2491 1642 universos
2520 1586 2992 1655 Carthaginienses
3020 1603 3083 1642 ac
3110 1588 3356 1654 Baeticos,
3387 1587 3672 1646 Lusitanos
3718 1612 3723 1617 ί

2087 1690 2250 1750 atque
2295 1680 2531 1735 Gallicos
2554 1721 2569 1746 ,
2609 1678 2696 1733 vel
2725 1694 2819 1733 eos
2860 1679 2949 1749 qui
3006 1680 3191 1734 vicinis
3223 1680 3317 1735 tibi
3352 1680 3672 1735 collimitant

2087 1770 2214 1824 hinc
2262 1771 2385 1825 inde
2435 1769 2720 1841 provinciis
2766 1770 2880 1824 lucc
2925 1785 3045 1839 quae
3072 1785 3101 1823 a
3142 1771 3294 1825 nobis
3323 1780 3449 1825 sunt
3475 1771 3673 1827 salubri

2089 1860 2426 1915 ordinatione
2465 1860 2755 1929 disposita,
2797 1860 2893 1914 sub
2924 1860 3221 1915 litterarum
3249 1869 3457 1916 tuarum
3486 1877 3674 1934 prose-

2089 1954 2305 2008 cutioue
2328 1952 2626 2005 mittantur.
2656 1951 2723 2004 Et
2745 1967 3050 2021 quanquam
3074 1961 3272 2007 statuta
3293 1953 3435 2009 sedis
3463 1963 3676 2025 aposto-

2089 2043 2231 2107 licae,
2264 2043 2349 2097 vel
2370 2058 2636 2097 canonum
2665 2042 2991 2098 venerabilia
3020 2043 3237 2098 definita
3263 2044 3393 2099 nulli
3422 2045 3674 2102 sacerdo-

2091 2142 2203 2189 tum
2234 2134 2447 2189 Domini
2474 2134 2723 2202 ignorare
2750 2135 2819 2189 sit
2848 2133 3096 2201 liberum,
3154 2144 3213 2190 ut
3246 2136 3385 2191 illius
3416 2144 3594 2191 tamen
3619 2146 3675 2193 et

2089 2241 2188 2296 pro
2216 2226 2539 2296 antiquitate
2566 2225 2854 2280 sacerdotii
2886 2226 2959 2280 tui
2990 2226 3264 2281 dilectioni
3297 2236 3398 2280 tute
3427 2242 3546 2282 esse
3573 2227 3673 2282 ad-

2088 2316 2308 2372 modum
2337 2317 2537 2388 poterit
2562 2318 2855 2385 gloriosum
2880 2360 2896 2386 ,
2953 2319 2997 2373 si
3025 2333 3089 2373 ea
3130 2334 3250 2388 quae
3278 2319 3343 2373 ad
3374 2328 3426 2374 te
3454 2320 3673 2389 speciali

2089 2408 2307 2463 nomine
2360 2408 2683 2477 generaliter
2721 2408 2920 2479 scripta
2975 2417 3115 2473 sunt,
3170 2424 3265 2479 per
3308 2410 3674 2467 unanimitatis

2090 2506 2194 2554 tute
2240 2499 2655 2554 sollicitudinem
2703 2500 2757 2554 in
2805 2500 3173 2555 universorum
3211 2500 3432 2556 fratrum
3462 2512 3675 2558 nostro—

2088 2606 2205 2645 rum
2237 2591 2481 2645 notitiam
2513 2589 2871 2660 perferantur,
2901 2601 3166 2660 quatenus
3214 2602 3268 2646 ct
3312 2607 3433 2661 quae
3459 2609 3488 2647 a
3520 2594 3672 2648 nobis

2090 2697 2197 2736 non
2242 2681 2577 2747 inconsulte,
2630 2680 2723 2736 sed
2767 2682 2990 2751 provide
3017 2682 3116 2737 sub
3148 2684 3309 2740 nimia
3359 2687 3569 2740 cautela
3618 2697 3674 2742 et

2089 2773 2480 2828 deliberatione
2509 2782 2636 2829 sunt
2678 2782 2732 2828 et
2779 2773 3063 2828 salubriter
3102 2777 3411 2841 constituta,
3445 2778 3672 2834 inteme-

2088 2873 2203 2919 rata
2234 2875 2604 2933 permaneant,
2634 2872 2689 2918 et
2716 2865 2964 2919 omnibus
2994 2866 3044 2918 in
3069 2874 3338 2934 posterum
3369 2871 3672 2925 excusatio-

2088 2954 2245 3009 nibus
2287 2953 2461 3009 aditus
2484 2995 2497 3018 ,
2523 2956 2616 3024 qui
2640 2954 2752 3023 jam
2777 2956 2904 3009 nulli
2935 2956 3072 3024 apud
3101 2971 3200 3009 nos
3229 2966 3414 3025 patere
3443 2961 3668 3028 poterit,

2088 3046 2414 3101 obstruetur.
2441 3046 2571 3099 Data
2600 3062 2655 3100 ιιι
2688 3046 2804 3099 idus
2826 3045 3136 3110 Februarii,
3168 3046 3398 3103 Arcadio
3419 3057 3475 3102 et
3497 3049 3668 3106 Bauto

406 3141 805 3207 assumendum,
854 3150 910 3197 et
954 3141 1023 3197 de
1074 3156 1173 3197 suo
1214 3150 1269 3197 et
1315 3141 1382 3197 de
1432 3156 1619 3197 eorum
1658 3150 1803 3197 statu
1849 3159 1985 3213 quos
2013 3156 2061 3220 ο
2089 3156 2173 3194 vv.
2207 3153 2287 3193 cc.
2316 3153 2491 3193 conss.
2518 3137 2640 3209 (An.
2665 3135 2855 3190 Christi
2883 3134 3033 3206 585.)

406 3289 3653 3322 —___________________________

1446 3380 1817 3443 DECRETA
1863 3383 2319 3446 INNOCENTII
2370 3386 2460 3444 PA
2476 3384 2614 3442 ΗΕ.

476 3580 817 3640 Innocentius
852 3583 1109 3640 Decentio
1149 3585 1405 3655 episcopo
1425 3583 1708 3654 Eugubino
1733 3584 1983 3640 salutem.

478 3674 534 3729 Si
562 3675 803 3729 instituta
825 3674 1210 3741 ecclesiastica,
1241 3682 1301 3728 ut
1321 3683 1446 3729 sunt
1470 3691 1502 3729 a
1524 3675 1700 3730 beatis
1729 3675 1990 3745 apostolis

332 3801 344 3811 ο
406 3766 640 3832 tradita,
673 3767 877 3835 integra
899 3767 1098 3822 vellent
1144 3781 1361 3822 servare
1402 3766 1615 3821 Domini
1654 3768 1986 3832 sacerdotes,

405 3860 553 3914 nulla
582 3859 857 3914 diversitas
878 3897 893 3923 ,
922 3859 1063 3913 nulla
1092 3859 1323 3913 varietas
1349 3859 1402 3912 in
1432 3859 1563 3929 ipsis
1612 3859 1888 3915 ordinibus
1928 3875 1993 3916 ac

405 3950 905 4005 consecrationibus
946 3950 1255 4005 haberetur.
1300 3948 1559 4004 Seddum
1601 3950 1984 4020 unusquisque,

408 4055 519 4095 non
547 4041 691 4111 quod
740 4040 992 4095 traditum
1037 4049 1151 4106 est,
1179 4041 1272 4096 sed
1300 4042 1443 4111 quod
1468 4042 1571 4097 sibi
1596 4043 1768 4097 visum
1808 4042 1988 4110 fuerit,

407 4131 516 4187 hoc
540 4132 811 4186 existimat
838 4147 957 4188 esse
978 4133 1287 4200 tenendum,
1315 4135 1439 4189 inde
1458 4134 1671 4190 diversa
1692 4135 1747 4188 in
1767 4134 1992 4190 diversis

407 4222 542 4279 locis
570 4223 655 4278 vel
681 4223 936 4281 Ecclesiis
968 4234 1060 4279 aut
1099 4227 1272 4280 teneri
1313 4234 1406 4280 aut
1431 4227 1691 4282 celebrari
1721 4226 1990 4291 videntur,

407 4328 475 4368 ac
501 4312 559 4367 lit
579 4315 885 4370 scandalum
909 4318 1142 4386 populis,
1157 4317 1248 4385 qui
1268 4317 1395 4371 dum
1418 4319 1661 4373 nesciunt
1683 4317 1995 4373 traditiones

406 4404 655 4473 antiquas
696 4406 928 4461 humana
975 4409 1391 4478 praesumptione
1446 4419 1748 4479 corruptas,
1800 4418 1992 4481 putant

2093 3600 2249 3641 mana
2291 3585 2559 3649 custodit,
2602 3600 2629 3638 a
2659 3598 2765 3653 qua
2789 3599 2882 3640 eos
2908 3586 3228 3656 principium
3257 3592 3532 3661 accepisse
3558 3610 3666 3651 non

2090 3678 2310 3733 dubium
2354 3684 2457 3743 est,
2505 3692 2575 3730 ne
2622 3677 2747 3731 dum
2791 3677 3085 3746 peregrinis
3126 3681 3509 3738 assertionibus
3554 3696 3668 3740 stu-

2091 3769 2274 3835 deant,
2305 3776 2467 3838 caput
2488 3767 2882 3822 institutionum
2910 3768 3194 3823 videantur
3219 3772 3484 3827 omittere.
3511 3772 3666 3845 Step3

2092 3860 2431 3915 dilectionem
2462 3867 2608 3913 tuam
2655 3859 2719 3912 ad
2759 3860 2941 3913 urbem
2970 3860 3197 3925 venisse,
3225 3877 3288 3917 ac
3311 3863 3583 3920 nobiscmn
3615 3867 3668 3922 in

2092 3948 2333 4004 Ecclesia
2357 3948 2673 4003 convenisse
2698 3964 2805 4002 non
2824 3949 3041 4003 dubium
3066 3958 3164 4016 est,
3196 3960 3249 4006 et
3276 3968 3434 4021 quem
3464 3971 3671 4013 murem

2091 4040 2177 4094 vel
2204 4040 2257 4093 in
2289 4038 2667 4093 consecrandis
2695 4039 2963 4111 mysteriis
2983 4084 2996 4108 ,
3027 4041 3114 4095 vel
3143 4040 3194 4096 in
3224 4046 3431 4100 creteris
3452 4047 3671 4115 agendis

2090 4129 2299 4183 arcanis
2322 4135 2519 4193 teneat,
2552 4131 2866 4198 cognovisse
2885 4170 2898 4194 ,
2931 4132 3073 4198 quod
3103 4132 3350 4188 sufficere
3380 4136 3674 4192 arbitrarer

2095 4216 2162 4271 ad
2207 4216 2637 4272 informationem
2666 4216 2915 4272 Ecclesim
2938 4226 3072 4281 tuae,
3103 4220 3186 4274 vel
3215 4221 3672 4296 reformationem,

2096 4309 2140 4367 si
2168 4311 2588 4380 prmdecessores
2623 4311 2700 4363 tui
2730 4310 2905 4363 minus
2946 4311 3142 4382 aliquid
3181 4323 3272 4367 aut
3310 4315 3465 4371 aliter
3490 4326 3677 4374 tenue‘

2095 4404 2202 4459 rint
2224 4445 2237 4468 ,
2270 4403 2400 4457 satis
2442 4411 2646 4457 certum
2677 4402 2927 4457 haberem
2955 4446 2969 4470 ,
3012 4404 3109 4457 nisi
3140 4405 3206 4459 de
3235 4406 3498 4477 aliquibus
3544 4426 3675 4467 con-

406 4493 509 4549 sibi
537 4503 630 4549 aut
649 4494 902 4551 Ecclesiis
925 4513 1030 4553 non
1064 4501 1374 4565 convenire,
1402 4509 1494 4555 aut
1528 4503 1594 4556 ab
1627 4502 1887 4571 apostolis
1909 4504 1993 4557 vel
2023 4515 2075 4573 1)
2098 4494 2350 4548 ευιεηάοε
2414 4507 2511 4546 ηοδ
2559 4507 2677 4547 esse
2732 4491 2995 4547 dUXiSSCS-
3066 4493 3270 4560 Qllibus
3332 4498 3533 4555 idcirco
3599 4518 3679 4557 re-

406 4585 717 4654 apostolicis
745 4587 871 4643 viris
892 4590 1330 4645 contrarietatem
1371 4591 1667 4646 inductam.
1700 4591 1830 4659 Quis
1852 4594 1992 4649 enim

406 4674 618 4729 nesciat
638 4715 657 4740 ,
705 4685 800 4730 aut
826 4692 934 4731 non
959 4678 1221 4743 advertat,
1278 4679 1330 4733 id
1359 4680 1501 4748 quod
1531 4697 1560 4734 a
1590 4683 1831 4752 principe
1862 4698 1995 4752 apo.

406 4768 667 4822 stolorutn
714 4767 875 4824 Petro
928 4769 1188 4826 Romana:
1228 4771 1482 4828 Ecclesia:
1512 4775 1763 4828 traditum
1798 4785 1900 4840 est,
1931 4790 1995 4829 ac

411 4870 558 4912 nunc
588 4872 756 4926 usque
783 4858 1084 4913 custoditur
1110 4899 1127 4926 ,
1156 4862 1225 4915 ab
1264 4861 1514 4915 omnibus
1543 4862 1741 4917 debere
1770 4866 1990 4931 servari,

413 4960 517 5002 nec
542 4950 823 5019 superduci
854 4959 947 5005 aut
973 4952 1244 5008 introduci
1278 4954 1477 5022 aliquid
1532 4956 1676 5023 quod
1703 4965 1794 5009 aut
1822 4966 2000 5011 aucto-

411 5037 629 5093 ritatem
678 5055 785 5103 non
831 5041 1047 5105 habeat,
1102 5052 1196 5097 aut
1241 5043 1455 5098 aliunde
1479 5046 1729 5113 accipere
1753 5044 2002 5100 videatur

412 5127 758 5197 exemplum?
780 5127 1083 5184 Praesertim
1100 5146 1222 5185 cum
1253 5132 1323 5185 sit
1350 5132 1689 5188 manifestum
1711 5134 1761 5187 in
1786 5149 2000 5189 omnem

409 5213 639 5285 Italiam,
666 5217 890 5289 Gallias,
911 5219 1214 5292 Hispanias,
1247 5222 1509 5289 Africam,
1544 5233 1704 5293 atque
1733 5225 1998 5290 Siciliam,

414 5309 718 5381 insulasque
740 5312 1140 5381 interiacentes,
1161 5314 1362 5368 nullum
1395 5316 1687 5371 instituisse
1712 5318 2000 5383 Ecclesias,

412 5399 513 5455 nisi
546 5415 643 5457 eos
696 5415 833 5469 quos
866 5402 1187 5457 venerabilis
1220 5405 1498 5472 apostolus
1540 5404 1729 5461 Petrus
1768 5415 1861 5459 aut
1888 5406 2003 5475 ejus

413 5507 758 5548 successores
796 5494 1176 5549 constituerint
1220 5495 1560 5564 sacerdotes,
1593 5509 1684 5550 aut
1711 5499 1905 5566 legant,
1957 5499 2001 5552 si

414 5580 465 5635 in
499 5584 561 5639 iis
587 5585 883 5655 provinciis
908 5586 1044 5641 alius
1066 5587 1439 5657 apostolorum
1481 5589 1749 5642 invenitur
1781 5598 1875 5642 aut
1923 5590 2001 5643 le-

414 5676 557 5744 gitur
578 5674 842 5731 docuisse.
883 5676 984 5743 Qui
1012 5678 1056 5731 si
1087 5693 1195 5733 non
1222 5677 1427 5748 legunt,
1457 5681 1582 5747 quia
1614 5694 1871 5747 nusquam
1916 5682 1997 5735 in-

418 5764 667 5827 veniunt,
709 5775 924 5837 oportet
966 5783 1062 5823 eos
1091 5768 1195 5823 hoc
1235 5769 1384 5837 sequi
1431 5770 1573 5838 quod
1606 5769 1844 5824 Ecclesia
1888 5770 1995 5826 lto-

2102 4584 2445 4656 spondemus,
2496 4598 2602 4639 non
2642 4598 2750 4653 quo
2799 4591 2851 4638 te
2876 4584 3054 4654 aliqua
3086 4586 3334 4654 ignorare
3362 4592 3679 4665 credamus,

2100 4675 2192 4729 sed
2241 4683 2299 4727 ut
2336 4674 2526 4742 majori
2581 4674 2901 4727 auctoritate
2944 4675 3027 4728 vel
3080 4682 3199 4731 tuos
3255 4677 3544 4751 instituas,
3593 4685 3681 4740 vel

2101 4768 2146 4821 si
2198 4768 2287 4837 qui
2338 4783 2366 4820 a
2400 4766 2651 4821 Romancc
2706 4765 2961 4821 Ecclesia:
3009 4768 3432 4829 institutionibus
3475 4785 3677 4844 errant,

2104 4866 2163 4911 ut
2192 4872 2555 4922 commoneas,
2610 4867 2704 4910 aut
2750 4857 2985 4912 indicare
3034 4875 3139 4914 non
3187 4860 3428 4930 differas,
3461 4875 3519 4919 ut
3540 4867 3682 4924 scire

2104 4949 2376 5002 valeamus
2420 4948 2509 5017 qui
2559 4948 2664 5001 sint
2700 4948 2791 5018 qui
2839 4958 2931 5002 aut
2959 4950 3225 5006 novitates
3279 4953 3556 5020 inducunt,
3589 4966 3685 5012 aut

2102 5037 2321 5092 alterius
2340 5036 2606 5100 Ecclesiae,
2638 5051 2797 5106 quam
2825 5037 3100 5108 Romanae,
3118 5041 3427 5099 existimant
3454 5060 3685 5101 consue-

2104 5129 2340 5183 tudinem
2369 5132 2489 5183 esse
2512 5129 2847 5183 servandam.

2315 5288 2394 5344 De
2421 5306 2548 5360 pace
2572 5301 2688 5361 post
2714 5293 2949 5363 confecta
2981 5293 3227 5363 mysteria
3269 5293 3465 5350 danda.

2181 5405 2220 5459 Ι.
2272 5404 2464 5461 Pacem
2512 5406 2673 5474 igitur
2717 5406 2914 5461 asseris
2959 5415 3084 5462 ante
3130 5406 3377 5463 confecta
3426 5413 3682 5484 mysteria

2109 5498 2365 5567 quosdam
2396 5498 2605 5568 populis
2631 5499 2897 5567 imperare
2921 5537 2935 5562 ,
2964 5500 3045 5555 vel
3068 5500 3169 5556 sibi
3200 5500 3344 5556 inter
3376 5504 3687 5560 sacerdotes

2107 5590 2336 5652 tradere,
2360 5604 2479 5644 cum
2510 5596 2630 5658 post
2647 5588 2843 5649 omnia.
2866 5602 2985 5656 quae
3006 5589 3214 5659 aperire
3235 5604 3342 5645 non
3368 5591 3555 5657 debeo,
3579 5609 3686 5665 pax

2104 5682 2172 5735 sit
2199 5681 2503 5735 necessario
2529 5678 2829 5733 indicenda.
2880 5677 2980 5733 Per
3007 5696 3168 5751 quam
3191 5692 3402 5741 constet
3423 5685 3679 5755 populum

2104 5770 2169 5824 ad
2209 5772 2383 5825 omnia
2415 5785 2530 5839 quae
2564 5771 2613 5823 in
2645 5771 2913 5840 mysteriis
2940 5779 3183 5838 aguntur,
3218 5782 3377 5844 atque
3406 5776 3457 5829 in
3491 5774 3681 5830 Eccle-
