4092 6348
404 254 516 308 29

1692 244 2041 303 DIONYSIFS
2083 243 2397 298 l'l‘ilC'L'L‘S.

3565 246 3669 305 240

410 368 487 421 sia
517 366 853 422 celebrantur
875 402 890 426 .
915 360 1201 432 praebuisse
1227 372 1567 425 consensum,
1600 375 1664 415 ac
1696 358 1844 415 ﬁnita
1868 375 1986 416 esse
2015 372 2063 432 Α
2091 360 2237 424 dum,
2267 360 2360 415 sed
2379 359 2605 415 dicimus
2626 367 2681 413 et
2708 359 2933 413 sabbato
2964 359 3065 412 hoc
3092 354 3375 424 agendum,
3406 353 3531 424 quia
3557 370 3674 407 am-

408 458 555 530 pacis
585 454 953 513 concludentis
978 451 1254 522 signaculo
1283 450 1739 507 dcmonstrentur.

413 568 490 623 De
531 563 816 623 nominibus
854 570 974 616 ante
996 576 1198 631 precem
1237 561 1522 615 sacerdotis
1552 577 1656 616 non
1686 561 1989 615 recitandis.

481 682 544 737 ll.
578 682 654 737 De
678 677 981 735 nominibus
1008 689 1139 729 vero
1178 673 1498 739 recitandis,
1529 683 1817 744 antequam
1870 688 1995 743 pre-

415 792 531 832 cem
553 771 799 830 sacerdos
820 770 999 835 faciat,
1022 774 1184 836 atque
1205 781 1390 821 eorum
1417 766 1740 830 oblationes,
1764 779 1993 834 quorum

415 868 629 924 nomina
668 860 948 919 recitanda
998 868 1141 923 sunt,
1193 873 1290 915 sua
1342 858 1589 913 oratione
1634 856 1992 921 commendet,

415 950 572 1026 quam
595 950 923 1023 superﬂuum
942 950 1031 1015 sit,
1059 956 1113 1004 et
1134 949 1250 1019 ipse
1272 963 1371 1018 pro
1398 955 1494 1003 tua
1526 946 1809 1017 prudentia
1840 962 1995 1002 reco-

414 1047 648 1116 gnoscis,
694 1053 753 1100 ut
781 1043 932 1112 cujus
959 1041 1196 1095 hostiam
1226 1041 1455 1094 necdum
1486 1038 1596 1094 Deo
1618 1038 1812 1094 offeras
1837 1078 1852 1103 ,
1882 1040 1997 1106 ejus

415 1148 540 1198 ante
568 1152 763 1194 nomen
804 1136 1042 1191 insinues
1066 1149 1080 1199 ;
1111 1132 1355 1202 quamvis
1384 1132 1460 1186 illi
1489 1130 1817 1199 incognitum
1865 1128 1997 1183 nihil

416 1233 506 1286 sit.
538 1228 690 1284 Prius
726 1242 855 1296 ergo
894 1225 1198 1281 oblationes
1241 1232 1367 1278 sunt
1413 1220 1850 1277 commendandae
1875 1262 1890 1288 ,
1933 1234 1997 1274 ac

418 1332 548 1375 tunc
568 1334 753 1375 eorum
776 1318 1009 1381 nomina,
1034 1331 1260 1386 quorum
1289 1323 1431 1381 sunt,
1457 1313 1738 1381 edicenda,
1766 1321 1825 1367 ut
1860 1312 1999 1366 inter

408 1425 569 1465 sacra
600 1409 851 1481 mysteria
876 1407 1235 1471 nominentur,
1268 1420 1377 1460 non
1406 1404 1545 1459 inter
1572 1404 1675 1458 alia
1728 1416 1847 1473 quae
1875 1409 2001 1457 ante

416 1500 807 1571 praemittimus,
831 1508 888 1552 ut
917 1498 1043 1566 ipsis
1065 1497 1336 1567 mysteriis
1363 1495 1505 1549 viam
1535 1495 1725 1549 futuris
1749 1494 1999 1565 precibus

410 1591 740 1659 aperiamus.

457 1696 604 1761 Quod
645 1715 746 1753 non
792 1698 1009 1753 debeant
1051 1697 1296 1781 baptizati
1326 1698 1427 1752 nisi
1467 1698 1528 1750 ab
1557 1698 1809 1768 episcoPis
1838 1714 1963 1751 con-

1095 1785 1313 1839 signari.

493 1879 574 1934 Ill.
601 1880 675 1935 De
697 1878 1071 1947 consignandis
1092 1892 1221 1932 vero
1248 1876 1538 1931 infantibus
1560 1876 1899 1932 manifestum
1921 1883 2001 1931 est

420 1987 528 2027 non
559 1971 626 2025 ab
659 1970 765 2025 alio
786 1984 944 2039 quam
967 1969 1033 2023 ab
1058 1968 1308 2037 episcopo
1340 1966 1451 2020 fieri
1480 1966 1663 2021 licere.
1697 1966 1827 2020 Nam
1850 1981 2001 2035 pres—

422 2063 616 2136 byteri,
648 2061 773 2115 licet
800 2060 905 2114 sint
949 2057 1279 2125 sacerdotes,
1312 2056 1650 2126 pontiﬁcatus
1683 2066 1857 2111 tamen
1888 2057 2003 2125 api-

428 2168 541 2208 eem
565 2168 672 2207 non
700 2150 917 2205 habent.
954 2148 1069 2203 Hoc
1099 2156 1285 2202 autem
1308 2147 1649 2217 pontificibus
1670 2148 1797 2202 solis
1819 2146 2003 2202 deberi

427 2257 483 2301 ut
511 2247 594 2302 vel
622 2244 955 2313 consignent,
988 2243 1073 2297 vel
1102 2242 1429 2313 paracletu-n
1458 2242 1714 2312 Spiritum
1767 2240 2000 2305 tradant,

426 2354 531 2393 non
552 2338 725 2393 solum
753 2334 1084 2390 consuetudo
1114 2333 1475 2388 ecclesiastica
1513 2332 1877 2397 demonstrat,
1907 2346 2001 2385 ve-

426 2446 543 2485 rum
576 2440 630 2484 et
670 2429 759 2482 illa
788 2426 947 2481 lectio
975 2425 1205 2479 Actuum
1233 2423 1595 2493 apostolorum
1624 2464 1637 2489 ,
1667 2436 1784 2489 qua:
1814 2419 2006 2475 asserit

426 2524 641 2577 Petrum
671 2530 725 2576 et
750 2520 1011 2574 Joannem
1039 2533 1159 2573 esse
1191 2516 1442 2580 directos,
1473 2515 1563 2585 qui
1587 2515 1698 2584 jam
1722 2514 2005 2584 baptizatis

428 2613 640 2667 tradant
685 2609 945 2679 Spiritum
1002 2615 1264 2663 sanctum.
1317 2605 1449 2659 Nam
1504 2605 1852 2675 presbyteris,
1908 2619 2005 2659 seu

429 2711 582 2757 extra
610 2702 920 2770 episcopum
946 2736 959 2761 ,
990 2713 1082 2752 seu
1113 2706 1376 2768 praesente
1403 2696 1657 2766 episcopo
1695 2712 1816 2751 cum
1841 2696 2009 2765 bapti-

427 2802 568 2857 zant,
602 2793 889 2847 chrismate
916 2789 1215 2859 baptizatos
1236 2801 1435 2856 ungere
1462 2787 1616 2853 licet,
1647 2786 1741 2841 sed
1769 2785 1913 2856 quod
1940 2785 2007 2839 ab

428 2884 678 2953 episcopo
705 2880 863 2933 fuerit
892 2885 1287 2942 consecratum,
1332 2891 1439 2931 non
1480 2883 1658 2930 tamen
1686 2874 1917 2929 frontem
1940 2889 2008 2928 ex

428 2972 618 3025 eodem
659 2970 781 3024 oleo
828 2968 1058 3037 signare,
1102 2967 1246 3036 quod
1288 2966 1417 3021 solis
1453 2964 1679 3020 debetur
1718 2965 2003 3034 episcopis,

430 3080 551 3119 cum
577 3064 791 3119 tradunt
820 3062 1076 3133 Spiritum
1106 3059 1640 3135 paracletum.Yerba
1671 3075 1799 3115 vero
1829 3059 2009 3114 dicere

396 3174 537 3210 ~non
594 3171 810 3225 possum
837 3194 853 3219 ,
899 3170 966 3209 ne
1016 3154 1185 3221 magis
1230 3152 1456 3223 prodere
1502 3151 1705 3217 videar,
1755 3165 1915 3221 quam
1940 3150 2008 3205 ad

433 3246 883 3301 consultationem
924 3246 1269 3315 respondere.

731 3353 879 3417 Quod
906 3354 1000 3406 rite
1022 3354 1160 3407 omni
1188 3352 1400 3408 sabbato
1416 3352 1704 3423 jejunetur.

500 3446 588 3499 iV.
633 3445 869 3498 Sabbato
900 3459 1028 3498 vero
1053 3443 1403 3513 jejunandum
1433 3459 1554 3500 esse
1598 3444 1736 3499 ratio
1785 3443 2008 3499 eviden-

436 3537 635 3590 tissima
659 3533 1009 3590 demonstrat.
1042 3533 1173 3587 Nam
1201 3534 1245 3587 si
1270 3534 1412 3587 diem
1455 3533 1782 3589 dominicum
1823 3534 1893 3589 ob
1917 3549 2012 3588 ve-

436 3626 726 3681 nerabilem
755 3624 1204 3678 resurrectionem
1235 3623 1450 3678 Domini
1478 3624 1647 3678 nostri
1667 3622 1792 3679 Jesu
1811 3623 2011 3679 Christi

440 3732 545 3769 non
589 3714 760 3770 solum
811 3713 860 3767 in
892 3710 1098 3766 Pascha
1122 3712 1477 3777 celebramus,
1506 3728 1695 3768 verum
1723 3715 1887 3769 etiam
1916 3728 2015 3784 per

432 3805 670 3873 singulos
683 3802 913 3857 circulos
935 3798 1382 3855 hebdomadarum
1414 3801 1579 3872 ipsius
1599 3802 1704 3857 diei
1727 3802 2011 3872 imaginem

433 3899 856 3966 frequentamus,
906 3908 969 3946 ac
1016 3891 1062 3946 si
1108 3899 1259 3946 sexta
1303 3890 1435 3947 feria
1466 3902 1684 3963 propter
1706 3895 2010 3964 passionem

438 3987 644 4042 Domini
670 3986 993 4055 jejunamus,
1021 3983 1302 4038 sabbatum
1335 3986 1748 4055 praetermittere
1780 4003 1886 4042 non
1918 3987 2013 4043 de-

434 4081 638 4143 bemus,
670 4077 811 4146 quod
839 4077 978 4130 inter
1009 4075 1278 4130 tristitiam
1307 4084 1468 4146 atque
1491 4077 1726 4134 Letitiam
1755 4080 2012 4149 temporis

433 4174 571 4225 illius
595 4169 800 4223 videtur
821 4167 1101 4222 inclusum.
1126 4165 1258 4221 Nam
1281 4168 1464 4237 utique
1484 4178 1697 4224 constat
1736 4173 2012 4240 apostolos

436 4262 595 4316 biduo
618 4262 720 4314 isto
751 4260 802 4313 in
831 4258 1044 4313 tristitia
1093 4266 1147 4311 et
1168 4258 1219 4311 in
1239 4273 1477 4313 maerore
1500 4257 1686 4324 fuisse,
1710 4270 1765 4313 et
1788 4271 2012 4330 propter

433 4363 633 4408 iactum
687 4350 992 4404 Judmorum
1045 4363 1105 4402 sc
1151 4348 1472 4403 occuluisse.
1516 4348 1669 4414 Quod
1702 4350 1882 4418 utique
1902 4366 2009 4405 non

435 4445 651 4498 dubium
682 4450 764 4495 est
784 4442 835 4493 in
865 4448 1071 4493 tantum
1096 4437 1478 4506 eosjejunasse
1500 4438 1661 4494 biduo
1688 4450 2008 4505 memorato,-

436 4546 488 4590 u'
540 4533 755 4589 traditio
790 4530 1043 4586 Ecclesia:
1088 4530 1284 4584 habeat
1322 4530 1424 4585 isto
1469 4530 1633 4586 biduo
1671 4540 2007 4586 sacramenta

434 4627 647 4697 penitus
670 4640 775 4677 non
824 4620 1104 4676 celebrari.
1138 4619 1266 4685 Qua:
1299 4620 1468 4676 forma
1497 4622 1680 4690 utique
1701 4637 1795 4690 per
1824 4624 2007 4690 singu-

434 4719 511 4773 las
551 4712 779 4770 tenenda
827 4720 910 4766 est
936 4710 1321 4779 hebdomadas,
1352 4720 1573 4781 propter
1594 4711 1643 4765 id
1690 4712 1832 4781 quod
1856 4727 2005 4766 com-

433 4807 751 4863 memoratio
780 4804 885 4858 diei
916 4803 1055 4856 illius
1102 4817 1315 4872 semper
1359 4811 1440 4857 est
1486 4802 1824 4858 celebranda.
1853 4804 2007 4870 Quod

432 4900 476 4952 si
510 4905 697 4968 putant
722 4893 888 4948 semel
914 4902 1074 4964 atque
1099 4909 1207 4947 uno
1228 4893 1450 4948 sabbato
1472 4893 1842 4963 jejunandum,
1879 4911 2005 4965 ergo

433 4999 487 5043 et
540 4984 859 5042 dominicum
900 4994 954 5039 et
1000 4993 1151 5039 sexta
1207 4983 1336 5038 feria
1376 4985 1541 5039 semel
1574 4986 1624 5038 in
1652 4984 1855 5042 Pascha
1907 4988 2010 5042 erit

438 5072 620 5149 utique
653 5074 990 5131 celebranda.
1020 5074 1076 5129 Si
1106 5084 1283 5129 autem
1325 5075 1576 5131 dominici
1619 5076 1725 5131 diei
1754 5093 1816 5133 ac
1844 5087 2035 5139 sextze

434 5170 579 5223 feria:
608 5184 702 5239 per
730 5167 965 5235 singulas
993 5165 1353 5220 hebdomadas
1382 5169 1677 5237 reparanda
1708 5169 1881 5236 imago
1903 5178 2007 5235 est,

436 5260 700 5313 dementis
743 5268 846 5320 est,
896 5257 1044 5313 bidui
1097 5270 1256 5325 agere
1309 5259 1748 5313 consuetudinem
1786 5261 2011 5313 sabbato

435 5356 816 5425 praetermisso,
849 5369 971 5407 cum
1004 5369 1108 5407 non
1151 5353 1416 5423 disparem
1447 5354 1641 5409 habeat
1688 5370 1926 5418 causam,
1979 5369 2008 5407 a

434 5458 585 5502 sexta
632 5446 878 5500 videlicet
926 5444 1075 5507 feria,
1136 5446 1185 5499 in
1236 5461 1338 5512 qua
1391 5445 1643 5500 Dominus
1692 5462 1883 5515 passus
1907 5455 2005 5510 est,

434 5538 647 5607 quando
698 5544 756 5591 et
806 5536 874 5590 ad
922 5536 1121 5589 inferos
1170 5535 1284 5597 fuit,
1344 5547 1399 5589 ut
1431 5538 1582 5590 tertia
1613 5538 1699 5590 die
1724 5549 2010 5603 resurgens

437 5628 681 5683 redderet
734 5626 973 5680 laetitiam
1020 5636 1140 5694 post
1195 5627 1477 5680 biduanum
1512 5627 1778 5680 tristitiam
1808 5642 2009 5695 praece-

449 5723 669 5772 ientem.
701 5716 815 5771 Non
865 5730 992 5786 ergo
1022 5733 1117 5771 nos
1148 5732 1400 5785 negamus
1431 5726 1575 5769 sexta
1610 5718 1735 5770 feria
1765 5716 2005 5785 jejuuan-

2091 452 2163 507 bo
2204 451 2319 507 dies
2372 450 2641 505 tristitiam
2694 450 2972 520 apostolis,
3016 449 3099 503 vel
3129 448 3213 501 his
3258 447 3349 515 qui
3400 446 3671 500 Christum

2092 543 2260 597 secuti
2285 552 2431 609 sunt,
2462 542 2803 603 induxerunt,
2863 540 2955 608 qui
3000 538 3087 592 die
3139 537 3410 592 dominico
3458 537 3673 590 hilarati

2094 650 2202 689 non
2262 635 2435 689 solum
2502 634 2675 704 ipsum
2739 630 3137 687 festivissimum
3197 643 3315 682 esse
3362 627 3671 691 voluerunt,

2095 738 2281 778 verum
2310 724 2472 779 etiam
2497 738 2593 793 per
2614 736 2803 778 omnes
2830 718 3191 776 hebdomadas
3218 717 3664 787 frequentandum

2095 825 2213 867 esse
2236 811 2523 867 duxerunt.

2263 921 2341 977 De
2370 924 2617 993 ferntento
2641 921 2860 975 civitatis
2881 919 3189 991 presbyteris
3214 918 3504 989 dirigenda.

2168 1031 2231 1086 γ.
2260 1033 2334 1087 De
2356 1027 2620 1088 fermento
2642 1047 2773 1087 vero
2800 1030 2944 1100 quod
2970 1030 3057 1085 die
3085 1029 3350 1085 dominica
3371 1044 3468 1097 per
3495 1025 3682 1081 titulos

2098 1123 2377 1187 mittimus,
2407 1120 2675 1192 superflue
2695 1137 2794 1176 nos
2820 1121 3104 1175 consulere
3132 1120 3366 1185 voluisti,
3396 1133 3515 1173 cum
3563 1131 3681 1171 om-

2100 1228 2197 1267 nes
2222 1213 2476 1268 Ecclesiae
2498 1222 2694 1268 nostra:
2736 1212 2874 1266 intra
2902 1212 3174 1267 civitatem
3202 1219 3307 1265 smt
3348 1210 3678 1275 constituta),

2098 1319 2325 1374 quarum
2350 1304 2669 1376 presbyteri,
2693 1304 2818 1372 quia
2838 1303 2925 1358 die
2954 1304 3067 1373 ipsa
3098 1312 3317 1373 propter
3336 1300 3544 1370 plebem
3574 1298 3679 1353 sibi

2100 1397 2355 1452 creditam
2400 1396 2676 1451 nobiscum
2722 1396 3009 1451 convenire
3050 1410 3156 1448 non
3206 1401 3451 1463 possunt,
3480 1391 3681 1445 idcirco

2100 1489 2419 1543 fermentum
2472 1502 2502 1541 a
2543 1487 2698 1543 nobis
2741 1486 3044 1541 confectum
3092 1500 3188 1554 per
3227 1483 3507 1553 acolythos
3536 1480 3687 1534 acci-

2099 1581 2274 1651 piunt,
2327 1587 2386 1633 ut
2431 1593 2490 1633 se
2536 1594 2566 1632 a
2597 1586 2779 1633 nostra
2811 1576 3187 1632 communione
3215 1573 3448 1628 maxime
3479 1571 3567 1625 illa
3596 1571 3685 1625 die

2104 1687 2209 1725 non
2226 1670 2467 1739 judicent
2507 1676 2810 1738 separatos,
2838 1666 2981 1736 quod
3010 1680 3107 1737 per
3131 1663 3416 1735 parochias
3444 1660 3557 1716 ﬁeri
3588 1660 3686 1715 de-

2028 1752 2076 1811 B
2102 1760 2231 1814 bere
2254 1774 2361 1813 non
2391 1768 2540 1827 puto,
2566 1758 2691 1827 quia
2722 1772 2829 1811 non
2858 1755 3018 1825 longe
3048 1752 3312 1825 portanda
3341 1760 3467 1808 sunt
3494 1766 3676 1806 sacra-

2103 1857 2301 1913 menta,
2353 1863 2453 1902 nec
2500 1863 2600 1903 nos
2642 1862 2739 1916 per
2785 1846 3091 1901 cmmeteria
3135 1844 3345 1898 diversa
3377 1842 3685 1897 constitutis

2103 1939 2431 2010 presbyteris
2457 1937 2806 2001 destinamus,
2836 1946 2891 1990 et
2936 1934 3232 2005 presbyteri
3278 1948 3464 1987 eorum
3518 1929 3687 1986 conii-

2103 2029 2410 2085 ciendornm
2428 2027 2514 2098 jus
2542 2028 2778 2083 habeant
2804 2036 2965 2097 atque
2994 2023 3287 2080 licentiam.

2505 2139 2583 2195 De
2602 2141 2957 2211 energumenis
2978 2138 3278 2207 baptizatis.

2175 2252 2261 2307 Vl.
2283 2252 2357 2308 De
2380 2254 2461 2308 his
2488 2268 2614 2308 vero
2643 2252 2925 2322 baptizatis
2953 2251 3044 2321 qui
3068 2258 3256 2321 postea
3284 2246 3566 2312 daemonio,
3597 2256 3688 2302 aut

2105 2342 2235 2396 vitio
2283 2343 2483 2411 aliquo,
2514 2351 2607 2396 aut
2635 2351 2858 2412 peccato
2889 2341 3297 2405 interveniente,
3344 2338 3686 2409 arripiuntur,

2106 2435 2348 2504 qumsivit
2400 2435 2617 2488 dilectio
2667 2443 2780 2501 tua,
2829 2433 2873 2487 si
2922 2447 2951 2486 a
2980 2434 3295 2509 presbytero
3322 2431 3406 2485 vel
3455 2429 3685 2483 diacono

2105 2525 2312 2595 possint
2354 2532 2447 2578 aut
2497 2524 2726 2578 debeant
2754 2523 3093 2591 consignari:
3126 2522 3270 2590 quod
3295 2521 3417 2585 hoc,
3448 2519 3546 2573 nisi
3575 2518 3689 2587 epi-

2106 2630 2302 2686 scopus
2322 2615 2659 2685 praeceperit,
2690 2630 2797 2668 non
2847 2614 3011 2668 licet:
3044 2628 3167 2667 nam
3200 2613 3250 2667 ei
3295 2626 3484 2665 manus
3515 2611 3686 2678 inpo-

2106 2706 2282 2762 nenda
2313 2708 2531 2761 omnino
2579 2722 2686 2761 non
2734 2715 2838 2772 est,
2885 2705 2983 2759 nisi
3011 2704 3293 2774 episcopus
3316 2700 3690 2756 auctoritaiem

2108 2798 2314 2853 dederit
2336 2798 2385 2853 id
2408 2797 2691 2853 elliciendi.
2744 2794 2815 2851 Ut
2843 2805 3021 2851 autem
3053 2796 3163 2857 iiat,
3195 2793 3432 2864 episcopi
3461 2800 3545 2847 est
3591 2791 3690 2844 im-

2111 2902 2318 2959 perare,
2366 2896 2424 2941 ut
2476 2902 2663 2941 manus
2694 2888 2744 2941 ei
2794 2886 2935 2941 vela
2974 2886 3289 2956 presbytero
3316 2883 3401 2939 vel
3430 2899 3459 2936 a
3487 2882 3689 2937 czeteris

2111 2975 2320 3029 clericis
2347 2974 2671 3043 imponatur.
2704 2974 2837 3028 Nam
2859 2972 3136 3043 quomodo
3160 2973 3212 3027 id
3234 2972 3345 3027 fieri
3366 2972 3479 3026 sine
3500 2984 3689 3039 magno

2113 3066 2295 3120 labore
2324 3066 2541 3136 poterit,
2568 3073 2623 3120 ut
2652 3065 2810 3135 longe
2837 3066 3164 3122 constitutus
3207 3076 3599 3131 energumenus
3626 3060 3690 3115 ad

2113 3158 2422 3228 episcopum
2450 3158 2782 3213 deducatur?
2804 3175 2925 3213 cum
2956 3159 3001 3212 si
3025 3158 3148 3212 talis
3167 3172 3324 3211 casus
3345 3153 3397 3209 ei
3418 3155 3473 3208 in
3504 3153 3689 3206 itinere

2109 3249 2383 3313 acciderit,
2408 3263 2506 3302 nec
2536 3248 2758 3316 perferri
2789 3247 2854 3302 ad
2876 3248 3206 3318 episcopum,
3238 3261 3338 3302 nec
3380 3246 3565 3301 referri
3613 3240 3678 3295 ad

2110 3352 2207 3391 sua
2237 3334 2391 3391 facile
2413 3337 2601 3406 possit.

2650 3445 2727 3499 De
2752 3447 3130 3517 paenitentibus.

2183 3537 2291 3591 Vll.
2314 3537 2386 3592 De
2404 3536 2779 3605 paenitentibus
2795 3546 2972 3591 autem
3000 3538 3113 3605 qui,
3132 3537 3246 3592 sive
3260 3552 3325 3591 ex
3354 3534 3684 3604 gravioribus

2112 3627 2434 3693 commissis,
2457 3627 2570 3679 sive
2592 3642 2658 3679 ex
2682 3625 2970 3680 levioribus
2995 3626 3357 3695 paenitentiam
3400 3637 3612 3694 gerunt,
3644 3626 3687 3679 si

2113 3717 2259 3770 nulla
2288 3715 2613 3770 interveniat
2637 3716 2919 3783 aegritudo,
2949 3718 3132 3786 quinta
3157 3716 3286 3770 feria
3333 3725 3456 3770 ante
3488 3714 3689 3769 Pascha

2113 3804 2193 3859 eis
2219 3804 2621 3870 remittendum,
2670 3803 2924 3858 Romanae
2955 3804 3205 3860 Ecclesiae
3233 3807 3565 3861 consuetudo
3596 3808 3690 3860 de-

2112 3904 2395 3951 monstrat.
2413 3894 2678 3950 Caeterum
2700 3895 2768 3951 de
2788 3897 3023 3965 pondere
3041 3897 3356 3951 msiimando
3376 3898 3689 3952 delictorum

2112 3986 2406 4041 sacerdotis
2426 3994 2507 4041 est
2528 3985 2769 4055 judicare
2794 4004 2807 4038 :
2841 3998 2898 4041 ut
2938 3986 3178 4040 attendat
3206 3987 3271 4041 ad
3296 3987 3688 4041 confessionem

2113 4078 2441 4148 paenitentis,
2465 4087 2519 4133 ct
2562 4078 2628 4131 ad
2658 4077 2814 4132 ﬂetus
2865 4086 3025 4145 atque
3058 4078 3318 4149 lacrymas
3346 4080 3686 4147 corrigenda,

2112 4183 2177 4221 ac
2200 4178 2306 4222 tum
2325 4168 2514 4238 jubere
2559 4169 2773 4233 dimitti,
2806 4184 2926 4223 cum
2956 4169 3147 4223 viderit
3197 4185 3488 4238 congruam
3534 4172 3665 4223 satis

2115 4256 2419 4315 factionem.
2446 4261 2585 4316 Sane
2614 4262 2659 4317 si
2698 4262 2819 4329 quis
2846 4262 2896 4314 in
2926 4263 3295 4330 aegritudinem
3328 4263 3589 4325 inciderit,
3615 4275 3693 4315 at-

2114 4364 2221 4417 que
2262 4367 2432 4420 usque
2486 4353 2553 4406 ad
2581 4353 3014 4421 desperationem
3042 4353 3336 4419 devenerit,
3392 4355 3440 4409 ei
3463 4364 3546 4409 est
3574 4365 3697 4410 ante

2117 4451 2326 4512 tempus
2375 4444 2588 4497 Pascha:
2636 4444 3001 4509 relaxandum,
3053 4460 3121 4500 ne
3165 4445 3233 4500 de
3270 4447 3465 4500 saaculo
3494 4448 3698 4515 absque

2115 4534 2491 4588 communione
2520 4533 2778 4589 discedat.

2112 4642 2190 4698 De
2210 4644 2423 4715 epistola
2451 4645 2617 4698 sancti
2641 4645 2823 4699 Jacobi
2850 4649 3088 4716 apostoli,
3121 4650 3173 4701 in
3199 4664 3297 4717 qua
3339 4665 3431 4717 pro
3465 4648 3686 4717 inﬁrmis

2659 4733 2809 4769 orare
2838 4718 3154 4786 praecipitur.

2186 4805 2317 4859 Vill.
2336 4804 2476 4860 Sane
2504 4807 2757 4874 quoniam
2777 4807 2844 4861 de
2872 4808 2995 4871 hoc,
3014 4809 3168 4862 sicuti
3191 4808 3256 4863 de
3269 4811 3478 4864 caeteris
3504 4825 3693 4866 consu-

2113 4897 2225 4953 lere
2242 4896 2408 4950 voluit
2436 4896 2653 4951 dilectio
2685 4907 2791 4961 tua,
2823 4896 3016 4965 adjecit
3040 4900 3200 4953 etiam
3226 4898 3364 4953 filius
3394 4914 3544 4954 meus
3572 4898 3696 4954 Ca:-

2118 4986 2343 5041 lestinus
2372 4986 2629 5041 diaconus
2656 4988 2707 5040 in
2729 4988 2950 5055 epistola
2976 5004 3069 5042 sua
3098 5003 3217 5042 esse
3237 5004 3265 5041 a
3297 4997 3385 5043 tua
3412 4990 3693 5044 dilectione

2118 5080 2349 5149 positum
2380 5079 2528 5145 illud,
2553 5078 2699 5148 quod
2721 5080 2771 5131 in
2800 5080 2942 5133 beati
2990 5080 3216 5148 apostoli
3262 5078 3449 5134 Jacobi
3466 5082 3695 5151 epistola

2118 5170 2480 5239 conscriptum
2503 5178 2621 5223 est:
2657 5168 2717 5223 Si
2746 5169 2981 5238 inﬁrmus
3012 5170 3197 5239 aliquis
3219 5170 3272 5223 in
3297 5170 3435 5223 robis
3460 5181 3556 5235 est,
3607 5174 3682 5224 in-

2119 5260 2273 5313 ducat
2312 5260 2650 5329 presbyteros,
2682 5270 2729 5313 et
2757 5269 2903 5313 orent
2932 5277 3082 5329 super
3108 5278 3242 5325 eum,
3291 5273 3538 5331 tingentes
3584 5281 3696 5316 eum

2119 5351 2228 5403 oleo
2258 5352 2309 5403 in
2332 5352 2536 5404 nomine
2558 5349 2785 5414 Domini,
2818 5359 2866 5403 et
2896 5353 3065 5404 oratio
3110 5351 3231 5418 ﬁdei
3272 5351 3489 5404 salvnbit
3542 5354 3667 5422 inﬁr

2114 5458 2270 5505 mum,
2320 5452 2367 5495 et
2414 5442 2681 5494 suscitabit
2718 5442 2861 5494 illum
2911 5441 3185 5503 Dominus,
3241 5452 3288 5495 et
3320 5446 3362 5495 si
3393 5445 3444 5495 in
3473 5448 3697 5513 peccatis

2114 5534 2287 5602 fuerit,
2321 5534 2640 5585 remittemur
2660 5535 2726 5587 ei.
2760 5533 2911 5597 Quod
2944 5549 3048 5587 non
3080 5543 3164 5587 est
3182 5535 3400 5588 dubium
3424 5536 3490 5589 de
3522 5535 3693 5590 fideli-

2113 5625 2210 5678 bus
2256 5626 2637 5691 mgrotantibus
2694 5625 2864 5694 accipi
2912 5626 2993 5678 vel
3044 5625 3266 5694 intelligi
3322 5628 3549 5692 debere,
3603 5632 3692 5697 qui

2113 5726 2298 5769 sant-to
2322 5717 2440 5769 oleo
2466 5715 2767 5785 chrismati:
2802 5717 3019 5780 ucrungi
3054 5732 3121 5782 po
3155 5724 3296 5779 sunt,
3322 5718 3462 5783 quod
3491 5718 3557 5770 ab
3587 5724 3687 5778 epi-
