4092 6348
404 280 499 368 ut

1465 314 1839 373 COLLECTIO
1878 313 2341 370 DECRETORUM
2385 314 2485 369 PP.
2529 313 2638 369 RR.

3568 315 3674 369 2!

401 447 574 503 scopo
599 430 905 489 confectum
935 448 1042 488 non
1070 432 1243 489 solum
1270 432 1659 501 sacerdotibus,
1690 431 1786 489 sed
1812 432 1988 487 omni-
2021 410 2375 499 Arpostulasti
2399 438 2474 494 ut,
2509 431 2560 483 in
2591 429 2695 483 illis
2721 427 2961 498 partibus
2990 424 3306 497 istiusmodi,
3340 448 3495 502 quam
3530 440 3677 487 tenet

402 523 507 579 bus
532 525 609 579 uti
635 524 949 580 Christianis
976 525 1126 591 licet,
1159 525 1212 579 in
1240 539 1335 579 sua
1379 532 1471 579 aut
1520 524 1573 578 in
1625 539 1843 578 suorum
1891 537 1985 577 ne-

402 617 659 673 cessitate
687 616 1011 686 ungendum.
1037 614 1303 671 Caeterum
1330 615 1458 671 illud
1485 615 1808 688 superﬂuum
1838 614 1985 669 vidc-

403 721 526 763 mus
549 706 834 776 adjectum,
880 715 936 760 ut
955 705 1022 762 de
1051 707 1306 777 episcopo
1328 707 1627 775 ambigatur
1672 705 1814 775 quod
1844 718 1988 773 pres-

400 797 607 868 byteris
634 797 799 852 licere
823 813 931 853 non
958 797 1176 853 dubium
1204 806 1305 854 est.
1336 797 1469 853 Nam
1516 797 1713 852 idcirco
1761 795 1984 866 presby-

404 886 535 940 teris
572 884 771 941 dictum
796 893 899 952 est,
930 886 1055 956 quia
1098 885 1336 956 episcopi
1384 884 1828 954 occupationibus
1868 882 1986 936 aliis

402 976 646 1047 impediti
674 977 740 1034 ad
762 993 950 1034 omnes
969 978 1251 1048 languidos
1280 980 1358 1034 ire
1389 994 1497 1033 non
1540 985 1783 1048 possunt.
1814 975 1988 1031 Caete-

397 1081 523 1123 rum
572 1069 620 1126 si
671 1069 957 1140 episcopus
1008 1078 1098 1124 aut
1130 1077 1326 1140 potest,
1358 1078 1450 1124 ant
1475 1069 1690 1137 dignum
1718 1067 1864 1121 ducit
1889 1066 1985 1119 ali-

401 1176 565 1232 quem
612 1178 644 1217 a
690 1178 749 1218 se
791 1161 1132 1228 visitandum,
1186 1171 1241 1216 et
1288 1161 1607 1217 benedicere
1659 1168 1715 1215 et
1768 1168 1989 1226 tangere

400 1253 693 1310 chrismate
747 1256 863 1309 sine
883 1254 1224 1310 cunctatione
1252 1261 1455 1324 potest,
1488 1252 1638 1322 cujus
1684 1260 1765 1306 est
1814 1251 1985 1320 ipsum

399 1345 637 1401 chrisma
678 1346 963 1402 coniicere.
1004 1344 1135 1399 Nam
1185 1345 1569 1415 paenitentibus
1602 1341 1741 1397 istud
1781 1340 1986 1407 infundi

398 1457 513 1497 non
540 1449 739 1512 potest,
769 1441 893 1509 quia
919 1455 1088 1510 genus
1103 1447 1191 1496 est
1218 1438 1562 1497 sacramenti.
1611 1436 1744 1492 Nam
1793 1434 1987 1504 quibus

399 1534 610 1603 reliqua
639 1542 975 1589 sacramenta
1013 1542 1299 1602 negantur,
1332 1530 1603 1621 quomodo
1633 1545 1796 1585 unum
1820 1543 1987 1598 genus

397 1634 621 1697 putatur
641 1641 800 1698 posse
822 1625 1079 1681 concedi?
1106 1623 1199 1687 His
1249 1618 1426 1693 igitur,
1458 1620 1623 1676 frater
1648 1618 1986 1687 charissime,

401 1718 670 1783 omnibus,
720 1731 841 1787 qua:
886 1725 975 1772 tua
1015 1715 1234 1771 dilectio
1278 1713 1445 1769 voluit
1484 1726 1516 1766 a
1571 1710 1727 1766 nobis
1766 1708 1986 1779 exponi,

2087 523 2327 579 Ecclesia
2385 524 2627 589 Romana
2678 522 2847 577 forma
2898 532 3160 580 servetur.
3224 525 3339 580 Non
3368 524 3509 594 quod
3539 541 3675 578 nova

2086 626 2352 689 praecepta
2379 618 2557 686 aliqua
2584 618 2936 687 imperentur,
2981 618 3075 673 sed
3104 634 3167 672 ea
3221 633 3340 687 quae
3386 633 3484 688 per
3533 616 3677 670 desi-

2087 708 2228 763 diam
2257 708 2558 776 aliquorum
2586 707 2829 775 neglecta
2858 717 3002 774 sunt,
3036 709 3102 763 ab
3126 709 3375 764 omnibus
3397 708 3677 763 observari
3756 734 3759 735 ν

2080 798 2402 868 cupiamus:
2435 812 2554 867 qua:
2585 805 2764 851 tamen
2819 798 3118 869 apostolica
3148 807 3203 853 et
3244 798 3461 852 Patrum
3513 796 3678 850 tradi-

2090 889 2236 943 tione
2257 896 2382 943 sunt
2408 888 2720 944 constituta.
2746 887 3014 957 Scriptum
3034 898 3120 945 est
3144 906 3377 960 namque
3416 890 3485 945 ad
3511 888 3680 945 'l‘bes-

2086 978 2451 1035 salonicenses
2479 978 2643 1034 Paulo
2673 988 2928 1039 monente
2959 997 2972 1033 :
3009 981 3180 1048 State,
3208 990 3257 1035 et
3297 989 3464 1036 tenete
3508 982 3677 1034 trad—

2087 1070 2255 1123 tiones
2299 1079 2526 1135 nostras,
2580 1070 2685 1124 sive
2738 1086 2831 1139 per
2882 1069 3106 1135 verbum,
3136 1073 3241 1126 sive
3283 1089 3376 1143 per
3404 1073 3682 1143 epistolam

2091 1160 2179 1231 (II
2208 1161 2441 1215 Tltessal.
2467 1178 2521 1226 Il,
2557 1161 2666 1230 14).
2693 1160 2827 1216 Illud
2852 1170 3000 1217 certe
3038 1169 3183 1217 tuam
3232 1163 3393 1218 debet
3441 1171 3680 1217 mentem

2089 1253 2458 1309 vehementius
2482 1253 2740 1318 excitare,
2770 1262 2829 1307 ut
2880 1254 2948 1308 ab
2978 1255 3124 1309 omni
3156 1254 3276 1309 labe
3306 1254 3487 1309 saeculi
3528 1254 3686 1308 istius

2090 1343 2341 1399 immunis
2361 1352 2485 1398 ante
2516 1343 2611 1398 Dei
2637 1351 2989 1413 conspectum
3016 1359 3238 1399 securus
3268 1344 3680 1409 inveniaris,cui

2091 1436 2315 1490 multum
2341 1437 2482 1490 enim
2513 1436 2769 1501 creditur,
2802 1436 2923 1506 plus
2944 1436 3013 1491 ab
3042 1451 3108 1491 eo
3134 1435 3363 1505 exigitur
3392 1451 3551 1491 usura
3572 1451 3680 1506 pm-

2090 1545 2299 1583 narum.
2334 1528 2474 1598 Ergo
2497 1529 2753 1597 quoniam
2782 1544 2886 1584 non
2912 1544 3010 1599 pro
3032 1528 3187 1585 nobis
3214 1535 3440 1592 tantum,
3470 1526 3567 1582 sed
3582 1543 3681 1597 pro

2091 1622 2290 1692 populo
2315 1620 2514 1675 Christi
2541 1620 2784 1689 cogimur
2811 1628 3068 1692 praestare
3090 1620 3377 1685 rationem,
3402 1618 3683 1689 disciplina

2089 1712 2280 1769 deiﬁca
2300 1711 2454 1785 [ϐοά.
2478 1730 2600 1777 ms.,
2627 1712 2984 1787 sanctiﬁcata]
3010 1712 3267 1784 populum
3287 1710 3499 1767 erudire
3523 1710 3685 1767 debo-
3738 1702 3739 1705 “

398 1815 563 1875 prout
592 1806 883 1877 potuimus,
915 1805 1244 1877 respondere
1286 1802 1590 1860 curavimus
1615 1818 1627 1855 :
1665 1809 1725 1855 ut
1746 1798 1986 1855 Ecclesia
2015 1811 2061 1872 Β
2088 1818 2227 1858 mus.
2258 1801 2589 1857 Exstiterunt
2608 1803 2751 1857 enim
2774 1803 3016 1857 nonnulli
3046 1803 3157 1873 qui,
3187 1810 3386 1856 statuta
3412 1801 3680 1871 majorum

400 1909 494 1957 tua
524 1900 824 1956 Romanam
855 1899 1317 1965 consuetudinem,
1342 1912 1374 1952 a
1397 1910 1506 1966 qua
1527 1893 1787 1964 originem
1815 1891 1982 1959 ducit,

399 2007 619 2050 servare
663 1993 841 2047 valeat
888 2001 1050 2062 atque
1103 1991 1412 2046 custodire:
1440 1987 1647 2056 reliqua
1685 2000 1834 2050 vero,
1865 1998 1986 2054 qute

398 2082 564 2139 scribi
587 2081 665 2137 fas
691 2098 799 2138 non
822 2091 959 2148 erat,
991 2097 1113 2137 cum
1133 2080 1386 2146 adfueris,
1420 2077 1737 2146 interrogati
1784 2074 1987 2147 poteri-

400 2188 521 2227 mus
567 2173 798 2229 edicere.
858 2172 974 2227 Erit
1000 2180 1180 2227 autem
1210 2171 1464 2241 potentia:
1503 2168 1716 2225 Domini
1738 2167 1901 2221 etiam
1930 2165 1987 2221 id

398 2279 695 2336 procurare
720 2305 736 2330 ,
787 2274 843 2319 ut
897 2274 952 2319 et
1002 2272 1147 2319 tuam
1192 2263 1512 2328 Ecclesiam,
1556 2270 1613 2317 et
1641 2259 1870 2316 clericos
1890 2274 1988 2314 no-

398 2362 562 2421 stros,
594 2356 682 2424 qui
712 2355 809 2410 sub
856 2363 949 2410 tuo
993 2352 1275 2424 pontiﬁcio
1300 2352 1495 2408 divinis
1522 2350 1849 2405 famulantur
1869 2345 1989 2404 oﬂi—

400 2445 518 2510 ciis,
568 2445 705 2500 bene
757 2445 1025 2508 instituas,
1074 2451 1131 2499 et
1177 2444 1296 2499 aliis
1318 2442 1547 2498 formam
1571 2440 1774 2496 tribuas
1825 2453 1990 2508 quam

398 2534 633 2607 debeant
660 2536 878 2590 imitari.
912 2535 1046 2589 Data
1068 2549 1157 2588 nv
1182 2533 1286 2588 cal.
1319 2532 1491 2602 April.
1521 2528 1825 2585 Theodosio
1850 2528 1985 2600 Aug.

398 2639 473 2679 vn
492 2633 549 2680 et
568 2623 807 2680 Palladio
834 2642 882 2677 ν.
917 2640 968 2679 c.
1002 2638 1179 2680 conss.
1210 2624 1333 2697 (An.
1368 2622 1562 2677 Christi
1583 2620 1735 2689 416.)

469 2714 815 2771 Innocentius
838 2714 1099 2769 Victricio
1130 2714 1388 2784 episcopo
1404 2710 1824 2783 Rhotomagensi
1852 2709 1991 2766 salu-

397 2811 533 2860 tem.

468 2895 586 2951 Etsi
613 2896 725 2961 tibi,
757 2895 922 2951 frater
951 2894 1288 2963 charissime,
1318 2909 1418 2965 pro
1447 2893 1645 2949 merito
1700 2900 1755 2948 et
1783 2893 1991 2948 honore

394 2986 707 3052 sacerdotii,
739 3002 845 3056 quo
886 2986 1173 3056 plurimum
1203 2986 1394 3055 polles,
1423 2985 1635 3041 vivendi
1660 2995 1715 3040 et
1761 2983 1992 3040 docendi

396 3079 690 3134 secundum
717 3079 1111 3134 ecclesiasticas
1131 3079 1343 3146 regulas
1362 3086 1494 3134 nota
1514 3086 1639 3132 sunt
1667 3078 1866 3142 omnia,
1891 3093 1990 3133 ne-

399 3181 507 3236 que
537 3176 618 3223 est
644 3168 843 3238 aliquid
874 3168 1019 3238 quod
1066 3167 1135 3223 de
1160 3167 1328 3223 sacris
1356 3167 1677 3223 lectionibus
1698 3167 1793 3222 tibi
1815 3168 1989 3223 minus
2018 3186 2061 3249 ρ

401 3257 683 3312 collectum
746 3273 865 3314 esse
918 3258 1162 3313 videatur
1205 3275 1217 3310 :
1271 3265 1451 3312 tamen
1523 3258 1649 3326 quia
1728 3257 1984 3312 Romamn

402 3346 657 3404 Ecclesiae
700 3365 943 3405 normam
1022 3358 1185 3418 atque
1233 3350 1615 3405 auctoritatem
1661 3363 1988 3420 magnopere

401 3438 705 3507 postulasti,
753 3438 1015 3494 voluntati
1074 3446 1177 3492 tuae
1223 3452 1429 3493 morem
1479 3437 1764 3493 admodum
1795 3454 1987 3509 gerens

401 3524 637 3595 digestas
668 3529 786 3583 vitae
835 3536 890 3583 et
911 3542 1119 3582 morum
1164 3527 1524 3597 probabilium
1553 3527 1860 3597 disciplinas
1887 3543 1985 3581 an-

400 3628 568 3670 nexas
595 3616 789 3671 litteris
812 3617 946 3673 meis
967 3617 1107 3680 misi,
1138 3630 1237 3686 per
1255 3631 1391 3686 quas
1415 3616 1697 3672 advertant
1730 3618 1989 3673 ecclesia-

398 3717 519 3760 rum
544 3706 776 3774 regionis
801 3716 994 3762 vestraa
1021 3707 1228 3777 populi,
1276 3706 1470 3776 quibus
1490 3708 1651 3762 rebus
1690 3716 1744 3763 et
1790 3708 1987 3776 regulis

398 3794 825 3852 Christianorum
874 3798 983 3852 vita
1041 3799 1094 3852 in
1140 3812 1236 3852 sua
1267 3796 1631 3869 cujuscunque
1656 3798 1987 3869 professione

400 3887 596 3943 debeat
620 3890 904 3956 contineri,
927 3890 1209 3959 qualisque
1248 3897 1492 3944 servetur
1519 3890 1575 3945 in
1602 3891 1749 3945 urbis
1799 3890 1986 3945 Romae

401 3976 646 4032 ecclesiis
684 3977 985 4048 disciplina.
1016 3977 1132 4033 Erit
1158 3978 1463 4034 dilectionis
1507 3987 1612 4034 tuae
1661 3995 1759 4050 per
1800 3981 1986 4050 plebes

401 4068 674 4135 ﬁnitimas,
705 4079 760 4125 et
789 4069 1207 4126 consacerdotes
1230 4078 1469 4139 nostros,
1493 4071 1584 4140 qui
1636 4072 1691 4125 in
1746 4071 1851 4126 illis
1902 4087 1987 4127 re-

399 4159 647 4228 gionibus
670 4161 902 4231 propriis
926 4159 1176 4217 Ecclesiis
1194 4160 1501 4231 praesident,
1524 4162 1828 4230 regularum
1844 4164 1987 4217 hunc

400 4249 595 4305 librum
648 4252 797 4322 quasi
825 4251 1210 4307 didascalicum
1261 4261 1421 4321 atque
1445 4254 1770 4308 monitorem
1795 4252 1986 4309 sedulo

400 4342 675 4397 insinuare
702 4361 713 4395 :
742 4353 799 4397 ut
824 4352 879 4398 et
900 4350 1115 4398 nostros
1138 4356 1485 4411 cognoscere,
1512 4352 1566 4398 et
1585 4344 1651 4399 ad
1676 4344 1835 4399 Iidem
1857 4360 1988 4401 con-

400 4431 679 4511 ﬂuentium
710 4449 888 4489 mores
914 4435 1130 4489 valeant
1155 4434 1382 4489 docendi
1411 4435 1692 4491 sedulitate
1732 4435 1981 4493 formare.

401 4523 510 4577 Aut
540 4525 682 4579 enim
705 4526 1037 4595 propositum
1060 4541 1215 4579 suum
1242 4540 1307 4580 ex

401 4610 634 4669 lectione
684 4624 1031 4684 cognoscent,
1062 4624 1154 4669 aut
1195 4616 1238 4673 si
1266 4616 1390 4684 quid
1422 4617 1595 4671 adhuc
1620 4617 1977 4686 desideratur,

400 4703 560 4762 facile
589 4715 843 4776 poterunt
868 4723 934 4762 ex
958 4709 1099 4763 bona
1129 4707 1430 4762 imitatione
1460 4708 1728 4777 supplere.
1761 4709 1982 4779 Incipia-

400 4812 519 4853 mus
566 4800 742 4867 igitur,
796 4797 1083 4868 adjuvante
1135 4804 1327 4854 sancto
1373 4800 1619 4868 apostolo
1678 4801 1853 4867 Petro,
1887 4815 1982 4870 per

401 4902 561 4957 quem
585 4898 640 4945 et
660 4892 987 4962 apostolatus
1033 4899 1087 4946 et
1116 4891 1460 4961 episcopatus
1485 4893 1536 4946 in
1584 4891 1798 4948 Christo
1839 4894 1982 4964 cepit

402 4979 680 5034 exordium
707 5000 718 5033 :
749 4990 809 5035 ut
835 4983 1087 5050 quoniam
1118 4981 1299 5049 plures
1327 4996 1468 5051 saepe
1493 4993 1827 5038 emerserunt
1855 4999 1979 5038 cau-

398 5084 474 5125 sa:
519 5086 637 5141 quae
686 5073 738 5126 in
760 5072 1044 5141 aliquantis
1065 5090 1171 5129 non
1202 5082 1356 5128 erant
1379 5054 1574 5141 causae,
1609 5074 1703 5129 sed
1732 5074 1975 5139 crimina,

398 5169 461 5214 ut
503 5161 571 5216 de
611 5172 809 5218 etetero
856 5163 1163 5219 sollicitudo
1192 5164 1261 5217 sit
1293 5164 1581 5232 unicuique
1609 5164 1877 5218 sacerdoti
1926 5164 1977 5219 in

396 5268 494 5309 sua
523 5253 766 5311 Ecclesia
795 5271 979 5311 curam
1010 5257 1316 5326 hujusmodi
1345 5258 1563 5323 habere,
1590 5259 1731 5313 sicut
1770 5268 1979 5330 aposto-

396 5354 481 5411 lus
509 5357 765 5427 praadicat
791 5357 1006 5423 Paulus,
1039 5360 1203 5414 talem
1230 5359 1525 5415 Ecclesiam
1559 5361 1669 5415 Deo
1721 5360 1978 5414 exhiben-

397 5454 522 5509 dam
544 5471 652 5511 non
682 5456 967 5511 habentem
996 5456 1263 5511 maculam
1287 5466 1380 5510 aut
1405 5471 1588 5526 rugam
1622 5456 1781 5527 (Eph.
1807 5456 1882 5529 v),
1910 5472 1978 5512 ne

398 5544 625 5613 alicujus
645 5546 899 5601 morbida:
920 5546 1035 5601 ovis
1063 5545 1245 5599 alllatu
1288 5545 1613 5599 conscientia
1636 5556 1818 5600 nostra
1846 5562 1980 5601 con-

398 5638 657 5693 taminata
699 5640 948 5695 violetur.
1000 5639 1228 5710 Propter
1250 5655 1345 5697 eos
1391 5641 1551 5710 igitur
1576 5641 1667 5709 qui
1696 5642 1779 5695 vel
1827 5642 1977 5711 igno-

399 5729 593 5795 rantia,
620 5731 706 5784 vel
727 5731 927 5787 desidia
955 5749 1061 5787 non
1084 5741 1269 5787 tenent
1304 5732 1724 5789 ecclesiasticam
1746 5732 1978 5803 discipli-

401 5812 544 5887 nam,
596 5830 650 5877 et
698 5823 865 5881 multa
894 5840 1001 5881 non
1042 5824 1411 5895 pmsumenda
1462 5832 1806 5895 prmsumunt,
1834 5837 1977 5883 rccto

2089 1907 2199 1948 non
2227 1900 2492 1956 tenentes,
2527 1892 2828 1947 castitatem
2859 1891 3116 1948 Ecclesia:
3137 1908 3233 1947 sua
3262 1893 3680 1962 praesumptione

2088 1982 2375 2048 violarent,
2410 1980 2593 2051 populi
2615 1980 2853 2038 favorem
2879 1990 3188 2052 sequentes,
3221 1991 3275 2036 et
3305 1983 3401 2038 Dei
3416 1982 3680 2051 judicium

2088 2091 2197 2131 non
2247 2076 2519 2132 timentes.
2572 2074 2711 2145 Ergo
2752 2092 2819 2133 ne
2846 2077 3065 2133 silentio
3095 2087 3280 2133 nostro
3309 2079 3680 2135 existimemur

2088 2166 2172 2223 his
2224 2167 2466 2236 prrehere
2506 2182 2851 2235 consensum,
2898 2168 3113 2224 dicente
3156 2169 3400 2235 Domino,
3456 2169 3680 2227 Videbar

2090 2261 2276 2330 furem,
2308 2268 2358 2313 et
2385 2258 2630 2314 currebat
2656 2276 2771 2314 cum
2792 2277 2850 2315 eo
2882 2260 3053 2331 (Psal.
3088 2278 3235 2329 xux,
3270 2261 3380 2332 18),
3414 2261 3526 2319 Ι)ωο
3553 2270 3680 2323 sunt

2089 2362 2209 2417 quae
2228 2347 2482 2420 deinceps
2502 2348 2698 2404 intuitu
2724 2348 2888 2405 divini
2906 2348 3093 2420 judicii
3118 2366 3335 2405 omnem
3359 2350 3681 2413 catholicum

2090 2438 2402 2511 episcopum
2430 2439 2648 2511 expedit
2672 2439 2962 2496 custodire.

2094 2547 2245 2614 Quod
2273 2558 2422 2605 extra
2453 2552 2836 2634 conscientiam.
2867 2552 3251 2623 metropolitani
3279 2568 3382 2607 non
3410 2552 3682 2608 ordinetur

2753 2638 3041 2692 episcopus.
3662 2660 3667 2687 ε

2161 2710 2250 2766 IX.
2293 2710 2558 2777 Primum,
2590 2721 2649 2766 ut
2676 2720 2829 2767 extra
2859 2713 3249 2768 conscientiam
3279 2714 3682 2784 metropolitani

2094 2802 2339 2872 episcopi
2368 2802 2546 2857 nullus
2575 2802 2769 2856 audeat
2802 2801 3074 2867 ordinare,
3098 2802 3359 2872 integrum
3381 2804 3522 2860 enim
3541 2802 3681 2872 judi-

2092 2891 2236 2945 cium
2280 2899 2363 2945 est
2417 2891 2561 2959 quod
2601 2890 2954 2960 plurimorum
2992 2893 3273 2948 sententiis
3311 2894 3681 2960 confirmatur,

2094 2995 2195 3034 nec
2226 2995 2361 3035 unus
2389 2980 2675 3049 episcopus
2702 2979 2954 3035 ordinare
2981 2988 3301 3050 prassumat,
3333 2997 3402 3036 ne
3429 2968 3681 3039 furtivum

2092 3069 2413 3126 beneﬁcium
2452 3070 2746 3139 praestitum
2776 3070 3041 3125 videatur.
3092 3070 3206 3126 Hoc
3247 3071 3388 3127 enim
3418 3089 3447 3126 a
3476 3074 3680 3145 synodo

2092 3160 2305 3234 Nicazna
2335 3160 2685 3217 constitutum
2716 3168 2798 3217 est
2825 3170 2986 3231 atque
3014 3161 3308 3218 deﬁnitum.

2092 3276 2191 3344 Qui
2222 3281 2303 3333 ad
2332 3281 2524 3334 clerum
2549 3278 2741 3350 suscipi
2769 3296 2871 3334 non
2901 3280 3138 3350 possint,
3184 3290 3233 3334 et
3272 3290 3329 3333 ut
3374 3281 3669 3336 clericorum

2302 3366 2472 3405 causa:
2507 3368 2539 3403 a
2567 3350 2791 3420 prapriis
2822 3351 3161 3405 terminentur
3191 3352 3459 3421 episcopis.

2159 3464 2224 3519 Χ.
2254 3465 2385 3521 Item
2414 3465 2459 3520 si
2488 3465 2609 3535 quis
2637 3473 2761 3535 post
2790 3464 3162 3520 remissionem
3187 3454 3535 3535 peccatorum
3567 3464 3683 3520 cim

2086 3555 2267 3624 gulum
2299 3554 2501 3609 militiae
2527 3553 2798 3610 saecularis
2827 3554 3103 3617 habuerit,
3139 3554 3203 3608 ad
3232 3554 3547 3610 clericatum
3577 3554 3675 3608 ad-

2088 3646 2225 3700 mitti
2254 3646 2474 3701 omnino
2505 3661 2614 3700 non
2643 3644 2857 3699 debeat.
2908 3642 2963 3698 Si
2992 3659 3112 3712 quae
3158 3653 3342 3700 autem
3372 3658 3547 3699 causae
3586 3645 3673 3698 vel

2087 3738 2464 3792 contentiones
2513 3737 2652 3791 inter
2700 3736 2927 3791 clericos
2974 3744 3083 3790 tam
3127 3736 3422 3806 superioris
3476 3734 3678 3791 ordinis

2086 3842 2248 3897 quam
2276 3828 2438 3882 etiam
2469 3826 2737 3881 inferioris
2782 3827 2980 3881 fuerint
3008 3834 3234 3891 exortae,
3296 3833 3353 3879 ut
3382 3823 3676 3880 secundum

2086 3924 2345 3995 synodum
2392 3924 2663 3977 Nictcnam
2716 3923 3056 3993 congregatis
3102 3920 3340 3991 ejusdem
3383 3919 3676 3990 provinciae

2087 4016 2353 4087 episcopis
2376 4016 2609 4085 jurgium
2640 4015 2973 4078 terminetur,
3006 4030 3107 4069 nec
3141 4013 3300 4068 alicui
3331 4013 3493 4067 liceat
3512 4053 3528 4079 ,
3559 4011 3677 4066 sine

2088 4106 2397 4175 prccjudicio
2429 4115 2604 4159 tamen
2636 4104 2891 4160 Romana:
2920 4103 3193 4169 Ecclesirc,
3224 4104 3427 4157 relictis
3478 4102 3559 4157 his
3587 4117 3674 4154 sa-

2090 4194 2395 4250 cerdotibus
2465 4194 2557 4263 qni
2613 4194 2665 4247 in
2709 4193 2898 4249 eadem
2928 4193 3206 4263 provincia
3249 4193 3343 4247 Dei
3371 4191 3673 4246 Ecclesiam

2091 4294 2221 4339 nutu
2244 4284 2425 4339 divino
2446 4286 2768 4354 gubernant,
2793 4284 2861 4338 ad
2883 4284 3015 4339 alias
3037 4284 3326 4339 convolare
3347 4283 3671 4354 provincias.

2093 4375 2244 4441 Quod
2272 4375 2317 4429 si
2347 4375 2466 4444 quis
2496 4372 2633 4429 forte
2662 4374 3061 4444 prmsumpscrit
3085 4415 3099 4440 ,
3131 4384 3186 4429 et
3223 4374 3289 4429 ab
3336 4373 3516 4430 ofﬁcio
3543 4373 3673 4430 cleri

2093 4471 2372 4525 submotus
2391 4512 2406 4538 ,
2433 4477 2487 4523 et
2514 4467 2828 4537 injuriarum
2856 4482 2981 4523 reus
3007 4468 3075 4523 ab
3104 4468 3352 4523 omnibus
3375 4466 3669 4537 judicetur.

1339 4526 1440 4631 ξτξίε
1463 4535 1650 4631 Ἶιοδίτίξ
1667 4529 1981 4631 είξηετυξδηίί
2013 4552 2061 4612 D
2085 4562 2140 4617 Si
2169 4570 2345 4616 autem
2378 4561 2612 4631 majores
2641 4554 2817 4615 causa:
2847 4560 2901 4615 in
2945 4560 3126 4616 medio
3154 4560 3350 4616 fuerint
3377 4560 3661 4623 devoluue.

2086 4652 2153 4707 ad
2182 4652 2364 4707 sedem
2395 4651 2745 4721 apostolicam
2774 4694 2788 4718 ,
2819 4651 2959 4705 sicut
3005 4652 3238 4723 synodus
3282 4651 3501 4717 statuit,
3553 4664 3674 4722 post

2080 4740 2334 4811 judicium
2365 4741 2674 4811 episcopale
2705 4739 3021 4797 referantur.

2326 4851 2393 4905 Ut
2425 4853 2628 4905 viduam
2658 4852 2870 4905 clericus
2895 4867 2995 4905 non
3020 4852 3172 4904 ducat
3197 4868 3427 4906 uxorem.

2160 4960 2248 5015 XI.
2304 4960 2371 5015 Ut
2399 4961 2609 5016 viduam
2641 4961 2867 5016 clericus
2896 4977 3001 5016 non
3047 4960 3209 5015 ducat
3238 4976 3457 5016 uxorem
3487 5002 3501 5031 ,
3543 4963 3669 5031 quia

2087 5054 2343 5123 scriptum
2389 5061 2474 5108 est
2513 5071 2525 5105 :
2559 5052 2819 5107 Sacerdos
2865 5069 3078 5107 uxorem
3129 5054 3378 5123 virginem
3421 5054 3679 5123 κάμίαι.-

2087 5160 2189 5200 non
2218 5145 2441 5209 viduam,
2475 5162 2579 5200 non
2608 5146 2820 5214 ejectum
2851 5143 3037 5210 (Lavit.
3071 5160 3180 5207 xxx,
3212 5142 3321 5213 15).
3358 5142 3551 5212 Utique
3575 5145 3668 5215 qui

2086 5235 2151 5289 ad
2178 5235 2537 5290 sacerdotium
2568 5234 2751 5289 labore
2790 5250 2887 5289 suo
2916 5243 2969 5289 et
2998 5235 3118 5289 vita:
3147 5233 3414 5303 probitate
3440 5244 3667 5290 conten-1

2085 5328 2182 5393 dit,
2215 5342 2409 5382 cavere
2437 5327 2596 5382 debet
2643 5341 2711 5381 ne
2743 5327 2844 5381 hoc
2893 5326 3200 5395 pracjudicio
3231 5326 3515 5396 impeditus
3542 5343 3667 5398 pero

2086 5419 2266 5474 venire
2296 5435 2401 5473 non
2430 5418 2616 5489 possit.

2201 5530 2268 5584 Ut
2296 5531 2340 5583 si
2371 5530 2531 5583 laicus
2563 5529 2766 5583 viduam
2796 5528 3018 5594 duxerit,
3053 5531 3267 5584 clericus
3290 5547 3391 5585 tum
3421 5532 3536 5601 ﬁat.

2148 5637 2261 5692 XII.
2300 5638 2365 5693 Ut
2414 5640 2458 5693 is
2482 5639 2572 5706 qui
2601 5638 2833 5699 viduam,
2857 5638 2987 5693 licet
3015 5639 3202 5703 laicus,
3236 5640 3386 5694 duxit
3415 5658 3659 5708 morem,

2077 5734 2190 5789 sive
2218 5742 2342 5789 ante
2371 5732 2693 5802 baptismum
2715 5770 2729 5797 ,
2761 5731 2875 5786 sive
2901 5740 3022 5801 post
3050 5732 3391 5800 baptismum,
3424 5749 3530 5789 non
3560 5736 3660 5790 ad-

2081 5828 2321 5881 mittatur
2348 5823 2412 5878 ad
2444 5822 2665 5889 clerum,
2699 5821 2822 5893 quia
2864 5822 3053 5883 eodem
3083 5822 3210 5877 vitio
3244 5820 3448 5879 videtur
3477 5824 3658 5880 exclu-
