4092 6348
448 301 555 359 245

1725 274 2079 337 DIONYSIUS
2115 274 2434 332 EXIGUUS.

3612 265 3742 322 244

445 430 558 470 sus.
603 412 659 467 In
687 410 953 481 baptismo
978 407 1121 462 enim
1150 400 1373 459 crimina
1401 396 1761 458 dimittuntur,
1792 407 1901 447 non
1928 406 2021 445 ac-
2048 395 2104 457 Α
2126 403 2342 445 servare
2369 384 2639 451 debeant,
2678 384 2872 454 quibus
2899 381 2985 439 vel
3012 379 3373 437 sacerdotium
3412 379 3500 436 vel
3550 379 3740 435 mini-

447 514 619 575 ceptzze
650 502 833 557 uxoris
862 496 1190 555 consortium
1220 492 1510 547 relaxatur.

472 644 540 699 Ut
569 645 653 715 qui
682 641 957 696 secundum
994 650 1209 691 uxorem
1248 630 1482 685 habuerit
1521 628 1736 681 clericus
1764 641 1868 679 non
1909 624 1996 676 sit.

520 756 654 810 XIII.
708 755 784 808 Ne
814 754 857 809 is
877 751 966 821 qui
995 747 1286 805 secundam
1313 742 1526 798 duxerit
1552 754 1775 796 uxorem
1803 737 2034 793 clericus

450 850 562 913 ﬁat,
597 847 720 918 quia
745 844 1002 914 scriptum
1034 849 1117 894 est
1143 857 1156 892 :
1188 836 1353 891 Unius
1382 834 1559 887 uxoris
1587 833 1750 885 virum
1780 828 1831 898 (Ι
1840 827 1866 881 1
1896 826 2030 879 Tim.

448 946 557 1011 tu);
589 951 643 995 et
672 942 861 993 iterum
897 954 908 989 :
945 932 1253 990 Sacerdotes
1282 928 1382 981 mei
1411 925 1566 981 semel
1590 922 1785 978 nubant
1838 919 2031 986 (Leuit.

448 1009 615 1104 xxi);
662 1042 716 1087 et
744 1029 869 1084 alibi
904 1048 916 1081 :
952 1024 1257 1082 Sacerdotes
1302 1020 1399 1073 mei
1441 1034 1545 1071 non
1588 1013 1783 1067 nubant
1813 1009 2035 1081 amplius

449 1125 668 1196 (Ezech.
699 1121 865 1189 xuv).
916 1117 1053 1172 Etsi
1099 1116 1165 1168 ab
1202 1110 1466 1179 aliquibus
1515 1106 1870 1166 existimatur,
1913 1107 2037 1154 ante

448 1194 774 1293 baptismum
805 1218 848 1272 si
896 1215 1034 1269 forte
1064 1211 1184 1281 quis
1230 1206 1445 1276 accepit
1486 1216 1710 1258 uxorem
1734 1240 1748 1263 ,
1796 1206 1850 1251 et
1878 1211 1941 1251 ea
1971 1194 2038 1248 de

449 1290 654 1371 sarculo
705 1306 993 1363 recedente
1022 1303 1241 1355 alteram
1272 1295 1503 1359 duxerit,
1536 1294 1588 1347 in
1619 1290 1887 1360 baptismo
1916 1298 2039 1339 esse

452 1402 732 1459 dimissum
760 1439 774 1463 ,
813 1396 941 1450 satis
969 1400 1116 1449 errat
1155 1406 1184 1444 a
1226 1388 1408 1456 regula
1434 1427 1447 1450 ,
1499 1385 1624 1454 quia
1669 1382 1723 1435 in
1772 1377 2038 1448 baptismo

452 1500 675 1566 peccata
696 1489 1061 1551 remittuntur,
1087 1498 1193 1537 non
1224 1487 1568 1548 acceptarum
1598 1488 1826 1527 uxorum
1854 1481 2041 1523 nume-

452 1562 549 1638 rus
580 1581 864 1643 aboletur,
913 1590 1035 1631 eum
1082 1572 1269 1640 utique
1318 1583 1455 1623 uxor
1490 1581 1558 1619 ex
1606 1562 1739 1631 legis
1768 1565 2039 1629 praecepto

452 1676 700 1739 ducatur,
731 1674 783 1726 in
815 1676 1019 1724 tantum
1050 1673 1108 1720 ut
1156 1670 1211 1718 et
1240 1662 1292 1715 in
1321 1658 1570 1730 paradiso
1594 1694 1608 1718 ,
1638 1669 1760 1709 cum
1790 1657 2041 1721 parentes

2132 480 2355 533 sterium
2388 480 2504 533 sine
2532 476 2871 534 successione
2899 480 3014 538 est,
3048 487 3148 528 nec
3173 472 3412 543 praeterit
3438 470 3552 527 dies
3610 485 3739 541 qua

2133 571 2218 626 vel
2248 584 2278 623 a
2307 569 2581 625 sacriﬁciis
2621 568 2814 625 divinis
2849 568 2936 622 vel
2985 580 3015 621 a
3042 564 3379 636 baptismatis
3416 562 3591 618 ofﬁcio
3627 576 3743 615 va-

2133 662 2293 717 cent?
2341 661 2474 716 Nam
2516 663 2561 715 si
2601 659 2799 715 Paulus
2839 658 2905 714 ad
2935 657 3243 713 Corinthios
3272 654 3456 710 scribit
3484 654 3683 709 dicens
3722 670 3738 705 :

2136 754 2414 809 Abstinete
2441 768 2537 809 vos
2563 752 2629 807 ad
2662 761 2891 821 tempus,
2926 758 2985 804 ut
3011 749 3215 804 vacetis
3244 747 3478 803 orationi
3514 745 3564 817 (Ι
3590 744 3738 799 Cor.

2134 860 2229 913 vn)
2250 885 2266 911 ,
2295 852 2349 899 et
2377 845 2482 899 hoc
2509 844 2690 916 utique
2726 842 2874 896 laicis
2911 840 3198 911 praecepit,
3243 838 3411 892 multo
3439 836 3613 905 magis
3641 849 3742 889 sa-

2135 936 2415 1001 cerdotes,
2446 934 2637 1005 quibus
2674 940 2728 987 et
2754 930 2941 986 orandi
2980 937 3035 984 et
3087 926 3422 985 sacriﬁcandi
3444 925 3573 997 juge
3600 921 3744 979 ofﬁ—

2136 1030 2277 1084 cium
2326 1035 2440 1091 est,
2471 1040 2684 1096 semper
2719 1023 2990 1079 debebunt
3017 1022 3084 1076 ab
3114 1018 3416 1090 hujusmodi
3444 1015 3742 1074 consortio

2138 1119 2408 1173 abstinere
2432 1158 2446 1184 ,
2479 1117 2568 1186 qui
2601 1116 2644 1170 si
2690 1112 3039 1170 contaminati
3069 1109 3265 1165 fuerint
3292 1106 3495 1163 carnali
3522 1118 3744 1160 concu-

2136 1212 2419 1283 piscentia,
2440 1225 2548 1279 quo
2577 1207 2779 1279 pudore
2809 1206 2893 1260 vel
2921 1205 3220 1260 sacrilicare
3248 1201 3469 1257 forsitan
3497 1209 3743 1267 usurpa-

2136 1302 2304 1368 bunt,
2335 1309 2428 1354 aut
2456 1315 2561 1369 qua
2592 1296 2942 1362 conscientia,
2972 1309 3146 1363 quove
3175 1293 3369 1347 merito
3398 1288 3648 1345 exaudiri
3674 1302 3743 1341 se

2138 1392 2397 1459 credunt,
2449 1405 2568 1445 cum
2619 1388 2819 1443 dictum
2871 1388 2941 1440 sit
2972 1404 2984 1414 ·
3013 1384 3201 1440 Omnia
3248 1382 3444 1437 munda
3486 1377 3742 1445 mundis,

2140 1480 2499 1548 coinquinatis
2525 1488 2703 1533 autem
2755 1484 2809 1531 et
2840 1474 3139 1530 inﬁdelibus
3169 1472 3297 1526 nihil
3324 1470 3584 1526 mundum
3624 1466 3743 1538 (Ad

2143 1571 2247 1626 Tit.
2269 1572 2344 1643 1),?
2376 1570 2481 1626 Sed
2512 1570 2739 1624 fortasse
2768 1567 2932 1622 licere
2960 1566 3063 1619 hoc
3091 1562 3279 1628 credit,
3310 1562 3435 1630 quia
3463 1560 3742 1628 scriptum

2141 1674 2225 1719 est
2250 1682 2260 1717 :
2290 1662 2457 1718 Unius
2484 1661 2667 1716 uxoris
2690 1660 2862 1713 virum
2895 1655 2948 1729 (1
2974 1656 3105 1710 Tim.
3135 1654 3233 1724 tn),
3267 1668 3373 1707 non
3401 1662 3743 1722 permanen-

452 1767 673 1823 humani
721 1762 933 1833 generis
980 1758 1432 1827 coniungeremur
1482 1749 1633 1820 (Gen.
1668 1752 1757 1809 "li
1807 1746 1875 1799 ab
1922 1743 2038 1813 ερεο
2069 1763 2117 1823 Β
2144 1766 2250 1811 tem
2282 1757 2334 1810 in
2367 1752 2800 1824 concupiscentia
2838 1745 3127 1818 generandi
3165 1744 3329 1808 dixit,
3372 1742 3467 1797 sed
3502 1745 3743 1810 propter

451 1860 563 1916 sint
614 1857 841 1913 Domino
890 1850 1193 1913 benedicti,
1241 1854 1295 1900 et
1344 1844 1601 1899 Salomon
1650 1840 1816 1903 dicat,
1849 1836 2033 1889 ADeo

454 1946 842 2021 praeparabitur
886 1943 1002 1996 viro
1054 1954 1190 1993 uxor
1254 1935 1458 2004 (Prov.
1488 1931 1654 2001 xxx),
1713 1942 1872 1998 quam
1929 1924 2038 1979 for-

451 2053 597 2097 mam
625 2036 784 2091 etiam
815 2031 1127 2089 sacerdotes
1156 2041 1345 2083 omnes
1371 2036 1588 2078 servare
1642 2034 1769 2074 usus
1797 2018 1911 2087 ipse
1938 2015 2037 2070 de-

451 2136 721 2187 monstrat
740 2126 1013 2181 Ecclesiae.
1047 2123 1190 2178 Satis
1214 2119 1355 2175 enim
1378 2115 1667 2171 absurdum
1695 2119 1778 2166 est
1806 2110 2038 2179 aliquem

452 2223 697 2287 credere,
744 2218 968 2275 uxorem
1017 2221 1142 2269 ante
1185 2210 1510 2280 baptismum
1578 2210 1859 2272 acceptam
1919 2204 2043 2268 post

453 2313 780 2383 baptismum
810 2325 915 2364 non
946 2303 1422 2375 computari,».cum
1450 2295 1758 2353 benedictio
1807 2306 1926 2362 qua:
1947 2306 2043 2360 per

454 2404 790 2462 sacerdotem
813 2416 974 2472 super
994 2399 1257 2453 nubentes
1284 2393 1594 2464 imponitur,
1625 2404 1733 2443 non
1760 2385 2043 2442 materiam

456 2494 800 2565 delinquendi
832 2491 1061 2555 dedisse,
1085 2488 1178 2544 sed
1207 2486 1434 2540 formam
1464 2481 1697 2537 tenuisse
1725 2478 1861 2545 legis
1881 2491 1910 2529 a
1935 2475 2043 2529 Deo

456 2588 753 2657 antiquitus
798 2584 1052 2638 instituta:
1093 2582 1371 2635 doceatur.
1428 2572 1583 2641 Quod
1611 2572 1657 2625 si
1690 2585 1797 2624 non
1824 2576 2045 2638 putatur

459 2694 597 2734 uxor
653 2692 773 2732 esse
826 2670 1185 2742 computanda
1232 2683 1351 2738 qua:
1380 2674 1506 2720 ante
1533 2663 1855 2733 baptismum
1886 2658 2046 2712 ducta

460 2776 564 2834 est,
595 2779 723 2835 ergo
776 2780 877 2820 nec
907 2764 998 2817 ﬁlii
1045 2762 1136 2830 qui
1183 2767 1308 2813 ante
1353 2755 1676 2825 baptismum
1708 2749 1874 2822 geniti
1902 2756 2044 2814 sunt,

460 2871 563 2931 pro
591 2855 712 2911 ﬁliis
739 2854 1024 2908 habentur.

462 2970 536 3025 Ut
563 2970 773 3025 alterius
811 2968 1023 3021 clericos
1054 2964 1300 3017 ordinare
1329 2958 1498 3013 nullus
1522 2963 1731 3025 usurpet
1758 2954 2047 3025 episcopus.

535 3081 671 3137 XIV.
708 3079 777 3135 Ut
801 3078 869 3134 de
896 3078 1067 3131 aliena
1098 3071 1339 3127 Ecclesia
1370 3067 1626 3125 clericum
1655 3064 1904 3120 ordinare
1931 3063 2051 3116 nul—

464 3175 550 3234 lus
577 3182 846 3243 usurpet,
881 3170 983 3224 nisi
1013 3169 1128 3237 ejus
1169 3165 1455 3236 episcopus
1499 3158 1751 3231 precibus
1798 3162 2052 3211 exoratus

468 3265 769 3325 concedere
803 3260 1053 3315 voluerit.
1105 3256 1218 3311 Hoc
1265 3255 1426 3309 etiam
1463 3248 1698 3320 synodus
1736 3247 1931 3301 statuit
1961 3244 2054 3298 Ni-

470 3371 640 3421 caena,
662 3363 723 3409 ut
742 3352 1010 3422 abjectum
1038 3349 1104 3404 ab
1135 3347 1306 3402 altero
1335 3342 1592 3400 clericum
1621 3338 1787 3392 altera
1812 3335 2054 3391 Ecclesia

470 3462 581 3504 non
606 3444 853 3513 recipiat.

476 3585 547 3641 Ut
575 3601 680 3640 non
730 3580 1110 3651 rebaptizentur
1139 3578 1226 3649 qui
1274 3576 1342 3651 ad
1369 3573 1658 3651 Ecclesium
1685 3587 1717 3623 a
1745 3568 2057 3623 Novatianis

918 3651 994 3704 vel
1022 3644 1377 3703 Montensibus
1406 3645 1629 3698 veniunt.

547 3768 665 3823 XV.
721 3766 788 3822 Ut
832 3765 1111 3821 venientes
1157 3777 1188 3815 a
1231 3759 1544 3815 Novatianis
1578 3757 1663 3812 vel
1695 3753 2059 3811 Montensibus

473 3874 574 3934 per
600 3873 792 3914 manus
842 3863 1049 3910 tantum
1099 3851 1494 3922 impositionem
1523 3848 1905 3916 suscipiantur,
1934 3844 2059 3912 quia

475 3950 724 4021 quamvis
751 3948 818 4003 ab
846 3946 1112 4001 haereticis
1134 3985 1150 4011 ,
1200 3950 1380 3999 tamen
1408 3942 1461 3995 in
1488 3939 1685 3994 Christi
1718 3937 1935 3991 nomine
1962 3935 2061 3989 ba-

476 4040 667 4113 ptizati
694 4048 836 4104 sunt,
893 4045 1088 4108 praeter
1116 4050 1212 4091 eos
1252 4033 1343 4104 qui
1370 4032 1412 4087 si
1444 4031 1581 4086 forte
1609 4047 1638 4084 a
1674 4029 1826 4083 nobis
1851 4026 1916 4081 ad
1945 4025 2064 4079 illos

478 4138 824 4189 transeuntes
870 4126 1186 4197 rebaptizati
1234 4132 1390 4189 sunt,
1423 4124 1476 4176 hi
1504 4123 1550 4176 si
1583 4122 1961 4189 resipiscentes
2009 4124 2065 4169 et

478 4224 693 4282 ruinam
719 4237 873 4277 suam
900 4220 1197 4288 cogitantes
1222 4217 1397 4271 redire
1424 4214 1748 4275 maluerint,
1781 4212 1879 4266 sub
1907 4210 2065 4276 longa

480 4315 810 4388 poenitentia:
838 4310 1207 4370 satisfactione
1236 4307 1552 4364 admittendi
1580 4314 1724 4360 sunt.

487 4454 637 4523 Quod
679 4455 967 4510 sacerdotes
998 4461 1045 4507 et
1075 4452 1240 4523 levitte
1289 4466 1405 4503 cum
1444 4445 1739 4501 mulieribus
1780 4445 1915 4496 coire
1961 4459 2066 4495 non

1155 4520 1391 4575 debeant.
1468 4580 1474 4585 .

556 4636 696 4693 XVI.
727 4606 1024 4699 Prmterea,
1058 4633 1203 4704 quod
1231 4633 1470 4701 dignum,
1504 4635 1559 4683 et
1589 4625 1862 4696 pudicum,
1896 4631 1950 4677 et
1978 4622 2076 4676 ho-

486 4739 699 4788 nestum
755 4742 878 4799 est,
924 4738 1108 4785 tenere
1149 4724 1390 4780 Ecclesia
1432 4717 1743 4775 omnimodo
1770 4716 1959 4781 debet,
2019 4720 2078 4768 ut

487 4822 799 4880 sacerdotes
836 4831 891 4877 et
945 4822 1118 4876 levitas
1147 4832 1269 4872 eum
1299 4811 1557 4868 uxoribus
1586 4809 1695 4863 suis
1724 4822 1830 4862 non
1861 4813 2074 4871 coeant,

489 4916 615 4986 quia
643 4914 927 4969 ministerii
946 4908 1243 4981 quotidiani
1266 4900 1677 4959 necessitatibus
1705 4904 2034 4968 occupantur
2062 4914 2075 4950 :

489 5008 751 5078 scriptum
791 5014 876 5061 est
904 5004 1047 5058 enim
1081 5020 1092 5054 :
1127 4998 1311 5054 Sancti
1342 5001 1549 5057 estote,
1599 4992 1854 5062 quoniam
1897 4997 1951 5044 et
1976 5004 2077 5058 ego

490 5106 713 5152 sanctus
768 5110 884 5151 sum
915 5091 1174 5147 Dominus
1202 5088 1345 5141 Deus
1384 5090 1580 5138 vester.
1638 5082 1769 5136 Nam
1808 5083 1853 5137 si
1889 5082 2079 5151 priscis

492 5186 830 5259 temporibus
856 5184 925 5239 de
952 5182 1152 5251 templo
1181 5177 1276 5233 Dei
1306 5176 1615 5231 sacerdotes
1639 5190 1782 5229 anno
1809 5175 1940 5229 vicis
1968 5188 2078 5228 suae

496 5293 604 5332 non
633 5275 1015 5338 discedebant,
1054 5272 1194 5326 sicut
1230 5269 1298 5323 de
1328 5267 1586 5321 Zacharia
1617 5267 1837 5335 legimus
1886 5264 2076 5333 (Levii.

498 5367 619 5437 nt)
651 5409 666 5434 ,
704 5381 806 5420 nec
844 5364 1060 5418 domtun
1101 5376 1250 5415 suam
1281 5359 1500 5415 omnino
1529 5359 1816 5428 tangebant
1840 5398 1855 5423 ,
1886 5357 2079 5425 quibus

498 5458 684 5524 utique
731 5460 953 5522 propter
998 5450 1199 5506 sobolis
1244 5449 1639 5506 successionem
1689 5448 1908 5502 uxorius
1951 5456 2079 5499 usus

498 5545 675 5600 fuerat
704 5543 1005 5605 relaxatus,
1036 5542 1159 5611 quia
1190 5557 1256 5597 ex
1313 5540 1412 5595 alia
1446 5539 1585 5593 tribu
1638 5546 1692 5592 et
1722 5545 2078 5607 praeterquam

502 5651 571 5691 ex
597 5635 799 5689 semine
834 5636 1005 5687 Aaron
1040 5633 1107 5688 ad
1136 5633 1500 5690 sacerdotium
1541 5629 1715 5685 nullus
1745 5627 1915 5683 fuerat
1943 5638 2080 5695 prve-

506 5734 695 5795 ceptus
715 5726 969 5787 accedere
994 5725 1177 5798 (Num.
1203 5726 1349 5793 xvnt)
1368 5764 1381 5789 ,
1415 5731 1616 5793 quanto
1639 5720 1806 5787 magis
1826 5717 1881 5771 hi
1901 5728 2082 5771 sacer-

508 5814 660 5874 dotes
689 5817 773 5875 vel
823 5818 996 5877 levitte
1024 5818 1332 5892 pudicitiam
1367 5831 1435 5871 ex
1470 5814 1557 5869 die
1596 5807 1947 5868 ordinationis
1973 5820 2080 5864 suae

2141 1847 2528 1905 conscientiam
2556 1844 2809 1901 futuram.
2846 1842 3029 1910 Neque
3061 1839 3200 1893 enim
3230 1838 3467 1903 integros
3495 1842 3743 1901 corpore

2142 1956 2248 1995 non
2279 1938 2528 2003 admisit,
2556 1936 2648 2005 qui
2676 1935 2751 1989 ait
2776 1952 2789 1987 :
2816 1932 3020 1988 Vellem
3052 1938 3230 1983 autem
3262 1942 3450 1981 onmes
3475 1926 3553 1980 sic
3580 1938 3741 1986 esse,

2141 2033 2279 2087 sicut
2301 2040 2352 2085 et
2376 2044 2477 2099 ego
2505 2028 2559 2100 (Ι
2582 2027 2701 2082 Cor.
2727 2026 2841 2097 vn).
2875 2024 2942 2079 Et
2968 2023 3203 2094 apertius
3232 2020 3469 2075 declarat
3497 2016 3696 2071 dicens
3725 2032 3742 2069 :

2142 2124 2244 2192 Qui
2273 2135 2452 2180 autem
2482 2124 2534 2177 in
2562 2137 2725 2177 carne
2753 2127 2905 2183 sunt,
2936 2118 3048 2172 Deo
3078 2116 3291 2186 placere
3316 2128 3422 2168 non
3458 2116 3697 2181 possunt
3722 2124 3742 2175 ;

2143 2232 2240 2271 vos
2278 2225 2457 2270 autem
2485 2212 2596 2284 jam
2638 2228 2745 2267 non
2785 2209 2913 2266 estis
2962 2209 3015 2262 in
3065 2221 3226 2262 carne
3252 2247 3267 2273 ,
3310 2201 3405 2258 sed
3446 2203 3499 2256 in
3537 2190 3748 2272 spiritti

2145 2306 2322 2378 (Rem.
2359 2305 2493 2374 VIII).

2147 2416 2297 2485 Quod
2326 2415 2604 2471 monac/tus
2624 2453 2637 2477 ,
2674 2415 2718 2467 si
2748 2414 2964 2466 clericus
2994 2412 3161 2485 factus
3191 2409 3372 2478 fuerit,
3403 2404 3740 2476 propositum

2628 2500 2773 2538 suum
2804 2479 3004 2535 servare
3034 2479 3233 2533 debeat.

2217 2578 2375 2633 XVII.
2432 2577 2504 2632 De
2533 2574 2812 2630 monachis
2863 2572 2957 2641 qui
3013 2570 3106 2625 diu
3137 2576 3415 2624 morantes
3443 2567 3497 2620 in
3536 2578 3743 2619 mona-

2146 2671 2324 2726 steriis
2346 2676 2531 2739 postea
2552 2665 2618 2720 ad
2645 2665 2928 2720 clericatus
2959 2660 3202 2717 ordinem
3230 2655 3596 2729 pervenerint,
3626 2668 3747 2711 non

2149 2762 2344 2816 debere
2367 2775 2461 2814 eos
2483 2773 2512 2811 a
2537 2757 2715 2827 priore
2735 2753 3014 2826 proposito
3039 2750 3274 2806 deviare.
3304 2747 3410 2801 Aut
3434 2745 3579 2800 enim
3599 2744 3748 2803 sicut

2151 2854 2204 2907 in
2234 2850 2562 2905 monasterio
2593 2847 2728 2912 fuit,
2761 2854 2817 2900 et
2844 2843 2988 2914 quod
3017 2841 3109 2896 diu
3137 2839 3407 2905 servavit,
3444 2837 3498 2891 in
3526 2831 3750 2890 meliori

2150 2944 2317 3013 gradu
2346 2943 2553 3012 positus
2583 2940 2832 2994 amittere
2877 2951 2986 2991 non
3016 2933 3197 2988 debet.
3246 2930 3352 2984 Aut
3378 2929 3422 2983 si
3451 2934 3750 2995 corruptus

2151 3041 2340 3105 postea
2367 3032 2668 3102 baptizatus
2700 3029 2752 3083 in
2784 3024 3113 3081 monasterio
3159 3021 3370 3087 sedens,
3402 3026 3456 3073 et
3484 3017 3553 3071 ad
3582 3016 3750 3072 cleri-

2080 3126 2125 3188 C
2155 3137 2304 3184 catus
2351 3125 2593 3181 ordinem
2641 3121 2902 3177 accedere
2949 3116 3220 3182 voluerit,
3264 3126 3489 3168 uxorem
3518 3108 3753 3166 omnino

2156 3219 2355 3275 habere
2396 3232 2503 3271 non
2534 3213 2752 3285 poterit,
2809 3210 2935 3280 quia
2964 3222 3065 3263 nec
3104 3203 3349 3261 benedici
3379 3218 3503 3257 cum
3544 3215 3751 3272 sponsa

2156 3317 2335 3382 potest
2360 3308 2469 3377 jam
2500 3314 2625 3360 ante
2664 3309 2969 3371 corruptus.
3021 3298 3150 3366 Quae
3198 3296 3367 3353 forma
3410 3301 3662 3349 servatur
3695 3292 3754 3346 in

2157 3399 2366 3456 clericis
2395 3397 2663 3465 maxime,
2695 3409 2818 3449 cum
2865 3400 3016 3445 vetus
3060 3388 3242 3459 regula
3281 3387 3387 3441 hoc
3429 3384 3654 3449 habeat,
3691 3386 3755 3439 ut

2158 3492 2386 3560 quisque
2415 3493 2700 3557 corruptus
2728 3482 3029 3552 baptizatus
3058 3478 3286 3533 clericus
3320 3490 3441 3530 esse
3466 3472 3752 3536 voluisset,

2158 3582 2450 3655 sponderet
2476 3594 2535 3635 se
2565 3591 2789 3633 uxorem
2820 3573 3041 3629 omnino
3070 3586 3177 3625 non
3207 3568 3425 3623 ducere.

2165 3698 2232 3755 Ut
2259 3714 2324 3752 ea:
2354 3696 2636 3750 curialibus
2666 3693 2882 3747 clericus
2923 3705 3027 3743 non
3056 3689 3182 3758 ﬁat,
3213 3694 3421 3755 propter
3456 3684 3757 3758 voluptam

2304 3785 2429 3839 quas
2458 3784 2490 3819 α
2518 3763 2722 3818 diabolo
2750 3764 2981 3815 inventas
3004 3755 3241 3812 exhibere
3268 3755 3608 3825 compellitur.

2234 3858 2416 3916 XVIII.
2465 3856 2731 3910 Praeterea
2786 3851 3096 3921 frequenter
3132 3848 3347 3919 quidam
3391 3862 3459 3901 ex
3498 3843 3757 3899 fratribus

2164 3951 2363 4009 nostris
2402 3947 2664 4008 curiales,
2696 3943 2782 3999 vel
2818 3942 3088 4013 quoslibet
3128 3940 3354 4010 publicis
3390 3934 3758 3992 functionibus

2166 4047 2481 4111 occupatos,
2512 4034 2738 4091 clericos
2768 4032 2943 4086 facere
2973 4030 3322 4093 contendunt,
3348 4027 3539 4097 quibus
3566 4032 3759 4096 postea

2166 4132 2339 4202 major
2365 4128 2601 4195 tristitia,
2638 4140 2760 4181 cum
2787 4122 2853 4178 de
2878 4121 3195 4178 revocandis
3223 4120 3301 4175 eis
3328 4117 3527 4187 aliquid
3556 4118 3624 4172 ab
3652 4116 3758 4170 im-

2167 4231 2418 4294 peratore
2446 4216 2772 4289 prtecipitur,
2800 4228 2960 4285 quam
2984 4213 3153 4291 gratia
3178 4210 3412 4265 nascitur
3430 4209 3499 4263 de
3519 4206 3760 4265 adscitis.

2168 4311 2394 4368 Constat
2422 4310 2566 4365 enim
2595 4321 2690 4364 eos
2734 4306 2787 4360 in
2837 4304 2965 4373 ipsis
3011 4303 3204 4357 muniis
3250 4300 3556 4370 voluptates
3594 4298 3760 4354 etiam

2174 4402 2451 4466 exhibere,
2484 4413 2617 4469 quas
2645 4412 2675 4450 a
2704 4395 2920 4450 diabolo
2962 4394 3208 4448 inventas
3246 4406 3364 4447 esse
3402 4406 3511 4445 non
3538 4389 3761 4445 dubium

2099 4504 2152 4565 ι)
2176 4500 2288 4557 est,
2319 4498 2373 4544 et
2401 4487 2649 4543 ludorum
2679 4494 2773 4539 aut
2813 4498 3092 4538 munerum
3130 4480 3475 4552 apparatibus
3504 4486 3597 4533 aut
3619 4492 3760 4549 prce-

2176 4595 2295 4637 esse
2324 4587 2417 4633 aut
2444 4577 2667 4632 forsitan
2708 4576 2991 4630 interesse.
3040 4572 3122 4628 Sit
3167 4581 3316 4628 certe
3361 4572 3414 4626 in
3454 4571 3762 4640 exemplqu

2177 4670 2482 4726 sollicitudo
2510 4677 2565 4723 et
2591 4666 2805 4721 tristitia
2828 4664 3070 4728 fratrum,
3094 4678 3255 4732 quam
3279 4676 3420 4732 stnpe
3444 4661 3762 4731 pertulimus

2178 4761 2504 4831 imperatore
2525 4768 2807 4830 prazsente,
2833 4772 2951 4811 cum
2976 4771 3072 4825 pro
3100 4755 3183 4809 his
3209 4754 3402 4825 szepius
3427 4766 3762 4821 rogaremus,

2178 4866 2338 4923 quam
2368 4852 2483 4923 ipse
2513 4850 2791 4906 nobiscum
2831 4849 3035 4919 positus
3076 4845 3406 4915 cognovisti,
3437 4845 3632 4914 quibus
3656 4858 3763 4901 non

2181 4944 2356 5000 solum
2386 4943 2669 4997 inferiores
2699 4940 2882 4997 clerici
2920 4954 2986 4994 ex
3028 4938 3345 5003 curialibus,
3378 4952 3565 4992 verum
3601 4936 3763 4993 etiam

2174 5031 2285 5103 jam
2316 5032 2369 5088 in
2399 5030 2705 5086 sacerdotio
2734 5026 3030 5093 constituti,
3062 5027 3246 5095 ingens
3274 5025 3521 5083 molestia
3553 5034 3613 5081 ut
3637 5023 3761 5080 red-

2179 5122 2436 5180 derentur
2465 5122 2721 5176 instabat.

2448 5233 2531 5287 De
2558 5228 2839 5301 virginibus
2873 5231 3074 5295 velatis,
3102 5232 3147 5284 si
3174 5230 3505 5286 deviavcrint.

2252 5344 2388 5399 XIX.
2420 5346 2554 5401 Item
2583 5358 2702 5414 qua:
2730 5342 2944 5398 Christo
2971 5343 3283 5412 spiritaliter
3310 5348 3626 5413 nupserunt,
3653 5348 3711 5396 et
3733 5355 3766 5396 a

2181 5437 2463 5494 sacerdote
2493 5437 2737 5492 velantur
2757 5477 2773 5503 ,
2806 5437 2851 5490 si
2878 5442 3068 5505 postea
3108 5436 3195 5491 vel
3225 5435 3437 5505 publice
3464 5433 3762 5504 nupserim,

2181 5529 2268 5583 vel
2294 5543 2350 5582 se
2371 5528 2617 5584 clanculo
2640 5527 3001 5597 corruperint,
3026 5541 3133 5581 non
3156 5542 3249 5582 eas
3271 5524 3627 5582 admittendus
3646 5536 3764 5580 esse

2183 5619 2249 5674 ad
2279 5620 2538 5688 agendam
2569 5620 2969 5691 pmnitentiam,
3027 5618 3130 5675 nisi
3158 5619 3203 5674 is
3243 5619 3332 5674 cui
3384 5634 3445 5676 se
3475 5618 3765 5687 junxerunt

2185 5711 2254 5767 de
2296 5710 2493 5768 mundo
2534 5711 2841 5767 recesserit.
2887 5709 2949 5765 Si
2996 5709 3140 5766 enim
3183 5710 3252 5766 de
3297 5708 3606 5766 hominibus
3650 5708 3764 5765 hac

2186 5802 2323 5861 ratio
2351 5802 2676 5873 custoditur,
2720 5810 2777 5858 ut
2806 5814 3137 5874 quacunque
3184 5800 3399 5861 vivente
3441 5799 3559 5861 viro
3604 5796 3761 5874 alteri
