4092 6348
324 280 438 343 345

1353 271 1726 331 COLLECTIO
1764 270 2235 331 DECRETOBUM
2274 273 2378 331 PP.
2424 274 2538 330 RR.

3512 277 3622 332 216

319 391 591 467 nupserit,
616 390 881 448 habeatur
907 387 1179 459 adultera,
1206 404 1309 446 nec
1335 390 1386 447 ei
1413 389 1635 460 agenda:
1660 389 1927 461 pomiten-
1955 392 2007 452 Α
2028 397 2303 458 varentur,
2334 404 2435 448 nec
2463 388 2814 449 admrttantur
2840 391 2909 461 ad
2941 390 3044 448 tale
3072 391 3430 450 ministerium
3477 393 3624 464 quod

323 486 417 542 tiae
444 482 659 546 licentia
686 480 1050 549 concedatur,
1092 480 1197 539 nisi
1235 496 1375 537 unus
1409 495 1477 536 ex
1517 480 1601 537 his
1630 479 1791 535 fuerit
1819 479 1915 536 de-

323 580 571 646 functus,
610 584 813 648 quanto
838 576 1011 645 magis
1038 574 1104 631 de
1133 574 1223 630 illa
1253 574 1483 631 tenenda
1512 582 1595 630 est
1646 589 1765 644 quae
1794 582 1920 629 ante

325 668 623 728 immortali
664 683 723 724 se
761 683 962 738 sponso
991 666 1383 737 coniunxerat,
1414 674 1471 723 et
1507 674 1695 739 postea
1724 665 1792 721 ad
1819 666 1920 720 hu-

325 778 518 821 manas
548 761 769 833 nuptias
791 760 1228 832 transmigravit?

529 871 610 928 De
637 872 921 944 virginibus
951 889 1055 929 non
1082 873 1261 928 velatis
1279 912 1295 939 ,
1324 873 1369 926 si
1395 872 1726 929 deviawrim.

402 981 517 1042 Π.
557 983 657 1040 Ha:
682 999 812 1041 vero
865 999 985 1055 qua:
1012 983 1240 1040 necdum
1269 999 1426 1040 sacro
1448 985 1715 1040 velamine
1743 993 1922 1054 tectae,

330 1088 520 1139 tamen
548 1076 605 1133 in
633 1076 913 1148 proposito
938 1076 1184 1145 virginali
1210 1090 1428 1146 semper
1454 1091 1513 1131 se
1541 1076 1926 1133 simulaverunt

331 1185 676 1246 permanere,
706 1170 835 1225 licet
863 1169 1051 1225 velata:
1080 1184 1186 1224 non
1215 1169 1431 1236 fuerint,
1462 1170 1509 1224 si
1540 1169 1679 1224 forte
1719 1185 1920 1241 nupse-

332 1266 469 1331 rint,
526 1264 613 1320 his
640 1262 847 1331 agenda
876 1261 1151 1329 aliquanto
1191 1270 1433 1332 tempore
1465 1262 1779 1331 paenitentia
1815 1271 1920 1328 est,

329 1356 463 1428 quia
491 1354 712 1426 sponsio
751 1367 937 1409 earum
981 1367 1011 1406 a
1048 1351 1278 1409 Domino
1327 1353 1630 1408 tenebatur.
1679 1352 1735 1425 Si
1782 1354 1924 1408 enim

333 1444 480 1499 inter
505 1442 753 1499 homines
789 1441 930 1498 solet
968 1442 1125 1499 bona:
1158 1441 1280 1497 lidei
1318 1450 1629 1497 contractus
1658 1444 1802 1498 nulla
1833 1460 1923 1498 ra-

332 1536 490 1593 tione
516 1533 769 1599 dissolvi,
808 1544 1012 1603 quanto
1053 1535 1223 1604 magis
1260 1534 1358 1588 ista
1415 1534 1732 1604 pollicitatio
1766 1549 1928 1603 quam

332 1642 460 1684 cum
488 1626 600 1681 Deo
630 1626 970 1697 pepigerunt,
1001 1626 1138 1681 solvi
1157 1626 1273 1680 sine
1304 1625 1536 1680 vindicta
1564 1641 1672 1679 non
1698 1628 1928 1695 poterit?

337 1718 479 1775 Nam
510 1719 557 1776 si
584 1718 862 1789 apostolus
887 1715 1087 1772 Paulus
1122 1732 1241 1786 quae
1280 1732 1310 1773 a
1348 1718 1627 1787 proposito
1657 1718 1930 1772 viduitatis

333 1810 723 1872 discesserant,
759 1808 957 1863 dixerit
985 1823 1078 1863 eas
1107 1808 1309 1863 habere
1338 1807 1773 1883 damnationem,
1805 1808 1929 1879 quia

334 1902 571 1972 primam
608 1901 767 1956 tidem
807 1900 1013 1955 irritam
1054 1898 1298 1954 fecerunt
1345 1897 1398 1967 (Ι
1423 1897 1553 1953 Tim.
1581 1900 1632 1970 v)
1658 1939 1672 1961 ,
1726 1908 1930 1969 quanto

335 1994 519 2067 potius
544 1993 798 2063 virgines,
829 2008 948 2064 quae
976 1992 1172 2064 prioris
1199 1992 1571 2063 promissionis
1599 1992 1755 2048 ﬁdem
1786 1994 1929 2048 fran-

334 2098 468 2156 gere
493 2093 617 2140 sunt
641 2086 889 2141 conatui?

409 2174 539 2231 Haec
567 2176 750 2245 itaque
778 2176 995 2245 regula,
1026 2175 1192 2232 frater
1220 2177 1562 2245 charissimc,
1591 2178 1633 2231 si
1667 2177 1822 2247 plena
1852 2177 1933 2231 vi-

337 2264 565 2337 gilantia
600 2266 764 2322 fuerit
803 2267 869 2322 ab
909 2268 1158 2323 omnibus
1198 2268 1294 2337 Dei
1337 2269 1710 2324 sacerdotibus
1751 2270 1936 2324 obser-

340 2364 487 2422 vata,
520 2356 752 2411 cessabit
780 2357 1025 2427 ambitio,
1069 2357 1334 2413 dissensio
1362 2360 1733 2427 conquiescet,
1767 2359 1938 2414 han-e-

340 2462 431 2502 ses
460 2456 514 2502 et
542 2448 837 2503 schismata
882 2465 989 2504 non
1038 2460 1339 2518 emergent,
1370 2451 1549 2506 locum
1579 2468 1685 2505 non
1714 2452 1940 2520 accipiet

337 2536 587 2593 diabolus
634 2538 925 2606 saeviendi,
977 2540 1213 2594 manebit
1260 2541 1625 2606 unanimitas,
1680 2542 1938 2611 iniquitas

340 2638 596 2700 superata
626 2628 939 2695 calcabitur,
962 2634 1160 2685 veritas
1186 2632 1411 2700 spiritali
1440 2630 1651 2687 fervore
1673 2633 1938 2701 llagrabit,

344 2734 453 2790 pax
481 2718 774 2789 praedicata
792 2719 946 2774 labiis
973 2735 1095 2774 cum
1124 2720 1400 2775 voluntate
1428 2722 1619 2775 anima:
1649 2722 1943 2777 concorda-

348 2807 455 2873 bit,
487 2807 803 2878 implebitur
831 2798 1035 2863 dictum
1086 2808 1351 2881 Apostoli,
1382 2820 1440 2866 ut
1468 2812 1747 2867 unanimes
1778 2827 1945 2866 unum

348 2897 646 2954 sentientes
676 2914 1088 2969 permaneamus
1116 2901 1171 2955 in
1199 2899 1415 2957 Christo
1453 2903 1709 2974 (Philipp.
1747 2903 1826 2975 ιι),
1860 2903 1944 2957 ni-
2016 2924 2017 2927 η

346 2990 426 3047 hil
452 3007 552 3062 per
580 2993 985 3049 contentionem
1029 2993 1218 3058 nobis,
1260 3010 1437 3065 neque
1464 3011 1562 3067 per
1586 2997 1801 3051 inanem
1832 2996 1947 3064 glo-

346 3080 484 3136 riam
524 3082 894 3147 vindicantes,
939 3098 1047 3137 non
1087 3084 1427 3150 hominibus,
1471 3085 1565 3139 sed
1610 3085 1719 3140 Deo
1763 3093 1947 3141 nostro

347 3174 607 3230 salvatori
644 3175 921 3245 placentes
953 3192 966 3227 :
997 3175 1083 3230 cui
1121 3186 1206 3230 est
1246 3175 1421 3231 honor
1454 3185 1510 3232 et
1563 3176 1734 3245 gloria
1764 3178 1817 3232 in
1845 3192 1945 3232 sac-
1972 3157 2019 3222 (εἶ

350 3264 480 3321 cula
512 3267 852 3321 saeculorum.
885 3266 1077 3321 Amen.
1107 3266 1243 3321 Data
1276 3284 1338 3322 xv
1368 3268 1469 3323 cal.
1504 3267 1677 3322 Martii
1704 3267 1944 3325 Honorio

352 3356 597 3427 Augusto
624 3374 675 3413 vi
703 3367 759 3414 et
785 3358 1097 3414 Aristoneto
1127 3374 1181 3413 v.
1214 3374 1262 3413 c.
1298 3374 1471 3415 conss.
1527 3359 1707 3432 (Ann.
1753 3358 1944 3414 Clu-isti

352 3446 482 3504 404.
510 3450 528 3519 )

422 3538 770 3597 innocentius
790 3540 1063 3612 Exuperio
1085 3540 1344 3614 episcopo
1365 3542 1635 3599 Tolosano
1656 3545 1905 3600 salutem.

425 3629 742 3686 Consulenti
770 3632 890 3700 tibi,
922 3630 1088 3688 frater
1115 3633 1431 3689 charissime
1448 3674 1464 3700 ,
1496 3634 1624 3707 quid
1651 3634 1719 3690 de
1747 3650 1945 3705 propo-

354 3723 457 3779 sita
485 3723 667 3794 specie
713 3739 1035 3795 unaquaque
1062 3712 1355 3791 sentirem,
1401 3741 1502 3796 pro
1531 3735 1691 3796 captu
1745 3727 1944 3782 intelli-

353 3813 549 3882 gentiae
576 3827 711 3868 mea:
759 3828 877 3884 quac
906 3823 1031 3868 sunt
1076 3814 1189 3869 visa
1219 3814 1513 3885 respondi,
1546 3816 1671 3886 quid
1708 3832 1944 3886 sequen-

354 3900 506 3966 dum,
537 3902 625 3957 vel
668 3902 859 3957 docilis
907 3904 1046 3959 ratio
1092 3905 1482 3975 persuaderet,
1527 3906 1614 3961 vel
1656 3908 1946 3961 auctoritas

353 3988 605 4045 lectionis
634 3991 963 4056 ostenderet,
995 3992 1081 4047 vel
1127 3994 1397 4050 custodita
1450 3996 1617 4051 series
1644 4005 1946 4068 temporum

356 4078 774 4137 demonstraret.
799 4080 1061 4152 Equidem
1084 4083 1302 4141 dilectio
1324 4094 1414 4140 tua
1436 4087 1738 4143 institutum
1759 4097 1945 4143 secuta

354 4170 700 4242 prudentium
745 4172 814 4228 ad
860 4173 1045 4230 sedem
1092 4177 1444 4246 apostolicam
1491 4176 1693 4232 referre
1737 4180 1943 4244 maluit,

356 4259 484 4329 quid
513 4260 737 4317 deberet
765 4262 832 4318 de
867 4264 1029 4320 rebus
1054 4263 1229 4321 dubiis
1254 4267 1525 4322 custodire
1554 4269 1752 4339 potius,
1785 4285 1947 4338 quam

357 4352 709 4420 usurpatione
736 4365 1061 4426 praesumpta
1088 4370 1207 4425 quae
1232 4357 1331 4413 sibi
1359 4358 1700 4424 viderentur,
1744 4360 1812 4416 de
1837 4361 1947 4416 sin-

357 4442 495 4512 gulis
522 4444 788 4501 obtinere.
819 4445 928 4503 Cur
956 4449 1098 4503 enim
1137 4449 1306 4521 magis
1352 4451 1657 4521 pudendum
1697 4462 1947 4523 putemus

358 4530 573 4590 discere
599 4535 819 4605 aliquid,
849 4552 1011 4607 quam
1043 4542 1263 4595 omnino
1294 4542 1542 4596 nescire?
1570 4542 1699 4597 mihi
1727 4559 1947 4615 quoque
1974 4533 2027 4594 1)

357 4623 461 4695 ipsi
506 4624 574 4681 de
616 4627 907 4684 collatione
951 4628 1200 4687 docilitas
1229 4632 1459 4701 accedit,
1495 4641 1556 4687 ut
1594 4635 1949 4704 perscrutatis

357 4715 659 4773 rationibus
682 4718 747 4773 ad
769 4720 1045 4792 proposita
1070 4723 1392 4794 respondere
1417 4727 1712 4796 compellar
1736 4746 1748 4781 :
1775 4743 1949 4798 eoque

356 4803 419 4860 ﬁt
459 4814 518 4861 ut
554 4808 753 4878 aliquid
779 4826 995 4882 semper
1019 4813 1281 4882 addiscat,
1314 4816 1401 4885 qui
1432 4817 1734 4885 postulatur
1763 4828 1822 4874 ut
1847 4818 1948 4875 do:-

354 4903 500 4952 ceat.
518 4895 825 4971 Propouam
854 4903 1017 4973 igitur
1043 4904 1270 4973 singula,
1302 4904 1695 4977 subjiciamque
1723 4923 1948 4979 respon-

520 5098 603 5157 ,οε
628 5104 1006 5159 incontinentia
1034 5109 1360 5163 sacerdotum
1386 5110 1465 5164 vel
1491 5111 1783 5165 levitarum.

433 5209 571 5268 XXI.
609 5214 947 5286 Proposuisti
991 5219 1121 5287 quid
1172 5219 1241 5275 de
1288 5219 1373 5275 his
1430 5221 1707 5276 observari
1755 5221 1950 5278 debeat

358 5318 499 5376 quos
526 5305 584 5362 in
612 5306 844 5365 diaconii
874 5309 1172 5367 ministerio
1202 5321 1294 5368 aut
1346 5314 1398 5368 in
1429 5312 1609 5369 ofﬁcio
1633 5314 1950 5387 presbyterii

357 5396 569 5467 positos
606 5398 1004 5457 incontinentes
1041 5418 1163 5459 esse
1221 5412 1313 5458 aut
1354 5404 1516 5461 fuisse
1558 5407 1797 5475 generati
1857 5406 1951 5463 lilii

358 5488 731 5561 prodiderunt.
756 5490 832 5548 De
856 5492 939 5548 his
960 5501 1015 5549 et
1033 5493 1337 5549 divinarum
1364 5496 1541 5565 legum
1566 5497 1847 5554 manifesta
1873 5507 1957 5555 est

358 5579 664 5652 disciplina,
687 5592 744 5639 et
763 5584 935 5640 beatae
954 5585 1350 5643 recordationis
1377 5587 1477 5641 viri
1507 5585 1685 5643 Siricii
1711 5589 1952 5661 episcopi

358 5674 565 5730 monita
595 5676 865 5732 evidentia
904 5688 1311 5745 commearunt,
1369 5687 1427 5735 ut
1467 5679 1860 5738 incontinentes
1899 5683 1952 5739 in

360 5760 554 5825 ciliciis
585 5766 778 5826 talibus
805 5768 969 5843 positi
1013 5770 1159 5828 omni
1204 5771 1407 5829 honore
1446 5772 1808 5833 ecclesiastico
1840 5777 1950 5835 ντί·

2025 485 2143 541 sola
2171 484 2506 542 continentia
2538 493 2755 555 oportet
2782 485 3016 556 impleri.
3046 484 3141 541 Est
3168 486 3311 542 enim
3336 494 3495 543 vetus
3524 486 3623 542 ad—

2026 573 2243 629 modum
2271 588 2441 629 sacrae
2465 574 2596 643 legis
2624 574 2919 631 auctoritas
2948 574 3002 646 (Ι
3026 575 3209 632 Parat.
3236 592 3370 642 xxv;
3403 575 3530 629 Luc.
3558 577 3619 645 ι),

2021 659 2132 730 jam
2163 663 2285 717 inde
2315 663 2381 717 ab
2413 663 2565 727 initio
2603 664 2869 737 custodita
2895 708 2910 733 ,
2962 665 3108 736 quod
3145 666 3198 733 in
3234 666 3439 737 templo
3478 682 3623 721 anno

2028 751 2158 806 vicis
2186 767 2295 807 suae
2323 752 2568 809 habitare
2598 754 2852 824 praecepti
2880 763 3005 810 sunt
3034 756 3362 823 sacerdotes,
3420 764 3481 817 ut
3507 771 3621 812 scr-

2028 842 2235 898 vientes
2273 843 2441 897 sacris
2483 842 2845 899 oblationibus
2900 860 3068 916 puros
3099 854 3159 901 et
3214 846 3282 901 ab
3308 845 3457 901 omni
3504 846 3629 907 labe

2029 942 2286 1003 purgatos
2312 934 2410 989 sibi
2436 934 2707 993 vindicent
2732 935 2910 990 divina
2939 936 3211 1007 mysteria,
3234 950 3411 1007 neque
3433 952 3529 994 eos
3559 939 3630 992 ad

2029 1025 2295 1111 sacriﬁcia
2324 1027 2403 1082 fas
2430 1026 2499 1080 sit
2527 1026 2758 1093 admitti,
2787 1027 2880 1097 qui
2903 1036 3161 1083 exercent
3187 1029 3274 1083 vel
3302 1044 3424 1084 cum
3455 1044 3628 1086 uxore

2029 1119 2247 1174 carnale
2267 1120 2622 1187 consortium,
2645 1121 2770 1190 quia
2792 1121 3050 1192 scriptum
3073 1130 3156 1177 est
3179 1140 3190 1175 :
3216 1122 3400 1178 Sancti
3425 1131 3627 1191 estote,

2029 1214 2154 1281 quia
2175 1222 2229 1268 ct
2250 1226 2349 1281 ego
2370 1222 2593 1269 sanctus
2614 1230 2730 1269 sum
2754 1214 3011 1270 Dominus
3033 1215 3175 1269 Deus
3204 1223 3382 1270 vester
3434 1214 3622 1287 (Levit.

2028 1306 2141 1372 xx).
2195 1302 2399 1370 Quibus
2438 1305 2622 1375 utique
2666 1290 2897 1376 propter
2953 1307 3155 1362 sobolis
3220 1308 3625 1363 successionem

2030 1402 2319 1464 propterea
2348 1395 2570 1451 uxorius
2600 1411 2726 1453 usus
2754 1394 2927 1451 fuerat
2956 1397 3245 1462 relaxatus,
3277 1397 3403 1467 quia
3430 1412 3499 1452 ex
3522 1397 3626 1451 alia

2031 1484 2176 1539 tribu
2218 1484 2284 1538 ad
2342 1485 2703 1540 sacerdotium
2734 1487 2911 1543 nullus
2938 1486 3111 1544 fuerat
3146 1496 3447 1559 praeceptus
3475 1503 3631 1543 acce-

2030 1574 2159 1631 dere
2193 1594 2204 1629 :
2237 1586 2441 1647 quanto
2470 1578 2640 1647 magis
2668 1579 2721 1634 hi
2748 1580 3055 1636 sacerdotes
3101 1581 3186 1637 vel
3215 1581 3390 1635 levitae
3417 1581 3625 1651 pudici-

2034 1669 2163 1721 tiam
2194 1684 2261 1722 ex
2287 1668 2375 1723 die
2403 1668 2762 1724 ordinationis
2788 1684 2898 1724 suae
2925 1685 3143 1725 servare
3170 1670 3399 1735 debent,
3431 1670 3625 1739 quibus

1960 1775 2007 1835 Β
2037 1761 2120 1813 vel
2184 1760 2546 1816 sacerdotium
2604 1762 2687 1817 vel
2729 1763 3086 1817 ministerium
3127 1764 3243 1817 sine
3282 1763 3628 1818 successione

2034 1863 2142 1917 cst,
2201 1870 2304 1910 nec
2358 1854 2594 1924 praeterit
2646 1854 2761 1909 dies
2796 1868 2899 1923 qua
2926 1854 3013 1907 vel
3052 1868 3083 1907 a
3121 1852 3396 1908 sacriﬁciis
3434 1851 3628 1907 divinis

2034 1946 2117 2001 vel
2147 1963 2176 2000 a
2205 1946 2544 2016 baptismatis
2583 1945 2765 2009 ofﬁcio
2806 1947 3044 2003 vacent?
3073 1946 3206 2000 Nam
3248 1945 3292 2001 si
3332 1944 3529 2000 Paulus
3557 1943 3627 1999 ad

2034 2038 2347 2093 Corinthios
2382 2038 2572 2093 scribit
2600 2037 2784 2094 dicens
2815 2056 2827 2090 :
2860 2036 3141 2093 Abstinete
3172 2051 3269 2091 vos
3297 2035 3364 2090 ad
3394 2042 3627 2105 tempus,

2038 2137 2095 2183 ut
2132 2131 2335 2185 vacetis
2377 2130 2608 2185 orationi
2654 2128 2741 2199 (11
2762 2127 3000 2183 Corinth.
3024 2128 3155 2198 vn),
3199 2136 3256 2183 et
3296 2128 3401 2183 hoc
3447 2128 3631 2196 utique

2038 2218 2186 2273 laicis
2224 2220 2510 2289 praecepit,
2555 2218 2724 2273 multo
2764 2218 2935 2287 magis
2973 2218 3318 2281 sacerdotes,
3355 2216 3548 2287 quibus
3575 2224 3633 2271 et

2039 2309 2229 2364 orandi
2290 2318 2346 2363 et
2392 2309 2731 2365 sacriﬁcandi
2773 2308 2901 2379 juge
2954 2306 3192 2363 ofﬁcium
3234 2315 3356 2373 est,
3417 2321 3631 2376 semper

2039 2401 2309 2454 debebunt
2335 2402 2401 2455 ab
2443 2399 2753 2469 huiusmodi
2794 2400 3073 2457 consortio
3111 2397 3382 2453 abstinere
3419 2398 3548 2468 :qui
3581 2398 3629 2451 si

2040 2494 2434 2548 contaminatus
2464 2493 2624 2549 fuerit
2654 2493 2859 2549 carnali
2900 2492 3357 2562 concupiscentia,
3389 2506 3498 2562 quo
3532 2506 3633 2561 pu-

2042 2583 2175 2638 dore
2206 2585 2289 2639 vel
2315 2581 2619 2640 sacriticare
2660 2583 2970 2653 usurpabit,
3020 2591 3115 2637 aut
3140 2596 3245 2652 qua
3277 2581 3629 2651 conscientia,

2044 2691 2221 2746 quove
2259 2677 2453 2731 merito
2494 2676 2739 2731 exaudiri
2777 2690 2837 2731 se
2878 2674 3086 2742 credit,
3126 2688 3246 2729 cum
3285 2672 3485 2728 dictum
3513 2673 3583 2727 sit
3616 2690 3628 2724 :

2044 2768 2234 2824 Omnia
2262 2768 2459 2823 munda
2493 2768 2723 2833 mundis,
2751 2767 3112 2837 coinquinatis
3139 2774 3338 2830 autem,
3361 2773 3418 2819 et
3438 2763 3632 2818 intide-

2046 2862 2186 2917 libus
2228 2862 2359 2916 nihil
2401 2862 2657 2917 mundum
2709 2861 2821 2931 (Ad
2852 2860 2953 2915 Tit.
2985 2860 3070 2931 i)?
3105 2860 3217 2916 Sed
3262 2860 3489 2914 fortasse
3530 2858 3634 2912 hoc

2046 2952 2210 3005 licere
2246 2952 2437 3017 credit,
2468 2951 2591 3020 quia
2631 2950 2890 3020 scriptum
2912 2956 2996 3005 est
3020 2966 3033 3002 :
3060 2947 3229 3004 Unius
3250 2948 3433 3003 uxoris
3459 2947 3632 3000 virum

2049 3040 2115 3112 (I
2148 3040 2280 3094 Tim.
2320 3041 2450 3111 in);
2501 3056 2609 3095 non
2656 3048 3061 3112 permanentem
3108 3040 3161 3094 in
3199 3037 3632 3108 concupiscentia

2048 3131 2339 3202 generandi
2370 3130 2476 3187 hoc
2500 3130 2665 3196 dixit,
2701 3130 2796 3185 sed
2823 3137 3046 3201 propter
3082 3128 3463 3185 continentiam
3492 3129 3634 3181 futu-

2049 3240 2183 3279 ram.
2229 3224 2415 3295 Neque
2449 3221 2590 3278 eniin
2620 3222 2860 3292 integros
2885 3236 3116 3292 corpore
3144 3235 3251 3276 non
3278 3219 3511 3286 admisit,
3543 3218 3635 3290 qui

2047 3316 2123 3370 ait
2167 3334 2178 3369 :
2224 3314 2432 3370 Vellem
2481 3322 2661 3369 autem
2715 3328 2906 3370 omnes
2944 3313 3023 3369 sic
3061 3327 3217 3378 esse,
3259 3312 3400 3367 sicut
3443 3320 3496 3366 et
3534 3324 3635 3379 ego

2048 3408 2103 3479 (ι
2128 3409 2249 3465 Cor.
2275 3408 2369 3479 vn)
2392 3449 2407 3475 ,
2440 3417 2495 3463 et
2533 3408 2769 3478 apertius
2788 3407 3049 3470 declarat,
3079 3405 3263 3461 dicens
3288 3422 3299 3456 :
3323 3402 3425 3470 Qui
3453 3408 3634 3456 autem

2048 3500 2100 3554 in
2126 3514 2288 3554 carne
2317 3506 2471 3564 sunt,
2502 3496 2617 3554 Deo
2646 3498 2860 3570 placere
2898 3513 3009 3553 non
3033 3502 3260 3567 possunt
3285 3512 3299 3560 ;
3332 3509 3428 3547 vos
3456 3500 3635 3547 autem

2044 3589 2155 3658 jam
2185 3604 2294 3643 non
2316 3589 2443 3643 estis
2469 3589 2525 3644 in
2552 3603 2737 3658 carne,
2760 3587 2855 3643 sed
2882 3589 2936 3643 in
2966 3587 3154 3657 spiritu
3193 3584 3369 3655 (Rom.
3404 3583 3537 3653 vni).
3572 3580 3639 3635 Et

2047 3678 2333 3736 habentem
2370 3678 2508 3735 filios
2548 3679 2603 3749 (1
2629 3679 2761 3734 Tim.
2786 3679 2887 3755 tu),
2922 3694 3031 3734 non
3066 3684 3433 3748 generantem,
3479 3673 3633 3728 dixit.

2048 3771 2154 3828 Sed
2192 3788 2254 3827 ea
2287 3772 2446 3842 plane
2480 3771 2662 3842 dispar
2718 3779 2772 3828 et
2800 3771 2969 3826 divisa
2999 3768 3265 3825 sententia
3293 3776 3405 3833 est';
3440 3782 3562 3821 nam
3590 3768 3636 3821 si

2048 3863 2115 3917 ad
2172 3864 2382 3932 aliquos
2422 3862 2594 3917 forma
2627 3862 2718 3917 illa
2760 3860 3137 3917 ecclesiasticae
3175 3860 3299 3913 vitae
3332 3858 3535 3928 pariter
3582 3864 3638 3911 et

2045 3956 2373 4027 disciplinae,
2426 3970 2545 4025 quae
2584 3956 2652 4010 ab
2697 3955 2954 4025 episcopo
2996 3952 3189 4008 Siricio
3228 3950 3295 4005 ad
3332 3948 3637 4020 provincias

2048 4048 2375 4103 commeavit
2396 4089 2410 4114 ,
2442 4062 2549 4102 non
2581 4045 2898 4116 probabitur
2924 4044 3252 4114 pervenisse,
3312 4042 3396 4097 his
3423 4042 3638 4110 ignora-

2052 4138 2213 4194 tionis
2242 4139 2394 4193 venia
2423 4138 2749 4202 remittetur,
2777 4137 2851 4192 ita
2880 4143 2940 4190 ut
2958 4136 3026 4190 de
3045 4144 3241 4190 cautem
3266 4134 3478 4205 penitus
3504 4132 3639 4186 inci-

2048 4230 2201 4302 piant
2228 4228 2516 4292 abstinere,
2546 4235 2601 4281 et
2632 4227 2706 4281 ita
2735 4226 2931 4296 gradus
2958 4241 3085 4281 suos
3109 4227 3160 4279 in
3191 4226 3383 4294 quibus
3434 4224 3635 4278 inventi

2048 4320 2244 4375 fuerint
2285 4320 2363 4375 sic
2416 4326 2685 4374 retentent
2709 4360 2725 4385 ,
2750 4325 2819 4389 ut
2847 4317 2926 4372 eis
2957 4332 3063 4371 non
3104 4317 3263 4371 liceat
3302 4315 3368 4370 ad
3424 4314 3635 4384 potiora

2052 4409 2424 4467 conscendere
2458 4428 2468 4461 :
2502 4409 2698 4478 quibus
2727 4409 2779 4462 in
2812 4407 3073 4463 beneﬁcio
3101 4421 3222 4462 esse
3258 4406 3450 4471 debet,
3492 4404 3636 4472 quod

2051 4502 2193 4556 hunc
2222 4502 2395 4570 ipsum
2422 4499 2595 4553 locum
2648 4513 2807 4569 quem
2848 4499 3082 4554 retinent
3135 4513 3242 4553 non
3273 4498 3536 4551 amittant.
3580 4494 3638 4550 Si

2051 4593 2142 4664 qui
2171 4601 2354 4649 autem
2383 4592 2549 4649 scisse
2591 4592 2820 4649 formam
2863 4590 3077 4647 vivendi
3120 4590 3336 4645 missam
3382 4606 3412 4644 a
3443 4588 3635 4643 Siricio

2049 4684 2393 4752 deteguntur,
2446 4699 2621 4753 neque
2664 4684 2843 4738 statim
2883 4681 3202 4753 cupiditates
3232 4681 3462 4737 libidinis
3489 4680 3636 4749 abje-

2052 4772 2214 4842 cisse,
2244 4774 2321 4828 illi
2348 4781 2475 4829 sunt
2502 4774 2679 4829 modis
2707 4773 2957 4831 omnibus
2999 4771 3370 4836 submovendi,
3400 4771 3488 4840 qui
3516 4780 3638 4841 post

2053 4866 2472 4921 admonitionem
2502 4866 2769 4937 cognitam
2798 4860 3217 4937 praeponendam
3245 4864 3488 4920 arbitrati
3515 4871 3641 4919 sunt

2054 4956 2409 5028 voluptatem.

2534 5117 2610 5170 De
2633 5118 2815 5173 ultima
2842 5118 3158 5187 poenitentia.

2130 5230 2292 5286 XXII.
2339 5231 2407 5286 Et
2435 5232 2538 5287 hoc
2568 5234 2847 5303 quaesitum
2879 5241 2977 5297 est,
3008 5233 3135 5301 quid
3163 5232 3229 5286 de
3256 5232 3335 5285 bis
3364 5230 3637 5286 observari

2056 5332 2337 5394 oporteat,
2366 5324 2455 5392 qui
2485 5331 2608 5394 post
2638 5324 2963 5395 baptismum
2992 5323 3139 5380 omni
3182 5330 3425 5393 tempore
3451 5323 3640 5379 incon-

2060 5413 2297 5468 tinentiae
2346 5414 2713 5484 voluptatibus
2773 5414 2940 5469 dediti
2987 5416 3040 5469 in
3088 5423 3332 5469 extremo
3375 5415 3479 5470 line
3516 5414 3641 5469 vitae

2057 5517 2167 5557 suae
2197 5504 2567 5573 paenitentiam
2595 5504 2752 5559 simul
2785 5513 2840 5558 et
2870 5502 3366 5561 reconciliationem
3396 5521 3642 5562 commu-

2054 5582 2234 5649 nionis
2289 5604 2603 5665 exposcunt.
2654 5594 2730 5648 De
2759 5594 2841 5649 his
2882 5595 3186 5651 observatio
3226 5596 3375 5667 prior
3433 5595 3635 5659 durior,

2055 5687 2326 5757 posterior
2365 5687 2751 5741 interveniente
2788 5687 3151 5744 misericordia
3180 5689 3484 5745 inclinatior
3511 5695 3593 5743 est
3619 5729 3633 5750 .

2060 5794 2181 5833 nam
2226 5774 2555 5834 consuetudo
2596 5775 2746 5843 prior
2792 5778 3000 5844 tenuit,
3048 5788 3103 5834 ut
3144 5781 3531 5836 concederetur
3565 5777 3640 5832 cis
3696 5826 3705 5833 .
