4092 6348
539 261 642 314 247

1809 271 2158 330 DIONYSIUS
2196 272 2351 328 EXIG
2365 272 2403 329 υ
2415 270 2515 328 US.

3674 244 3792 333 ’248

538 384 869 453 penitentia,
907 386 998 442 sed
1018 387 1322 443 communio
1346 397 1648 456 negaretur.
1688 390 1820 445 Nam
1848 408 1970 447 cum
1999 392 2101 448 illis
2129 396 2175 452 A
2204 390 2533 443 tervcziiente
2561 388 2784 458 repudio
2813 388 2902 444 alii
2940 405 2998 445 se
3033 392 3375 449 matrimonio
3428 397 3779 466 copularunt,

537 476 872 545 temporibus
895 477 1095 532 crebrae
1122 478 1517 547 persecutiones
1546 492 1743 547 essent,
1765 498 1833 538 ne
1854 498 2102 539 commu-

536 567 713 623 nionis
740 573 991 625 conces’sa
1029 569 1253 627 facilitas
1282 571 1526 629 homines
1553 576 1619 631 de
1656 580 2102 635 reconciliatione

537 672 757 715 securos
784 675 887 714 non
924 668 1205 715 revocaret
1238 677 1267 715 a
1298 662 1478 732 lapsu,
1512 666 1706 720 merito
1740 675 1928 735 negata
1959 684 2110 723 com-

538 748 723 803 munio
750 758 861 814 est,
901 765 1157 805 concessa
1196 752 1506 821 pmnitentia
1546 772 1557 807 :
1599 770 1666 809 ne
1695 762 1865 810 totum
1897 758 2109 826 penitus

535 846 843 904 negaretur,
876 847 932 893 et
956 839 1225 896 duriorem
1268 843 1633 898 remissionem
1680 844 1808 899 fecit
1846 848 2106 916 temporis

533 927 692 981 ratio.
723 926 828 982 Sed
858 938 1137 999 postquam
1188 931 1441 987 Dominus
1479 943 1664 989 noster
1692 950 1879 1005 pacem
1916 935 2105 992 Eccle-

533 1017 625 1071 siis
649 1017 759 1071 suis
788 1019 1033 1087 reddidit,
1055 1021 1165 1089 jam
1192 1030 1397 1077 terrore
1424 1024 1647 1093 depulso
1672 1028 2103 1082 communionem

480 1152 487 1158 .
531 1107 647 1162 dari
669 1108 987 1165 abeuntibus
1009 1112 1226 1181 placuit,
1247 1122 1300 1169 et
1322 1124 1541 1184 propter
1562 1116 1770 1171 Domini
1798 1120 2102 1173 misericor-

531 1199 706 1265 diam,
739 1203 891 1271 quasi
920 1204 1168 1259 viaticum
1198 1204 1551 1275 proiecturis,
1585 1224 1651 1263 ne
1678 1209 1959 1265 Novatiani
1991 1210 2102 1265 ha:-

532 1293 684 1346 retici
713 1335 727 1359 ,
769 1297 1012 1363 negantis
1055 1298 1262 1351 veniam
1288 1341 1302 1365 ,
1350 1300 1691 1369 asperitatem
1749 1310 1803 1356 et
1856 1302 2103 1357 duritiam

534 1382 785 1451 subsequi
816 1386 1105 1441 videamur.
1154 1387 1438 1443 Tribuetur
1478 1404 1607 1459 ergo
1638 1408 1758 1446 cum
1788 1394 2101 1463 pmnitentia

533 1480 772 1528 extrema
813 1479 1156 1543 communio,
1199 1487 1256 1533 ut
1295 1480 1539 1536 homines
1580 1481 1882 1551 hujusmodi
1922 1484 2006 1539 vel
2048 1485 2101 1539 in

531 1564 793 1629 supremis
820 1565 957 1632 suis,
992 1568 1335 1637 permittente
1368 1570 1644 1627 Salvatore
1674 1584 1879 1641 nostro,
1916 1590 1945 1630 a
1975 1592 2100 1647 per-

530 1660 694 1720 petuo
722 1654 887 1710 exitio
912 1656 1271 1716 vindicentur.

984 1748 1063 1802 De
1091 1752 1638 1810 administrationibus.

602 1832 782 1887 XXIII.
807 1837 1098 1900 Quaesitum
1127 1841 1287 1895 etiam
1315 1852 1400 1899 est
1425 1860 1586 1916 super
1614 1848 1697 1903 his
1739 1848 1831 1919 qui
1859 1857 1981 1919 post
2010 1850 2106 1905 ba-

529 1923 779 1991 ptismum
830 1928 1369 2002 administraverant,
1419 1942 1474 1990 et
1535 1947 1625 1991 aut
1673 1948 1940 1994 tormenta
1989 1942 2103 1997 sola

526 2027 905 2083 exercuerunt,
932 2022 1204 2075 autetiam
1231 2026 1515 2094 capitalem
1536 2031 1871 2098 protulerunt
1890 2042 2106 2089 senten-

530 2103 700 2169 tiam,
738 2106 805 2162 de
834 2107 916 2162 bis
962 2110 1091 2164 nihil
1137 2112 1359 2181 legimus
1403 2134 1434 2172 a
1482 2120 1774 2188 majoribus
1824 2123 2103 2180 definitum

530 2192 710 2264 (Rom.
753 2196 887 2268 xm).
938 2198 1290 2257 Meminerant
1319 2208 1458 2261 enim
1487 2224 1517 2263 a
1546 2209 1657 2266 Deo
1685 2221 1976 2282 potestates
2006 2216 2104 2271 has

527 2282 692 2339 fuisse
719 2301 1020 2355 concessas,
1045 2300 1099 2345 et
1123 2303 1341 2363 propter
1367 2299 1653 2355 vindictam
1684 2306 1965 2359 noxiorum
1993 2307 2106 2375 gla-

526 2373 671 2430 dium
701 2375 862 2432 fuisse
890 2382 1227 2451 permissum,
1250 2396 1303 2439 et
1331 2384 1427 2441 Dei
1456 2390 1755 2446 ministrum
1784 2410 1901 2449 esse
1921 2373 2101 2450 datum

527 2465 583 2519 in
609 2467 909 2536 hujusmodi
939 2472 1219 2528 vindicem.
1251 2474 1529 2542 Quomodo
1558 2481 1720 2550 igitur
1746 2485 2105 2553 reprehende-

528 2567 649 2614 rent
673 2558 871 2615 factum
900 2563 1044 2631 quod
1071 2573 1289 2621 auctore
1335 2567 1447 2647 Deo
1474 2570 1717 2627 viderent
1742 2588 1859 2629 esse
1885 2590 2105 2630 conces-

530 2651 683 2702 sum?
731 2649 808 2705 De
836 2652 918 2706 his
948 2666 1076 2721 ergo
1122 2655 1195 2709 ita
1223 2664 1282 2710 ut
1307 2657 1567 2713 hactenus
1596 2671 1863 2717 servatum
1893 2671 1996 2731 est,
2027 2664 2105 2719 sic

529 2740 826 2809 habemus,
872 2760 940 2799 ne
978 2754 1069 2800 aut
1102 2747 1436 2818 disciplinam
1471 2758 1747 2819 evertere,
1787 2762 1879 2807 aut
1916 2763 2105 2809 contra

530 2835 905 2891 auctoritatem
944 2838 1154 2894 Domini
1193 2843 1375 2897 venire
1415 2843 1706 2898 videamur.
1757 2845 1889 2914 Ipsis
1926 2855 2104 2902 autem

528 2925 581 2978 in
612 2928 819 2984 ratione
844 2930 1132 2998 reddenda,
1160 2942 1308 3002 gesta
1337 2949 1432 2989 sua
1460 2936 1637 2990 omnia
1660 2939 2028 2993 servabuntur.

602 3038 752 3104 Quod
779 3044 871 3097 viri
893 3061 1005 3099 cum
1035 3045 1283 3100 adulteris
1309 3046 1555 3102 uxoribus
1582 3065 1687 3103 non
1707 3053 2030 3105 conveniant.

598 3130 786 3187 XXIV.
818 3133 885 3187 Et
912 3135 1037 3189 illud
1068 3136 1430 3191 desideratum
1462 3147 1546 3193 est
1573 3140 1718 3203 sciri,
1742 3126 1843 3195 cur
1865 3156 2107 3197 commu-

533 3226 887 3295 nicantesyiri
909 3241 1029 3282 cum
1058 3227 1311 3283 adulteris
1332 3230 1585 3284 uxoribus
1611 3246 1717 3285 non
1742 3232 2100 3297 conveniant,

531 3330 652 3370 cum
678 3324 862 3370 contra
886 3332 1080 3371 uxores
1108 3318 1161 3371 in
1184 3318 1456 3373 consortio
1476 3318 1839 3373 adulterorum
1870 3321 2102 3376 virorum

530 3420 751 3459 manere
770 3405 1080 3460 videantur?
1096 3406 1269 3478 Super
1286 3409 1390 3464 hoc
1416 3408 1716 3464 Christiana
1740 3410 1926 3480 religio
1954 3411 2107 3468 adul-

533 3496 724 3550 terium
757 3497 809 3550 in
840 3504 1065 3568 utroque
1092 3514 1222 3554 sexu
1261 3503 1376 3570 pari
1403 3504 1611 3558 ratione
1639 3505 1975 3572 condemnat,
2009 3507 2105 3563 sed

530 3584 677 3640 viros
699 3602 825 3641 suos
852 3588 1101 3642 mulieres
1128 3604 1235 3644 non
1263 3589 1417 3647 facile
1444 3593 1510 3648 de
1535 3593 1797 3651 adulterio
1827 3606 2100 3663 accusant,

532 3682 587 3729 et
614 3690 718 3729 non
747 3676 945 3730 habent
965 3677 1185 3731 latentia
1210 3688 1428 3748 peccata
1451 3681 1767 3747 vindictam;
1802 3684 1899 3738 viri
1923 3674 2102 3741 autem

531 3765 750 3821 liberius
788 3781 985 3822 uxores
1026 3767 1298 3822 adulteras
1346 3773 1487 3839 apud
1539 3772 1846 3828 sacerdotes
1895 3773 2103 3831 deferre

531 3864 945 3919 consueverunt,
970 3865 1025 3910 et
1053 3855 1171 3911 ideo
1197 3858 1525 3924 mulieribus,
1551 3860 1763 3929 prodito
1791 3876 1973 3916 earum
1999 3865 2102 3918 cri-

530 3945 707 4009 mine,
738 3946 1039 4001 communio
1071 3947 1395 4015 denegatur,
1426 3948 1662 4003 virorum
1692 3959 1869 4005 autem
1900 3952 2102 4007 latente

530 4035 817 4090 commisso
842 4051 945 4089 non
967 4036 1121 4092 facile
1139 4038 1416 4107 quisquam
1440 4053 1505 4093 ex
1527 4040 1913 4109 suspicionibus
1938 4044 2104 4097 absti-

530 4131 718 4191 netur,
751 4127 841 4195 qui
879 4127 1064 4196 utique
1105 4127 1508 4183 submovebitur
1532 4170 1547 4195 ,
1590 4130 1635 4184 si
1684 4131 1799 4199 ejus
1841 4132 2099 4200 ﬂagitium

528 4214 824 4285 delegatur.
854 4215 987 4272 Cum
1017 4233 1145 4287 ergo
1174 4234 1270 4288 par
1297 4235 1455 4275 causa
1483 4223 1571 4287 sit,
1601 4222 1867 4279 interdum
1904 4226 2099 4295 proba-

530 4307 675 4362 tione
702 4316 943 4364 cessante
971 4308 1218 4363 vindicta:
1243 4310 1379 4365 ratio
1411 4313 1758 4380 conquiescit.

529 4422 679 4488 Quod
722 4426 806 4494 qui
853 4440 1026 4493 preces
1072 4426 1147 4477 vel
1177 4425 1488 4504 .criminales
1535 4426 1770 4491 dictant,
1813 4426 2097 4481 habeantur

1170 4509 1438 4547 immunes.

595 4582 759 4637 XXV.
775 4583 904 4637 Illud
916 4585 1075 4638 etiam
1088 4584 1345 4638 sciscitari
1361 4586 1591 4651 voluisti,
1608 4603 1673 4642 an
1690 4603 1877 4657 preces
1892 4590 2101 4645 dictan-

525 4674 669 4727 tibns
697 4673 922 4727 liberum
952 4674 1277 4728 concedatur
1299 4676 1480 4744 utique
1509 4688 1631 4747 post
1671 4680 1918 4749 baptismi
1947 4695 2099 4749 rcge-

522 4764 856 4818 ncrationem
885 4779 912 4817 a
943 4764 1266 4834 principibus
1309 4782 1531 4835 poscere
1578 4779 1803 4824 mortem
1844 4771 2092 4841 alicujus,

520 4854 605 4907 vel
635 4854 944 4923 sanguinem
974 4854 1040 4909 de
1067 4866 1218 4910 reatu
1243 4859 1266 4909 ?
1316 4874 1475 4927 quam
1517 4875 1631 4915 rem
1661 4860 1928 4930 principes
1957 4878 2096 4916 nun-

519 4960 684 5016 quam
734 4946 848 5000 sine
891 4947 1195 5015 cognitione
1243 4950 1582 5013 concedunt,
1633 4949 1725 5003 sed
1782 4950 1845 5002 ad
1884 4950 2092 5018 judices

507 5036 801 5091 commissa
855 5037 969 5105 ipsa
1017 5038 1105 5093 vel
1147 5038 1371 5105 crimina
1419 5053 1632 5107 semper
1672 5039 1986 5103 remittunt,
2035 5049 2092 5094 ut

507 5139 569 5177 ea
582 5138 677 5178 usa
705 5124 917 5191 cognita
954 5125 1289 5180 vindicentur
1322 5143 1334 5178 :
1365 5141 1484 5195 qua:
1526 5142 1645 5179 cum
1674 5128 1944 5194 quaesitori
1972 5128 2090 5184 fue-

507 5213 616 5266 rint
652 5212 916 5281 delegata,
944 5222 1037 5267 aut
1064 5214 1330 5269 absolutio
1385 5222 1477 5268 aut
1503 5215 1775 5271 damnatio
1801 5233 1899 5287 pro
1926 5232 2093 5287 nego-

509 5304 569 5357 tii
608 5302 866 5372 qualitate
892 5306 1200 5375 profertur,
1231 5314 1287 5359 et
1310 5305 1447 5403 dum
1496 5307 1677 5403 legari:
1720 5308 1773 5403 in
1818 5310 2091 5380 improbos

506 5411 573 5448 ex
585 5404 797 5453 creetur
823 5398 1135 5462 auctoritas,
1167 5398 1269 5451 erit
1293 5396 1524 5451 dictator
1550 5396 1818 5455 imniunis.

514 5503 666 5571 Quod
711 5508 766 5561 hi
807 5512 895 5583 qui
919 5506 1264 5583 intercedente
1300 5509 1511 5577 repudio
1550 5511 1823 5583 divortium
1864 5517 2086 5583 pertule-

579 5588 737 5643 runt,
779 5579 993 5647 atrisque
1038 5593 1091 5628 se
1136 5578 1406 5631 vinxerunt
1451 5582 1677 5648 nuptiis,
1727 5578 1950 5639 adulteri
1976 5603 2087 5640 esse

580 5655 946 5701 monstrentur.

578 5734 761 5793 XXVI.
798 5735 871 5789 De
891 5734 973 5789 his
1000 5734 1159 5790 etiam
1190 5738 1467 5804 requisivit
1498 5740 1715 5814 dilectio
1748 5753 1858 5808 tua,
1887 5747 1975 5817 qui
2006 5749 2084 5802 in-

2123 4480 2262 4574 υίῖῗ

2207 497 2341 552 quos
2361 482 2412 535 in
2442 491 2666 550 utraque
2695 491 2847 553 parte
2874 484 3141 540 adulteros
3162 502 3280 542 esse
3306 488 3645 543 manifestum
3676 502 3782 563 est.

2208 572 2308 637 Qui
2357 589 2485 627 vero
2516 574 2600 627 vel
2646 589 2813 628 uxore
2856 574 3109 641 vivente,
3140 579 3386 647 quamvis
3428 579 3786 634 dissociatuin

2208 663 2448 717 videatur
2475 679 2594 719 esse
2632 664 2963 733 conjugium,
2998 666 3065 719 ad
3096 666 3252 719 aliam
3282 667 3527 739 copulam
3558 669 3787 723 festina-

2207 763 2362 818 runt,
2397 772 2569 825 neque
2597 766 2819 827 possunt
2848 759 3075 813 adulteri
3105 776 3210 813 non
3250 761 3448 826 videri,
3481 762 3533 815 in
3572 769 3785 816 tantum

2206 858 2265 903 ut
2292 850 2451 904 etiam
2499 853 2580 905 hae
2633 867 2876 921 personae
2915 853 3106 923 quibus
3141 854 3275 908 tales
3320 854 3595 922 conjuncti
3634 866 3787 923 sunt,

2206 942 2370 997 etiam
2400 943 2527 1012 ipsae
2556 944 2877 1000 adulterium
2904 946 3233 1000 commisisse
3254 946 3554 1013 vidcantur,
3584 964 3788 1027 secun-

2205 1032 2331 1088 dum
2362 1034 2489 1088 illud
2533 1035 2675 1104 quod
2705 1036 2929 1104 legimus
2958 1037 3011 1090 in
3042 1036 3330 1106 Evangelio
3354 1056 3368 1092 :
3395 1036 3497 1104 Qui
3524 1040 3787 1095 dimiserit

2204 1138 2415 1176 uxorem
2442 1140 2608 1186 suam,
2629 1134 2677 1178 et
2704 1125 2905 1179 duxerit
2933 1126 3110 1189 aliam,
3142 1128 3453 1192 moechatur;
3476 1130 3713 1182 similiter
3731 1138 3787 1183 et

2204 1218 2290 1287 qui
2319 1217 2581 1272 dimissam
2608 1220 2830 1285 duxerit,
2860 1222 3138 1276 moechatur
3166 1223 3376 1293 (Hann.
3409 1224 3543 1297 xu),
3575 1236 3631 1280 et
3657 1227 3784 1281 ideo

2205 1319 2390 1360 omnes
2417 1322 2446 1360 a
2483 1310 2858 1364 communione
2889 1310 3122 1365 lidelium
3153 1312 3519 1369 abstinendos.
3564 1314 3639 1370 De
3682 1331 3783 1385 pa-

2204 1395 2445 1451 rentibus
2471 1405 2649 1451 autem
2676 1406 2767 1452 aut
2796 1401 3108 1471 propinquis
3136 1417 3348 1470 eorum,
3377 1404 3508 1458 nihil
3538 1406 3644 1459 tale
3672 1417 3789 1459 sta-

2206 1486 2281 1538 tui
2311 1493 2521 1555 potest,
2553 1488 2656 1544 nisi
2686 1489 2730 1544 si
2773 1491 3083 1548 incentores
3108 1491 3280 1547 illiciti
3320 1495 3578 1549 consortii
3615 1495 3785 1551 fuisse

2202 1575 2544 1647 detegantur.

2540 1687 2641 1753 Qui
2662 1690 2779 1744 libri
2805 1690 2860 1745 in
2890 1707 3088 1746 canone
3114 1694 3447 1761 recipiantur.

2129 1770 2180 1831 Β
2278 1798 2483 1856 XXVII.
2502 1800 2599 1867 Qui
2616 1817 2746 1857 vero
2759 1802 2877 1858 libri
2896 1803 3225 1873 recipiantur
3245 1804 3298 1858 in
3318 1819 3524 1859 canone
3543 1804 3792 1876 Scriptm

2208 1910 2386 1949 rarum
2418 1895 2597 1950 brevis
2626 1910 2866 1951 annexus
2897 1896 3153 1951 ostendit.
3191 1896 3314 1951 llaec
3342 1907 3465 1951 sunt
3505 1910 3634 1966 ergo
3666 1912 3789 1966 qua:

2207 1986 2505 2042 desiderata
2526 1987 2731 2041 moneri
2759 2003 2891 2042 voce
2917 1988 3133 2043 voluisti
3157 2006 3169 2041 :
3200 1987 3362 2043 Mosis
3382 1989 3501 2043 libri
3521 1990 3786 2059 quinque,

2208 2080 2261 2135 id
2286 2088 2369 2135 est
2396 2079 2638 2143 Genesis,
2668 2078 2903 2145 Exodus,
2934 2079 3228 2144 Leviticus,
3256 2080 3493 2144 Numeri,
3520 2081 3787 2137 Deutero-

2208 2172 2466 2235 nomium,
2488 2186 2587 2225 nec
2602 2186 2709 2226 non
2724 2180 2777 2226 et
2790 2170 2915 2225 Jesu
2938 2171 3081 2225 Nave
3105 2187 3259 2235 unus,
3286 2179 3340 2225 et
3358 2170 3600 2226 Iudicum
3625 2187 3783 2238 unus,

2206 2270 2263 2317 et
2290 2261 2593 2329 Regnorum
2648 2260 2765 2314 libri
2805 2261 2870 2324 4,
2901 2260 3061 2316 simul
3090 2268 3145 2313 et
3195 2259 3357 2313 Ruth.
3390 2259 3786 2330 Prophetarum

2206 2355 2327 2409 libri
2373 2354 2456 2419 l6,
2490 2353 2793 2408 Salomonis
2824 2352 2942 2406 libri
2972 2352 3025 2418 5,
3058 2351 3397 2407 Psalterium.
3428 2352 3559 2407 Item
3611 2353 3783 2409 histo-

2206 2448 2402 2502 riarum
2431 2444 2530 2499 Job
2558 2445 2692 2499 liber
2710 2459 2867 2506 unus,
2896 2442 3073 2497 Tobia:
3103 2457 3257 2505 unus,
3282 2442 3478 2497 Esther
3509 2459 3663 2508 unus,
3691 2443 3782 2501 Ju-

2206 2540 2321 2595 dith
2350 2554 2503 2602 unus,
2536 2537 2958 2593 Machabaeoruin
2988 2538 3117 2605 duo,
3143 2536 3322 2591 Esdra:
3349 2536 3477 2604 duo,
3510 2535 3784 2607 Paralipo-

2204 2645 2403 2685 menon
2428 2630 2553 2684 duo.
2578 2629 2708 2682 Item
2740 2628 2872 2683 Novi
2897 2627 3224 2683 Testamenti
3246 2627 3656 2697 Evangeliorum
3688 2629 3777 2682 lib.

2206 2720 2271 2787 ις
2312 2720 2542 2789 apostoli
2571 2717 2720 2773 Pauli
2750 2717 3001 2787 Epistolas
3032 2716 3131 2783 M;
3173 2716 3426 2786 Epistolic-
3468 2716 3691 2773 Joannis
3722 2718 3781 2783 ἃς

2207 2810 2459 2881 Epistolae
2508 2809 2651 2864 Petri
2704 2808 2769 2875 2;
2796 2807 3035 2878 Epistola
3063 2806 3244 2873 Judzn;
3285 2806 3529 2878 Epistula
3566 2807 3779 2873 Jacobi,

2208 2904 2373 2957 Actus
2409 2901 2798 2972 apostolorum,
2836 2898 3184 2968 Apocalypsis
3202 2897 3441 2953 Joannis.
3461 2896 3666 2953 Czetera
3698 2913 3781 2951 au»

2208 3001 2337 3058 tem,
2366 3008 2483 3062 qua:
2506 2992 2591 3047 vel
2616 2992 2713 3046 sub
2753 2991 2971 3045 nomine
3007 2988 3262 3053 Matthiae,
3299 2990 3413 3044 sive
3454 2988 3638 3046 Jacobi
3684 2989 3780 3043 Mi-

2209 3089 2375 3153 noris,
2405 3085 2492 3139 vel
2534 3083 2632 3138 sub
2661 3084 2877 3138 nomine
2904 3080 3049 3135 Petri
3088 3089 3147 3135 et
3171 3080 3413 3145 Joannis,
3444 3097 3563 3151 qua:
3590 3098 3623 3137 a
3648 3098 3780 3153 quo-

2130 3144 2178 3207 C
2207 3173 2332 3227 dam
2362 3144 2576 3229 'Leucio
2605 3174 2803 3244 scripta
2832 3180 2976 3237 sunt,
3011 3172 3093 3226 vel
3120 3172 3221 3226 sub
3269 3144 3487 3228 nomine
3535 3144 3779 3239 Audiens,

2206 3278 2325 3333 quae
2364 3278 2395 3317 a
2418 3263 2791 3337 Nexocharide
2829 3270 2884 3317 et
2927 3260 3163 3317 Leonide
3188 3261 3551 3331 philosophis,
3580 3262 3661 3316 vel
3688 3262 3783 3317 sub

2206 3354 2423 3409 nomine
2442 3353 2659 3408 Thomas
2688 3354 2886 3423 scripta
2914 3361 3056 3419 sunt,
3089 3361 3144 3408 et
3180 3353 3224 3407 si
3248 3367 3353 3421 qua
3381 3362 3506 3407 sunt
3528 3352 3659 3419 alia,
3678 3367 3782 3409 non

2205 3446 2379 3502 solum
2419 3445 2767 3516 repudianda,
2804 3459 2992 3499 verum
3033 3443 3196 3498 etiam
3224 3444 3439 3500 noveris
3465 3458 3587 3500 esse
3631 3444 3782 3501 dam-

2206 3535 2555 3591 nanda.Data
2602 3552 2636 3591 x
2663 3536 2768 3591 cal.
2800 3534 3137 3600 Martiarum;
3186 3532 3444 3590 Stilicone
3488 3549 3526 3591 ιι
3565 3542 3622 3589 et
3675 3535 3782 3590 Au-

2206 3624 2408 3679 themio
2430 3640 2607 3679 conss.
2641 3624 2764 3694 (An.
2786 3622 2979 3676 Christi
3006 3619 3161 3693 405.)

2274 3736 2617 3793 Innocentius
2635 3736 2800 3791 Felici
2827 3736 3080 3807 episcopo
3100 3735 3400 3793 Nuceriano
3427 3737 3674 3794 salutem.
3756 3726 3763 3731 ’

2273 3828 2453 3883 Mirari
2481 3843 2590 3883 non
2619 3842 2902 3896 possumus
2944 3826 3290 3882 dilectionem
3318 3836 3464 3881 tuam
3518 3828 3671 3897 sequi
3695 3828 3781 3883 in-

2203 3919 2390 3975 stituta
2411 3917 2695 3987 majorum,
2729 3917 2909 3971 omnia
2929 3931 3155 3985 qumque
3190 3926 3416 3986 possunt
3440 3918 3671 3987 aliquam
3691 3934 3780 3974 re-

2202 4011 2381 4079 cipere
2409 4007 2817 4071 dubitationem,
2859 4006 2926 4061 ad
2974 4020 3107 4075 nos,
3136 4006 3290 4075 quasi
3318 4007 3384 4062 ad
3413 4016 3574 4076 caput
3621 4014 3783 4076 atque

2202 4100 2271 4155 ad
2301 4100 2506 4171 agﬁcem
2535 4098 2874 4168 episcopatus
2902 4096 3105 4152 referre
3134 4115 3146 4150 :
3172 4105 3229 4151 ut
3257 4098 3502 4153 consulta
3530 4098 3781 4155 videlicet

2200 4192 2356 4249 sedes
2396 4191 2693 4263 apostolica
2714 4206 2783 4245 ex
2806 4190 2934 4259 ipsis
2952 4190 3113 4245 rebus
3136 4189 3309 4247 dubiis
3330 4198 3537 4246 certum
3580 4190 3780 4261 aliquid

2201 4282 2607 4350 faciendumque
2634 4282 2964 4351 pronuntiet,
2996 4280 3141 4351 quod
3167 4297 3267 4337 nos
3305 4290 3361 4337 et
3388 4283 3619 4339 libenter
3638 4284 3779 4340 acci-

2198 4375 2391 4445 pimus,
2410 4381 2464 4427 et
2477 4373 2820 4427 dilectionem
2847 4379 2995 4427 tuam
3016 4386 3311 4428 memorem
3336 4389 3603 4429 canonum
3623 4390 3774 4431 com-

2265 4465 2507 4519 obamus.
2538 4462 2805 4532 Scripsisti
2836 4464 2995 4531 igitur
3037 4464 3211 4534 quod,
3243 4464 3459 4522 fervore
3501 4466 3625 4522 ﬁdei
3672 4484 3777 4539 quo

2202 4552 2394 4625 polles,
2417 4561 2473 4608 et
2491 4568 2676 4608 amore
2702 4561 2903 4608 sanctae
2927 4555 3097 4624 plebis
3123 4555 3209 4610 vel
3237 4559 3574 4625 reparaveris
3600 4557 3778 4615 Eccle-

2199 4646 2306 4701 sias
2335 4645 2449 4712 Dei,
2480 4645 2568 4700 vel
2606 4660 2774 4700 novas
2827 4660 3064 4715 quasque
3117 4649 3529 4705 construxeris:
3577 4649 3670 4705 sed
3722 4650 3773 4705 in

2199 4735 2280 4790 his
2316 4734 2538 4790 clericos
2567 4750 2701 4805 quos
2728 4736 3018 4791 constituas
3041 4752 3149 4791 non
3170 4736 3390 4804 habere,
3418 4739 3626 4808 aliquos
3649 4756 3775 4795 vero

2195 4826 2435 4889 mutilos,
2464 4825 2673 4896 aliquos
2726 4824 2969 4895 digamos
3012 4842 3150 4893 esse,
3200 4828 3269 4882 ad
3300 4829 3446 4898 quod
3474 4831 3775 4899 stupuimus

2194 4917 2513 4986 prudentem
2564 4917 2739 4971 virum
2786 4916 2854 4971 de
2902 4916 2987 4971 his
3012 4916 3246 4972 voluisse
3300 4919 3607 4985 consulere,
3638 4934 3775 4997 qua:

2195 5008 2442 5063 omnibus
2470 5016 2595 5062 sunt
2615 5015 2760 5061 certa
2790 5007 3001 5062 ratione
3016 5015 3310 5075 comperta.
3326 5006 3466 5077 Ergo
3492 5025 3598 5064 non
3621 5009 3772 5077 quasi

2193 5098 2459 5167 ignoranti
2510 5098 2755 5164 dicimus,
2784 5098 2878 5153 sed
2926 5099 2979 5153 in
3032 5099 3151 5153 aliis
3204 5097 3427 5155 forsitan
3480 5110 3774 5173 occupatos

2191 5188 2336 5242 istud
2365 5186 2560 5243 oblitos
2587 5202 2705 5242 esse
2728 5202 2824 5242 vos
2855 5187 3097 5243 dicimus.

2195 5297 2255 5352 Si
2282 5298 2393 5367 quis
2414 5298 2586 5351 volens
2610 5307 2807 5368 partem
2835 5298 2933 5353 sibi
2961 5302 3191 5372 corporis
3219 5306 3576 5372 amputaverit,
3620 5292 3771 5359 cieri?

2371 5382 2458 5421 cus
2484 5384 2593 5422 esse
2619 5384 2721 5423 non
2750 5380 2913 5439 potest
2942 5386 2960 5423 :
2996 5371 3177 5424 notans
3205 5371 3376 5426 autem
3404 5383 3590 5444 potest.

2264 5475 2493 5531 XXVIII.
2514 5478 2614 5544 Qui
2636 5480 2796 5547 igitur
2821 5488 3026 5550 partem
3052 5482 3339 5551 cujuslibet
3367 5485 3514 5556 digiti
3535 5486 3633 5540 sibi
3657 5486 3770 5556 ipse

2193 5568 2377 5622 volens
2405 5570 2648 5635 abscidit,
2678 5572 2819 5627 hunc
2847 5573 2911 5626 ad
2942 5573 3141 5628 clerum
3172 5591 3407 5631 canones
3434 5593 3542 5631 non
3574 5578 3766 5633 admit-

2193 5666 2309 5711 tunt
2339 5677 2350 5711 :
2384 5660 2467 5713 cui
2508 5676 2637 5715 vero
2684 5678 2808 5719 casu
2853 5664 3032 5731 aliquo
3059 5666 3302 5733 contigit,
3328 5666 3453 5723 dum
3493 5677 3586 5723 aut
3612 5670 3763 5740 operi

2191 5753 2388 5804 rustico
2417 5766 2599 5805 curam
2630 5752 2907 5822 impendit,
2949 5761 3039 5809 aut
3064 5755 3262 5825 aliquid
3304 5756 3508 5815 faciens
3546 5773 3604 5817 se
3650 5775 3756 5814 non
