4092 6348
538 246 644 308 ἓῦὶ

1820 235 2172 293 DIONYSIL'S
2216 231 2417 288 IiKlGL‘
2434 231 2533 286 US.

3712 238 3825 293 251

547 370 631 419 est
658 362 914 433 justitiam
936 376 1126 431 smptus
1156 358 1443 423 recenseri,
1468 354 1660 409 fratres
1679 354 1993 408 charissimi.
2019 353 2121 407 Ve-
2150 358 2200 414 Α
2228 366 2477 405 recursus
2513 364 2712 403 vacuus
2750 348 2927 404 ofllcio
2957 356 3143 404 nostro
3164 364 3284 405 esse
3316 366 3422 406 non
3460 349 3644 408 debuit
3672 372 3685 419 ;
3718 368 3827 424 per

546 467 665 508 rum
696 452 829 508 illud
855 452 1012 506 video
1060 449 1289 503 movisse
1336 446 1543 498 animos
1589 452 1817 508 vestros,
1866 443 2011 511 quod
2068 444 2120 495 in

547 544 729 598 multis
752 542 1000 597 Bubalius
1028 554 1168 607 szepe
1193 536 1417 590 fallaciis
1447 534 1811 603 deprehensus
1860 533 2118 601 objecerit

547 633 875 703 exemplaria
914 631 1153 685 Iictarum
1191 628 1343 695 quasi
1388 642 1418 679 a
1446 625 1603 679 nobis
1631 626 1927 679 litterarum
1957 642 1971 676 :
1997 639 2117 679 cum

546 737 644 792 pro
667 718 1049 775 consuetudine
1090 715 1323 771 hominis
1371 715 1502 768 nihil
1532 714 1675 784 quod
1713 713 1979 783 proferret
2006 715 2119 783 jam

545 813 652 867 fide
700 809 1066 877 dignissimum
1107 808 1397 863 videretur.
1430 806 1537 860 Sed
1564 806 1782 859 sileatur
1808 820 1969 859 omne
2011 803 2121 873 jam

543 902 611 957 de
642 901 732 955 tali
758 900 976 967 negotio
998 914 1259 961 murmur,
1291 905 1346 951 et
1374 895 1603 951 convicti
1632 894 1831 949 diaboli
1876 895 1976 964 ipsi
2022 910 2122 949 an-

543 991 737 1045 helitus
766 989 1207 1059 comprimantur.
1237 987 1618 1056 Subjunximus
1647 994 1828 1040 autem
1856 985 1940 1040 his
1973 986 2120 1054 prio-

542 1097 629 1136 res
658 1082 886 1145 litteras,
910 1096 1044 1151 quas
1073 1097 1169 1150 per
1192 1088 1517 1134 memoratos
1541 1078 1823 1147 episcopos
1844 1077 2115 1131 miseram:

541 1174 736 1241 quibus
766 1174 839 1228 ita
861 1173 1098 1243 plenaria
1119 1172 1381 1227 sententia
1417 1178 1720 1224 nostrorum
1747 1184 1999 1223 sensuum
2022 1166 2119 1222 de-

541 1264 752 1332 signata
772 1272 874 1329 est,
899 1272 957 1318 ut
986 1264 1112 1318 dum
1138 1262 1451 1330 relcgeritis,
1475 1261 1605 1315 nihil
1635 1260 1961 1327 ambiguum,
1988 1259 2117 1313 nihil

540 1354 925 1423 requirendum
955 1354 1009 1407 in
1036 1355 1137 1409 hac
1165 1369 1323 1407 causa
1351 1353 1417 1408 de
1444 1361 1639 1407 caetero
1668 1352 1946 1422 repetatis.
1970 1351 2118 1405 Hanc

542 1450 727 1498 autem
776 1443 1082 1512 paginulatn
1138 1455 1375 1498 nostram
1433 1442 1716 1497 sollicitius
1775 1442 2116 1495 credentibus

541 1532 812 1602 episcopis
840 1532 1177 1601 relegendam
1231 1534 1455 1598 mittite,
1502 1541 1558 1587 ut
1586 1533 1759 1586 sciant
1810 1533 2115 1602 plenissime

539 1622 668 1691 quid
693 1622 761 1676 sit
787 1622 855 1677 de
878 1623 1100 1679 Bubalio
1154 1633 1209 1679 et
1237 1624 1523 1689 Tauriano,
1546 1624 1867 1692 ueterisque
1892 1624 2112 1693 provin—

2228 445 2422 499 charos
2449 444 2591 497 enim
2619 442 2851 497 salutare
2893 443 3232 501 charissimos
3262 444 3505 499 naturale
3553 445 3821 517 quodam-

2228 536 2389 591 modo
2439 535 2593 589 nobis
2622 535 2832 589 videtur
2870 542 2927 588 et
2965 550 3321 603 consequens.
3354 532 3599 589 Gaudere
3642 536 3813 605 igitur

2228 629 2281 683 in
2312 628 2536 682 Domino
2567 635 2797 681 vestram
2826 628 3231 695 germanitatem
3276 627 3625 682 amantissimi
3662 631 3817 699 cupi-

2226 736 2363 783 mus,
2398 728 2453 773 et
2482 734 2576 788 pro
2605 718 2762 774 nobis
2810 718 2958 787 paria
3007 718 3073 771 ad
3120 718 3287 774 Deum
3326 730 3452 775 vota
3506 722 3811 791 rependere

2225 824 2528 876 precamur,
2552 809 2695 879 quia,
2722 816 2779 861 ut
2804 809 2944 863 bene
2974 809 3141 863 nostis
3159 850 3172 873 ,
3224 812 3597 866 communibus
3644 820 3701 867 et
3728 812 3814 867 al-

2225 902 2392 954 ternis
2439 900 2556 969 plus
2601 900 2805 968 agimus
2851 901 3205 967 orationibus,
3250 917 3410 971 quam
3449 903 3817 973 singularibus

2221 1000 2317 1045 aut
2345 990 2582 1060 privatis.

2220 1103 2300 1158 Ad
2324 1102 2591 1157 lulianum
2620 1103 2840 1158 nobilem
2888 1105 3114 1187 ejusdem
3144 1123 3292 1177 papa:
3331 1110 3525 1177 scripta
3552 1110 3814 1165 exhorta-

2926 1186 3081 1230 torta.

2290 1261 2528 1317 XXXIX.
2569 1265 2851 1332 Singulare
2879 1267 3176 1322 membrum
3226 1266 3479 1325 Ecclesia:
3531 1279 3637 1325 tua:
3683 1270 3814 1328 reli-

2217 1356 2391 1425 gionis
2414 1356 2819 1425 amplitudinem
2849 1358 3100 1424 existere,
3134 1369 3189 1414 et
3216 1376 3244 1415 a
3273 1362 3429 1416 nobis
3473 1365 3811 1419 reverentis-

2216 1448 2352 1504 sime
2382 1448 2488 1503 coli
2526 1449 2657 1504 satis
2683 1459 2765 1504 est
2793 1451 3040 1507 omnibus
3065 1452 3424 1509 manifestum.
3454 1454 3513 1509 In
3542 1456 3661 1524 ipso
3690 1457 3813 1526 api-

2217 1552 2280 1592 ce
2308 1537 2451 1592 enim
2478 1539 2773 1594 nobilitatis
2794 1541 2963 1596 multo
2993 1542 3309 1596 nobiliorem
3339 1542 3593 1599 Ecclesia:
3632 1545 3811 1603 devo-

2217 1629 2419 1684 tionem
2440 1629 2721 1701 impendis,
2744 1639 2799 1686 et
2825 1631 2995 1699 magis
3018 1632 3137 1687 beta
3163 1633 3360 1688 Christi
3381 1635 3652 1703 agnitione
3672 1652 3812 1706 pra:-

537 1710 767 1779 ciarum,
790 1720 849 1765 ut
875 1720 1108 1779 servent,
1138 1714 1231 1781 qui
1278 1714 1421 1781 digni
1449 1714 1814 1769 admonitione
1842 1723 1982 1782 sunt,
2024 1731 2113 1771 ca-
2144 1720 2189 1780 B
2218 1720 2389 1787 ceptis
2436 1719 2551 1788 ejus
2598 1720 2960 1790 obtemperas,
2992 1730 3047 1777 et
3072 1723 3126 1776 in
3166 1722 3268 1778 fide
3313 1726 3496 1794 potius
3539 1727 3807 1793 exsultas,

536 1813 716 1857 verea
740 1801 950 1867 talibus,
984 1818 1051 1857 ne
1080 1804 1206 1857 talia
1231 1805 1538 1858 sortiantur.

818 1915 898 1969 De
932 1918 1165 1970 terminis
1193 1919 1401 1971 minime
1430 1918 1819 1987 transferendis.

607 2022 836 2102 XXXVI.
884 2024 1224 2083 Innocentius
1253 2026 1528 2082 Florentio
1575 2028 1830 2097 episcopo
1874 2027 2108 2084 Tiburti-

534 2115 704 2171 nensi.

604 2204 723 2259 Non
751 2204 937 2272 semel,
969 2204 1063 2260 sed
1093 2206 1377 2273 aliquoties
1406 2206 1601 2260 clamat
1631 2206 1903 2277 Scriptum
1929 2208 2107 2265 divina

531 2292 736 2367 (Deut.
787 2311 879 2349 nx
908 2305 956 2349 et
1002 2312 1181 2361 xxvn;
1220 2296 1462 2350 Proverb.
1496 2299 1643 2367 xxu)
1696 2299 1968 2355 transferri
1999 2316 2106 2355 non

537 2392 793 2454 oportere
835 2385 1099 2439 terminos
1140 2400 1169 2439 a
1199 2387 1439 2456 patribus
1468 2390 1790 2443 constitutos
1822 2410 1834 2443 :
1866 2392 1987 2461 quia
2011 2408 2106 2446 ne-

529 2472 612 2527 fas
638 2481 721 2527 est
748 2473 794 2527 si
820 2474 963 2541 quod
1002 2474 1139 2529 alter
1181 2490 1397 2545 semper
1423 2479 1741 2546 possederit,
1774 2481 1911 2536 alter
1959 2483 2101 2537 inva-

528 2562 643 2631 dat,
665 2564 808 2633 quod
836 2572 980 2617 tuam
1010 2565 1302 2621 bonitatem
1330 2568 1495 2624 frater
1521 2579 1574 2624 et
1624 2573 1973 2642 coepiscopus
2001 2590 2101 2628 no-

529 2657 641 2705 ster
661 2649 830 2705 Ursus
850 2654 1038 2707 asserit
1062 2666 1417 2724 perpetrasse.
1431 2657 1563 2711 Nam
1585 2658 1969 2715 Nomentanam
1993 2663 2103 2717 sive

528 2736 877 2797 Feliciensem
906 2744 1213 2812 parochiam
1244 2746 1309 2800 ad
1337 2762 1486 2801 suam
1516 2746 1787 2802 dimcesim
1836 2765 1867 2804 a
1894 2750 2104 2818 maiori-

526 2828 629 2888 bus
654 2834 1010 2903 pertinentem
1030 2838 1287 2892 invasisse
1317 2846 1386 2904 te,
1420 2847 1580 2908 atque
1609 2840 1717 2894 illic
1745 2840 1922 2895 divina
1957 2843 2102 2897 cele-

528 2922 716 2977 brasse
749 2925 1003 2994 mysteria
1036 2926 1339 2982 inconsulto
1360 2928 1551 2982 eodem
1580 2944 1644 2983 ac
1672 2931 1967 2999 nesciente,
1989 2948 2098 2987 non

524 3014 643 3069 sine
671 3013 858 3070 dolore
904 3025 1228 3086 conquestus
1268 3026 1369 3074 est.
1402 3017 1556 3085 Quod
1583 3021 1629 3075 si
1650 3036 1832 3075 verum
1856 3030 1955 3087 est,
1989 3038 2096 3078 non

2216 1826 2376 1880 quam
2408 1813 2539 1866 tanti
2566 1814 2777 1880 generis
2804 1814 2937 1869 flore
2960 1813 3199 1883 iactaris.
3224 1815 3457 1872 Summa:
3482 1818 3693 1874 virtutis
3717 1826 3809 1875 est

2215 1900 2403 1954 vicisse
2432 1900 2656 1968 gloriam
2687 1902 2882 1966 carnis,
2925 1911 2978 1957 et
3011 1917 3219 1972 magnae
3248 1913 3333 1959 est
3378 1903 3577 1960 Christi
3613 1910 3807 1975 gratia:

2213 1990 2550 2045 nobilitatem
2580 1993 2819 2047 moribus
2865 2008 3167 2064 superasse,
3214 1994 3432 2050 domina
3470 1997 3576 2051 lilia
3604 1999 3806 2057 merito

2211 2079 2449 2136 illustris.
2476 2078 2636 2136 Certa
2668 2082 3093 2151 igiturexistens,
3124 2085 3803 2159 dilectissima,vittebujus

2210 2186 2541 2242 Quaecunque
2600 2184 2728 2229 sunt
2772 2176 2943 2245 spatia
2994 2177 3212 2232 reternis
3248 2178 3547 2248 divinisque
3602 2180 3802 2237 ofﬁciis

2211 2262 2479 2320 illustrare
2505 2267 2790 2334 contende,
2851 2277 2910 2322 ut
2958 2270 3049 2339 qui
3101 2270 3365 2338 insignem
3422 2280 3476 2327 te
3519 2275 3799 2346 prtestitit,

2206 2352 2398 2408 reddat
2423 2355 2522 2410 sibi
2563 2371 2659 2425 per
2686 2356 2883 2412 saecula
2913 2358 3214 2414 clariorem.

2303 2463 2383 2516 Ad
2403 2462 2664 2519 Aurelium
2689 2468 2980 2537 episcopum
3006 2467 3337 2541 Carthaginis
3366 2473 3431 2527 de
3457 2473 3689 2530 Pascha.

2277 2551 2391 2608 XL.
2434 2555 2772 2612 Innocentius
2800 2558 3040 2614 Aurelio.

2276 2644 2568 2701 Charitatis
2592 2657 2791 2702 nostra:
2821 2648 3055 2704 officium
3085 2652 3234 2707 nullo
3274 2653 3558 2711 intervallo
3583 2656 3792 2713 dirimi-

2204 2741 2311 2801 tur,
2343 2736 2549 2790 etiamsi
2579 2737 2764 2792 charta
2810 2740 2984 2794 nullos
3033 2742 3212 2810 apices
3253 2743 3407 2797 ferat.
3451 2744 3596 2801 Vivit
3641 2749 3787 2805 enim

2200 2827 2458 2896 spiritalis
2483 2830 2654 2895 gratia
2691 2831 2912 2886 alternis
2942 2833 2995 2886 in
3026 2833 3304 2901 cordibus,
3334 2845 3389 2891 et
3415 2853 3656 2896 amorem
3685 2856 3786 2898 no-

2200 2924 2371 2971 strum
2402 2917 2652 2973 confovet
2681 2921 3033 2977 sacerdotalis
3068 2923 3180 2993 ipsa
3209 2926 3459 2982 societas.
3494 2926 3629 2984 Cum
3652 2945 3783 3002 ergo

2200 3005 2473 3075 indignum
2500 3019 2581 3063 est
2605 3010 2862 3066 unitatem
2883 3010 3138 3069 Ecclesiae
3166 3031 3273 3070 non
3303 3018 3584 3085 custodiri,
3614 3020 3782 3077 idem-

524 3101 720 3159 leviter
742 3113 793 3159 te
817 3105 1109 3161 incurrisse
1137 3122 1451 3176 cognoscas,
1484 3111 1624 3164 unde
1650 3110 1695 3164 si
1723 3110 1992 3167 declinare
2012 3129 2096 3168 θυι

2203 3114 2307 3168 que
2350 3116 2537 3155 omnes
2578 3103 2779 3170 pariter
2823 3113 2877 3158 et
2915 3106 3208 3162 sentiamus
3248 3116 3303 3163 et
3346 3112 3777 3178 pronuntiemus,

522 3192 608 3274 pis
630 3198 789 3249 tanta:
810 3197 1173 3266 usurpationis
1193 3198 1464 3265 invidiam,
1489 3200 1685 3254 nostris
1705 3202 1897 3259 litteris
1911 3202 2098 3257 admo-

522 3283 696 3344 nitum
746 3293 799 3340 te
845 3288 1094 3341 convenit
1148 3288 1455 3344 abstinere:
1486 3300 1636 3345 certe
1682 3294 1723 3345 si
1773 3294 1972 3361 aliquid
2003 3295 2097 3350 tibi

521 3373 697 3428 credis
720 3373 939 3441 justitia:
960 3378 1236 3447 suffragari
1282 3380 1498 3449 integris
1527 3384 1793 3449 omnibus,
1824 3394 1880 3441 et
1908 3387 1958 3440 in
1986 3387 2098 3457 pri-

519 3462 665 3516 stino
686 3471 828 3518 statu
856 3467 1215 3532 manentibus,
1246 3478 1370 3537 post
1396 3470 1509 3525 dies
1533 3474 1850 3530 venerabilis
1878 3475 2094 3533 Pascha:

521 3552 713 3608 adesse
760 3555 997 3621 debebis,
1031 3568 1088 3611 ut
1134 3562 1445 3615 memoratis
1493 3564 1665 3632 possis
1713 3566 2095 3627 intentionibus

521 3642 868 3710 respondere,
900 3648 1243 3716 partibusque
1288 3650 1341 3703 in
1393 3650 1572 3707 medio
1617 3656 1914 3723 collocatis,
1966 3661 2092 3730 quid

518 3730 812 3800 antiquitas
832 3743 925 3787 aut
951 3736 1149 3790 veritas
1177 3738 1369 3792 haheat
1396 3740 1742 3809 inquiramus.

521 3839 583 3897 Si
611 3843 755 3912 cujus
787 3861 919 3925 uxor
949 3849 1102 3917 fuerit
1147 3849 1366 3925 abducta
1404 3854 1455 3906 in
1488 3857 1852 3925 captivitatem,
1885 3871 1932 3913 et
1960 3862 2089 3914 alte-

589 3917 954 3995 rammari‘tus
996 3921 1265 3995 acceperit,
1316 3917 1593 3977 reuertente
1640 3917 2090 3995 prima,'secunda

591 3984 775 4036 mulier
804 3984 949 4041 debet
974 3984 1198 4043 excludi.

591 4068 850 4128 XXXVII.
892 4076 1231 4139 Innocentius
1260 4083 1453 4141 Probo.

589 4164 939 4225 Conturbatio
954 4174 1201 4239 procella:
1223 4176 1514 4232 barbarica:
1542 4178 1779 4233 facultati
1811 4181 1983 4249 legum
2017 4183 2091 4237 in-

515 4255 637 4318 tulit
663 4272 866 4323 casum,
900 4274 1020 4315 nam
1050 4263 1187 4319 bene
1228 4268 1522 4322 constituto
1569 4270 1911 4326 matrimonio
1950 4272 2090 4326 inter

511 4343 828 4412 Fortunium
851 4358 906 4404 et
933 4349 1122 4406 Ursam
1137 4356 1468 4424 captivitatis
1496 4359 1738 4414 incursus
1769 4362 1963 4415 fecerat
1986 4378 2088 4417 na:-

2200 3189 2364 3244 frater
2392 3191 2722 3259 cbarissime,
2743 3193 2837 3249 has
2862 3208 2962 3262 ego
2984 3196 3191 3252 litteras
3211 3198 3278 3252 de
3298 3201 3508 3255 ratione
3534 3203 3776 3271 paschali

2199 3279 2438 3345 alterius,
2468 3280 2590 3336 dico
2620 3281 2783 3336 futuri
2812 3285 2959 3352 anni,
2991 3287 3298 3358 perscripsi.
3328 3288 3460 3344 Nam
3489 3307 3612 3346 cum
3653 3300 3778 3347 ante

2196 3368 2337 3424 diem
2370 3386 2422 3424 ιι
2443 3372 2544 3425 cal.
2570 3370 2830 3440 Aprilium
2856 3390 2995 3445 pene
3022 3376 3146 3431 luna
3184 3378 3251 3431 16
3298 3380 3582 3449 colligatur
3629 3385 3774 3454 (nam

2196 3459 2467 3528 quippiam
2500 3461 2674 3516 minus
2702 3463 2829 3532 est),
2859 3465 3094 3534 itemque
3122 3467 3176 3522 in
3218 3478 3344 3523 ante
3395 3470 3538 3526 diem
3566 3488 3620 3527 tv
3668 3474 3772 3529 cal.

2195 3552 2506 3607 earumdem
2535 3555 2712 3609 veniat
2761 3555 2849 3621 25,
2882 3558 3183 3614 existimavi
3221 3576 3276 3615 ιι
3320 3562 3421 3615 cal.
3454 3571 3776 3620 memorata-

2194 3659 2312 3699 rum
2342 3644 2428 3698 die
2456 3645 2591 3700 festa
2622 3647 2894 3715 paschalia
2926 3651 3245 3707 celebranda
3278 3672 3290 3707 :
3324 3656 3581 3723 quoniam
3609 3658 3664 3712 in
3702 3655 3772 3713 25

2192 3730 2318 3785 luna
2340 3732 2542 3788 nullum
2565 3733 2767 3790 Pascha
2794 3752 3026 3807 unquam
3055 3749 3179 3797 ante
3205 3732 3545 3800 hoc'Pascba
3574 3746 3770 3804 factum

2193 3834 2311 3875 esse
2358 3825 2749 3890 cognoscimus.
2815 3826 3107 3883 Sententia:
3152 3846 3287 3886 mea:
3331 3836 3556 3903 exposui
3608 3844 3768 3905 altiue

2196 3910 2339 3965 edixi
2385 3919 2676 3980 tenorem;
2718 3915 2828 3983 jam
2877 3917 3171 3987 prudentia:
3215 3921 3318 3975 erit
3372 3930 3492 3983 tute.
3552 3939 3770 3979 consors

2192 4002 2320 4056 mihi
2353 4002 2531 4069 frater,
2596 4020 2716 4059 cum
2748 4009 3016 4063 unanimis
3053 4017 3109 4064 et
3156 4012 3629 4069 consacerdotihus
3672 4029 3769 4069 no-

2192 4092 2318 4146 stris
2346 4092 2487 4147 hanc
2515 4094 2683 4163 ipsam
2712 4111 2825 4150 rem
2857 4097 2908 4151 in
2939 4099 3146 4169 synodo
3174 4100 3573 4169 religiosissima
3600 4112 3767 4158 retra-

2193 4189 2362 4245 ctare,
2392 4192 2450 4236 ut
2478 4183 2522 4237 si
2552 4184 2682 4238 nihil
2726 4186 3064 4257 dispositioni
3097 4199 3292 4246 nostra:
3321 4195 3565 4260 resultat,
3616 4196 3769 4251 nobis

2189 4274 2495 4344 plenissime
2538 4286 2829 4348 aperteque
2896 4282 3198 4349 rescribas,
3254 4300 3362 4354 quo
3419 4287 3765 4342 deliberatam

2190 4367 2495 4433 paschalem
2526 4368 2665 4422 diem
2690 4370 2802 4438 jam
2833 4371 3023 4427 litteris
3073 4383 3198 4430 ante
3245 4385 3304 4430 ut
3330 4380 3494 4435 moris
3522 4388 3605 4435 est
3652 4397 3765 4438 ser-

513 4451 661 4504 vum,
701 4440 803 4494 nisi
831 4449 1018 4495 sancta
1046 4443 1320 4511 religionis
1347 4455 1542 4500 statuta
1566 4449 1929 4517 providerent.
1952 4450 2084 4506 Cum
2114 4457 2164 4515 D
2189 4457 2417 4511 vandam
2470 4474 2568 4514 suo
2615 4469 2856 4545 tempore
2902 4467 3330 4533 praescribamus.
3365 4468 3767 4549 Compresbyte-

517 4518 655 4549 .ml...
686 4526 733 4549 ε...
786 4530 1082 4549 --_..:__:._._
1122 4548 1141 4549 η
1194 4548 1215 4549 η
1244 4532 1282 4549 ι·
1323 4542 1334 4549 .
1406 4534 1447 4549 η
1657 4538 1690 4549 ι.
1794 4548 1799 4549 ,

512 4518 656 4585 enﬂn
684 4526 738 4579 in
781 4530 1090 4596 captivitate
1119 4532 1373 4600 prmdicta
1406 4534 1539 4589 Ursa
1566 4538 1755 4592 mulier
1788 4548 2080 4607 teneretur,

512 4613 655 4679 aliud
677 4617 981 4685 conjugium
1007 4635 1127 4675 cum
1158 4622 1420 4680 Restituta
1442 4626 1728 4682 Fortunius
1755 4640 2083 4687 memoratus

512 4704 676 4760 inisse
705 4709 1066 4775 cognoscitur.
1116 4710 1223 4768 Sed
1246 4713 1428 4771 favore
1456 4717 1667 4773 Domini
1696 4715 1909 4776 reversa
1942 4721 2079 4779 Ursa

509 4808 612 4855 nos
637 4793 786 4863 adiit,
812 4804 865 4850 et
885 4798 1032 4854 nullo
1052 4799 1313 4859 diflitente
1332 4821 1552 4861 uxorem
1574 4822 1633 4863 se
1661 4812 1940 4866 memorati
1962 4828 2082 4870 esse

510 4883 809 4951 perdocuit.
843 4884 1039 4955 Quare,
1070 4890 1285 4948 domine
1314 4895 1383 4949 fili
1414 4898 1604 4953 merito
1634 4899 1870 4968 illustris,
1898 4906 2083 4960 statui-

508 4987 651 5039 mus,
681 4970 783 5029 ﬁde
810 4976 1075 5033 catholica
1096 4981 1419 5052 suffragante
1458 4987 1585 5042 illud
1612 5005 1731 5045 esse
1751 4992 2077 5064 conjugium,

502 5064 649 5131 quod
673 5074 790 5120 erat
816 5067 1063 5136 primitus
1101 5074 1271 5140 gratia
1307 5076 1485 5133 divina
1532 5080 1808 5139 fundatum
1845 5102 2080 5144 conven-

507 5162 726 5223 tumque
754 5159 1005 5213 secunda:
1028 5163 1288 5231 mulieris,
1320 5170 1498 5237 priore
1524 5178 1812 5243 superstite
1829 5220 1844 5245 ,
1877 5195 1977 5235 nec
1997 5181 2079 5235 di-

508 5249 679 5301 vortio
695 5249 886 5317 ejecta,
903 5252 1049 5309 nullo
1072 5265 1230 5325 pacto
1258 5275 1417 5329 posse
1442 5278 1561 5319 esse
1582 5266 1896 5335 legitimum.

503 5359 591 5458 Ad.
612 5360 874 5417 Aurelium
900 5365 1397 5458 parthaginiensent,
1415 5384 1479 5458 .et
1506 5379 1848 5458 Augustinum
1882 5383 2075 5458 Hippo-

573 5445 780 5549 :telnsem
827 5436 1303 5510 episcopos'scripta
1344 5436 1651 5503 salutator-ia
1697 5451 1851 5519 plena
1902 5436 2075 5509 cliarri-

596 5514 625 5549 a
650 5516 694 5549 e.

596 5514 694 5551 ate.

572 5586 855 5646 XXXVIII.
911 5594 1250 5656 Innocentius
1271 5603 1493 5662 Aurelio
1543 5617 1597 5663 et
1624 5610 1920 5680 Augustino
1962 5618 2071 5686 epi-

501 5684 696 5765 scopis.
712 5684 1080 5759 Acceptissimi
1109 5695 1237 5751 mihi
1266 5695 1516 5755 Germani
1537 5706 1957 5783 compresbyteri
1981 5684 2068 5771 ille

2187 4561 2304 4599 rum
2336 4556 2517 4602 autem
2537 4529 2940 4619 Archidamum,
2971 4559 3215 4625 quamvis
3256 4538 3498 4617 noverim
3526 4564 3674 4633 quod
3708 4565 3765 4621 Ii-

2184 4636 2498 4693 bentissime
2537 4655 2602 4694 ac
2649 4656 2800 4697 more
2844 4646 3107 4717 suscipias
3161 4661 3439 4718 consueto,
3490 4663 3669 4711 tamen
3698 4671 3764 4713 ex

2183 4726 2576 4784 abundantibus
2621 4733 2834 4800 postulo
2898 4742 2959 4789 ut
3021 4740 3145 4792 cuin
3192 4740 3333 4797 inter
3393 4752 3516 4801 tuos
3563 4746 3762 4804 habere

2181 4815 2435 4886 digneris.

2602 4913 2682 4967 De
2700 4917 3017 4973 Antiochena
3046 4920 3300 4979 Ecclesia.

2256 4997 2386 5087 XLI.
2428 5000 2773 5060 Innocentius
2804 5006 3086 5065 Bonifacio
3109 5015 3444 5087 presbytero.

2252 5085 2492 5144 Ecclesia
2522 5091 2889 5162 Antiochena,
2917 5113 3079 5167 quam
3119 5085 3426 5173 priusquam
3474 5110 3540 5165 ad
3570 5112 3755 5170 Urbem

2180 5180 2485 5248 perveniret
2506 5180 2731 5237 Romam
2756 5186 2946 5243 beatus
2986 5193 3261 5259 apostolus
3290 5193 3482 5253 Petrus
3507 5215 3605 5256 sua
3629 5218 3756 5273 pra:-

2180 5269 2354 5322 sentia
2398 5270 2700 5339 illustravit,
2726 5278 2874 5332 velut
2897 5293 3149 5348 germana
3179 5284 3433 5344 Ecclesiae
3463 5269 3751 5363 Roma—nte,

2174 5356 2269 5412 diu
2294 5374 2352 5414 se
2381 5362 2449 5416 ab
2477 5364 2664 5421 eadem
2695 5369 2925 5426 alienam
2969 5390 3090 5430 esse
3138 5394 3243 5433 non
3272 5396 3428 5449 passa
3477 5393 3594 5452 est;
3630 5405 3752 5445 nam

2176 5446 2352 5542 missis
2378 5450 2568 5521 legatis
2596 5455 2667 5511 ita
2697 5474 2884 5528 pacem
2930 5464 3219 5533 postulavit
3254 5446 3311 5524 et
3363 5446 3591 5542 meruit,
3613 5486 3671 5532 ut
3698 5489 3751 5534 et

2173 5532 2504 5607 Evagrianos
2526 5545 2635 5601 suis
2661 5548 2957 5617 ordinibus,
2986 5568 3051 5609 ac
3076 5555 3211 5613 locis
3250 5559 3567 5620 intemerata
3606 5568 3750 5623 ordi-

2174 5628 2392 5687 natione
2438 5649 2598 5704 quam
2665 5653 2991 5712 acceperant
3055 5662 3086 5703 a
3150 5664 3450 5712 memorato
3508 5660 3744 5732 suscipe-

2172 5731 2312 5789 rent.
2351 5733 2404 5781 et
2441 5727 2662 5791 Joannis
2697 5746 2896 5794 sanctae
2930 5741 3203 5800 memoriae
3254 5746 3339 5804 vel
3379 5748 3608 5809 clericos
3657 5727 3745 5813 vel
