4092 6348
222 290 337 352 :53

1240 268 1611 332 COLLEC'I‘IO
1649 257 2116 319 DECIIE'I‘OIIUM
2164 258 2266 313 PP.
2310 258 2426 312 RR.

3380 263 3485 323 ΞΜ
3508 304 3511 309 ‹

224 413 417 478 ιθίοοε,
445 408 501 462 in
530 419 693 460 unum
729 400 1006 468 colligeret
1046 404 1207 464 atque
1252 397 1625 461 congregaret.
1681 384 1806 438 Pro-
1832 381 1881 441 Δ
1908 388 1991 436 ter
2008 380 2277 437 destinata
2301 379 2403 436 sibi
2444 376 2755 445 rogaverint
2777 373 3067 431 redhiberi.
3096 374 3487 446 Exspectamus

223 504 448 559 mittens
470 498 631 569 ipsius
650 492 878 550 civitatis
896 488 1200 560 episcopus,
1216 484 1381 538 frater
1404 496 1556 535 meus
1575 478 1801 532 Alexan-

225 597 354 661 der,
381 590 592 647 etiamsi
638 586 757 657 quis
783 583 920 638 forte
964 580 1049 634 vel
1090 594 1119 631 a
1148 576 1302 632 nobis
1345 574 1432 628 vel
1470 570 1684 625 aliunde
1712 582 1805 637 po-

227 660 474 743 sterioris
501 674 853 735 ordinationis
881 672 948 726 ad
976 668 1198 725 eosdem
1248 663 1554 724 advenerit,
1604 676 1663 716 se
1690 660 1805 714 sine

230 772 599 833 controversia
621 774 983 837 recepturum,
1016 777 1080 816 ac
1108 775 1301 816 nomen
1331 755 1570 827 episc0pi
1598 768 1804 807 memo-

229 868 337 922 rati
364 865 506 919 inter
533 861 872 930 quiescentes
893 867 1173 925 episcopos
1200 850 1549 905 recitaturum
1576 864 1588 897 :
1620 844 1704 898 cui
1726 842 1807 897 rei

230 972 336 1013 nos
376 954 585 1010 noverit
631 948 907 1004 tradidisse
934 957 1142 1008 manus,
1193 935 1357 994 fr'ater
1392 935 1723 998 cbarissime,
1751 940 1810 988 et

231 1064 333 1105 eos
360 1049 414 1101 in
438 1052 622 1099 nostra
643 1041 848 1096 viscera
877 1034 1162 1107 recepisse,
1212 1046 1281 1087 ne
1310 1031 1400 1086 diu
1430 1029 1668 1084 membra
1690 1041 1808 1095 qua:

233 1139 628 1210 requisiverant
674 1131 985 1194 sanitatem,
1018 1128 1085 1181 ab
1132 1125 1339 1178 unitate
1366 1121 1609 1191 corporis
1638 1118 1808 1173 habe-

234 1239 427 1286 rentur
471 1227 663 1281 aliena.
711 1220 899 1275 Omnia
946 1231 1073 1271 vero
1100 1229 1220 1282 quae
1248 1228 1344 1282 per
1370 1210 1613 1265 ordinem
1658 1212 1808 1274 gesta

235 1327 363 1378 sunt
412 1318 548 1370 filius
602 1327 750 1367 meus
794 1310 1051 1364 diaconus
1106 1303 1319 1367 Paulus,
1378 1302 1568 1356 barum
1602 1298 1811 1352 scilicet

237 1410 469 1484 portitor
495 1408 814 1468 litterarum,
846 1412 947 1456 tua:
985 1397 1260 1453 dilectioni
1287 1394 1488 1465 poterit
1515 1402 1805 1446 enarrare:

238 1512 300 1558 ut
327 1514 383 1557 et
406 1499 653 1570 gaudium
697 1507 981 1551 commune
1029 1489 1305 1544 nobiscum
1335 1486 1555 1548 habeas,
1610 1489 1667 1535 et
1713 1494 1810 1534 eos

1903 484 2033 539 ergo
2078 478 2133 527 et
2160 469 2548 541 professionem
2591 467 2877 523 memorati
2907 465 2978 522 de
3005 466 3288 536 completis
3315 468 3490 521 omni-

1903 562 2003 619 bus
2016 560 2437 627 conditionibus,
2459 573 2593 627 quas
2622 558 2850 613 diversis
2879 558 3211 627 temporibus
3238 557 3490 627 praedixi-

1902 669 2043 719 mus,
2067 661 2122 708 et
2137 653 2453 722 petitionem
2474 649 2901 705 communionis:
2928 656 2988 702 ut
3012 655 3162 703 recte
3194 656 3251 703 ct
3276 646 3486 717 petenti

1904 752 1960 801 et
2008 744 2256 814 probanti
2312 757 2371 797 se
2426 740 2669 796 eamdem
2724 739 2921 794 mereri
2973 739 3290 804 reddamus,
3322 735 3489 791 frater

1905 833 2236 904 charissime.
2260 832 2394 886 Nam
2417 831 2486 886 de
2512 829 2763 885 omnibus
2788 829 3126 899 plenissimas
3153 827 3221 882 ad
3246 833 3485 885 sanctam

1904 923 2131 979 fratrum
2180 930 2493 977 nostrorum
2541 918 2807 989 synodum
2845 917 3046 975 dudum
3102 918 3311 973 litteras
3363 931 3491 986 per-

1905 1014 2114 1084 cepisti.

2030 1122 2161 1177 Item
2189 1122 2487 1176 Alexandro
2511 1122 2751 1192 episcopo
2773 1121 3092 1175 Antiocheno
3120 1121 3183 1174 de
3209 1137 3356 1191 pace.

1978 1232 2161 1288 XLIV.
2186 1230 2479 1302 Apostolici
2501 1230 2706 1286 favoris
2734 1231 2904 1301 gratia
2922 1244 3117 1298 magno
3146 1230 3293 1299 pacis
3321 1243 3491 1298 usque

1908 1324 1980 1379 ad
2020 1340 2118 1380 nos
2145 1324 2343 1378 decore
2371 1321 2727 1391 resplenduit,
2760 1329 3074 1389 tantumque
3105 1320 3237 1374 lucis
3266 1320 3491 1387 gaudio-

1908 1431 2046 1481 rum,
2077 1430 2194 1485 qum
2220 1414 2421 1469 infulsit
2449 1412 2691 1468 fidelibus
2717 1431 2730 1465 :
2756 1419 2815 1465 ut
2842 1411 3081 1466 dicentes
3102 1411 3212 1465 Deo
3232 1410 3494 1464 maximas

1909 1504 2098 1560 laudes
2137 1506 2368 1574 majores
2396 1520 2495 1559 nos
2523 1504 2720 1559 debere
2748 1504 3030 1567 fateamur,
3062 1502 3287 1571 plusque
3309 1515 3339 1553 a
3382 1500 3492 1554 Deo

238 1593 496 1649 informes
530 1590 620 1659 qui
656 1603 753 1659 pro
784 1584 942 1639 Attici
973 1574 1567 1652 partibus'intervenire
1592 1584 1813 1628 consue-

1927 1595 2189 1650 ‘ocundati
2236 1611 2442 1661 sumus,
2487 1594 2630 1663 quod
2671 1593 2924 1648 discussis
2953 1593 3202 1647 omnibus
3240 1591 3494 1645 lateribus

239 1691 453 1739 verunt.

290 1796 373 1851 Ad
400 1792 749 1849 Alexandrum
778 1786 1149 1841 Antiochenam
1177 1782 1471 1849 episwpum
1501 1776 1563 1831 de
1590 1790 1734 1845 pace.

315 1904 470 1960 XLII.
510 1900 851 1957 Innocentius
879 1893 1179 1950 Alexandro
1201 1893 1476 1960 episcopo.

313 1995 484 2062 Quam
514 2002 663 2062 grata
697 1989 845 2051 mihi,
876 2002 1045 2055 quaur
1075 1985 1181 2054 pia,
1212 1996 1373 2050 quam
1421 1976 1721 2034 necessaria
1750 1975 1819 2029 le-

240 2088 386 2158 gatio
414 2102 443 2139 a
476 2095 563 2138 tua
594 2082 899 2147 sanctitate,
948 2076 1113 2131 frater
1142 2073 1476 2139 charissime,
1512 2070 1579 2124 ad
1620 2084 1719 2122 nos
1747 2066 1820 2120 di-

240 2188 389 2234 recta
413 2176 599 2239 fuerit,
638 2180 910 2242 gestorum
953 2170 1189 2238 ipsorum
1228 2165 1579 2236 replicatione
1612 2175 1816 2228 cogno-

242 2284 386 2325 secs.
406 2267 582 2325 Yonut
604 2266 744 2323 enim
772 2259 1175 2333 cornpmshytcr
1190 2263 1373 2315 noster
1384 2253 1667 2311 Cassianus
1685 2251 1821 2308 hanc

244 2373 597 2419 auricularum
628 2370 930 2413 nostrarum
956 2353 1260 2424 paginulam
1288 2366 1384 2421 per
1412 2348 1818 2418 compresbyte-

246 2471 365 2512 rum
416 2464 656 2507 nostrum
685 2448 938 2511 Paulum,
972 2445 1249 2500 Nicolaum
1278 2442 1595 2505 diaconum,
1629 2447 1683 2491 et
1731 2435 1825 2491 Pe-

248 2557 391 2601 trum
439 2544 854 2603 subdiaconum,
891 2536 1027 2592 ﬁlios
1076 2545 1312 2598 nostros,
1360 2532 1513 2602 quasi
1562 2528 1823 2600 primitias

247 2636 398 2706 pacis
444 2642 640 2688 nostra:
670 2630 954 2686 conscribi.
981 2627 1165 2682 Saluto
1195 2627 1377 2693 itaque
1416 2632 1472 2678 et
1504 2631 1645 2674 tuam
1694 2618 1824 2673 mihi

249 2729 305 2783 in
327 2726 539 2781 Christo
568 2722 993 2793 germanitatem,
1018 2728 1073 2774 et
1099 2733 1313 2773 omnem
1338 2716 1483 2769 illam
1503 2729 1622 2783 qum
1648 2721 1824 2766 tecum

250 2824 360 2871 tam
398 2816 535 2869 bene
583 2814 747 2869 sentit
790 2810 1103 2871 Ecclesiam,
1145 2822 1369 2876 nosque,
1417 2814 1479 2860 ut
1528 2803 1728 2865 facitis,
1771 2810 1827 2855 et

250 2905 596 2976 alloquamini
624 2911 751 2974 peto
798 2901 1036 2956 crebrius
1066 2899 1280 2967 litteris,
1322 2907 1377 2952 et
1402 2894 1734 2965 frequentius
1761 2892 1828 2947 de

252 3005 427 3057 vestra
457 2996 630 3050 salute
659 2990 955 3048 laetificetis.
987 2991 1143 3045 Dabit
1170 2992 1312 3045 enim
1346 2990 1427 3058 (ut
1452 2986 1686 3054 confido)
1715 2986 1823 3041 Do-

1914 1687 2185 1741 actionum
2214 1693 2319 1740 tua:
2347 1684 2724 1748 fraternitatis,
2767 1684 2840 1737 ita
2869 1692 3042 1738 totum
3064 1683 3265 1753 pietate
3310 1698 3373 1737 ac
3401 1698 3496 1751 pa-

1916 1779 2103 1833 tientia
2131 1786 2337 1846 gestum
2367 1776 2735 1845 cognovimus,
2770 1783 2829 1829 ut
2856 1775 2911 1829 in
2935 1776 3183 1829 omnibus
3211 1774 3493 1828 Dominum

1915 1867 2289 1949 laudaremus,
2346 1882 2760 1936 successumque
2806 1867 2982 1935 ipsum
3030 1865 3151 1920 ideo
3200 1865 3495 1933 prmstitum

1916 1960 2024 2015 tuis
2066 1960 2339 2014 laboribus
2389 1958 2707 2024 videamus,
2761 1957 2906 2028 quod
2955 1963 3067 2010 tota
3109 1955 3306 2009 virtute
3351 1953 3497 2024 pacis

1917 2060 2129 2107 amator
2155 2053 2392 2107 existens
2420 2066 2541 2105 eam
2570 2049 2884 2120 requisitam
2913 2047 3201 2113 inveneris,
3229 2054 3284 2099 et
3311 2059 3498 2115 reper-

1918 2151 2028 2197 tam
2056 2159 2261 2197 summa
2290 2143 2553 2197 charitate
2596 2141 2922 2205 servaveris,
2965 2154 3085 2193 cum
3135 2154 3261 2207 erga
3290 2153 3497 2202 omnes,

1923 2241 2030 2292 tum
2054 2233 2319 2308 praecipue
2348 2246 2489 2291 cuca
2512 2230 2630 2289 illos
2651 2230 2745 2303 qui
2793 2227 3059 2302 quondam
3089 2226 3297 2285 Paulini
3340 2235 3501 2299 atque

1920 2328 2135 2398 Evagrii
2178 2330 2551 2398 episcoporum
2578 2326 2769 2383 censiti
2815 2325 3026 2379 fuerant
3052 2325 3284 2378 nomine.
3316 2322 3502 2378 IIabeo

1923 2437 2185 2476 summam
2219 2430 2463 2477 votorum
2494 2436 2767 2487 meorum,
2814 2436 2935 2475 cum
2980 2418 3186 2487 antiqui
3216 2418 3347 2471 amvi
3376 2432 3503 2487 pur-

1923 2518 2069 2586 gatio
2126 2518 2231 2571 tuis
2274 2516 2603 2586 temporibus
2656 2516 2867 2585 tuisque
2912 2512 3117 2568 meritis
3162 2519 3502 2582 prorogatur.

1927 2607 2167 2673 Quorum
2210 2608 2371 2661 etiam
2399 2607 2519 2661 illos
2574 2606 2809 2675 ejusdem
2849 2605 3080 2659 nominis
3123 2603 3215 2672 qui
3260 2604 3313 2657 in
3354 2602 3505 2656 Italia

1927 2700 2118 2753 merita
2160 2699 2442 2753 clericatus
2486 2704 2840 2767 acceperant,
2891 2697 3075 2751 censui
3120 2696 3264 2749 bono
3310 2693 3506 2762 quietis

1928 2793 2153 2860 gratiam
2199 2790 2431 2845 retinere
2475 2797 2797 2858 susceptam.
2846 2787 2914 2841 Et.
2958 2788 3084 2858 quia
3129 2794 3311 2841 noster
3356 2798 3507 2839 com-

1927 2877 2508 2950 presbyt-erCassianus
2529 2886 2737 2946 gratum
2755 2878 2888 2931 dixit
2912 2886 3012 2931 tua:
3034 2876 3150 2930 fore
3183 2874 3506 2943 dignationi,

1931 2969 1976 3023 si
2005 2985 2126 3023 meo
2156 2968 2380 3024 consilio
2409 2969 2463 3022 in
2492 2969 2709 3023 civitate
2737 2976 2914 3021 vestra
2955 2966 3235 3020 clericatus
3265 2964 3510 3018 ordinem

254 3086 429 3141 minus
458 3088 623 3141 totius
644 3100 744 3138 nos
771 3082 1028 3154 prmteriti
1058 3080 1313 3155 temporis
1339 3077 1616 3149 dispendia
1645 3092 1827 3131 aman—
1853 3100 1901 3167 ρ
1931 3061 2126 3117 ducere
2177 3067 2524 3160 εεηξθτθηῑυτ
2551 3102 2565 3125 .
2614 3059 2802 3157 δῑθῑυὶ.
2824 3066 3045 3157 ρνοριρτ
3080 3055 3511 3115 benevolentiam

255 3179 461 3234 tissime
482 3178 778 3233 litterarum
801 3174 1067 3243 colloquio
1095 3187 1400 3242 repensare.

479 3292 553 3346 De
578 3293 741 3346 Attico
768 3288 1334 3359 ConstantinOpolitana
1356 3287 1614 3358 episcOpo.

330 3403 506 3459 XLIII.
544 3404 886 3459 Innocentius
915 3402 1239 3456 Maximiano
1268 3400 1544 3471 episcopo.

330 3494 585 3548 Miramur
606 3494 939 3564 prudentiam
968 3501 1125 3569 tuam
1141 3491 1341 3560 scripta
1370 3490 1438 3544 ad
1459 3490 1694 3544 Atticum
1724 3489 1833 3559 epi-

259 3601 482 3656 sc0pum
530 3582 1135 3653 Constantinopolitana:
1162 3582 1308 3635 urbis
1346 3597 1378 3634 a
1408 3581 1559 3635 nobis
1580 3588 1634 3634 et
1653 3594 1834 3651 prose-

261 3677 477 3731 cutione
505 3676 740 3744 propria,
775 3682 830 3728 et
858 3673 986 3728 dato
1017 3673 1216 3737 libello,
1251 3671 1341 3741 qui
1388 3671 1570 3725 subter
1591 3685 1832 3724 annexus

262 3752 365 3829 est,
391 3767 663 3836 postulare
694 3784 706 3818 :
733 3782 762 3819 a
784 3780 890 3835 quo
921 3780 1019 3819 nec
1050 3765 1237 3818 missas
1260 3764 1393 3817 ullas
1421 3763 1609 3817 saltem
1638 3763 1835 3830 episto-

260 3857 343 3912 las
363 3858 429 3911 ad
452 3873 550 3912 nos
578 3857 659 3911 vel
689 3856 753 3911 ad
783 3864 1017 3911 vestram
1039 3855 1301 3927 synodum
1336 3855 1517 3924 utique
1545 3851 1830 3925 pertulisti,

263 3949 426 4019 idque
474 3965 579 4004 non
634 3949 837 4019 petenti
864 3949 1094 4002 aestimes
1141 3946 1525 4001 tribuendum:
1577 3944 1718 4013 quod
1749 3944 1836 3999 de-

262 4038 396 4093 beas
440 4037 905 4107 deprccationibus
960 4037 1199 4091 discussa
1250 4037 1459 4090 ratione
1498 4050 1830 4100 concessum,

262 4130 696 4184 communionem
766 4143 1026 4199 suspensa
1094 4127 1393 4182 restituitur
1447 4125 1836 4180 demonstranti

263 4234 454 4275 causas
494 4220 686 4289 quibus
708 4220 759 4273 id
789 4220 1005 4274 cederat
1024 4219 1133 4288 jam
1161 4232 1281 4272 esse
1303 4218 1563 4281 detersas,
1600 4224 1654 4270 et
1679 4214 1836 4284 proli-

263 4313 401 4366 tenti
428 4311 764 4367 conditiones
790 4313 936 4381 pacis
965 4310 1228 4380 impletas.
1280 4306 1433 4373 Quod
1483 4321 1658 4375 neque
1696 4305 1836 4375 apud

264 4416 385 4466 vos,
438 4415 611 4469 neque
640 4401 779 4472 apud
807 4417 926 4467 nos,
958 4408 1015 4454 ut
1036 4398 1273 4469 prmdixi,
1306 4398 1514 4451 Atticus
1542 4396 1716 4451 missis
1744 4395 1835 4449 ali-

265 4495 459 4563 quibus
505 4510 721 4549 suorum
752 4494 837 4548 vel
888 4493 1068 4547 dicere
1114 4492 1299 4555 voluit,
1332 4490 1417 4545 vel
1469 4489 1837 4544 demonstrare
1864 4469 1915 4530 ἶ)

268 4586 616 4654 completum.
666 4583 1125 4651 Quemadmodum
1187 4581 1535 4636 Antiochenze
1582 4578 1838 4633 Ecclesia:

268 4676 438 4731 frater
468 4684 524 4730 et
561 4676 915 4744 coepiscopus
952 4681 1139 4728 noster
1166 4671 1469 4727 Alexander
1495 4670 1653 4738 digna
1703 4669 1842 4736 lega-

268 4768 417 4826 tione
444 4775 499 4822 ot
520 4774 834 4837 prosecutus
858 4773 958 4829 est,
983 4773 1036 4820 et
1064 4764 1325 4834 probavit,
1358 4763 1552 4832 quibus
1594 4760 1842 4816 omnibus

268 4860 455 4928 utique
482 4859 741 4913 interesse
768 4857 1018 4927 dignatus
1043 4856 1363 4926 cognovisti,
1393 4852 1843 4923 quemadmodum

270 4950 601 5017 singillatim,
618 4951 794 5005 omnia
810 4951 1138 5019 scriptorum
1164 4956 1473 5003 nostrorum
1504 4953 1628 5000 ante
1655 4946 1758 5000 hac
1778 4944 1845 4999 de

270 5055 435 5096 causa
460 5039 751 5097 beatissimi
769 5039 1008 5107 Joannis,
1035 5039 1303 5110 quondam
1329 5037 1631 5106 coepiscopi
1654 5034 1845 5101 nostri,

272 5133 639 5188 discusserim.
672 5142 836 5201 utque
864 5132 938 5186 illi
988 5133 1041 5187 in
1092 5132 1340 5186 omnibus
1390 5129 1519 5184 satis
1573 5127 1848 5183 evidenter

272 5222 695 5278 monstraverint
740 5222 987 5278 universa
1024 5236 1144 5291 quae
1190 5222 1331 5291 apud
1358 5219 1702 5275 Antiochiam
1732 5216 1849 5274 fieri

274 5315 577 5382 debuerint,
610 5314 774 5372 fuisse
824 5315 1111 5385 completa.
1157 5313 1396 5381 Quorum
1445 5312 1731 5383 amplexati
1760 5326 1851 5380 pa-

276 5422 397 5463 cem
420 5408 605 5477 utique
630 5406 787 5462 fidem
818 5405 1061 5469 fecimus,
1088 5414 1144 5458 et
1170 5419 1420 5473 magnum
1450 5403 1717 5457 tramitem
1739 5416 1849 5455 om-

275 5498 434 5553 nibus
489 5498 737 5553 eamdem
785 5495 1133 5568 postulaturis
1181 5493 1549 5549 ostendimus:
1592 5493 1637 5546 si
1687 5490 1848 5546 modo

275 5604 395 5660 (λικε
420 5591 659 5647 discussa
686 5596 811 5646 sunt
837 5596 1001 5659 atque
1025 5590 1316 5657 completa,
1343 5586 1506 5641 etiam
1535 5585 1640 5656 ipsi
1667 5599 1726 5639 se
1750 5598 1848 5654 pro

276 5697 376 5738 suo
402 5682 525 5738 loco
552 5680 744 5737 fecisse
770 5678 858 5735 vel
907 5678 1202 5749 complesse
1253 5674 1538 5744 aliquando
1579 5680 1850 5727 monstra-

278 5777 476 5846 verint,
509 5775 1065 5843 communionemque,
1096 5778 1159 5827 ut
1185 5769 1272 5826 isti
1300 5766 1569 5840 legatione
1596 5763 1852 5821 solemni-

1934 3158 2100 3214 tuam,
2131 3150 2503 3217 promissaque
2520 3146 2824 3210 memorati,
2849 3155 2909 3199 ut
2930 3146 3069 3199 inter
3088 3152 3313 3198 cteteros
3340 3156 3516 3195 saccr-.

1932 3239 2089 3296 dotes
2120 3238 2500 3306 ministrosque
2527 3237 2618 3305 qui
2662 3236 2714 3289 in
2746 3236 2964 3291 civitate
2984 3242 3127 3299 sunt,
3156 3245 3512 3286 annumeren-

1932 3340 2039 3396 tur,
2064 3331 2231 3387 frater
2250 3328 2583 3384 charissime.
2608 3327 2864 3382 Libenter
2880 3333 3137 3395 praeterea
3158 3323 3225 3377 de
3245 3321 3517 3391 episcopis

1931 3420 2142 3493 Elpidio
2196 3428 2358 3488 atque
2388 3419 2570 3488 Pappo
2599 3416 2846 3486 cognovi,
2894 3415 3037 3484 quod
3067 3415 3183 3468 sine
3217 3412 3515 3481 quaestione

1930 3528 2056 3569 suas
2095 3510 2364 3566 Ecclesias
2392 3507 2849 3577 recuperaverint,
2884 3514 2938 3560 et
2978 3504 3203 3557 multum
3245 3503 3299 3556 in
3328 3502 3513 3569 gestis,

1932 3611 1993 3658 ut
2039 3602 2280 3671 subjecta
2329 3608 2636 3664 testantur,
2694 3597 2956 3652 sollicitus
3006 3592 3285 3662 inquisivi,
3337 3601 3515 3645 utrum

1934 3693 2183 3749 omnibus
2230 3698 2375 3745 esset
2424 3686 2821 3746 conditionibus
2864 3683 3197 3739 satisfactum
3246 3682 3299 3735 in
3351 3694 3515 3736 causa

1931 3783 2076 3838 beati
2124 3790 2178 3835 et
2222 3797 2350 3836 vere
2378 3780 2488 3834 Deo
2518 3779 2661 3847 digni
2703 3774 2996 3832 sacerdotis
3025 3771 3263 3827 Joannis.
3300 3769 3366 3822 Et
3396 3783 3515 3823 cum

1933 3888 2032 3943 per
2049 3872 2254 3939 singula
2285 3871 2512 3925 assertio
2541 3870 2840 3937 legatorum
2862 3881 2929 3921 ex
2955 3872 3082 3919 voto
3106 3860 3372 3930 completa
3398 3874 3519 3914 esse

1937 3964 2213 4029 fateretur,
2237 3962 2435 4030 gratias
2459 3974 2621 4027 agens
2650 3958 2876 4012 Domino
2897 3952 3326 4010 communionem
3343 3948 3520 4004 Eccle-

1935 4057 2030 4112 sia:
2072 4064 2263 4110 vestrae
2294 4054 2364 4106 ita
2394 4051 2596 4119 recepi,
2642 4058 2701 4103 ut
2728 4063 2837 4118 prm
2881 4062 2967 4101 me
3016 4042 3182 4098 feram
3208 4039 3522 4112 apostolica:

1935 4146 2076 4201 sedis
2103 4142 2498 4211 condiscipulos
2523 4139 2727 4210 primos
2755 4137 2967 4192 dedisse
3003 4133 3213 4189 exteris
3254 4133 3395 4185 viam
3424 4145 3529 4200 pa-.

1936 4237 2014 4292 cis
2046 4254 2058 4288 :
2090 4236 2273 4302 inqua
2305 4232 2541 4284 ﬁrmatos
2569 4243 2667 4282 vos
2704 4241 2909 4294 nosque
2948 4223 3159 4277 Domini
3196 4219 3400 4274 Christi
3439 4218 3513 4272 ita

1935 4326 2239 4394 benignitas
2268 4320 2681 4391 amplexabitur,
2711 4325 2875 4386 utque
2895 4312 3223 4377 communio,
3267 4319 3430 4379 atque
3458 4316 3525 4373 ut

1936 4418 2085 4475 nullo
2112 4416 2179 4471 de
2206 4423 2398 4470 caetero
2429 4410 2791 4472 titillamento,
2819 4406 2906 4461 vel
2926 4405 3030 4460 levi
3052 4400 3368 4471 cujusquam
3391 4414 3527 4454 cons.

1940 4506 2196 4565 tentionis
2223 4504 2427 4576 pudore
2456 4501 2716 4573 pulsetur.
2746 4497 2959 4565 Scripta
2989 4504 3166 4551 autem
3195 4493 3375 4549 Acacii
3402 4491 3521 4562 epi—

1943 4600 2114 4670 scopi,
2145 4597 2399 4668 quoniam
2428 4610 2549 4652 cum
2581 4593 2775 4650 vestris
2812 4598 2937 4646 sunt
2963 4598 3242 4660 porrecta,
3283 4587 3522 4657 suscepie

1944 4707 2063 4747 mus
2096 4709 2109 4744 :
2137 4706 2205 4745 ne
2231 4705 2327 4759 per
2354 4695 2590 4744 vestram
2622 4684 2869 4753 injuriam
2897 4683 3009 4747 ille,
3038 4682 3131 4749 qui
3160 4680 3287 4735 olim
3309 4694 3340 4733 a
3370 4678 3527 4735 nobis

1945 4798 2237 4853 suspensus
2256 4781 2451 4846 fuerat,
2473 4776 2867 4847 repudiaretur,
2893 4781 2947 4827 et
2963 4780 3140 4826 tamen
3169 4770 3300 4825 satis
3315 4767 3527 4824 abunde

1947 4874 2002 4929 in
2031 4872 2163 4928 actis
2189 4870 2489 4931 statuimus,
2512 4865 2669 4921 sicuti
2694 4864 2979 4933 dignanter
3003 4861 3246 4929 relegere
3276 4873 3528 4930 procura-

1946 4962 2051 5029 bis,
2078 4960 2206 5029 quid
2236 4960 2290 5013 in
2320 4958 2434 5027 ejus
2456 4968 2685 5026 persona
2725 4952 2921 5007 debeat
2963 4948 3245 5014 custodiri,
3279 4956 3338 5001 ut
3365 4948 3409 5001 si
3430 4961 3528 5015 per

1949 5052 2129 5108 omnia
2153 5048 2342 5104 vestris
2371 5047 2607 5103 consiliis
2638 5045 2952 5113 actibusque
2978 5050 3087 5095 tam
3116 5039 3317 5095 sanctis
3347 5053 3406 5093 se
3435 5052 3527 5091 ro—

1950 5141 2156 5213 gaverit
2196 5154 2315 5195 esse
2353 5151 2714 5204 communem,
2762 5140 3047 5205 praestetur
3076 5131 3189 5187 seni
3220 5130 3403 5183 favore
3432 5141 3527 5181 ve-

1948 5242 2083 5297 stro,
2130 5239 2424 5300 nostroque
2448 5228 2652 5299 judicio
2682 5224 3107 5283 communionis.
3139 5237 3202 5276 ac
3230 5220 3529 5273 litterarum

1953 5339 1985 5379 a
2013 5323 2167 5379 nobis
2195 5322 2363 5393 gratia
2388 5327 2695 5391 prorogata.
2726 5315 3170 5385 Subscripserunt
3197 5308 3262 5363 20
3293 5306 3529 5379 episcopi

1951 5414 2138 5470 Italiae.

2193 5504 2326 5560 Item
2352 5502 2649 5557 Alexandro
2677 5502 2912 5570 episcopo
2942 5498 3274 5551 Antiocheno.

1959 5595 2109 5663 Quod
2139 5598 2306 5668 prima
2335 5595 2478 5649 sedes
2509 5593 2643 5647 beati
2682 5589 2823 5643 Petri
2869 5588 3006 5653 apud
3052 5585 3374 5641 Antiochiam
3424 5599 3533 5636 esse

2579 5669 2906 5717 memoratur.

2030 5760 2191 5819 XLV.
2235 5759 2299 5815 Et
2326 5772 2463 5814 onus
2507 5763 2563 5813 et
2592 5755 2765 5813 honor
2807 5751 2961 5813 nobis
3016 5766 3046 5804 a
3077 5758 3165 5805 tua
3198 5745 3531 5811 fraternitate
