4092 6348
619 246 725 304 255

1887 251 2234 316 ΝΟΝΫΒΙΗΞ
2274 257 2428 312 EXIG
2441 256 2478 312 υ
2491 256 2591 312 US.

3779 274 3887 330 256

617 364 897 434 impositus
923 366 1210 423 necessarii
1239 374 1500 422 tractatus
1537 382 1727 424 causas
1766 370 1973 425 induxit
2018 390 2029 424 :
2079 388 2187 442 quo
2214 372 2261 431 Α
2292 371 2675 440 plenitudinem
2707 381 2952 441 possunt,
2977 388 3097 445 quae
3120 378 3351 434 maxime
3371 380 3422 435 in
3446 382 3883 443 ordinationibus

615 454 827 523 litteris,
856 456 944 510 vel
972 457 1383 512 commonitorio
1411 467 1615 526 vestro,
1662 467 1723 513 ut
1749 460 1843 515 dat
1868 463 2038 515 sancti
2066 462 2187 531 Spi-

614 544 749 598 ritus
771 545 971 612 gratia,
1022 547 1353 617 respondere
1379 549 1669 617 possimus.
1703 549 2059 606 Revolventes
2086 552 2188 605 ita-

614 647 721 701 que
740 635 1114 693 auctoritatem
1142 636 1369 692 Nicaeum
1387 639 1598 709 synodi,
1620 654 1739 709 qua:
1759 656 1919 695 unam
1949 643 2188 696 omnium

612 738 711 793 per
740 723 925 778 orbem
970 733 1234 782 terrarum
1263 737 1503 784 mentem
1549 731 1784 800 explicat
1820 732 2181 799 sacerdotum,

610 827 731 884 qua:
757 814 966 869 censuit
991 815 1062 873 de
1088 817 1421 875 Antiochena
1436 819 1673 877 Ecclesia
1694 824 1900 878 cunctis
1920 824 2182 888 ﬁdelibus,

607 917 679 957 ne
705 902 1329 979 dixerimsaeerdotibus
1355 922 1474 966 esse
1503 912 1864 966 necessarium
1892 912 2181 979 custodire,

607 1007 713 1062 qua
743 1010 903 1065 super
942 995 1217 1053 ditecesim
1251 1014 1401 1054 suam
1428 1002 1735 1071 pmdictam
1757 1002 2048 1059 Ecclesiam
2076 1020 2182 1059 non

606 1097 771 1153 super
810 1084 1045 1154 aliquam
1091 1086 1421 1154 provinciam
1456 1092 1893 1158 recognoscimus
1921 1094 2185 1147 constitu-

608 1182 741 1231 tum.
780 1171 930 1229 Unde
960 1175 1286 1232 advertimus
1314 1195 1423 1235 non
1450 1188 1559 1235 tam
1589 1197 1689 1251 pro
1728 1183 1963 1238 civitatis
1979 1185 2186 1253 magni-

606 1264 821 1321 ﬁcentia
861 1267 965 1322 hoc
1009 1267 1183 1324 eidem
1214 1270 1528 1327 attributum
1553 1313 1569 1337 ,
1618 1288 1779 1341 quam
1824 1275 1969 1343 quod
2012 1277 2185 1345 prima

606 1354 766 1424 primi
800 1356 1033 1425 apostoli
1061 1356 1218 1412 sedes
1246 1373 1365 1414 esse
1391 1370 1721 1417 monstretur
1739 1402 1756 1427 ,
1785 1363 1875 1418 ubi
1903 1372 1959 1419 et
1987 1380 2185 1421 nomen

606 1445 817 1513 accepit
862 1446 1049 1516 religio
1076 1445 1385 1505 Christiana
1406 1492 1423 1518 ,
1466 1459 1521 1505 et
1548 1467 1667 1521 quae
1696 1462 2017 1510 conventum
2046 1472 2182 1526 apo-

603 1535 864 1590 stolorum
885 1537 1025 1606 apud
1052 1553 1112 1593 se
1140 1538 1257 1594 ﬁeri
1277 1540 1683 1597 celeberrimum
1710 1546 1926 1610 meruit,
1956 1562 2182 1617 quaeque

603 1627 749 1682 urbis
765 1627 950 1683 Romae
976 1629 1089 1686 sedi
1119 1647 1225 1686 non
1242 1632 1479 1702 cederet,
1507 1634 1610 1690 nisi
1634 1637 1776 1705 quod
1806 1637 1898 1693 illa
1924 1638 1979 1694 in
2006 1651 2180 1694 trans-

2292 468 2573 529 operatur,
2607 477 2766 530 quam
2796 478 2893 532 per
2919 465 3211 534 impietatis
3235 484 3343 523 sua:
3374 474 3648 540 perﬁdiam
3694 479 3879 547 potius

2289 566 2449 620 quam
2493 552 2647 608 fidem
2686 555 2912 610 dixerim
2938 596 2953 621 ,
3006 560 3371 629 perdiderunt.
3419 566 3703 632 Quomodo
3757 570 3877 628 ﬁeri

2292 652 2491 713 potest,
2521 654 2581 699 ut
2619 662 2805 701 eorum
2838 649 3092 718 profanos
3120 654 3427 710 sacerdotes
3453 659 3644 726 dignos
3673 661 3877 719 Christi

2288 736 2585 791 honoribus
2635 740 2979 809 arbitremur,
3020 757 3247 810 quorum
3293 746 3455 802 laicos
3501 750 3873 821 imperfectos,

2288 836 2348 883 ut
2368 830 2496 893 dixi,
2529 830 2595 884 ad
2621 833 2792 887 sancti
2821 832 3053 902 Spiritus
3084 836 3474 905 percipiendam
3495 843 3722 908 gratiam
3748 859 3871 899 cum

2284 920 2607 988 ptenitentiae
2636 922 2864 989 imagine
2893 925 3253 993 recipiamus?
3276 928 3518 983 Gravitas
3546 931 3726 1001 itaque
3780 943 3871 993 tua

2286 1006 2402 1062 hmo
2425 1009 2490 1062 ad
2515 1011 2761 1065 notitiam
2790 1015 3239 1084 coepiscoporum
3266 1019 3353 1072 vel
3377 1035 3472 1087 per
3492 1023 3756 1091 synodum
3777 1065 3794 1089 ,
3824 1024 3871 1082 si

2284 1105 2490 1165 potest,
2522 1100 2607 1153 vel
2635 1116 2731 1170 per
2756 1101 2945 1156 harum
2973 1105 3343 1161 recitationem
3370 1108 3529 1163 faciat
3560 1114 3864 1179 pervenire,

2285 1198 2346 1241 ut
2371 1202 2491 1256 quae
2515 1190 2629 1259 ipse
2669 1199 2777 1245 tam
2817 1197 3123 1250 necessario
3164 1208 3508 1265 percontatus
3538 1216 3625 1267 es,
3668 1211 3723 1256 et
3767 1218 3863 1257 nos

2285 1276 2503 1333 climate
2542 1281 2949 1350 respondimus,
2998 1288 3269 1341 communi
3308 1290 3543 1344 omnium
3589 1306 3862 1347 consensu

2284 1368 2572 1440 studioque
2599 1381 2901 1427 serventur.

2364 1506 2444 1562 De
2470 1520 2649 1566 sancto
2678 1512 2884 1567 Joanne
2912 1512 3483 1589 Constantinopolitano
3504 1522 3766 1592 cpiscOpo.

2352 1621 2581 1678 XLVIII.
2607 1623 2949 1682 Innocentius
2971 1628 3190 1697 Acacio,
3220 1629 3424 1686 Berteae
3451 1634 3730 1702 episcopo.

600 1715 679 1770 itu
707 1720 937 1785 meruit,
970 1720 1070 1775 ista
1116 1732 1426 1792 susceptum
1456 1726 1595 1795 apud
1623 1742 1682 1782 se
1720 1740 2175 1787 consummatum-
2207 1729 2259 1788 Β
2351 1712 2671 1784 Adgaudere
2720 1717 2911 1773 “ueris
2964 1718 3351 1775 fraternitatem
3401 1729 3550 1776 mam
3590 1722 3658 1778 de
3700 1739 3859 1780 ποθ’

596 1823 703 1878 que
727 1811 943 1879 gaudet.
972 1812 1158 1882 Itaque
1187 1815 1532 1886 arbitramur,
1561 1816 1728 1875 frater
1749 1821 2081 1888 charissime,
2114 1833 2174 1881 ut

594 1901 737 1956 sicut
771 1905 1221 1975 metropolitanos
1265 1910 1586 1966 auctoritate
1623 1912 1838 1969 ordinas
1885 1917 2171 1985 singulari,

595 1993 675 2048 sic
702 2003 756 2048 et
783 2003 1009 2054 caeteros
1042 2016 1148 2054 non
1176 2000 1296 2054 sine
1322 2003 1587 2073 permissu
1617 2008 2171 2078 conscientiaque‘tua

594 2084 740 2141 sinas
768 2087 1050 2158 episcopos
1077 2092 1389 2159 procreari,
1441 2092 1492 2146 in
1534 2095 1725 2162 quibus
1766 2097 1907 2153 hunc
1952 2100 2169 2155 modum

593 2186 741 2232 recte
768 2180 1027 2248 servabis,
1052 2191 1109 2235 ut
1136 2182 1292 2250 longe
1319 2186 1524 2253 positos
1553 2186 1743 2251 litteris
1768 2188 1906 2247 datis
1928 2191 2168 2246 ordinari

592 2282 815 2324 censeas
849 2269 916 2324 ab
959 2253 1041 2325 his
1086 2272 1177 2340 qui
1218 2285 1360 2328 nunc
1398 2290 1492 2329 eos
1532 2292 1629 2331 suo
1674 2287 1879 2334 tantum
1918 2282 2169 2336 ordinant

591 2358 881 2425 arbitratu;
912 2361 1117 2417 vicinos
1139 2374 1341 2431 autem,
1366 2365 1410 2419 si
1432 2367 1665 2423 aestimas
1686 2368 1753 2423 ad
1775 2383 1966 2426 manus
1994 2372 2167 2443 impo-

588 2448 838 2504 sitionem
870 2459 971 2504 tua:
993 2454 1177 2519 gratire
1202 2464 1406 2517 statuas
1428 2460 1709 2526 pervenire
1735 2478 1749 2512 :
1776 2477 2002 2530 quorum
2021 2464 2162 2519 enim

592 2546 645 2592 te
686 2541 915 2593 maxima
946 2553 1222 2611 exspectat
1248 2562 1374 2600 cura
1400 2587 1413 2613 ,
1464 2550 1732 2620 prmeipue
1774 2559 1921 2607 tuum
1966 2552 2164 2610 debent

589 2630 785 2683 mereri
809 2630 1106 2702 judicium.

589 2741 738 2806 Quod
772 2762 873 2799 non
888 2756 1138 2829 neporteat
1165 2752 1442 2829 secundum
1475 2757 1751 2829 constituta
1796 2758 2161 2829 imperatorum

864 2816 991 2871 duos
1017 2836 1125 2872 esse
1147 2822 1563 2890 metropolitanos
1594 2816 1875 2898 cpiseOpos:

655 2904 835 2961 XLVI.
865 2906 999 2962 Nam
1030 2909 1175 2979 quod
1215 2912 1535 2978 sciscitaris,
1566 2924 1744 2971 utrum
1775 2919 1957 2975 divisis
1986 2922 2157 2993 impe-

583 2996 701 3049 riali
718 2996 921 3064 judicio
952 3000 1256 3067 provinciis,
1292 3010 1349 3055 ut
1380 3001 1496 3058 dum
1525 3010 1851 3079 metropolcs
1881 3012 2030 3079 ﬁant,
2078 3016 2157 3071 sic

2277 1804 2381 1876 ptis
2446 1804 2655 1863 Paulini
2748 1809 2832 1863 vel
2901 1805 3115 1880 Evagrii
3169 1813 3543 1883 episcoporum
3606 1815 3860 1885 clericis,

2274 1898 2594 1969 populisque
2621 1942 2636 1967 ,
2691 1908 2748 1956 et
2808 1901 2876 1957 de
2920 1902 3179 1959 restitutis
3230 1901 3438 1974 Elpidio
3498 1913 3661 1975 atque
3717 1904 3858 1978 Pap-

2273 2002 2344 2056 po
2384 1991 2720 2060 coepiscopis
2758 1994 3182 2062 percensuimus,
3217 2004 3273 2049 et
3316 1995 3401 2050 vel
3448 2012 3570 2052 sero
3614 2007 3856 2068 recepta

2272 2079 2421 2147 pacis
2445 2082 2671 2148 gratiam
2702 2090 2755 2138 te
2785 2083 2969 2140 fovere
2998 2088 3297 2156 postposita
3325 2090 3471 2143 omni
3504 2092 3855 2146 contentione

2268 2172 2618 2241 pervidimus.
2672 2171 2823 2229 Unde
2852 2176 2949 2231 has
2978 2176 3045 2230 ad
3088 2179 3583 2247 przestantissimum
3629 2180 3854 2238 fratrem

2267 2270 2322 2315 et
2363 2263 2743 2332 coepiscopum
2768 2274 3011 2321 nostrum
3038 2267 3396 2323 Alexandrum
3418 2270 3716 2327 reddendas
3744 2281 3853 2328 tua

2268 2353 2660 2407 transmisimus
2688 2355 3046 2422 unanimitati,
3078 2357 3324 2413 videlicet
3360 2367 3419 2412 ut
3452 2360 3497 2413 si
3530 2375 3717 2415 omnes
3746 2362 3849 2417 inio

2265 2442 2501 2508 micitize,
2528 2448 2703 2502 omnis
2725 2449 2998 2505 aemulatio
3022 2458 3128 2503 tam
3157 2449 3225 2505 de
3251 2451 3467 2506 nomine
3493 2454 3665 2507 sancti
3689 2452 3827 2508 Joan

2263 2536 2349 2588 nis
2374 2536 2601 2590 mirandi
2625 2538 2889 2608 episc0pi,
2911 2554 3069 2608 quam
3090 2540 3157 2595 de
3177 2542 3423 2597 omnibus
3444 2543 3679 2611 ejusdem
3702 2559 3843 2598 com~

2263 2626 2530 2680 munionis
2586 2628 2932 2697 participibus
2973 2645 3003 2683 a
3045 2638 3132 2683 tua
3190 2632 3529 2686 animositate
3574 2632 3842 2699 discessit,

2261 2717 2358 2771 has
2385 2725 2583 2773 nostra!
2612 2720 2887 2774 societatis
2925 2722 3152 2792 recipias
3190 2722 3411 2788 litteras,
3445 2723 3611 2778 frater
3636 2724 3843 2778 charis-

2258 2808 2413 2873 sime,
2458 2808 2619 2864 modo
2668 2817 2726 2863 ut
2754 2810 2932 2864 omnia
2974 2826 3093 2880 qua:
3122 2811 3208 2864 hic
3252 2811 3386 2865 actis
3441 2812 3646 2866 ﬁrmata
3691 2822 3838 2880 sunt,

2259 2898 2399 2968 apud
2428 2900 2778 2955 mediatorem
2805 2909 3046 2955 nostrum
3066 2901 3345 2956 amabilem
3366 2902 3722 2958 Alexandrum
3740 2920 3838 2959 ore

2258 2993 2496 3063 proprio,
2549 2999 2607 3047 ut
2630 2994 3113 3048 communicantem
3145 2998 3431 3060 convenit,
3479 2995 3715 3051 fatearis.
3767 2995 3835 3051 Ut

582 3086 690 3141 duo
721 3089 1118 3157 metropolitani
1165 3092 1402 3163 episcOpi
1432 3096 1665 3152 debeant
1701 3103 2006 3159 nominari:
2042 3122 2154 3163 non
2182 3102 2226 3165 C
2258 3084 2400 3138 enim
2442 3085 2557 3139 hmo
2606 3085 2764 3139 "Obis
2810 3085 3176 3140 “"animimis
3241 3087 3621 3156 εδθτίίθίίθίίυθ
3667 3104 3830 3143 causa

580 3193 711 3246 ergo
734 3180 907 3236 visum
937 3191 1019 3237 est
1047 3186 1112 3237 ad
1144 3186 1491 3242 mobilitatem
1520 3194 1897 3251 necessitatum
1928 3203 2154 3258 munda-

580 3284 768 3324 narum
793 3271 884 3326 Dei
907 3272 1197 3329 Ecclesiam
1222 3280 1559 3346 commutari,
1583 3282 1924 3355 honoresque
1952 3301 2046 3345 aut
2072 3293 2156 3346 di-

578 3360 811 3415 visiones
834 3363 1070 3431 perpeti,
1094 3381 1227 3434 quas
1249 3383 1345 3435 pro
1366 3370 1476 3422 suis
1502 3373 1679 3427 causis
1700 3373 1973 3433 faciendas
1992 3380 2156 3437 duxe-

578 3450 649 3503 rit
696 3451 986 3519 imperator
1035 3470 1210 3523 :ergo
1260 3460 1556 3514 secundum
1602 3464 1881 3532 pristinum
1928 3470 2149 3537 provin-

578 3539 778 3594 ciarum
827 3557 1031 3597 morem
1076 3549 1523 3616 metropolitanos
1568 3554 1851 3626 episcopos
1898 3565 2149 3618 convenit

578 3634 865 3690 numerari.
898 3634 1121 3706 Cyprios
1149 3655 1278 3695 sane
1308 3644 1521 3709 asseris,
1555 3648 1680 3701 olim
1722 3651 1931 3707 Arianae
1958 3655 2148 3725 impie-

577 3724 701 3778 tatis
725 3728 963 3794 potentia
994 3729 1278 3799 fatigatos,
1324 3751 1429 3789 non
1460 3741 1691 3796 tenuisse
1720 3742 1960 3801 Nicenos
1983 3724 2147 3805 cano-

574 3828 669 3869 nes
724 3816 777 3869 in
824 3819 1136 3875 ordinandis
1182 3823 1283 3877 sibi
1334 3827 1632 3897 episc0pis,
1684 3842 1739 3887 et
1766 3851 1935 3905 usque
1971 3840 2145 3896 adhuc

574 3902 770 3959 habere
800 3919 1199 3979 pnnsuntptum,
1240 3921 1299 3966 ut
1325 3931 1423 3969 suo
1458 3919 1715 3976 arbitratu
1741 3902 2010 3993 ordinent,
2043 3947 2143 3986 ne-

572 3997 771 4051 minem
801 4000 1141 4056 consulentes
1172 4022 1185 4056 :
1217 4008 1470 4074 quocirca
1508 4014 1896 4080 persuademus
1938 4022 2035 4087 eis,
2084 4035 2144 4079 ut

532 4114 535 4115 ν
572 4098 760 4143 curent
773 4088 926 4157 juxta
948 4106 1213 4148 canonum
1238 4094 1391 4152 ﬁdem
1413 4101 1732 4158 catholicam
1764 4123 1960 4178 sapere
1981 4120 2143 4182 atque

571 4192 736 4231 unum
776 4195 906 4243 cum
950 4184 1158 4239 caeteris
1184 4188 1383 4244 sentire
1423 4194 1740 4262 provinciis,
1784 4207 1842 4252 ut
1886 4213 2142 4271 appareat

570 4266 796 4334 Spiritus
825 4272 998 4326 sancti
1026 4276 1195 4342 gratia
1237 4278 1382 4348 ipsos
1411 4295 1623 4353 quoque
1656 4295 1715 4341 ut
1744 4266 1934 4346 omnes
1956 4266 2141 4350 Eccleo

570 4358 677 4412 sias
697 4360 1003 4425 gubernari.

575 4465 724 4563 ρυοέ
761 4473 1084 4560 -ᾼνὶαηοηιηι
1123 4484 1293 4537 clerici
1322 4502 1424 4563 non
1460 4490 1569 4563 sint
1605 4494 1917 4563 suscipiendi
1956 4499 2010 4553 in
2037 4503 2145 4556 suis
2175 4467 2225 4525 Β

638 4539 841 4632 ofﬂa-iis,-
866 4550 1095 4632 quantvis
1130 4568 1303 4632 colunt
1331 4539 2143 4632 baptisntufqvuordwcal/13km}:

641 4620 858 4676 constat,
887 4616 1155 4682 conﬁrmet
1174 4616 1427 4678 Ecclesia.

640 4714 844 4773 XLVII.
862 4722 985 4775 Aria
994 4739 1090 4778 nos
1105 4739 1383 4799 praeterea,
1398 4744 1727 4809 ceterasque
1743 4742 1979 4811 ejusdem
1996 4751 2141 4807 modi

568 4815 767 4873 pestes,
818 4811 940 4877 quia
989 4826 1175 4870 eorum
1224 4818 1389 4876 laicos
1429 4839 1720 4884 conversos
1750 4832 1815 4887 ad
1856 4836 2139 4896 Dominum

569 4896 668 4948 sub
699 4897 926 4966 imagine
980 4907 1306 4971 paenitentiae
1361 4928 1426 4969 ac
1469 4920 1641 4975 sancti
1670 4919 1902 4991 Spiritus
1942 4933 2141 4987 sancti-

571 4984 820 5042 licatinne
854 5007 950 5059 per
991 5009 1179 5051 manus
1208 4998 1603 5068 impositionem
1648 5014 1998 5084 suscipimus,
2030 5036 2139 5076 non

569 5074 784 5131 videtur
803 5080 1025 5136 clericos
1046 5099 1230 5141 eorum
1261 5105 1382 5146 cum
1413 5099 1698 5154 sacerdotii
1728 5112 1822 5157 aut
1859 5108 2139 5165 ministerii

570 5169 866 5240 cujuspiam
883 5175 1154 5244 suscipere
1173 5178 1461 5247 dignitate:
1486 5191 1738 5255 quoniam
1759 5195 1952 5262 quibus
1968 5198 2139 5253 solum

567 5258 829 5328 baptisma
860 5272 1031 5319 ratum
1062 5283 1179 5323 esse
1221 5276 1614 5349 permittimus,
1669 5258 1813 5351 quod
1860 5288 2042 5356 utique
2085 5289 2138 5344 in

568 5351 785 5405 nomine
813 5352 1004 5419 Patris,
1048 5367 1102 5412 et
1130 5359 1267 5428 Filii,
1300 5374 1355 5419 et
1382 5365 1613 5437 Spiritus
1635 5377 1803 5429 sancti
1831 5351 2136 5447 perlicitur;

566 5452 669 5537 nec
689 5451 926 5498 sanctum
954 5445 1209 5516 Spiritum
1233 5468 1327 5508 eos
1349 5457 1551 5513 habere
1580 5475 1648 5515 ex
1674 5463 1764 5518 illo
1793 5445 2133 5537 baptismate,

567 5524 777 5596 illisque
805 5538 1070 5603 mysteriis
1091 5542 1436 5614 arbitramur,
1465 5551 1718 5618 quoniam
1745 5524 1880 5608 cum.
1897 5572 1927 5609 a
1950 5524 2138 5615 catho:

568 5617 671 5675 lica
702 5621 803 5677 Iide
829 5640 1017 5684 eorum
1054 5644 1300 5690 auctores
1329 5637 1720 5711 desciscerent,
1750 5644 2135 5714 perfectionem

568 5710 797 5786 Spiritus
832 5734 993 5793 quam
1016 5737 1333 5799 acceperant
1364 5731 1686 5800 amiserunt,
1726 5710 1826 5794 nec
1866 5739 1994 5798 dare
2022 5743 2137 5814 ejus

2256 3177 2583 3233 venerabilis
2611 3186 2724 3242 est,
2768 3178 2845 3231 sic
2891 3178 3113 3232 iuhteret
3141 3178 3367 3233 sollicita
3387 3220 3400 3245 ε
3446 3196 3512 3233 ne
3538 3180 3663 3249 quid
3688 3180 3825 3235 obli-

2256 3281 2439 3335 quum,
2481 3276 2572 3321 aut
2617 3268 2941 3324 subsicivum
2976 3269 3029 3322 in
3056 3282 3323 3337 quoquam
3358 3270 3595 3325 residere
3633 3285 3821 3326 nosca-

2256 3363 2362 3411 tur.

2366 3493 2445 3548 De
2479 3494 2799 3564 Bonosiacis,
2829 3500 2964 3570 quod
2980 3498 3183 3553 Judaei:
3212 3501 3315 3553 sint
3342 3502 3699 3570 comparandi.

2319 3607 2503 3666 XLIX.
2554 3609 2898 3667 Innocentius
2940 3613 3231 3667 Laurentio
3272 3613 3527 3683 episcopo
3556 3613 3816 3669 Seniensi.

2318 3700 2420 3757 Diu
2469 3705 2647 3759 mirati
2694 3721 2877 3761 sumus
2921 3705 3220 3761 dilectionis
3265 3712 3369 3760 tum
3427 3707 3618 3761 litteris
3667 3708 3816 3762 lectis

2247 3791 2530 3849 haereticos
2559 3794 2771 3850 Photini
2799 3812 3004 3850 venena
3035 3806 3301 3851 sectantes
3328 3797 3382 3850 in
3431 3798 3701 3852 territorio
3738 3798 3818 3853 di-

2246 3882 2492 3938 lectionis
2522 3893 2626 3939 tute
2652 3902 2759 3940 non
2790 3887 2963 3941 solum
2993 3902 3130 3951 esse,
3156 3887 3248 3941 sed
3272 3896 3326 3942 et
3348 3888 3557 3957 publice
3578 3890 3677 3942 sibi
3699 3906 3819 3943 con-

2245 3972 2512 4027 venticula
2566 3974 2618 4028 in
2666 3976 2964 4045 aliquorum
3021 3978 3442 4047 possessionibus
3494 3994 3815 4048 praeparare,

2245 4084 2365 4123 cum
2391 4070 2457 4125 de
2496 4078 2610 4125 toto
2635 4087 2772 4140 pene
2830 4072 2961 4127 orbe
3002 4087 3261 4140 nusquam
3310 4080 3417 4127 tam
3470 4073 3624 4127 multi
3660 4088 3816 4143 quam

2245 4158 2313 4211 ad
2338 4175 2433 4213 vos
2453 4159 2752 4227 delegerint
2772 4163 3033 4217 habitare.
3051 4164 3288 4229 Quorum
3318 4165 3575 4219 doctrina:
3604 4165 3815 4220 nefaria:
3840 4200 3845 4205 ι

2245 4257 2434 4303 auctor
2483 4249 2695 4308 Marcus
2735 4251 2932 4306 dudmn
2980 4254 3048 4309 de
3095 4257 3226 4311 urbe
3274 4257 3458 4325 pulsus
3507 4258 3816 4325 temeritatis

2246 4344 2405 4391 tanta:
2450 4348 2532 4393 est
2560 4339 2750 4397 ductus
2784 4342 3032 4408 audacia,
3082 4353 3139 4398 ut
3162 4346 3389 4415 primum
3420 4346 3516 4399 sibi
3560 4348 3700 4402 inter
3726 4364 3816 4403 eos

2249 4428 2485 4484 vindicet
2510 4432 2706 4497 locum,
2733 4434 2824 4488 sed
2856 4450 2923 4488 ne
2947 4435 3167 4490 ulterius
3195 4437 3560 4493 debacchandi
3588 4440 3815 4495 habeant

2248 4510 2585 4590 facultatem,
2635 4532 2690 4578 et
2732 4526 2936 4579 animas
2964 4528 3281 4596 simplicium
3334 4547 3398 4585 ac
3426 4534 3814 4590 rusticanorum

2247 4623 2429 4664 secum
2476 4612 2530 4666 in
2578 4614 2877 4682 gehennam
2901 4654 2915 4680 ,
2964 4618 3049 4669 cui
3078 4618 3325 4674 destinati
3353 4631 3510 4690 sunt,
3557 4626 3766 4679 trahant
3798 4646 3811 4680 :

2246 4708 2427 4755 actum
2452 4710 2535 4756 est
2564 4703 2820 4761 adversus
2847 4722 2942 4762 eos
2969 4723 2999 4760 a
3022 4708 3389 4766 defensoribus
3429 4711 3680 4771 Ecclesia:
3720 4735 3815 4773 no-

2245 4798 2397 4859 strac,
2449 4796 2593 4864 quod
2632 4812 2727 4852 eos
2755 4800 2960 4868 possint
2990 4803 3281 4871 expellere,
3326 4809 3501 4876 utqui
3548 4809 3814 4868 Christum

2245 4883 2411 4939 Deum
2439 4901 2508 4940 ex
2537 4886 2708 4943 Patris
2741 4890 3037 4946 substantia
3064 4904 3187 4948 ante
3216 4898 3403 4951 saecula
3436 4910 3633 4967 negant
3668 4905 3814 4969 geni-

2244 4982 2358 5028 tum
2379 5017 2393 5041 ,
2438 4977 2491 5030 hi
2521 4992 2642 5032 cum
2668 4978 2895 5047 Iudaeis,
2928 4983 3160 5051 quicum
3190 4984 3441 5040 deitatem
3470 5002 3813 5061 negaverunt,

2246 5072 2303 5118 et
2331 5080 2471 5120 nunc
2500 5083 2668 5136 usque
2702 5079 2927 5137 negant,
2976 5071 3311 5141 participium
3340 5075 3571 5153 habeant
3596 5080 3814 5136 damna-

2245 5152 2427 5208 tionis.
2459 5154 2628 5210 Tuum
2658 5165 2758 5223 est,
2810 5159 2977 5215 frater
3021 5162 3365 5231 charissime,
3408 5182 3527 5234 qua:
3553 5179 3813 5238 praecepta

2243 5251 2368 5296 sunt
2397 5261 2501 5298 non
2526 5248 2741 5315 segnius
2761 5252 2939 5318 agere,
2972 5268 3039 5306 ne
3067 5254 3278 5321 plebem
3309 5254 3401 5309 tibi
3433 5259 3686 5311 creditam
3711 5260 3813 5312 dis-

2242 5331 2586 5390 simulatione
2626 5338 2923 5409 deperdas,
2975 5356 3029 5399 et
3074 5345 3299 5415 incipias
3336 5346 3447 5402 Deo
3486 5350 3552 5404 de
3594 5353 3813 5419 perditis

2240 5426 2469 5483 reddere
2489 5431 2772 5489 rationem.

2242 5564 2391 5622 Idem
2410 5587 2547 5641 papa
2569 5573 2641 5652 de.
2651 5575 2989 5644 suscipiendis
3009 5578 3228 5652 clericis,
3250 5598 3374 5652 quos
3399 5582 3648 5647 Bonosus,
3674 5595 3807 5639 anteL

2415 5657 2567 5709 quam
2605 5641 2963 5713 damnaretur,
2988 5641 3274 5704 ordinasse.
3286 5657 3629 5723 cognoscitur.

2314 5747 2376 5805 L.
2404 5748 2746 5812 Innocentius
2769 5753 3033 5815 Martiano
3061 5761 3315 5832 episcopo
3344 5761 3670 5822 Naissitano.
