4092 6348
242 301 356 359 257

1328 297 1697 354 COLLECTIO
1734 296 2200 353 DECRETORUM
2235 297 2336 352 PP.
2381 298 2496 354 RR.

317 412 594 485 Superiori
623 418 891 481 tempore,
924 410 967 464 si
1008 416 1184 462 tamen
1215 415 1363 463 recte
1391 408 1682 475 recordor,
1712 423 1826 462 me-
1855 419 1895 472 Α
1933 407 2001 461 Ut
2048 410 2107 485 si
2133 410 2371 485 sacerdos
2395 481 2405 485 _
2427 410 2518 485 vel,
2555 411 2765 484 quilibet
2790 431 2856 468 ex
2883 416 3019 470 clero
3051 415 3255 470 viduam
3302 433 3514 472 uxorem

243 506 381 561 mini
408 521 516 574 me,
544 513 652 559 tam
680 504 747 558 ad
781 503 1119 557 dilectionem
1157 510 1302 554 tuam
1337 516 1494 568 quam
1537 501 1604 554 ad
1637 500 1828 556 fratres

245 607 306 654 et
331 598 679 667 coepiscopos
709 604 952 662 nostros,
995 594 1217 658 Rufum,
1251 593 1538 648 Eusebium
1568 602 1622 646 et
1670 601 1830 649 cacte-
1855 581 1858 586 ’

245 703 360 753 ros,
385 687 688 758 bujusmodi
711 687 915 740 litteras
942 686 1009 740 de
1031 685 1238 738 clericis
1258 684 1627 737 Naissensibus
1656 693 1830 738 trans-

245 777 478 832 misisse.
535 775 630 831 llis
685 775 933 832 videlicet
995 775 1085 843 qui
1157 790 1216 827 se
1259 783 1384 827 ante
1429 773 1829 827 damnationem

245 865 448 922 Bonosi
476 875 782 921 assererent
809 867 876 921 ab
905 866 1094 920 eodem
1142 874 1250 919 tam
1278 865 1623 936 presbyteros
1669 882 1830 936 quam

241 959 510 1014 diaconos
529 957 805 1012 ordinatos
831 975 844 1009 :
870 959 993 1012 utsi
1022 958 1211 1012 relicto
1251 967 1412 1027 atque
1441 956 1693 1013 damnato
1714 958 1830 1028 ejus

247 1065 437 1106 errore
450 1048 908 1105 vellentEcclesiae
922 1049 1181 1118 copulari,
1203 1048 1428 1102 libenter
1442 1049 1826 1118 reciperentur.

245 1142 329 1197 Ne
351 1142 486 1196 forte
509 1141 601 1210 qui
623 1147 803 1194 essent
828 1139 971 1208 digni
1012 1137 1390 1208 recuperanda:
1413 1138 1623 1204 salutis,
1654 1139 1708 1192 in
1736 1153 1831 1192 eo-

246 1233 371 1288 dem
392 1231 715 1300 deperirent.
749 1229 948 1284 Verum
979 1243 1118 1282 nunc
1139 1229 1190 1282 in
1215 1228 1516 1283 Ravennati
1545 1228 1675 1282 urbe
1696 1228 1828 1281 mihi

247 1323 543 1379 constituto
556 1328 775 1391 propter
787 1318 1012 1373 Romani
1030 1319 1212 1388 populi
1230 1318 1577 1372 necessitates
1602 1333 1693 1372 ere
1703 1317 1828 1370 ber-

246 1415 414 1471 rimas
427 1413 736 1478 Germanic,
753 1411 843 1479 qui
863 1426 921 1465 se
937 1411 1254 1467 asseritesse
1263 1411 1654 1481 presbyterum,
1670 1418 1832 1480 atque

248 1504 564 1574 Lupeutins,
597 1502 685 1571 qui
715 1518 773 1556 se
802 1502 1086 1556 diaconum
1117 1501 1268 1567 dicit,
1299 1503 1592 1555 multorum
1621 1502 1826 1566 talium,

245 1598 402 1666 quasi
431 1597 696 1664 legatione
723 1603 974 1664 suscepta
1005 1610 1165 1664 prece
1195 1594 1308 1649 fusa
1340 1594 1556 1648 dolores
1582 1595 1830 1664 proprios

246 1690 555 1759 exprimere
594 1687 949 1755 gestiverunt,
982 1694 1287 1742 asserentes
1313 1702 1370 1740 se
1397 1687 1612 1756 quidem
1640 1685 1827 1741 Eccle-

246 1783 356 1837 sias
384 1783 435 1837 in
465 1781 765 1836 dilectionis
796 1790 899 1834 tua:
927 1781 1246 1835 constitutas
1277 1781 1547 1849 parocbiis
1570 1781 1827 1852 retinere,
1864 1793 1907 1851 Β

247 1873 343 1930 sed
367 1882 509 1927 tuam
535 1870 967 1926 communionem
999 1887 1102 1925 non
1126 1871 1366 1942 potuisse
1393 1871 1586 1925 mereri
1615 1890 1626 1923 :
1658 1887 1720 1925 ea
1752 1872 1833 1925 vi-

248 1962 449 2016 delicet
497 1961 705 2015 ratione
732 1975 836 2029 qua
860 1959 1121 2015 Rustitius
1153 1959 1368 2031 quidam
1397 1961 1612 2015 nomine
1641 1962 1830 2016 iterata

246 2054 587 2109 ordinatione
609 2052 997 2123 presbyterium
1021 2053 1365 2120 suscepisset.
1384 2051 1448 2106 Et
1470 2068 1575 2106 non
1603 2053 1706 2107 levi
1733 2054 1832 2106 im-

246 2147 556 2218 pedimento
577 2143 652 2208 fit,
678 2144 803 2198 dum
825 2153 916 2198 aut
941 2144 1014 2198 illi
1039 2144 1224 2199 dolent
1240 2144 1540 2213 bujusmodi
1560 2145 1830 2198 hominem

247 2237 302 2290 in
336 2235 574 2290 Ecclesia
624 2234 843 2288 retineri
871 2277 886 2301 ,
931 2241 1023 2287 aut
1053 2232 1141 2287 ille
1169 2233 1250 2286 sic
1291 2247 1521 2302 peccare
1550 2232 1746 2286 debere
1777 2232 1830 2286 in

248 2330 386 2383 alios
415 2327 715 2391 arbitretur,
765 2324 856 2395 qui
882 2324 936 2378 in
977 2338 1035 2378 se
1063 2323 1308 2394 agnoscit
1355 2338 1474 2378 esse
1522 2330 1827 2392 peccatum.

249 2419 318 2475 Et
346 2419 587 2490 quamvis
612 2418 678 2472 de
706 2417 892 2472 eadem
921 2431 980 2471 re
1008 2416 1219 2486 plenius
1248 2415 1438 2470 litterae
1481 2430 1613 2470 meae
1654 2415 1831 2469 conti—

248 2520 443 2573 neunt,
489 2525 624 2579 quas
648 2509 894 2579 superius
922 2509 1247 2574 memoravi,
1289 2515 1468 2562 tamen
1498 2508 1658 2561 etiam
1689 2521 1833 2562 nunc

249 2604 642 2659 admonendam
664 2602 910 2657 duximus
938 2600 1326 2655 fraternitatem
1358 2609 1522 2666 tuam,
1549 2607 1608 2653 ut
1637 2599 1680 2652 si
1705 2614 1831 2654 vere

251 2701 467 2749 constat
496 2693 704 2760 aliquos
733 2700 856 2745 ante
882 2690 1283 2745 damnationem
1313 2689 1510 2744 Bonosi
1540 2690 1606 2743 ab
1640 2688 1831 2743 eodem

252 2785 530 2840 ordinatos
559 2792 746 2853 postea
775 2781 1030 2849 voluisse,
1052 2781 1137 2837 vel
1155 2796 1299 2834 nunc
1326 2781 1465 2835 velle
1491 2780 1710 2842 reverti,
1738 2793 1834 2835 eos

252 2860 591 2949 recipiendos
616 2892 735 2932 esse
764 2890 1044 2931 censemus
1087 2893 1099 2928 :
1132 2875 1366 2930 maxime
1395 2890 1516 2928 cum
1547 2873 1832 2928 memorati

253 2979 498 3029 asserant
544 2985 602 3025 se
645 2971 696 3024 in
728 2976 931 3022 tantum
959 2967 1216 3020 anteriori
1246 2973 1492 3034 tempore
1532 2963 1831 3029 ordinatos,

254 3072 316 3116 ut
337 3069 533 3116 sanctae
563 3057 951 3114 recordationis
977 3058 1150 3111 virum
1179 3055 1486 3110 Cornelium
1519 3054 1835 3122 episcopum

252 3152 560 3208 Sirmiensis
588 3150 754 3214 urbis,
796 3164 896 3204 nec
924 3163 1028 3202 non
1059 3155 1114 3202 et
1140 3147 1360 3200 fratrem
1389 3152 1632 3199 nostrum
1674 3143 1837 3197 Nice-

255 3253 390 3311 tam,
420 3242 660 3309 aliosque
679 3238 964 3294 nonnullos
993 3238 1156 3293 fuisse
1184 3244 1496 3307 praesentes,
1523 3250 1642 3289 cum
1666 3235 1839 3289 hono-

255 3335 428 3400 ribus,
461 3349 595 3404 quos
621 3347 678 3388 se
704 3333 906 3387 habere
931 3338 1253 3398 memorant,
1284 3337 1630 3398 augerentur.
1661 3323 1836 3393 Unde,

255 3425 428 3481 frater
467 3424 808 3488 cbarissime,
857 3423 902 3478 si
935 3437 1121 3477 eorum
1151 3420 1380 3476 assertio
1430 3416 1588 3472 fidem
1643 3416 1838 3487 recipit

259 3517 398 3578 veri,
430 3515 799 3584 suscipiendos
826 3527 947 3567 esse
975 3511 1246 3582 ambigere
1293 3526 1399 3566 non
1447 3508 1614 3564 debes
1636 3547 1652 3573 ,
1700 3522 1838 3576 quos

260 3607 444 3662 tandiu
464 3604 736 3660 Ecclesiae
758 3602 857 3659 sibi
887 3602 1116 3658 creditas
1138 3615 1324 3674 passus
1353 3614 1412 3655 es
1433 3601 1688 3655 retinere.

328 3745 672 3802 Innocentius
698 3743 860 3811 Rufo,
897 3753 954 3799 et
977 3741 1230 3806 Eusebio,
1260 3751 1315 3797 et
1337 3741 1547 3796 caeteris
1569 3739 1840 3810 episcopis

260 3835 660 3904 Hacedonibus,
689 3843 746 3891 et
771 3833 1086 3890 diaconibus
1111 3833 1166 3887 in
1195 3832 1424 3888 Domino
1452 3830 1703 3887 salutem.

329 3976 519 4046 Magna
560 3991 646 4031 me
673 3974 961 4045 gratulatio
1000 3972 1208 4038 habuit,
1239 3987 1360 4026 eum
1390 3978 1514 4041 post
1541 3977 1624 4025 tot
1647 3968 1840 4023 discri-

262 4069 407 4122 mina
435 4067 600 4122 totius
629 4068 723 4136 (ut
749 4065 824 4120 ita
853 4064 1116 4135 dixerim)
1148 4062 1332 4118 mundi
1365 4061 1550 4116 Vitalis
1577 4058 1843 4113 archidia-

263 4176 434 4217 conus
469 4165 769 4214 vestrarum
797 4156 1026 4226 portitor
1049 4154 1349 4208 litterarum
1378 4167 1442 4206 ex
1473 4151 1575 4204 illis
1604 4149 1845 4220 partibus

263 4251 332 4306 ad
360 4267 458 4306 nos
482 4265 651 4321 usque
675 4248 909 4303 directus
933 4246 1165 4310 advenit,
1195 4259 1355 4315 quem
1379 4257 1500 4296 cum
1525 4241 1843 4294 vidissemus

265 4341 446 4406 illico,
480 4349 538 4396 ut
575 4339 891 4410 oportebat,
936 4336 1234 4408 percontati
1272 4335 1340 4388 de
1367 4341 1547 4388 vestro
1589 4339 1731 4386 statu
1758 4346 1846 4385 su—

263 4449 406 4489 mus.
448 4431 644 4487 Verum
670 4431 759 4486 ubi
787 4431 1084 4500 reperimus
1113 4444 1225 4483 vos-
1244 4443 1310 4481 ex
1339 4424 1605 4480 sententia
1626 4424 1844 4492 degere,

265 4525 494 4580 Domino
534 4522 648 4579 Deo
677 4529 862 4578 nostro
889 4521 1081 4576 uberes
1105 4520 1305 4588 gratias
1341 4517 1652 4577 retulimus,
1699 4513 1844 4583 quod

265 4631 368 4672 vos
395 4615 621 4670 famulos
643 4629 787 4678 suos,
819 4613 1037 4682 suisque
1079 4610 1336 4665 altaribus
1365 4607 1663 4662 servientes
1697 4613 1751 4660 et
1790 4606 1845 4659 in

266 4707 505 4762 adversis
533 4714 766 4771 tueatur,
790 4715 845 4761 et
867 4706 918 4760 in
948 4703 1222 4775 prosperis
1249 4703 1549 4772 gubernare
1572 4701 1840 4769 dignetur.

268 4798 373 4867 Qui
403 4813 524 4854 cum
554 4797 858 4852 tradidisset
886 4795 1145 4864 epistolas
1174 4808 1284 4856 eas,
1316 4791 1548 4861 praecepi
1583 4790 1726 4842 illico
1757 4803 1846 4842 re-

267 4889 518 4954 censeri,
568 4888 623 4944 in
649 4889 842 4959 quibus
881 4887 1047 4941 multa
1077 4885 1250 4956 posita
1281 4898 1401 4939 esse
1443 4881 1679 4953 pervidi,
1727 4895 1848 4949 quae

264 4989 548 5050 stuporem
590 4981 854 5036 mentibus
893 4978 1089 5033 nostris
1129 4976 1413 5046 injicerent
1436 5018 1450 5042 ,
1498 4975 1844 5041 facerentque

268 5087 370 5127 nos
399 5081 507 5126 n'on
535 5069 802 5125 modicum
832 5069 1077 5124 dubitare
1098 5075 1274 5121 utrum
1303 5066 1460 5120 aliter
1499 5072 1840 5134 putaremus,

269 5178 338 5215 an
362 5162 434 5216 ita
455 5160 543 5215 illa
567 5167 747 5216 essent
765 5159 960 5230 posita,
987 5157 1434 5229 quemadmodum
1456 5155 1839 5226 personabant.

267 5251 402 5320 Quaa-
429 5268 552 5308 cum
580 5251 779 5321 saepius
800 5251 971 5320 repeti
993 5249 1268 5311 fecissem,
1299 5247 1536 5314 adverti,
1566 5247 1680 5302 sedi
1710 5261 1845 5316 apo-

267 5341 490 5406 stolicze,
517 5341 583 5396 ad
611 5355 771 5412 quam
791 5338 1002 5404 relatio,
1034 5337 1184 5407 quasi
1211 5335 1279 5391 ad
1300 5344 1460 5405 caput
1485 5333 1845 5389 Ecclesiarum

268 5432 431 5487 missa
454 5431 724 5496 currebat,
738 5430 967 5498 aliquam
990 5427 1105 5483 fieri
1133 5426 1398 5497 injuriam,
1417 5425 1570 5495 cujus
1597 5425 1770 5479 adhuc
1793 5425 1847 5479 in

270 5525 580 5596 ambiguum
607 5522 873 5580 sententia
902 5520 1208 5576 timeretur.
1248 5517 1400 5572 Unde
1428 5516 1494 5571 de
1521 5515 1711 5584 quibus
1736 5513 1848 5585 jam

269 5615 470 5672 dudum
498 5617 777 5688 scripsisse
802 5614 1022 5672 memini
1041 5656 1056 5682 ,
1103 5627 1247 5667 nunc
1276 5611 1473 5665 iterare
1501 5607 1726 5663 formam
1757 5597 1846 5663 ar-

270 5711 538 5780 gumentis
576 5708 995 5768 evidentioribus
1035 5705 1310 5763 relationis
1343 5711 1534 5758 vestra:
1579 5700 1847 5770 geminata

270 5804 612 5874 percontatio
639 5803 929 5875 compellit.

2072 480 2298 548 duxerit,
2329 481 2406 534 uel
2429 480 2704 552 abjeétam,
2728 501 2874 538 suum
2899 486 3086 554 perdat
3110 487 3354 556 officium.

2002 568 2086 623 LI.
2142 569 2248 623 Eos
2286 572 2375 640 qui
2401 572 2587 626 viduas
2609 574 2884 642 accepisse
2913 585 3266 644 suggeruntur
3294 591 3510 639 uxores,

1931 677 2038 715 non
2063 662 2238 716 solum
2268 663 2496 718 clericos
2525 663 2746 718 effectos
2776 665 3004 732 agnovi,
3037 681 3221 720 verum
3253 668 3412 720 etiam
3444 667 3511 720 ad

1931 751 2126 806 infulas
2171 754 2364 807 summi
2403 755 2688 810 sacerdotii
2735 761 3083 827 pervenisse,
3131 761 3274 828 quod
3324 763 3512 816 eontra

1931 841 2064 910 legis
2085 859 2204 897 esse
2227 853 2496 914 praecepta
2527 834 2703 901 nullus
2732 848 2961 915 ignorat.
2989 850 3117 903 Nam
3150 867 3270 904 cum
3302 851 3514 922 Moyses

1932 933 2208 1001 legislator
2235 934 2473 989 clamitet
2505 955 2517 988 :
2545 935 2809 992 Sacerdos
2832 954 3054 992 uxorem
3083 940 3342 1007 virginem
3369 942 3514 993 acci-

1931 1025 2068 1094 piat,
2096 1041 2159 1078 ac
2188 1041 2255 1080 ne
2281 1026 2334 1079 in
2364 1026 2470 1081 hoc
2497 1037 2768 1097 prmcepto
2797 1029 2998 1098 aliquid
3029 1040 3310 1099 putaretur
3342 1031 3515 1085 ambi-

1931 1129 2115 1184 guum,
2148 1117 2348 1171 addidit
2377 1136 2388 1170 :
2419 1117 2534 1172 Non
2567 1119 2804 1186 viduam,
2833 1135 3009 1189 neque
3035 1120 3282 1188 ejectam.
3313 1119 3513 1174 Contra

1930 1205 2075 1274 quod
2121 1219 2446 1276 pneccptum
2471 1209 2648 1264 divina
2685 1213 3005 1266 auctoritate
3037 1213 3322 1267 subnixum
3369 1213 3514 1268 nulla

1932 1296 2176 1352 defensio
2214 1298 2452 1353 mandati
2501 1301 2726 1355 alterius
2769 1303 3062 1371 opponitur
3095 1321 3106 1355 :
3142 1304 3244 1357 nisi
3287 1317 3514 1356 consue-

1932 1388 2062 1443 tudo
2092 1398 2268 1442 vcstra
2290 1429 2302 1453 ,
2330 1405 2449 1459 qum
2477 1393 2557 1462 (ut
2587 1392 2687 1462 ipsi
2714 1391 2976 1464 fatemini)
3009 1409 3076 1447 ex
3107 1394 3428 1463 ignorantia,
3459 1400 3516 1448 et

1933 1487 1992 1532 ut
2020 1481 2374 1536 verecundius
2399 1481 2603 1550 dicam,
2647 1499 2752 1538 non
2785 1499 2848 1537 ex
2893 1485 3186 1553 apostolica
3227 1485 3516 1541 traditione

1933 1581 1989 1626 et
2018 1574 2228 1627 ratione
2251 1576 2458 1642 integra
2490 1576 2780 1630 constituta
2809 1586 2910 1631 est.
2936 1576 3043 1630 Nos
3071 1587 3268 1642 autem,
3299 1592 3517 1631 omnes-

1932 1678 2037 1732 que
2066 1679 2162 1734 per
2181 1663 2454 1720 Orientem
2505 1665 2957 1736 Occidentemque
2985 1665 3271 1732 Ecclesias,
3303 1668 3515 1722 noverit

1932 1765 2110 1810 vestra
2141 1755 2360 1811 dilectio
2390 1757 2503 1811 haec
2531 1759 2745 1827 penitus
2777 1775 2882 1814 non
2934 1759 3245 1825 admittere,
3300 1775 3400 1814 nec
3446 1758 3515 1812 ad

1932 1850 2178 1903 ultimum
2209 1850 2557 1904 ecclesiastici
2595 1850 2797 1904 ordinis
2833 1851 3011 1905 locum
3039 1851 3170 1904 tales
3197 1865 3471 1905 assumere
3495 1888 3512 1912 ,

1931 1949 1985 1994 et
2009 1940 2053 1994 si
2083 1941 2284 2011 reperti
2319 1940 2541 2007 fuerint,
2565 1941 2906 1995 submovere.

1935 2053 2002 2108 Ut
2030 2057 2073 2108 si
2102 2055 2214 2128 quis
2245 2055 2631 2128 catechumenus
2655 2055 2888 2108 habuerit
2913 2073 3156 2123 uxorem,
3187 2066 3235 2110 et
3262 2058 3512 2128 defuncta

1999 2143 2058 2179 ea
2080 2127 2196 2196 jam
2224 2133 2337 2195 post
2377 2125 2681 2196 baptismum
2724 2128 2978 2195 acceperit
3016 2128 3264 2189 alteram,
3297 2125 3516 2184 clericus

2001 2213 2111 2250 esse
2139 2211 2242 2249 non
2264 2198 2446 2266 possit.

2003 2306 2108 2362 ιιι.
2145 2307 2346 2362 Deinde
2387 2309 2632 2379 ponitur,
2689 2326 2794 2364 non
2825 2309 2929 2365 dici
2967 2320 3219 2381 oportere
3247 2312 3515 2381 digamum

1932 2413 2056 2453 eum
2087 2399 2177 2466 qui
2205 2401 2626 2452 catechumenus
2647 2399 2912 2464 habuerit,
2930 2409 3089 2468 atque
3119 2401 3359 2456 amiserit
3386 2417 3516 2457 uxo-

1931 2506 2069 2554 rem,
2125 2491 2169 2544 si
2200 2498 2322 2560 post
2344 2491 2666 2560 baptismum
2698 2491 2858 2546 fuerit
2898 2492 3056 2545 aliam
3087 2495 3335 2560 sortitus,
3367 2510 3517 2550 eam-

1931 2598 2040 2652 que
2079 2584 2304 2652 primam
2341 2583 2511 2637 videri
2556 2599 2675 2652 qua:
2718 2599 2860 2638 novo
2904 2585 3106 2638 homini
3146 2587 3396 2654 copulata
3425 2587 3515 2653 sit,

1932 2675 2057 2744 quia
2089 2673 2215 2728 illud
2244 2673 2550 2743 conjugium
2574 2688 2671 2744 per
2692 2675 2943 2744 baptismi
2975 2687 3367 2730 sacramentum
3392 2694 3515 2732 cum

1935 2766 2144 2821 caeteris
2172 2765 2486 2820 criminibus
2513 2766 2584 2820 sit
2629 2765 2902 2830 ablatum,
2957 2767 3099 2836 quod
3131 2783 3254 2820 cum
3301 2768 3370 2822 de
3414 2783 3519 2822 una

1935 2857 2121 2924 utique
2151 2856 2366 2922 dicitur,
2391 2864 2540 2910 certe
2571 2856 2614 2910 si
2643 2864 2753 2909 tres
2780 2857 3029 2910 habuerit
3050 2858 3100 2910 in
3124 2859 3291 2911 veteri
3313 2859 3520 2927 positus

1937 2945 2154 2999 homine
2184 2959 2400 3010 uxores,
2434 2945 2535 2998 erit
2565 2945 2632 3009 ei,
2666 2959 2786 3012 qua:
2828 2951 2948 3014 post
2978 2945 3298 3013 baptismum
3331 2955 3521 3015 quarta

1937 3046 2040 3104 est,
2066 3038 2144 3092 sic
2171 3037 2648 3106 interpretantibus
2677 3037 2868 3107 prima,
2901 3036 3121 3105 virginis
3147 3053 3299 3106 aeque
3326 3053 3521 3094 nomen

1866 3160 1911 3223 ρ
1941 3126 2190 3199 accipiet,
2215 3143 2334 3198 qua:
2362 3136 2555 3196 quarto
2584 3127 2742 3183 ducta
2773 3136 2856 3182 est
2886 3128 3024 3183 loco.
3056 3128 3206 3195 Quis,
3230 3143 3351 3194 oro,
3383 3129 3522 3184 istud

1945 3235 2052 3276 non
2079 3219 2257 3274 videat
2276 3228 2461 3274 contra
2490 3219 2735 3289 Apostoli
2761 3234 2881 3275 esse
2910 3230 3267 3290 praeceptum,
3299 3223 3390 3292 qui
3413 3222 3524 3289 ait,

1943 3312 2100 3366 unius
2125 3311 2306 3365 uxoris
2333 3311 2504 3365 virum
2535 3320 2793 3380 oportere
2823 3311 2935 3365 fieri
2963 3312 3302 3368 sacerdotem
3352 3313 3404 3382 (1
3439 3313 3525 3369 Ti-

1940 3403 2096 3457 moth.
2130 3402 2255 3470 tu)?
2298 3401 2405 3456 Sed
2451 3401 2706 3471 objicitur
2753 3404 2896 3472 quod
2948 3404 3001 3457 in
3044 3405 3312 3474 baptismo
3353 3413 3525 3460 totum

1939 3493 2194 3562 quidquid
2225 3493 2278 3547 in
2312 3495 2482 3548 veteri
2514 3493 2733 3549 homine
2771 3502 2982 3564 gestum
3007 3479 3128 3561 ‘est,
3177 3496 3246 3550 sit
3271 3496 3525 3552 solutum.

1940 3585 2114 3641 Dicite
2134 3587 2264 3640 mihi
2287 3587 2430 3656 (cum
2453 3603 2588 3657 pace
2611 3597 2786 3643 vestra
2810 3587 3050 3658 loquor),
3077 3588 3300 3642 crimina
3320 3597 3526 3644 tantum

1938 3677 2279 3732 dimittuntur
2307 3677 2361 3730 in
2421 3678 2716 3747 baptismo,
2751 3693 2818 3731 an
2848 3686 2902 3733 et
2941 3679 3026 3733 illa
3063 3694 3180 3748 qua:
3231 3680 3526 3734 secundum

1939 3767 2152 3824 Domini
2181 3777 2447 3840 praecepta
2496 3785 2560 3824 ac
2585 3770 2676 3824 Dei
2700 3770 2941 3824 instituta
2970 3771 3350 3840 complentur?
3383 3769 3528 3825 Uxo-

1941 3875 2055 3913 rem
2083 3859 2281 3914 dncere
2309 3860 2512 3914 crimen
2541 3869 2642 3924 est,
2677 3869 2771 3917 aut
2796 3877 2903 3916 non
2935 3873 3016 3916 est
3041 3862 3245 3915 crimen
3269 3863 3291 3915 ?
3339 3861 3393 3918 Si
3423 3862 3529 3915 cri-

1942 3968 2065 4008 men
2089 3962 2190 4020 est,
2223 3967 2374 4022 ergo,
2404 3954 2621 4023 praefata
2648 3957 2805 4010 venia
2829 3955 3088 4020 dixerim,
3122 3957 3225 4010 erit
3253 3965 3445 4011 auctor
3474 3957 3528 4011 in

1944 4045 2122 4114 culpa,
2181 4046 2272 4112 qui
2306 4054 2362 4099 ut
2393 4046 2617 4100 crimina
2643 4048 3113 4102 committerentur
3156 4049 3209 4102 in
3256 4050 3528 4118 paradiso,

1944 4148 2064 4187 cum
2094 4135 2206 4202 ipse
2235 4149 2330 4188 eos
2355 4133 2638 4202 jungeret,
2673 4132 2950 4188 benedixit
2981 4133 3142 4206 (Gen.
3176 4153 3212 4190 ιι
3232 4137 3270 4204 ).
3304 4137 3360 4191 Si
3405 4153 3532 4193 vero

1945 4239 2052 4277 non
2084 4233 2167 4277 est
2191 4224 2414 4287 crimen,
2444 4224 2570 4293 quia
2600 4223 2742 4291 quod
2771 4223 2911 4276 Deus
2935 4223 3115 4291 junxit
3139 4225 3362 4294 (Matth.
3396 4228 3528 4296 xix),

1949 4315 2096 4370 nefas
2123 4317 2192 4370 sit
2219 4315 2421 4369 crimen
2464 4314 2757 4383 appellari,
2789 4322 2844 4368 et
2871 4314 3125 4369 Salomon
3156 4316 3363 4371 addidit
3396 4335 3407 4370 :
3442 4316 3533 4371 Et-

1947 4408 2088 4462 enim
2118 4422 2145 4460 a
2179 4405 2290 4460 Deo
2313 4415 2648 4476 praeparatur
2706 4407 2818 4461 viro
2862 4423 2997 4462 uxor
3045 4408 3332 4479 (Proverb.
3367 4425 3457 4463 xu
3483 4411 3529 4480 ),

1877 4549 1923 4606 Ι)
1950 4497 2218 4568 quomodo
2244 4497 2484 4552 creditur
2506 4497 2646 4552 inter
2663 4496 2888 4551 crimina
2915 4513 3034 4552 esse
3064 4497 3362 4563 dimissum,
3390 4498 3534 4569 quod

1949 4590 2059 4643 Deo
2086 4597 2307 4644 auctore
2339 4589 2536 4656 legitur
2561 4589 3039 4665 consummatum?
3087 4588 3224 4656 Quid
3259 4591 3325 4645 de
3349 4591 3534 4649 talium

1950 4681 2069 4736 filiis
2098 4682 2487 4752 percensetur?
2528 4681 2779 4750 Nunquid
2809 4696 2917 4735 non
2947 4689 3104 4735 erunt
3133 4681 3448 4737 admittendi
3479 4683 3535 4738 in

1948 4773 2275 4827 litereditatis
2303 4773 2597 4834 consortio,
2631 4773 2723 4841 qui
2753 4787 2819 4828 ex
2851 4787 2912 4826 ea
2967 4772 3203 4842 suscepti
3248 4781 3372 4826 sunt
3416 4787 3536 4841 quae

1949 4875 2073 4921 ante
2098 4866 2423 4937 baptismum
2454 4865 2552 4920 fuit
2581 4881 2748 4928 uxor,
2791 4873 3055 4934 eruntque
3097 4865 3402 4934 appellandi
3449 4864 3536 4922 vel

1949 4960 2243 5022 naturales,
2279 4959 2362 5013 vel
2392 4959 2580 5030 spurii,
2613 4959 2736 5027 quia
2770 4975 2878 5013 non
2908 4967 2992 5012 est
3020 4957 3317 5026 legitimum
3349 4958 3538 5012 matri-

1951 5050 2191 5106 monium
2210 5091 2225 5116 ,
2255 5050 2359 5104 nisi
2391 5049 2519 5103 illud
2547 5048 2628 5118 (ut
2656 5049 2808 5103 vobis
2838 5047 3072 5121 videtur)
3117 5048 3260 5117 quod
3287 5055 3409 5117 post
3437 5047 3536 5101 ha-

1950 5144 2202 5214 ptismum
2233 5139 2560 5195 assumitur?
2588 5139 2706 5210 Ipse
2727 5138 3008 5206 Dominus,
3034 5154 3156 5194 cum
3180 5137 3537 5204 interrogare-

1943 5231 2040 5288 tur
2067 5249 2099 5287 a
2125 5231 2338 5296 Judaeis,
2372 5231 2417 5286 si
2444 5231 2631 5286 liceret
2659 5229 2928 5285 dimittere
2952 5243 3174 5284 uxorem
3191 5267 3207 5292 ,
3251 5234 3414 5295 atque
3443 5239 3538 5280 ex-

1952 5334 2181 5398 poneret
2207 5324 2323 5380 fieri
2353 5340 2461 5380 non
2490 5323 2708 5392 debere,
2740 5322 2945 5377 addidit
2977 5340 2990 5374 ε
3021 5320 3178 5388 Quod
3221 5333 3350 5388 ergo
3397 5317 3538 5376 Deus

1948 5415 2144 5486 junxit,
2170 5415 2333 5469 homo
2355 5429 2462 5469 non
2491 5421 2703 5484 separet
2731 5411 2944 5483 (Matth.
2975 5411 3087 5479 xu)
3114 5426 3129 5474 ;
3172 5424 3236 5464 ac
3273 5425 3341 5464 ne
3362 5409 3428 5464 de
3454 5409 3538 5463 his

1952 5507 2157 5578 copulis
2185 5507 2397 5562 locutus
2425 5520 2544 5560 esse
2571 5504 2845 5570 credatur,
2892 5516 3013 5571 qua:
3040 5507 3166 5570 post
3213 5501 3536 5572 baptismum

1951 5599 2266 5664 sortiuntur,
2291 5595 2635 5651 meminerint
2653 5595 2758 5655 hoc
2780 5601 2835 5648 et
2856 5609 2886 5646 a
2907 5591 3102 5646 Iudaeis
3125 5592 3535 5660 interrogatum,
3576 5661 3582 5668 .

1953 5691 2212 5747 etJudzeis
2227 5705 2346 5748 esse
2367 5702 2702 5759 responsum.
2730 5687 2944 5754 Qutero,
2969 5695 3024 5741 et
3040 5686 3311 5741 sollicitus
3331 5698 3534 5756 quaero,

1953 5788 1998 5844 si
2024 5803 2128 5844 una
2151 5785 2449 5854 eademque
2477 5783 2545 5839 sit
2571 5799 2707 5840 uxor
2754 5780 2872 5852 ejus
2898 5781 2990 5853 qui
3015 5788 3141 5836 ante
3189 5778 3536 5836 catechume-
