4092 6348
590 330 693 387 259

1864 316 2216 375 DIONYSIIFS
2255 314 2573 371 EXIGUUS.

3749 316 3864 373 260

588 460 707 507 nus,
739 448 927 513 postea
955 437 1025 495 sit
1054 435 1244 501 ﬁdelis,
1287 434 1531 504 ﬁliosque
1558 449 1625 490 ex
1655 449 1717 489 ea
1747 449 1868 488 cum
1899 440 2044 488 esset
2071 447 2164 486 ca-
2198 439 2238 493 Α
2270 438 2524 500 przcstare
2554 428 2849 485 consuevit.
2866 428 3071 485 Nostra:
3097 446 3225 485 vero
3246 430 3333 485 lex
3354 438 3438 487 est
3457 430 3741 497 Ecclesiae,
3771 447 3864 487 ve.

587 534 938 591 techumenus
960 529 1276 599 susceperit,
1309 543 1373 582 ac
1402 536 1590 596 postea
1638 526 1795 589 alios,
1824 540 1944 579 cum
1978 522 2169 589 ﬁdelis,

588 635 764 682 utrum
791 626 898 679 sint
916 624 1109 678 fratres
1130 619 1437 690 appellandi
1459 634 1525 672 an
1550 618 1697 671 non?
1729 616 1964 670 habeant
1982 624 2169 684 postea

586 718 837 773 defuncto
894 724 1045 784 patre
1081 710 1413 768 erciscundm
1457 708 1786 763 bmreditatis
1813 707 2167 768 consortium,

586 811 779 880 quibus
808 807 1034 860 ﬁliorum
1066 817 1262 857 nomen
1294 800 1631 868 regeneratio
1659 799 1915 868 spiritalis
1936 797 2173 853 creditur

584 899 904 955 abstulisse?
931 894 1085 961 Quod
1111 908 1233 948 cum
1263 893 1334 945 ita
1360 890 1563 945 sentire
1615 898 1778 959 atque
1802 888 2044 959 judicare
2073 887 2170 941 ab-

587 991 805 1046 surdum
835 996 935 1051 est,
987 1002 1108 1056 qum
1142 982 1385 1055 (malum)
1429 982 1567 1036 ratio
1596 989 1678 1036 est
1724 982 1829 1035 hoc
1854 978 2088 1044 defendi,
2118 986 2173 1033 et

586 1095 756 1134 vacua
775 1078 942 1144 magis
961 1072 1437 1144 opinionejactari,
1462 1087 1623 1139 quam
1646 1071 1822 1139 aliqua
1844 1069 2165 1125 auctoritate

585 1170 879 1227 roborari?
928 1183 1048 1222 cum
1098 1182 1203 1220 non
1243 1164 1415 1233 possit
1463 1162 1603 1216 inter
1630 1170 1853 1231 peccata
1899 1160 2166 1231 deputari,

587 1263 733 1333 quod
764 1262 848 1316 lex
889 1259 1174 1330 prmcepit,
1205 1266 1259 1310 et
1299 1255 1441 1309 Deus
1480 1254 1675 1322 jungit.
1708 1254 1954 1321 Nunquid
1982 1252 2025 1307 si
2054 1252 2173 1320 quis

589 1353 1008 1408 eatecbumenus
1032 1348 1313 1402 virtutibus
1333 1346 1618 1411 studuerit,
1641 1346 1997 1399 humilitatem
2020 1359 2173 1398 secu-

588 1453 676 1498 tus
715 1442 890 1506 fuerit,
924 1439 1235 1511 patientiam
1268 1438 1520 1501 tenuerit,
1553 1436 1928 1505 eleemosynas
1963 1434 2169 1501 fecerit,

588 1533 751 1587 morti
781 1531 1076 1585 destinatos
1101 1527 1339 1596 qualibet
1368 1527 1580 1579 ratione
1607 1525 1883 1593 eripuerit,
1910 1524 2171 1577 adulteria

589 1623 950 1685 exhorrucrit,
979 1622 1279 1675 castitatem
1312 1621 1565 1683 tenuerit,
1594 1634 1778 1687 quaero
1808 1622 1851 1673 si
1884 1618 2018 1683 hmc,
2053 1635 2171 1674 cum

585 1713 761 1766 factus
787 1711 946 1766 fuerit
979 1711 1167 1773 ﬁdelis,
1194 1711 1411 1775 amittit,
1463 1710 1589 1778 quia
1618 1725 1715 1778 per
1743 1710 2067 1779 baptismum
2099 1718 2177 1764 to-

2274 525 2543 578 nientibus
2570 522 2637 577 ab
2663 519 2949 588 hzcreticis,
2971 523 3059 593 qui
3083 532 3261 579 tamen
3292 524 3676 594 illic‘haptizali
3706 533 3861 589 sunt,

2274 630 2371 685 per
2423 628 2615 667 manus
2666 614 3085 683 impositionem,
3136 615 3329 668 laicam
3365 624 3566 669 tantum
3617 616 3868 670 tribuere

2274 705 2729 772 communionem,
2761 720 2860 759 nec
2885 721 2951 759 ex
2972 705 3055 758 his
3084 705 3312 775 aliquem
3338 706 3387 759 in
3430 706 3720 760 clericatus
3762 704 3869 759 ho-

2273 810 2458 848 norem
2488 794 2569 848 vel
2598 796 2846 862 exiguum
2876 796 3188 862 subrogare.

2277 903 2426 969 Quod
2456 907 2507 959 hi
2548 907 2633 977 qui
2659 924 2689 960 a
2718 906 2921 960 Bonoso
2949 907 3187 961 lueretico
3215 907 3445 961 ordinati
3467 919 3587 977 sunt
3639 915 3863 977 propte-

2344 994 2432 1030 rea
2461 976 2567 1029 sint
2580 978 2785 1044 recepti,
2802 994 2864 1030 ne
2886 978 3188 1030 scandalum
3214 988 3498 1031 remaneret
3522 976 3799 1031 Ecclesiae.

2345 1083 2454 1138 LV.
2489 1085 2557 1139 At
2588 1102 2714 1142 vero
2748 1086 2842 1156 qui
2879 1101 2909 1140 a
2947 1086 3214 1141 catholica
3251 1086 3317 1140 ad
3353 1086 3594 1140 haeresim
3625 1087 3867 1142 transie-

2273 1186 2417 1241 runt,
2450 1192 2587 1245 quos
2631 1194 2742 1232 non
2765 1178 2923 1231 aliter
2962 1185 3178 1247 oportet
3220 1177 3318 1231 nisi
3358 1192 3456 1246 per
3484 1178 3867 1245 paenitentiam

2276 1269 2499 1338 suscipi,
2517 1268 2658 1338 apud
2682 1285 2776 1324 vos
2805 1284 2911 1324 non
2938 1269 3109 1323 solum
3141 1269 3508 1339 pmnitentiam
3537 1284 3643 1323 non
3670 1277 3869 1336 agunt,

2274 1375 2459 1416 verum
2489 1360 2649 1413 etiam
2700 1360 2908 1415 honore
2936 1360 3297 1414 cumulantur.
3330 1358 3436 1414 Sed
3468 1360 3635 1415 Anisii
3680 1359 3868 1415 fratris

2275 1452 2549 1522 quondam
2577 1452 2768 1515 nostri,
2802 1451 3138 1519 aliorumque
3178 1451 3621 1505 consacerdotum
3650 1465 3868 1504 summa

2275 1543 2343 1597 de
2380 1544 2625 1596 liberatio
2654 1542 2767 1596 haec
2793 1539 2912 1607 fuit,
2962 1550 3020 1595 ut
3048 1557 3185 1609 quos
3212 1541 3456 1596 Bonosus
3495 1542 3869 1606 ordinaverat,

2276 1648 2345 1687 ne
2375 1648 2494 1686 cum
2542 1620 2731 1687 eodem
2760 1639 3121 1697 remanerent,
3154 1648 3218 1686 ac
3268 1632 3417 1687 ﬁeret
3448 1648 3553 1687 non
3585 1632 3870 1686 mediocre

2277 1723 2610 1791 scandalum,
2634 1724 2676 1778 si
2698 1724 2929 1777 ordinati
2956 1723 3357 1793 reciperentur;
3386 1724 3635 1790 vicimus,
3661 1734 3719 1776 ut
3748 1723 3872 1792 Opi-

586 1812 699 1857 tum
743 1803 887 1872 quod
933 1812 1090 1857 vetus
1138 1803 1301 1856 homo
1356 1811 1599 1870 gesserat
1650 1811 1871 1872 putatur
1922 1803 2169 1857 auferri?
2203 1816 2248 1876 B
2275 1830 2396 1880 ηοιι,
2427 1814 2696 1882 ambigua.
2730 1811 2848 1867 Jam
2892 1827 3021 1882 ergo
3078 1813 3220 1882 quod
3251 1828 3350 1883 pro
3376 1814 3615 1867 remedio
3675 1827 3742 1866 ac
3773 1828 3875 1868 ne.

587 1896 923 1965 Aspiciamus
938 1895 1191 1963 gentilem
1213 1895 1485 1948 hominem
1505 1892 1814 1948 Cornelium
1838 1895 2172 1951 orationibus

588 1996 752 2057 atque
780 1987 1137 2058 eleemosynis
1163 1995 1473 2050 vacantem,
1507 2002 1604 2056 per
1638 1988 2027 2040 revelationem
2076 2002 2174 2040 an-

588 2079 765 2147 gelum
808 2077 1133 2147 Petrumque
1192 2078 1362 2147 ipsum
1418 2077 1636 2137 vidisse,
1687 2077 1924 2145 nunquid
1956 2092 2051 2145 per
2080 2077 2175 2130 ba-

587 2172 839 2242 ptismum
868 2170 982 2224 haec
1013 2171 1085 2223 illi
1111 2171 1285 2224 ablata
1311 2177 1453 2234 sunt,
1482 2178 1704 2239 propter
1729 2186 1848 2239 qua:
1890 2172 1937 2223 ei
1966 2170 2173 2239 baptis-

588 2276 735 2314 mum
779 2260 992 2314 videtur
1033 2276 1152 2315 esse
1183 2263 1544 2314 concessum?
1575 2259 1630 2314 Si
1663 2261 1733 2314 ita
1759 2262 2012 2325 creditur,
2047 2261 2173 2314 mihi

587 2351 821 2415 credite,
866 2367 972 2405 non
1004 2353 1276 2405 modicum
1309 2362 1552 2419 erratur,
1600 2354 1723 2421 quia
1756 2354 2011 2422 quidquid
2038 2353 2175 2409 bene

584 2448 793 2508 gestum
812 2439 989 2506 fuerit,
1011 2450 1065 2496 et
1085 2433 1379 2496 secundum
1395 2442 1525 2511 legis
1540 2452 1807 2513 praecepta
1827 2446 2176 2514 custoditum,

586 2550 698 2590 non
751 2545 930 2605 potest
983 2537 1305 2591 facientibus
1356 2537 1623 2606 deperire.
1684 2537 1999 2607 Nuptiarum
2046 2555 2174 2609 ergo

585 2628 803 2697 copula,
828 2630 951 2698 quia
984 2629 1076 2683 Dei
1105 2628 1362 2683 mandato
1384 2628 1691 2699 perﬁcitur,
1726 2646 1832 2683 nou
1864 2640 2041 2699 potest
2070 2632 2173 2685 dici

588 2727 909 2791 peccatum,
960 2721 1183 2790 etquod
1210 2728 1495 2790 peccatum
1543 2737 1650 2775 non
1682 2729 1798 2785 est,
1850 2722 1987 2776 solvi
2036 2722 2177 2777 inter

588 2821 813 2878 peccata
845 2813 990 2867 credi
1022 2814 1244 2868 omnino
1290 2830 1395 2869 non
1427 2814 1589 2867 debet
1622 2833 1633 2865 :
1667 2815 1877 2882 eritque
1909 2815 2175 2883 integrum

586 2903 853 2959 aestimare
899 2905 1104 2959 aboleri
1146 2920 1252 2959 non
1300 2920 1461 2975 posse
1501 2906 1697 2975 prioris
1740 2922 1934 2962 nomen
1968 2909 2173 2973 uxoris,

590 3014 712 3053 cum
754 3012 861 3051 non
893 2996 1174 3053 dimissum
1205 3000 1274 3051 sit
1306 3012 1404 3067 pro
1436 3006 1662 3068 peccato
1682 3038 1696 3064 ,
1730 2999 1854 3068 quia
1884 3015 1948 3054 ex
1981 3000 2075 3054 Dei
2108 3000 2177 3055 sit

586 3088 868 3143 voluntate
898 3088 1249 3158 completum.

626 3226 777 3292 Quod
807 3245 909 3281 non
938 3229 1281 3284 admittuntur
1309 3232 1483 3285 clerici
1512 3232 1575 3285 ab
1607 3232 1859 3286 haereticis
1891 3232 2137 3286 ordinati.

664 3339 793 3394 LllI.
827 3339 1055 3396 Ventum
1084 3351 1166 3398 est
1194 3343 1262 3398 ad
1298 3347 1508 3400 tertiam
1538 3346 1911 3415 quccstioncm,
1936 3360 2055 3414 qua:
2081 3360 2178 3414 pro

589 3430 672 3487 sui
696 3429 1011 3486 difﬁcultate
1057 3432 1353 3503 longiorem
1396 3435 1563 3503 exigit
1591 3436 2030 3504 disputationem,
2056 3450 2178 3489 cum

590 3539 692 3579 nos
717 3524 961 3578 dicamus
1001 3524 1068 3578 ab
1096 3526 1361 3581 haereticis
1390 3527 1665 3582 ordinatos
1694 3529 2031 3582 vulneratum
2085 3543 2183 3597 per

590 3615 733 3669 illam
764 3631 955 3669 manus
984 3614 1380 3685 impositionem
1411 3618 1609 3672 habere
1640 3627 1819 3688 caput.
1857 3617 1957 3673 Ubi
1986 3618 2182 3673 vulnus

589 3705 812 3762 inﬁxum
843 3715 943 3773 est,
975 3706 1240 3762 medicina
1264 3776 1267 3779 Α
1292 3718 1375 3762 est
1398 3709 1715 3775 adhibenda,
1747 3719 1805 3764 ut
1849 3710 2017 3780 possit
2044 3710 2183 3765 reci-

589 3813 722 3870 pere
750 3799 1037 3854 sanitatem
1064 3817 1076 3852 :
1109 3815 1227 3869 quae
1252 3801 1458 3855 sanitas
1484 3809 1605 3870 post
1636 3801 1826 3855 vulnus
1854 3811 2041 3855 secuta
2068 3802 2183 3857 sine

591 3891 847 3946 cicatrice
869 3906 986 3945 esse
1010 3907 1116 3946 non
1166 3891 1384 3963 poterit,
1432 3898 1593 3960 atque
1624 3891 1711 3945 ubi
1740 3892 2071 3961 poenitentim
2100 3906 2184 3945 re—

590 3984 827 4039 medium
858 3984 1223 4039 necessarium
1245 3993 1344 4051 est,
1386 3984 1495 4038 illic
1544 3983 1895 4039 ordinationis
1922 3984 2180 4039 honorem

588 4071 771 4128 locum
791 4074 995 4129 habere
1025 4090 1131 4129 non
1158 4089 1336 4144 posse.
1362 4072 1494 4128 Nam
1524 4075 1589 4141 si,
1614 4082 1670 4128 ut
1697 4073 1890 4143 legitur
1917 4071 2099 4144 (Leuit.
2132 4090 2179 4139 1;

591 4159 649 4218 Ν
653 4181 755 4218 um.
774 4164 909 4234 xu),
932 4162 1077 4233 quod
1097 4163 1333 4232 tetigerit
1355 4164 1679 4233 immundus,
1697 4163 2025 4219 immundum
2056 4167 2179 4231 erit,

591 4254 866 4325 quomodo
892 4253 947 4309 id
986 4254 1035 4309 ei
1066 4253 1352 4319 tribuetur,
1388 4254 1533 4324 quod
1560 4255 1817 4309 munditia
1873 4270 1937 4309 ac
1978 4257 2182 4326 puritas

592 4346 874 4401 consuevit
928 4345 1176 4414 accipere
1204 4345 1236 4399 τι
1274 4343 1371 4400 sed
1410 4351 1601 4400 contra
1630 4346 1886 4401 asseritur
1912 4362 2053 4411 eum,
2088 4348 2179 4415 qui

586 4437 858 4492 honorem
884 4437 1082 4501 amisit,
1117 4436 1378 4491 honorem
1398 4436 1528 4491 dare
1557 4452 1664 4492 non
1691 4453 1881 4508 posse:
1909 4454 2010 4492 nec
2032 4439 2179 4492 illum

2278 1904 2529 1958 cessitate
2556 1904 2815 1973 temporis
2834 1912 3092 1959 statutum
3118 1911 3219 1970 est,
3244 1912 3459 1957 constat
3481 1903 3730 1972 primitus
3756 1919 3872 1957 non

2276 1995 2462 2057 fuisse,
2484 2012 2547 2049 ac
2578 1996 2742 2051 fuisse
2766 1998 3219 2065 regulasveteres,
3235 2012 3370 2065 quas
3393 1998 3461 2050 ab
3482 1997 3745 2067 apostolis
3774 2006 3873 2050 ant

2277 2087 2589 2155 apostolicus
2606 2087 2734 2141 viris
2752 2088 2972 2142 traditas
2984 2086 3225 2141 Ecclesia
3244 2087 3485 2142 Romana
3500 2091 3756 2154 custodit,
3775 2103 3875 2142 cu.

2278 2177 2693 2246 stodiendasque
2728 2179 2947 2232 mandat
2975 2180 3058 2233 his
3089 2180 3180 2248 qui
3203 2195 3321 2232 eam
3345 2179 3530 2233 audire
3561 2192 3871 2233 consuevec

2278 2275 2423 2329 runt,
2457 2268 2549 2321 sed
2580 2269 2873 2323 necessitas
2903 2270 3159 2339 temporis
3180 2269 3230 2324 id
3260 2268 3373 2323 ﬁeri
3412 2281 3737 2338 magnopere
3769 2283 3874 2338 po-

2278 2357 2531 2413 stulabat.
2566 2355 2706 2427 Ergo
2734 2358 2877 2427 quod
2912 2359 3207 2414 necessitas
3248 2375 3347 2429 pro
3376 2358 3617 2413 remedio
3639 2360 3870 2427 reperit,

2279 2458 2526 2504 cessante
2574 2451 2896 2504 necessitate
2944 2450 3105 2504 debet
3156 2450 3341 2519 utique
3371 2464 3586 2504 cessare
3638 2449 3869 2518 pariter,

2277 2542 2421 2612 quod
2448 2541 2691 2609 urgebat,
2716 2542 2842 2609 quia
2865 2541 3000 2595 alius
3016 2548 3098 2595 est
3118 2541 3253 2596 ordo
3281 2540 3571 2611 legitimus,
3589 2539 3692 2592 alia
3714 2554 3874 2593 ηευβ

2278 2632 2445 2702 patio,
2497 2646 2658 2701 quam
2706 2630 2772 2683 ad
2804 2645 3036 2699 praesens
3093 2628 3205 2683 ﬁeri
3236 2637 3447 2698 tempus
3477 2627 3722 2697 impellit.
3755 2625 3874 2682 Sed

2279 2737 2517 2777 canones
2555 2722 2697 2792 apud
2738 2722 2972 2775 Nicmam
3008 2719 3285 2775 constituti
3312 2719 3380 2773 de
3412 2717 3719 2772 Novatianis
3744 2717 3873 2773 ﬁeri

2279 2814 2655 2884 permiserunt,
2701 2814 2847 2883 prius
2894 2813 2982 2867 ille
3012 2827 3186 2866 canon
3233 2826 3262 2864 a
3291 2810 3540 2863 Patribus
3586 2809 3872 2864 institutus

2280 2904 2562 2973 ponendus
2598 2914 2709 2969 est,
2760 2912 2818 2957 ut
2856 2903 3121 2972 possimus
3154 2901 3436 2955 advertere
3481 2901 3569 2955 vel
3606 2899 3731 2970 quid
3773 2899 3870 2955 vel

2280 2996 2516 3064 qualiter
2567 2996 2633 3048 ab
2669 2995 2871 3048 eisdem
2916 3009 3131 3048 sensum
3173 2994 3241 3047 sit
3278 2992 3363 3047 vel
3394 3000 3741 3062 praeceptum.
3784 2990 3871 3045 De

2280 3087 2382 3152 his,
2410 3086 2601 3158 inquit,
2653 3088 2743 3156 qui
2800 3088 3079 3142 nominant
3117 3087 3324 3156 seipsos
3364 3087 3646 3152 catharos,
3696 3086 3744 3140 id
3782 3096 3872 3141 est

2206 3189 2250 3254 ο
2283 3178 2531 3243 mundos,
2562 3185 2619 3231 et
2647 3176 2937 3247 aliquando
2966 3178 3191 3230 veniunt
3220 3176 3284 3229 ad
3316 3176 3638 3230 catholicam
3679 3173 3873 3229 Eccleo

2282 3271 2437 3338 siam,
2478 3269 2680 3340 placuit
2704 3279 2906 3323 sancta:
2955 3277 3009 3323 et
3052 3282 3257 3336 magna:
3282 3268 3511 3340 synodo,
3560 3276 3620 3322 ut
3646 3274 3871 3337 accepta

2281 3372 2471 3416 manus
2497 3360 2843 3430 impositione
2871 3360 2949 3414 sic
2978 3368 3230 3414 maneant
3267 3360 3319 3413 in
3349 3360 3518 3414 clero.

2356 3450 2650 3506 Possumus
2674 3465 2804 3507 vero
2828 3449 3006 3505 dicere
3031 3448 3097 3503 de
3126 3450 3254 3503 solis
3280 3449 3385 3503 hoc
3414 3447 3722 3501 Novatianis
3745 3460 3872 3501 esse

2281 3548 2631 3613 praeceptum,
2664 3556 2763 3595 nec
2792 3540 2857 3595 ad
2887 3541 3112 3593 aliarum
3144 3540 3403 3593 lueresum
3437 3538 3663 3592 clericos
3693 3537 3870 3607 perti-

2283 3650 2437 3699 nere;
2470 3648 2596 3687 nam
2622 3632 2664 3687 si
2697 3632 2880 3701 utique
2901 3632 2968 3686 de
2998 3631 3249 3686 omnibus
3283 3630 3355 3682 ita
3385 3627 3684 3691 deﬁnirem,
3715 3626 3873 3681 addi-

2284 3727 2489 3781 dissent
2531 3741 2562 3779 a
2602 3724 2915 3780 Novatianis
2948 3724 3173 3792 aliisque
3218 3722 3486 3775 hmreticis
3534 3728 3873 3776 revertentes

2284 3818 2485 3874 debere
2514 3818 2567 3872 in
2612 3832 2767 3871 suum
2813 3817 3055 3871 ordinem
3089 3816 3256 3884 recipi
3297 3832 3308 3866 :
3343 3814 3485 3883 quod
3512 3816 3555 3868 si
3599 3814 3671 3867 ita
3699 3818 3869 3871 esset.

2284 3910 2444 3964 etiam
2469 3907 2599 3963 illud
2630 3909 2881 3972 maxime,
2908 3908 3051 3977 quod
3080 3906 3145 3959 de
3172 3905 3510 3959 Pauliauistis
3536 3905 3737 3959 dictum
3762 3913 3868 3968 est,

2282 4000 2483 4071 poterit
2512 3998 2851 4063 conﬁrmare,
2901 4013 2931 4051 a
2958 3998 3150 4066 quibus
3179 3996 3459 4050 venientes
3501 3997 3661 4049 etiam
3692 3994 3872 4064 bapti-

2284 4092 2393 4145 zari
2444 4090 2779 4159 praecipiunt.
2812 4088 3184 4157 Nunquidnam
3235 4102 3357 4141 cum
3407 4084 3477 4139 de
3524 4083 3870 4139 Pauliauistis

2279 4180 2502 4250 jubent,
2549 4194 2738 4233 omnes
2780 4178 2870 4246 qui
2918 4178 2985 4231 ab
3014 4177 3280 4231 hccreticis
3304 4184 3667 4243 revertuntur,
3707 4184 3871 4229 erunt

2285 4274 2391 4327 hoc
2432 4270 2680 4340 exemplo
2729 4268 3248 4340 baptizandi?quod
3294 4284 3415 4321 cum
3466 4268 3642 4321 nullus
3671 4266 3871 4320 audeat

2285 4362 2482 4424 facere,
2513 4361 2579 4415 de
2626 4360 2753 4431 ipsis
2801 4368 3005 4413 tantum
3061 4373 3180 4413 esse
3215 4368 3542 4428 praeceptum
3585 4358 3722 4411 ratio
3752 4358 3868 4426 ipsa

2284 4451 2641 4505 demonstrat.
2690 4449 2930 4519 Denique
2974 4450 3273 4519 baptizatos
3314 4450 3414 4503 rite
3442 4449 3510 4502 ab
3540 4449 3870 4516 evangelista

592 4527 795 4597 aliquid
818 4527 1111 4627 δείξερίδεθν
1142 4528 1291 4627 (ιυίει,
1314 4528 1444 4627 ηίῘξίῙ
1474 4528 1529 4582 in
1551 4527 1711 4583 dante
1732 4538 1866 4596 91"":
1898 4530 2043 4599 ίῖυοά
2092 4530 2180 4586 me
2209 4564 2255 4627 ρ
2286 4543 2536 4613 Philippo
2568 4542 2753 4597 Petrus
2783 4550 2837 4596 et
2864 4541 3099 4596 Joannes
3127 4542 3241 4596 sola
3286 4557 3475 4595 manus
3526 4538 3872 4609 impositione

594 4627 778 4690 posset
803 4619 1083 4689 accipere,
1137 4620 1561 4690 acquiescimus,
1591 4630 1646 4676 et
1673 4636 1857 4676 verum
1902 4631 1983 4675 est
2014 4630 2178 4688 certe,

510 4766 519 4773 _
592 4712 720 4783 quia
750 4712 894 4784 quod
915 4728 1022 4767 non
1048 4711 1251 4778 habuit,
1275 4711 1405 4768 dare
1428 4729 1533 4769 non
1562 4713 1753 4783 potuit.
1774 4711 2181 4767 Damnationem

594 4804 800 4872 utique,
818 4818 978 4871 quam
993 4802 1182 4857 habuit
1209 4820 1306 4874 per
1320 4820 1541 4874 pravam
1569 4819 1759 4858 manus
1784 4792 2182 4872 impositionem

584 4893 760 4960 dedit,
792 4903 843 4950 et
880 4895 969 4964 qui
993 4896 1264 4968 particeps
1292 4896 1463 4954 factus
1486 4910 1569 4952 ρει
1608 4896 1883 4963 damnato,
1909 4895 2184 4964 quomodo

593 4986 791 5042 debeat
812 4986 1073 5043 honorem
1097 4990 1365 5058 accipere,
1400 4988 1642 5043 invenire
1673 5002 1780 5042 non
1807 5001 2045 5055 possum.
2077 4984 2183 5041 Sed

593 5072 791 5133 dicitur
815 5092 945 5134 vera
997 5095 1061 5133 ac
1083 5078 1225 5149 justa
1274 5078 1498 5148 legitimi
1552 5076 1848 5131 sacerdotis
1876 5075 2181 5131 benedictio

582 5166 809 5247 auferre
837 5186 996 5225 omne
1019 5170 1229 5236 vitium,
1249 5168 1392 5239 quod
1415 5185 1444 5221 a
1468 5168 1663 5222 vitioso
1694 5166 1868 5221 fuerat
1899 5168 2175 5236 injectum.

635 5281 786 5347 Quod
822 5285 878 5337 in
905 5281 1318 5345 ordinationibus
1348 5282 1567 5335 crimina
1614 5279 1692 5334 vel
1721 5280 1843 5334 vitia
1882 5296 1988 5333 non
2020 5279 2144 5334 bene

1129 5352 1407 5407 credantur
1436 5352 1651 5421 auferri.

668 5464 799 5520 ων.
822 5464 984 5534 Ergo,
1013 5466 1058 5520 si
1082 5466 1153 5518 ita
1179 5470 1281 5529 est,
1313 5462 1654 5531 applicentur
1693 5462 1761 5517 ad
1786 5463 2180 5518 ordinationem

596 5557 866 5624 sacrilegi,
888 5556 1144 5623 adulteri,
1174 5563 1339 5625 atque
1358 5553 1597 5609 omnium
1620 5555 1905 5609 criminum
1931 5556 2030 5619 rei,
2058 5555 2182 5623 quia

530 5642 542 5654 ”
596 5662 695 5714 per
751 5646 1182 5701 benedictionem
1240 5646 1594 5702 ordinationis
1645 5647 1869 5702 crimina
1924 5648 2011 5703 vel
2056 5647 2183 5701 vitia

596 5744 857 5805 putantur
886 5735 1103 5791 auferri.
1136 5738 1323 5795 Nullus
1366 5740 1438 5795 sit
1479 5740 1810 5812 paenitentia:
1857 5740 2025 5807 locus,
2056 5740 2181 5811 quia

599 5827 651 5882 id
680 5834 858 5897 potest
900 5836 1153 5897 praestare
1182 5830 1471 5897 ordinatio,
1525 5832 1671 5902 quod
1698 5832 1855 5903 longa
1884 5832 2179 5889 satisfactio

2287 4641 2663 4689 consummant
2705 4632 2839 4696 (Act.
2880 4635 3030 4703 vui):
3090 4632 3210 4686 illos
3260 4648 3388 4686 vero
3428 4646 3564 4699 quos
3594 4628 3871 4699 apoStolus

2287 4723 2483 4780 Paulus
2522 4724 2745 4779 Joannis
2784 4725 3105 4795 baptismate
3146 4724 3445 4793 baptizatos
3494 4721 3698 4792 reperit
3727 4720 3867 4792 (Act.

2287 4815 2418 4889 χιχ),
2455 4816 2907 4887 interrogavitque
2952 4831 3017 4869 an
3048 4812 3301 4883 Spiritum
3325 4820 3569 4867 sanctum
3598 4812 3871 4880 suscepis-

2286 4918 2424 4976 sent,
2457 4909 2852 4979 fatentibusque
2876 4924 2931 4963 se
2962 4907 3088 4962 illud
3124 4923 3191 4962 ne
3219 4906 3434 4976 quidem
3459 4910 3657 4960 nomen
3690 4904 3871 4959 audis-

2285 5017 2363 5067 se,
2388 5001 2548 5071 jussit
2578 5017 2671 5057 eos
2695 5000 2976 5070 baptizari.
3006 4998 3211 5054 Videtis
3240 5012 3368 5066 ergo
3396 4997 3499 5051 rite
3545 4996 3869 5066 baptizatos,

2278 5088 2376 5148 illo
2406 5094 2548 5149 dono
2580 5093 2762 5148 iterari
2790 5109 2895 5146 non
2928 5107 3088 5162 posse
3114 5110 3126 5144 :
3156 5100 3208 5145 et
3238 5090 3392 5143 aliter
3414 5087 3527 5143 sola
3559 5102 3700 5158 aqua
3730 5086 3871 5140 lotos

2284 5186 2544 5257 baptizari
2601 5185 2653 5239 in
2706 5186 2919 5241 nomine
2968 5183 3169 5249 Patris,
3218 5192 3273 5238 et
3328 5181 3482 5248 Filii,
3539 5189 3595 5237 et
3640 5178 3871 5251 Spiritus

2282 5277 2454 5333 sancti
2508 5274 2871 5332 necessarium
2902 5275 3189 5345 pervideri.
3216 5272 3290 5328 lta
3340 5283 3392 5329 et
3441 5272 3507 5328 de
3558 5270 3871 5327 Novatianis

2283 5376 2490 5423 tantum
2516 5368 2723 5437 jussum
2752 5384 2871 5424 esse
2894 5369 3066 5424 lucida
3089 5367 3526 5422 manifestatione
3554 5366 3866 5437 perlegitur,

2283 5458 2426 5531 quod
2456 5460 2656 5515 idcirco
2685 5444 2993 5516 distinct/um
3026 5474 3145 5515 esse
3193 5458 3321 5526 ipsis
3348 5457 3554 5514 duabus
3578 5452 3869 5512 hmresibus

2292 5553 2432 5608 ratio
2459 5551 2734 5607 manifesta
2766 5551 3021 5614 declarat,
3054 5550 3177 5619 quia
3211 5546 3549 5604 Paulianistze
3572 5548 3625 5602 in
3654 5546 3869 5602 nomine

2292 5644 2487 5712 Patris,
2517 5653 2572 5700 et
2599 5644 2734 5707 Filii,
2767 5653 2823 5697 et
2850 5643 3081 5712 Spiritus
3122 5644 3296 5698 sancti
3325 5643 3546 5697 minime
3572 5640 3864 5711 baptizant.

2288 5738 2356 5794 Et
2384 5737 2665 5793 Novatiani
2697 5738 2885 5791 iisdem
2913 5722 3217 5790 nominibus
3261 5724 3553 5789 tremendis
3608 5740 3867 5786 veneram

2286 5831 2473 5903 disque
2495 5829 2788 5900 baptizant,
2823 5843 2922 5881 nec
2951 5826 3089 5897 apud
3143 5827 3271 5880 istos
3298 5814 3365 5880 de
3400 5825 3601 5879 unitate
3626 5824 3865 5892 potesta~
