4092 6348
322 318 423 378 261

1348 319 1722 375 COLLECTIO
1762 320 2221 377 DECRETORUM
2274 322 2377 377 PP.
2422 321 2540 375 RR.

3488 330 3597 387 26?.

326 438 401 491 tis
426 431 637 499 divina,
660 431 763 487 hoc
790 440 875 488 est
899 431 1091 499 Patris,
1117 440 1173 486 et
1199 430 1336 497 Filii,
1367 441 1423 493 et
1451 433 1678 502 Spiritus
1701 436 1898 501 sancti,
1934 441 1983 500 Α
2010 437 2186 505 priora
2228 451 2356 506 ergo
2384 440 2701 495 dimittenda
2727 440 2848 497 dico
2892 442 2987 499 Dei
3013 443 3215 515 judicio
3240 463 3255 513 ;
3286 446 3354 503 de
3382 445 3591 518 reliquo

325 526 558 597 quaestio
580 524 865 594 aliquando
894 531 1161 578 commota
1189 533 1292 589 cst,
1321 533 1375 578 et
1416 526 1538 579 ideo
1562 527 1629 581 de
1657 529 1906 583 omnibus

329 616 626 687 segregatis
671 615 785 669 hmc
832 615 945 670 sola
976 615 1151 670 electa
1180 625 1281 681 est,
1329 617 1414 671 cui
1460 617 1601 672 istud
1629 619 1911 674 crederent

327 703 756 769 concedendum,
781 705 904 773 quia
936 705 1066 758 nihil
1089 706 1140 758 in
1170 703 1433 772 Patris,et
1451 707 1568 761 Filii
1580 717 1660 775 ,et
1680 709 1913 777 Spiritus

329 799 509 854 sancti
536 806 876 853 sacramento
905 807 1211 869 peccaram.
1234 800 1555 866 Siquisvero
1570 801 1636 855 de
1648 801 1913 856 catholica

329 889 403 945 ad
441 887 685 943 haeresim
717 888 1003 949 transiens,
1035 896 1126 941 aut
1172 886 1340 941 fidelis
1369 889 1436 944 ad
1474 891 1797 959 apostasiam
1824 906 1913 945 te-

328 990 555 1036 vertens
584 980 907 1049 resipiscens
950 979 1127 1035 redire
1154 980 1382 1034 voluerit
1400 1020 1415 1045 ,
1460 982 1697 1050 nunquid
1724 983 1913 1037 eadem

331 1072 547 1126 ratione
574 1073 775 1141 poterit
819 1071 886 1124 ad
941 1072 1141 1126 clerum
1172 1074 1457 1141 permitti?
1500 1073 1736 1139 Quorum
1766 1092 1917 1130 com-

336 1162 559 1215 missum
613 1158 721 1215 non
770 1161 872 1215 nisi
916 1162 1071 1229 longa
1100 1163 1410 1233 pmnitentia
1462 1167 1661 1233 poterit
1688 1166 1911 1232 aboleri,

335 1268 441 1308 nec
469 1262 592 1322 post
611 1256 982 1324 paenitentiam
1006 1258 1258 1312 clericum
1289 1258 1402 1313 lieri
1430 1259 1528 1328 ipsi
1557 1276 1794 1316 canones
1818 1277 1915 1317 sua

337 1344 661 1399 auctoritate
691 1346 1023 1414 permittunt.
1047 1344 1196 1400 Unde
1225 1357 1466 1413 constat,
1498 1352 1589 1418 qui
1616 1351 1683 1405 de
1729 1354 1918 1407 catho-

335 1435 440 1492 lica
471 1438 539 1492 ad
567 1438 834 1492 Bonosum
886 1440 1213 1493 transierunt
1264 1442 1573 1497 damnatum
1599 1483 1615 1508 ,
1671 1454 1833 1513 atque
1860 1461 1920 1501 se

333 1530 482 1599 passi
520 1538 645 1584 sunt
693 1531 777 1585 vel
830 1532 1115 1601 cupierunt
1161 1533 1227 1587 ab
1268 1534 1457 1590 eodem
1497 1536 1753 1602 ordinari,
1811 1554 1919 1593 non

334 1622 643 1693 oportuisse
690 1623 1043 1679 ordinationis
1085 1626 1462 1687 ecclesiastica:
1518 1630 1791 1699 suscipere
1835 1629 1919 1684 di-

334 1714 616 1783 gnitatem,
649 1717 739 1784 qui
792 1731 1076 1773 commune
1129 1720 1368 1773 omnium
1410 1720 1774 1777 Ecclesiarum
1825 1721 1916 1791 ju-

336 1804 539 1860 dicium
568 1805 903 1872 deserentes,
941 1823 1091 1862 suam
1116 1811 1459 1879 peculiariter
1503 1813 1555 1867 in
1587 1812 1799 1868 Bonoso
1826 1828 1919 1868 va-
1953 1817 1995 1874 B

336 1899 562 1953 nitatem
591 1898 917 1968 sequendam
948 1916 1065 1956 esse
1090 1902 1388 1969 duxerunt;
1420 1904 1514 1959 sed
1543 1905 1739 1959 multos
1789 1921 1921 1959 con-

338 1999 451 2045 stat
470 1992 580 2045 vim
600 2007 806 2061 passos,
833 2001 992 2063 atque
1021 1993 1216 2049 invitos
1242 2003 1501 2051 attractos
1529 2006 1919 2067 repugnantes-

337 2098 445 2152 que
470 2082 538 2137 ab
566 2083 755 2138 eodem
787 2084 1078 2139 ordinatos.
1111 2086 1263 2140 Dicat
1308 2088 1459 2153 mihi,
1490 2088 1633 2155 volo,
1677 2090 1921 2159 quisquis

339 2171 445 2226 hoc
472 2172 660 2237 credit,
684 2173 728 2227 si
753 2189 858 2228 non
889 2182 1011 2244 post
1031 2175 1425 2231 ordinationem
1441 2176 1636 2233 Βοηῡεί
1659 2180 1916 2245 interfuit,

337 2276 460 2316 cum
491 2262 783 2318 conﬁceret
808 2273 1162 2331 sacramenta,
1195 2267 1239 2320 si
1264 2267 1629 2323 communioni
1652 2268 1769 2338 ejus
1795 2283 1921 2341 par-

339 2349 592 2421 ticipatus
613 2369 721 2407 non
743 2362 843 2419 est,
874 2354 919 2408 si
946 2356 1125 2409 statim
1150 2356 1551 2413 discedentibus
1574 2358 1641 2413 de
1670 2359 1785 2428 ejus
1807 2375 1923 2429 pes-

337 2443 478 2498 simo
515 2445 874 2501 conciliabula
929 2446 996 2500 ad
1025 2445 1320 2502 Ecclesiam
1367 2448 1545 2511 rediit,
1571 2458 1627 2505 et
1672 2451 1773 2505 iste
1802 2450 1922 2506 talis

336 2536 731 2605 potesthaberc
753 2537 988 2591 colorem
1011 2537 1238 2607 aliquem
1257 2540 1640 2595 excusationis.
1654 2539 1921 2597 ϐαδιεῖται

337 2628 428 2683 alii
450 2628 539 2698 qui
558 2629 644 2683 vel
669 2638 790 2699 post
811 2645 1008 2683 annum
1045 2636 1137 2684 aut
1164 2646 1403 2686 mensem
1433 2632 1498 2686 ad
1511 2631 1801 2688 Ecclesiam
1830 2647 1921 2688 re-

341 2716 563 2773 dierunt
624 2719 941 2790 intelligitur
981 2734 1075 2773 eos
1117 2720 1211 2787 qui
1263 2721 1317 2774 in
1356 2723 1618 2778 catholica
1656 2732 1923 2780 noverunt

338 2822 401 2862 se
414 2816 635 2879 propter
649 2810 775 2863 vitia
798 2826 893 2867 sua
910 2825 1016 2864 non
1041 2824 1200 2880 posse
1214 2812 1487 2882 suscipere
1502 2813 1920 2881 ordinationem,

341 2896 544 2954 idcirco
593 2897 662 2953 ad
684 2899 831 2954 illum
872 2902 1194 2970 porrexisse,
1226 2902 1319 2972 qui
1349 2904 1547 2973 passim
1594 2913 1650 2959 et
1670 2906 1785 2960 sine
1814 2905 1921 2960 nlla

338 2991 674 3048 discussione
700 2993 1064 3049 ordinationes
1089 2995 1300 3051 illicitas
1331 2995 1560 3053 faciebat
1593 3015 1607 3051 :
1637 2998 1923 3057 credentes

336 3096 398 3136 se
424 3097 585 3152 posse
635 3098 734 3153 per
785 3083 941 3138 istam
980 3086 1370 3142 institutionem
1398 3087 1572 3143 locum
1601 3089 1655 3143 in
1682 3088 1919 3147 Ecclesia

2012 529 2242 583 maxima
2272 531 2631 586 sollicitudine
2655 534 3085 603 prmcavendum.

2014 639 2163 716 Quod
2192 643 2484 716 subreptum
2515 646 2668 716 fuerit
2696 646 2992 715 apostolica
3009 648 3142 715 sedi,
3162 659 3209 703 et
3239 667 3383 704 suam
3412 651 3465 705 in
3495 668 3598 706 me-

2085 713 2182 788 lius
2211 713 2883 788 sententinmircommutarit
2907 756 2922 781 ,
2972 713 3177 788 quando
3208 719 3593 776 damnationem

2086 781 2298 836 Pltotini
2324 785 2587 838 rescindit.

2088 872 2309 927 Veniam
2342 891 2482 929 nunc
2512 879 2579 929 ad
2615 877 2905 933 maximum
2931 882 3083 948 quasi
3110 881 3383 951 quoddam
3414 884 3596 941 thema

2016 963 2324 1029 Photinum,
2354 976 2407 1019 et
2438 968 2581 1037 quod
2602 969 2729 1021 mihi
2759 970 2976 1024 anxium
2999 980 3083 1026 est
3112 987 3176 1028 ac
3203 973 3595 1039 diflicillimum,

2017 1055 2279 1123 majorum
2300 1073 2542 1112 meorum
2566 1060 2834 1113 revolvam
2864 1065 3179 1118 sententias.
3198 1065 3394 1119 Fuerat
3414 1066 3482 1120 de
3506 1065 3601 1120 illo

2016 1160 2234 1214 quoquo
2263 1156 2444 1216 pacto,
2478 1156 2537 1202 ut
2564 1150 2724 1203 etiam
2771 1151 2870 1220 ipsi
2913 1155 3374 1221 commeministis,
3394 1156 3601 1226 aliquid

2018 1237 2201 1306 utique
2246 1239 2460 1308 gravius
2499 1241 2888 1306 constitutum;
2917 1258 3101 1297 verum
3139 1245 3396 1311 quoniam
3424 1246 3476 1300 id
3504 1260 3602 1315 per

2018 1345 2289 1384 rumorem
2319 1332 2878 1402 falsum,utasseritis,
2900 1337 3214 1406 subreptum
3244 1336 3372 1392 huic
3401 1337 3602 1401 sedi,et

2020 1420 2255 1473 elicitum
2286 1436 2382 1490 per
2406 1423 2628 1477 insidias
2674 1424 3078 1493 demonstratis,
3108 1428 3233 1494 quia
3254 1442 3341 1482 res
3368 1427 3434 1481 ad
3460 1428 3602 1483 salu-

2022 1517 2129 1565 tem
2176 1512 2353 1577 rediit,
2384 1515 2597 1568 veniam
2628 1532 2727 1570 nos
2774 1519 2912 1572 hanc
2940 1518 2993 1571 in
3043 1526 3250 1573 tantum
3273 1520 3428 1574 vobis
3452 1519 3603 1573 adni~

2021 1602 2258 1657 tentibus
2295 1612 2416 1673 post
2437 1605 2943 1662 condemnationem
2975 1624 3129 1664 more
3155 1610 3451 1679 apostolico
3479 1610 3605 1665 sub-

2020 1705 2309 1759 rogamus,
2356 1696 2625 1766 tantisque
2670 1699 2862 1754 vestris
2901 1702 3303 1767 θεεετιίοιιίῠυε,
3350 1701 3604 1771 vobisque

2023 1790 2131 1835 tam
2159 1783 2334 1849 bonis,
2368 1795 2473 1839 tam
2504 1787 2681 1841 charis
2699 1804 2805 1843 non
2832 1788 2963 1844 dare
2991 1806 3330 1857 consensum,
3357 1792 3604 1846 omnibus

2022 1872 2169 1927 duris
2191 1873 2351 1929 rebus
2380 1876 2565 1932 durius
2597 1879 2940 1934 arbitramur.
2966 1880 3070 1936 Pro
3092 1892 3271 1938 vestra
3302 1898 3430 1952 ergo
3459 1883 3604 1938 arbi-

2021 1966 2275 2034 tratione,
2302 1966 2493 2024 fratres
2521 1970 2843 2039 charissimi,
2865 1974 3135 2027 sententia
3160 1990 3222 2029 ac
3244 1975 3605 2044 postulatione

2021 2057 2333 2127 episcopum
2352 2058 2637 2114 Photinum
2664 2061 2918 2117 habetote
2945 2064 3145 2118 licitum
3168 2066 3240 2118 ita
3257 2066 3606 2130 constituere,

2021 2156 2080 2201 ut
2108 2148 2492 2218 deprecamini,
2510 2159 2562 2205 et
2578 2160 2817 2207 nostram
2841 2154 2892 2207 in
2915 2156 3103 2209 melius
3132 2172 3450 2210 conversam
3481 2171 3608 2210 sen-

2023 2242 2242 2295 tentiam
2283 2242 2467 2298 labore
2506 2243 2593 2298 vel
2621 2246 2931 2301 testimonio
2975 2256 3151 2303 vestro
3175 2257 3453 2320 compotes
3493 2250 3607 2303 voti

2021 2334 2295 2402 suscipite.
2324 2333 2500 2404 IEque
2546 2333 2882 2390 Eustathium
2930 2353 2959 2391 a
3015 2354 3102 2393 me
3134 2340 3427 2409 saepissime
3461 2354 3609 2393 com~

2021 2425 2307 2494 probatum
2336 2426 2504 2480 nolite
2529 2437 2933 2496 exspectare,ut
2959 2429 3189 2483 diaconii
3215 2430 3384 2496 gratia
3411 2442 3610 2497 exspo-u

2024 2515 2217 2570 lietur:
2269 2516 2529 2572 sollicitos
2558 2519 2700 2572 enim
2728 2535 2824 2573 vos
2845 2535 2947 2589 pro
2968 2519 3140 2573 salute
3169 2520 3400 2573 libenter
3428 2518 3610 2584 audio,

2023 2616 2211 2662 contra
2241 2618 2402 2679 caput
2422 2611 2605 2673 etiam,
2632 2612 2676 2665 si
2699 2611 2998 2667 faciendum
3022 2620 3246 2677 est,non
3269 2612 3498 2667 libenter
3517 2614 3612 2668 ad-

2024 2698 2198 2765 mitto,
2241 2700 2327 2754 cui
2366 2715 2583 2754 manum
2624 2702 2913 2770 porrigitis,
2945 2705 3223 2758 vobiscum
3252 2704 3493 2773 porrigo,
3522 2704 3612 2761 cui

2022 2790 2263 2859 porrigo,
2293 2805 2503 2846 mecum
2541 2788 2820 2861 porrigite.
2850 2792 2976 2849 llmc
3002 2796 3144 2848 enim
3186 2795 3252 2848 ad
3299 2794 3612 2850 Corinthios

2025 2881 2322 2951 apostolica
2354 2890 2437 2936 est
2462 2884 2734 2937 declarata
2783 2884 3085 2951 benignitas
3128 2883 3181 2953 (1
3228 2883 3427 2938 Corint.
3460 2882 3523 2955 ι),
3554 2893 3613 2943 ut

2026 2970 2079 3023 iu
2108 2986 2217 3025 uno
2246 2972 2437 3041 spiritu
2484 2972 2698 3027 ductam
2730 2988 2793 3027 ac
2819 2975 3092 3028 reductam
3133 2975 3454 3028 sententiam
3483 2974 3613 3029 boni

2025 3073 2239 3129 semper
2287 3060 2652 3116 indilferenter
2703 3071 3017 3132 sequantur.
3067 3063 3198 3117 Nam
3246 3064 3450 3132 fateor,
3496 3064 3612 3120 haec

338 3150 611 3229 catholica
638 3150 930 3244 'reperire,
985 3175 1053 3231 de
1103 3193 1212 3247 quo
1265 3186 1424 3234 amca
1474 3179 1914 3251 desperavenm.
1949 3182 1995 3245 Ο
2024 3166 2112 3205 tne
2138 3150 2371 3220 primum
2411 3164 2499 3206 res
2534 3152 2672 3206 bene
2703 3152 2870 3251 habet
2905 3168 3031 3222 erga
3062 3152 3399 3251 Eustathium
3427 3152 3614 3251 diaco-

338 3263 498 3320 Nunc
540 3264 671 3320 illud
716 3268 859 3337 quod
888 3279 1131 3340 superest
1168 3272 1463 3342 interrogo,
1496 3275 1583 3343 qui
1617 3285 1742 3346 post
1769 3293 1921 3333 men-

338 3370 459 3411 sem
514 3365 607 3412 aut
630 3361 855 3430 amplius
894 3363 1071 3428 rediit,
1117 3379 1239 3419 cum
1270 3380 1330 3420 se
1358 3368 1728 3438 presbyterum
1757 3385 1787 3424 a
1816 3370 1923 3427 Bo-

337 3461 479 3503 noso
503 3448 799 3506 confideret
819 3452 1143 3518 ordinatum,
1177 3455 1221 3509 si
1244 3470 1351 3510 non
1370 3466 1711 3513 sacramenta
1737 3458 1921 3515 confe-

337 3540 435 3603 cit,
456 3540 498 3593 si
522 3555 628 3595 non
658 3543 870 3612 populis
888 3544 1178 3614 distribuit,
1206 3547 1250 3600 si
1271 3562 1379 3601 non
1409 3549 1598 3604 missas
1624 3551 1919 3606 secundum

335 3633 781 3689 consuetudinem
837 3636 1169 3705 complevit:
1230 3637 1355 3707 quid
1407 3639 1475 3694 de
1504 3640 1587 3695 his
1625 3642 1914 3706 censeatis,

334 3733 520 3789 quteso
558 3725 816 3793 promatis
858 3727 1146 3795 apertius?
1197 3728 1279 3782 Ad
1328 3744 1591 3785 summam
1631 3743 1799 3797 certe,
1825 3734 1917 3803 qui

335 3812 468 3865 nihil
496 3828 528 3866 a
555 3812 768 3870 Bonoso
793 3826 1136 3886 acceperunt,
1168 3819 1247 3873 rei
1289 3828 1415 3875 sunt
1443 3831 1709 3892 usurpata:
1739 3823 1916 3891 digni-

333 3903 495 3969 tatis,
526 3906 617 3974 qui
644 3907 1098 3964 conliciendorum
1147 3921 1606 3968 sacramentorum
1645 3914 1748 3969 sibi
1798 3916 1918 3989 vin:

331 3990 651 4047 dicaverunt
679 4004 771 4048 aut
800 4011 906 4049 non
936 3997 1342 4054 vindicaverunt
1390 4002 1800 4069 auctoritatem,
1833 4011 1917 4058 at-

332 4092 440 4148 que
462 4081 513 4134 id
535 4097 593 4137 se
616 4093 939 4153 putaverunt
965 4102 1106 4155 esse,
1133 4090 1276 4159 quod
1325 4091 1407 4146 his
1453 4092 1597 4148 nulla
1628 4093 1802 4148 fuerat
1821 4110 1912 4152 re-

326 4171 502 4239 gulari
526 4176 733 4230 ratione
762 4194 1105 4235 concessum.

406 4332 555 4397 Quod
578 4338 632 4392 in
662 4337 896 4395 Ecclesia
937 4354 1200 4426 peccatum
1225 4346 1405 4425 populi
1433 4347 1652 4400 inultum
1675 4347 1841 4401 soleat

984 4422 1259 4466 vra’term.

981 4430 1259 4483 prwterm.

2024 3255 2174 3307 mnn,
2198 3242 2341 3310 quod
2363 3256 2466 3296 nec
2487 3249 2676 3296 contra
2698 3242 2855 3297 fidem
2886 3257 3118 3313 unquam
3145 3243 3433 3313 quidquam
3461 3243 3612 3299 locu-

2024 3340 2109 3387 tus
2129 3331 2217 3398 sit,
2249 3347 2351 3387 nec
2370 3332 2679 3403 loquentem
2712 3333 3007 3400 admiserit,
3039 3349 3139 3389 nec
3167 3334 3232 3389 ad
3262 3344 3493 3390 mortem
3512 3334 3612 3389 cri-

2022 3437 2147 3478 men
2168 3424 2386 3493 aliquod
2424 3426 2786 3491 commisisse,
2824 3426 2910 3481 vel
2931 3426 3193 3496 jactatum
3225 3442 3480 3497 unquam,
3523 3434 3611 3489 vel

2022 3515 2208 3572 (ictum
2238 3517 2307 3572 de
2332 3532 2399 3571 eo
2428 3520 2853 3587 recognoverim.
2883 3515 2949 3572 Et
2996 3521 3086 3588 qui
3116 3520 3167 3574 in
3198 3521 3280 3576 his
3300 3522 3480 3579 salvus
3503 3535 3608 3593 est,

2020 3609 2065 3664 si
2094 3623 2203 3678 quo
2227 3619 2388 3679 pacto
2419 3611 2859 3666 conversationes
2889 3612 3147 3668 amabiles
3176 3614 3285 3669 non
3308 3614 3495 3684 habet,
3520 3617 3613 3673 ha-

2018 3702 2228 3759 bendus
2254 3711 2357 3772 est,
2412 3711 2471 3758 ut
2503 3704 2682 3760 minus
2708 3720 2807 3775 pro
2848 3712 3094 3775 tempore
3119 3707 3363 3775 dilcCtns,
3414 3725 3524 3766 non
3554 3722 3615 3766 ut

2019 3796 2265 3851 inimicus
2293 3796 2846 3861 aestimatus,diabolo
2870 3797 2922 3851 in
2952 3807 3268 3868 perpetuum
3293 3801 3611 3872 mancipan-

2017 3888 2138 3945 dus.
2162 3889 2442 3959 Cognosce
2464 3890 2612 3944 illum
2632 3890 2773 3944 inter
2792 3890 2908 3945 illas
2928 3892 3227 3948 simultates
3260 3909 3324 3949 ac
3347 3896 3607 3960 turbines,

2016 3986 2205 4035 contra
2241 3982 2533 4035 multorum
2577 3980 2772 4045 studia,
2828 3998 2936 4036 non
2988 3983 3110 4037 dico
3158 3986 3360 4054 qualia,
3396 3988 3610 4044 diversa

2016 4070 2268 4136 sensisse,
2298 4080 2491 4125 etcum
2522 4070 2648 4125 hinc
2690 4085 2777 4125 res
2808 4072 3253 4143 calamitatesque
3268 4077 3399 4146 ipsae
3424 4092 3615 4133 emeno

2016 4164 2156 4219 datm
2198 4165 2327 4233 sint,
2359 4164 2531 4218 adhuc
2561 4164 2839 4217 Dizoniani
2892 4171 2948 4218 et
2993 4164 3202 4236 Cyriaci
3245 4169 3609 4224 subdiacono-

2017 4271 2133 4311 rum
2184 4271 2292 4308 non
2341 4254 2585 4325 potuisse
2633 4252 2777 4323 apud
2806 4269 2903 4308 vos
2951 4256 3382 4311 emendationem
3415 4259 3613 4313 revivi-

2016 4361 2185 4402 scere.
2211 4344 2574 4415 Compescite,
2593 4358 2797 4414 qumso,
2829 4345 2896 4398 ab
2926 4344 3017 4398 illo
3044 4346 3438 4418 prmdictisque,
3469 4366 3607 4420 quo-

2014 4451 2346 4505 rumcunque
2393 4434 2585 4491 videtis
2612 4436 2841 4502 animos,
2871 4449 2935 4490 ac
2973 4450 3079 4489 non
3106 4435 3278 4505 justas
3306 4440 3613 4497 :cmulatio-

401 4516 534 4573 LVI.
559 4518 844 4577 Pervideat
883 4538 1012 4592 ergo
1045 4525 1265 4581 dilectio
1285 4540 1464 4582 vestra
1494 4528 1755 4586 hactenus
1784 4530 1911 4585 talia
1941 4556 1994 4616 Ι)
2016 4545 2133 4591 nes.
2156 4538 2214 4585 ut
2240 4529 2357 4598 ipse
2385 4527 2526 4598 apud
2567 4541 2666 4583 nos
2688 4527 2916 4596 integer,
2950 4528 3093 4598 apud
3117 4544 3213 4585 vos
3240 4547 3362 4585 cum
3385 4532 3496 4589 suis
3519 4549 3608 4591 re-

330 4610 609 4679 transisse,
634 4622 687 4667 et
708 4612 968 4669 advertite
988 4617 1154 4686 quod,
1193 4624 1248 4671 ut
1270 4617 1468 4686 dicitis,
1493 4622 1788 4678 necessitas
1810 4622 1910 4676 im-

328 4704 541 4772 peravit
566 4705 619 4758 in
650 4721 784 4777 pace
812 4708 921 4777 jam
948 4708 1219 4766 Ecclesias
1258 4714 1583 4770 constitutas
1613 4730 1719 4771 non
1750 4728 1911 4785 posse

328 4806 691 4861 praesumere:
722 4798 836 4863 sed,
863 4808 921 4854 ut
968 4815 1109 4871 saepe
1137 4803 1362 4871 accidit,
1393 4806 1607 4873 quoties
1629 4821 1659 4859 a
1698 4806 1910 4875 populis

328 4896 427 4943 aut
450 4903 480 4943 a
510 4890 663 4945 turba
687 4903 958 4961 peccatur,
982 4897 1107 4965 quia
1136 4898 1188 4952 in
1217 4912 1406 4953 omnes
1428 4908 1648 4968 propter
1676 4900 1911 4953 multitu-

325 4977 511 5034 dinem
535 4996 641 5036 non
670 4994 847 5053 potest
873 4988 1149 5055 vindicari,
1176 4989 1402 5043 inultum
1432 4990 1606 5045 soleat
1636 4990 1865 5045 transire
1889 5006 1903 5043 :

803 5105 1713 5117 ———.___——__—_..——_-——

2016 4630 2239 4693 paratus
2262 4627 2539 4675 mereatur
2565 4632 2774 4690 pacem,
2821 4634 2926 4675 non
2958 4620 3135 4675 fictam
3168 4624 3457 4693 pervidens
3476 4626 3609 4682 cha-

2016 4712 2253 4767 ritatem.
2281 4708 2540 4766 Omnibus
2570 4711 2734 4779 igitur
2755 4711 2906 4767 vobis
2932 4726 2996 4767 ac
3019 4713 3329 4782 singillatim
3354 4725 3609 4773 occurrat

2014 4803 2272 4868 charitas,
2314 4812 2368 4857 et
2398 4802 2626 4857 vinculis
2649 4816 2770 4872 qum
2810 4802 2970 4857 nullis
2997 4794 3225 4860 modisa
3251 4804 3466 4863 Christo
3495 4806 3609 4864 sol-

2015 4903 2233 4961 vuntur,
2259 4893 2537 4948 vobiscum
2566 4893 2768 4962 pariter
2797 4893 2849 4947 in
2877 4902 3196 4964 perpetuum
3226 4910 3489 4964 connexa,
3520 4897 3609 4951 ιω.

2018 4997 2160 5044 tetur
2186 4988 2241 5042 in
2269 4987 2521 5042 Domino.

1484 5193 1849 5254 DECRETA
1890 5192 2163 5257 'ZOSIMI
2208 5198 2303 5257 PA
2314 5194 2456 5257 WE.

324 5367 478 5444 Quod
505 5382 744 5453 monachi
771 5383 847 5453 uel
876 5380 1018 5446 laici,
1041 5380 1140 5434 nisi
1169 5398 1258 5451 per
1284 5384 1476 5453 gradus
1507 5384 1771 5451 Ecclesiw,
1795 5401 1902 5440 non

478 5450 692 5505 debeant
719 5451 789 5504 ad
814 5466 1067 5505 summum
1102 5450 1443 5506 sacerdotium
1470 5456 1750 5521 pervenire.

388 5561 430 5618 Ι.
472 5560 718 5623 Zosimus
745 5551 1030 5633 episcopus
1059 5561 1205 5617 urbis
1246 5562 1430 5619 Romae
1473 5564 1742 5637 Hesychia
1783 5568 1901 5637 epi-

316 5669 489 5724 scopo
504 5653 846 5710 Salouitano.
872 5653 1063 5723 Exegit
1078 5653 1293 5723 dilectio
1314 5664 1403 5710 tua
1424 5664 1748 5725 praeceptum
1773 5672 1900 5728 apo-

220 5771 223 5775 ·
314 5746 522 5802 statim
549 5744 714 5815 sedis,
745 5747 797 5803 in
823 5746 929 5820 quo
955 5745 1176 5806 Patrum
1204 5752 1422 5808 decreta
1442 5751 1808 5818 consentiunt,
1838 5760 1892 5808 et

2009 5385 2280 5453 signiﬁcas
2308 5388 2593 5445 nonnullos
2625 5406 2690 5445 ex
2723 5390 3115 5447 monachorum
3162 5402 3324 5462 coetu,
3367 5409 3606 5465 quorum

2004 5480 2241 5536 solitudo
2252 5483 2497 5552 quamvis
2509 5483 2809 5552 frequentia
2828 5483 2999 5552 major
3025 5495 3126 5552 est,
3150 5485 3247 5541 sed
3265 5496 3321 5543 et
3344 5488 3510 5546 laicos
3532 5492 3603 5547 ad

2007 5571 2366 5627 sacerdotium
2397 5570 2668 5628 festinare.
2702 5568 2817 5628 Hoc
2836 5582 3025 5629 autem
3052 5578 3378 5648 specialiter,
3417 5590 3472 5637 et
3498 5584 3603 5638 sub

2008 5660 2492 5731 prmdecessorihus
2514 5664 2730 5731 nostris,
2756 5660 2810 5720 et
2831 5658 3002 5735 nuper
3022 5683 3053 5723 a
3076 5670 3231 5725 nobis
3251 5672 3602 5728 interdictum

2007 5764 2242 5826 constat,
2274 5756 2463 5813 litteris
2511 5756 2575 5811 ad
2597 5754 2801 5813 Gallias
2830 5756 3219 5831 Hispaniasque
3244 5763 3597 5828 transmissis,
