4092 6348
559 285 665 339 263

1821 282 1975 336 Βιολ
1988 282 2023 335 Y
2069 282 2177 338 IUS
2218 284 2372 340 EXIG
2385 286 2537 343 L'US.

2624 242 2651 250 ο

3718 296 3834 352 εδδ

559 400 611 453 in
640 399 829 466 quibus
866 396 1168 467 regionibus
1202 397 1472 451 familiaris
1497 406 1582 453 est
1610 400 1710 453 ista
1741 397 2083 467 praesumptio
2114 417 2126 450 :
2161 408 2208 464 Α
2237 400 2481 453 bitetsibi
2513 418 2617 455 non
2640 410 2887 458 constare
2908 404 3190 470 rationem,
3219 406 3261 461 si
3293 407 3397 462 hoc
3420 418 3570 478 putat
3592 416 3716 481 post
3749 420 3835 464 tot

560 490 800 559 quamvis
845 505 944 542 nec
985 489 1156 541 Africa
1195 504 1353 557 super
1394 490 1495 543 hac
1541 490 1907 543 admonitione
1956 498 2135 542 nostra

563 579 823 631 habeatur
849 578 1040 640 aliena,
1069 594 1134 631 ne
1156 579 1273 645 quis
1304 579 1512 646 penitus
1542 588 1727 631 contra
1760 576 1975 631 Patrum
1999 593 2136 647 pra:-

564 678 738 737 ccpta,
768 669 857 736 qui
897 669 1269 722 ecclesiasticis
1297 668 1585 736 disciplinis
1616 669 1844 723 imbutus
1874 686 1969 737 per
1997 670 2139 723 ordi-

566 775 684 811 nem
733 774 835 811 non
884 758 1087 824 fuisset,
1128 769 1182 812 et
1224 760 1482 826 temporis
1521 762 1907 827 approbatione
1946 760 2141 815 divinis

566 850 839 918 stipendiis
867 850 1122 911 eruditus,
1152 865 1483 918 nequaquam
1507 852 1571 902 ad
1596 866 1861 903 suunnum
1888 850 2140 905 Ecclesiae

566 940 923 994 sacerdotium
954 940 1188 1008 aspirare
1230 950 1593 1007 przesumeret,
1625 948 1679 994 et
1722 957 1829 995 non
1872 943 2043 996 solum
2088 942 2141 996 in

566 1046 631 1084 eo
662 1031 884 1084 ambitio
911 1030 1156 1083 inefﬁcax
1186 1031 1489 1094 haberetur,
1516 1048 1699 1085 verum
1726 1034 1885 1086 etiam
1918 1035 1969 1086 in
2000 1034 2145 1088 ordi-

568 1132 785 1177 natores
806 1122 938 1191 ejus,
965 1131 1023 1174 ut
1042 1130 1289 1175 carerent
1319 1136 1383 1174 eo
1413 1122 1600 1175 ordine
1623 1138 1781 1191 quem
1812 1126 1927 1178 sine
1956 1124 2142 1180 ordine

568 1221 756 1265 contra
788 1221 1051 1281 praecepta
1081 1211 1297 1265 Patrum
1330 1214 1663 1267 crediderant
1694 1218 2139 1284 praesumendum.

573 1300 727 1357 Unde
773 1304 1027 1357 miramur
1058 1302 1124 1355 ad
1152 1303 1491 1357 dilectionem
1522 1312 1668 1357 tuam
1698 1315 1895 1361 statuta
1926 1316 2143 1376 aposto-

571 1390 688 1445 lica:
716 1391 858 1444 sedis
886 1406 993 1445 non
1031 1391 1194 1445 fuisse
1226 1393 1452 1459 perlata.
1487 1392 1787 1450 Laudamus
1826 1396 1988 1465 igitur
2013 1413 2143 1466 pro-

572 1482 804 1549 positum
833 1485 1145 1537 constantia:
1174 1493 1296 1547 tuae,
1327 1484 1492 1539 frater
1516 1488 1845 1553 cbarissime,
1876 1505 1975 1543 nec
2003 1489 2146 1544 aliud

572 1570 639 1624 de
684 1572 935 1639 pootiticii
979 1589 1202 1627 censura
1240 1576 1439 1628 veteris
1480 1578 1815 1637 auctoritatis
1858 1593 2025 1644 genus
2050 1594 2146 1633 ex-

570 1662 919 1727 spectandum
960 1661 1078 1723 fuit,
1110 1678 1267 1730 quam
1315 1673 1375 1717 ut
1420 1666 1616 1719 talibus
1645 1668 2022 1723 ambitionibus
2046 1685 2145 1739 pro

572 1751 853 1818 praeceptis
888 1750 1103 1805 Patrum
1136 1754 1187 1805 in
1232 1754 1513 1821 procinctu
1552 1756 1674 1809 fidei
1702 1759 2023 1812 constitutus
2053 1775 2147 1814 oc-

572 1854 834 1893 curreres.
862 1839 1023 1907 igitur
1043 1841 1085 1893 si
1108 1841 1236 1909 quid
1259 1845 1562 1897 auctoritati
1591 1854 1709 1910 tum,
1740 1848 1883 1916 quod
1912 1864 2011 1903 nos
2040 1865 2146 1903 non

574 1930 872 1998 opinamur,
890 1932 1123 1984 aestimas
1149 1932 1402 1999 defuisse,
1425 1936 1754 2004 supplemus.
1780 1936 2033 1993 Obsistite
2064 1948 2146 1993 ta-

574 2020 711 2075 libus
746 2022 1167 2077 ordinationibus
1188 2062 1203 2087 ,
1232 2024 1480 2078 obsistite
1517 2028 1777 2095 superbim
1811 2038 1865 2083 et
1893 2044 2148 2098 arrogan-

575 2110 662 2164 tia:
684 2111 931 2164 venienti.
957 2110 1154 2165 Tecum
1186 2112 1385 2166 faciunt
1411 2126 1677 2184 prmcepta
1709 2117 1944 2183 Patrum,
1970 2129 2143 2175 tecum

574 2202 879 2271 apostolica:
904 2202 1042 2271 sedis
1065 2203 1377 2257 auctoritas.
1411 2205 1466 2258 Si
1498 2207 1640 2259 enim
1670 2206 1841 2262 officia
1871 2210 2147 2265 saecularia

575 2292 866 2362 principem
897 2292 1092 2357 locum,
1128 2308 1231 2346 non
1265 2296 1585 2350 vestibulum
1617 2298 1845 2353 actionis
1875 2300 2145 2369 ingressis,

574 2383 666 2437 sed
697 2396 792 2450 per
819 2382 1075 2450 plurimos
1103 2383 1300 2450 gradus
1326 2386 1662 2453 examinatis,
1697 2392 2025 2458 temporibus
2053 2392 2149 2446 de-

575 2474 773 2539 ferunt,
816 2473 932 2540 quis
961 2473 1049 2525 ille
1089 2480 1197 2526 tam
1225 2488 1501 2543 arrogans,
1537 2486 1641 2533 tam
1672 2476 1951 2548 impudens
1994 2481 2145 2536 inve-

574 2564 738 2630 nitur,
768 2573 825 2617 ut
852 2565 905 2617 in
948 2566 1154 2619 cmlesti
1197 2566 1408 2633 militia,
1439 2584 1556 2637 qua:
1597 2573 1916 2641 propensius
1944 2574 2149 2641 ponde-

574 2654 738 2709 randa
768 2661 869 2720 est,
894 2664 949 2709 et
974 2656 1113 2710 sicut
1139 2672 1327 2712 aurum
1358 2660 1598 2729 repetitis
1624 2662 1834 2729 ignibus
1858 2664 2147 2732 exploran-

573 2746 720 2812 dum,
748 2747 925 2802 statim
955 2746 1061 2800 dux
1089 2762 1208 2803 esse
1232 2748 1530 2805 desideret?
1562 2750 1695 2806 Cum
1737 2756 1843 2807 tiro
1884 2762 2008 2809 ante
2036 2771 2143 2811 non

574 2839 752 2904 fuerit,
783 2850 838 2893 et
868 2840 1018 2909 prius
1047 2840 1175 2894 velit
1202 2841 1379 2896 dicere
1405 2857 1563 2910 quam
1601 2844 1834 2900 discere?
1861 2848 2146 2903 Assuescat

526 2920 529 2923 ⁷
573 2930 628 2984 in
655 2930 863 2986 Domini
891 2933 1097 2997 castris,
1124 2932 1177 2985 in
1215 2931 1475 2988 lectorum
1506 2936 1752 3005 primitus
1779 2940 1945 3008 gradu
1978 2941 2143 2996 divini

572 3019 871 3076 mdimenta
900 3022 1121 3089 servitii,
1156 3038 1255 3078 nec
1285 3024 1359 3078 illi
1386 3025 1493 3080 vile
1518 3027 1605 3093 sit,
1635 3029 1976 3095 exorcistam,
2011 3046 2141 3086 aco-

2239 495 2625 562 protiibitiones
2647 496 2860 564 impune
2881 512 3041 566 posse
3063 501 3256 553 tentari
3283 519 3294 551 :
3320 504 3659 556 contumelia:
3678 505 3837 558 enim

2239 583 2415 637 studio
2448 583 2506 636 fit
2532 586 2787 654 quidquid
2817 588 3156 642 interdictum
3188 591 3345 645 toties
3378 603 3685 661 usurpatur.

2277 691 2404 755 Qua:
2424 695 2473 747 in
2501 698 2717 765 singulis
2741 699 2859 751 cieri
2889 700 3133 767 gradibus
3156 711 3387 772 tempora
3414 706 3517 759 sint
3541 708 3795 776 prie/ira.

2313 784 2398 837 ΙΙΙ.
2440 785 2568 840 Hice
2597 796 2774 841 autem
2798 790 3020 858 singulis
3050 794 3303 859 gradibus
3332 796 3665 851 observanda
3700 807 3841 851 sunt

2242 882 2482 942 tempora
2499 893 2509 926 :
2526 875 2581 928 Si
2595 877 2660 930 ab
2673 877 2890 931 infantia
2902 881 3281 937 ecclesiasticis
3296 885 3603 939 ministeriis
3617 902 3830 940 nomen

2241 964 2470 1029 dederit,
2518 966 2659 1020 inter
2700 968 2930 1023 lectores
2971 986 3144 1039 usque
3185 972 3251 1025 ad
3289 973 3597 1028 vicesimum
3647 977 3839 1029 relatis

2242 1072 2442 1111 annum
2487 1060 2797 1115 continuata
2828 1063 3208 1120 observatione
3252 1068 3522 1135 perduret.
3562 1068 3616 1122 Si
3647 1073 3837 1139 major

2237 1149 2348 1216 jam
2392 1160 2462 1203 'et
2520 1153 2828 1218 grandmvus
2882 1158 3206 1223 accesserit,
3254 1159 3325 1212 ita
3375 1168 3549 1213 tamen
3599 1169 3655 1213 ut
3699 1172 3836 1231 post

2242 1243 2563 1311 baptismum
2592 1244 2771 1297 statim
2800 1260 2857 1301 se
2885 1245 3075 1301 divina:
3100 1249 3297 1301 militia:
3325 1250 3589 1304 desideret
3617 1253 3836 1306 manci-

2244 1333 2379 1402 pari,
2412 1334 2525 1389 sive
2554 1336 2692 1389 inter
2735 1336 2987 1400 lectores,
3014 1339 3125 1393 sive
3164 1337 3307 1392 inter
3326 1342 3620 1395 exorcistas
3657 1343 3830 1410 quin-

2244 1426 2480 1492 quennio
2508 1436 2771 1503 teneatur,
2802 1429 2996 1483 exinde
3023 1431 3305 1501 acol'ytbus
3335 1433 3423 1486 vel
3464 1432 3832 1488 subdiaconus

2244 1524 2477 1583 quatuor
2505 1518 2678 1583 annis,
2708 1527 2763 1572 et
2790 1520 2866 1575 sic
2905 1520 2970 1573 ad
3007 1521 3439 1579 benedictionem
3482 1525 3829 1591 diaconatus,

2245 1606 2288 1659 si
2314 1616 2569 1673 meretur,
2601 1610 2840 1675 accedat,
2872 1612 2926 1665 in
2955 1627 3063 1681 quo
3092 1615 3282 1670 ordine
3315 1616 3546 1685 quinque
3575 1620 3748 1683 annis,
3782 1619 3830 1673 si

2246 1695 2517 1767 inculpate
2542 1714 2599 1753 se
2625 1700 2868 1766 gesserit,
2890 1702 3091 1757 luerere
3124 1704 3355 1759 debebit.
3376 1704 3598 1770 Exinde,
3626 1708 3830 1761 suifra-

2178 1774 2219 1831 Β
2246 1790 2491 1857 gantibus
2516 1790 2812 1861 stipendiis,
2841 1808 2938 1862 per
2964 1801 3043 1847 tot
3064 1795 3260 1863 gradus
3281 1796 3420 1849 datis
3443 1797 3670 1866 propria:
3701 1796 3829 1853 fidei

2247 1877 2603 1946 documentis,
2634 1882 2957 1953 presbyterii
2985 1886 3342 1941 sacerdotium
3378 1890 3577 1957 poterit
3611 1904 3831 1958 prome-

2247 1972 2373 2025 reri.
2416 1972 2490 2026 De
2519 1988 2626 2041 quo
2655 1973 2774 2029 loco
2815 1974 2860 2028 si
2898 1990 3020 2029 eum
3062 1978 3302 2032 exactior
3331 1980 3398 2031 ad
3433 1980 3605 2034 honos
3646 1996 3833 2034 mores

2245 2060 2352 2114 vita
2385 2062 2713 2130 produxerit,
2739 2078 3003 2118 summum
3029 2065 3394 2134 pontificatum
3415 2082 3634 2138 sperare
3656 2069 3831 2123 debe-

2246 2149 2322 2203 bit
2340 2191 2355 2218 ,
2380 2150 2479 2204 hac
2504 2159 2678 2206 tamen
2702 2152 2818 2221 lege
2838 2163 3071 2223 servata,
3096 2164 3154 2209 ut
3174 2172 3347 2224 neque
3369 2157 3626 2225 digamus,
3651 2174 3831 2228 neque

2245 2241 2509 2309 paenitens
2535 2242 2601 2296 ad
2622 2242 2720 2298 hos
2739 2249 2933 2310 gradus
2954 2247 3119 2314 possit
3138 2246 3369 2300 admitti.
3395 2246 3554 2311 Sane,
3586 2256 3640 2301 ut
3662 2248 3832 2302 etiam

2246 2331 2554 2388 defensores
2583 2333 2855 2398 Ecclesize,
2897 2337 2990 2405 qui
3034 2351 3103 2393 ex
3146 2337 3295 2392 laicis
3324 2337 3832 2409 ﬁunt,~supradicta

2247 2422 2624 2478 observatione
2662 2433 2965 2491 teneantur,
2994 2427 3039 2482 si
3086 2429 3378 2483 meruerint
3405 2443 3524 2484 esse
3560 2430 3613 2482 in
3640 2430 3833 2484 ordine

2245 2513 2547 2569 clericatus.
2576 2516 2708 2570 Data
2735 2534 2786 2572 Ix
2812 2518 2915 2573 cal.
2941 2519 3117 2585 Mart.,
3155 2518 3383 2575 dominis
3421 2520 3619 2574 nostris
3644 2519 3837 2575 Hono-

2246 2606 2325 2659 rio
2354 2622 2425 2659 xn
2454 2616 2509 2661 et
2539 2606 2842 2665 Theodosio
2871 2626 2962 2665 vin
2988 2610 3161 2679 Augg.
3194 2626 3372 2665 conss.

2604 2697 2685 2750 Ad
2713 2701 3032 2769 presbyteros
3069 2697 3467 2753 Ravennatium.

2316 2784 2403 2839 IV.
2446 2786 2642 2842 Zosimi
2664 2788 2905 2858 episcopi
2934 2788 3402 2842 commonitorium
3432 2787 3759 2858 presbyteris
3777 2794 3835 2842 et

2245 2874 2558 2933 diaconibus
2606 2880 2694 2949 qui
2734 2878 3006 2932 Ravennae
3048 2887 3191 2934 sunt.
3235 2877 3315 2933 Ex
3345 2878 3609 2934 relatione
3652 2876 3833 2933 fratris

2244 2970 2413 3026 nostri
2452 2969 2757 3025 Archidami
2804 2970 3104 3041 presbyteri
3140 2971 3372 3040 qualiter
3410 2972 3647 3040 suscepti
3693 2970 3829 3037 sitis,

2248 3059 2332 3113 vel
2370 3060 2496 3128 quid
2524 3061 2760 3129 egeritis,
2793 3062 3145 3129 agnovimus;
3178 3061 3261 3116 vel
3289 3060 3518 3130 qualiter
3544 3062 3619 3116 illi
3648 3077 3833 3117 susce-

572 3114 797 3185 lythum,
832 3115 1237 3178 subdiaconum,
1274 3116 1558 3173 diaconum
1594 3135 1690 3189 per
1731 3121 1971 3177 ordinem
2009 3122 2141 3189 fieri,

2252 3150 2326 3217 pti
2355 3158 2497 3214 sunt,
2527 3152 2617 3219 qui
2641 3160 2827 3207 contra
2851 3167 3087 3208 canones
3110 3152 3394 3206 adversum
3434 3168 3534 3207 nos
3560 3151 3629 3206 ad
3659 3153 3832 3207 comi-

574 3220 673 3260 nec
701 3206 805 3261 hoc
825 3207 983 3272 saltu,
1009 3208 1102 3263 sed
1122 3211 1334 3265 statutis
1362 3212 1624 3281 majorum
1649 3215 1983 3272 ordinatione
2010 3226 2148 3272 tem-

572 3295 813 3365 poribus.
841 3296 958 3351 Jam
991 3314 1119 3354 vero
1160 3300 1227 3354 ad
1270 3303 1583 3371 presbyterii
1611 3303 1879 3373 fastigium
1910 3307 2029 3362 talis
2054 3323 2149 3363 ac-

572 3383 748 3449 cedat,
784 3394 843 3439 ut
864 3394 917 3439 et
960 3401 1156 3442 nomen
1182 3397 1315 3445 aetas
1345 3391 1583 3461 impleat,
1610 3401 1664 3447 et
1688 3397 1936 3450 meritum
1968 3399 2151 3467 probi-

572 3475 699 3528 tatis
726 3476 987 3544 stipendia
1026 3487 1151 3534 ante
1177 3489 1294 3535 acta
1326 3491 1608 3538 testentur.
1641 3484 1766 3540 Jure
1792 3487 1915 3541 inde
1954 3490 2148 3544 summi

572 3564 837 3636 pontificis
860 3567 1034 3622 locum
1064 3584 1283 3639 sperare
1310 3571 1544 3637 debebit,
1576 3574 1703 3631 facit
1729 3577 1835 3631 hoc
1868 3578 2030 3632 nimia
2063 3594 2149 3635 re—

573 3656 754 3711 missio
777 3658 1222 3715 consacerdotum
1264 3672 1588 3731 nostrorum,
1613 3669 1705 3736 qui
1734 3684 1985 3739 pompam
2012 3673 2148 3727 mul-

572 3745 810 3800 titudinis
831 3756 1098 3815 quaerunt,
1125 3758 1180 3805 et
1201 3760 1391 3821 putant
1418 3768 1482 3809 ex
1513 3754 1615 3811 hac
1646 3758 1799 3812 turba
1825 3760 2023 3829 aliquid
2046 3764 2147 3819 sibi

570 3836 840 3906 dignitatis
869 3840 1092 3908 acquiri.
1117 3841 1251 3898 Hinc
1274 3844 1470 3914 passim
1500 3862 1785 3905 numerosa
1816 3854 2147 3922 popularitas

569 3927 731 3981 etiam
780 3928 863 3982 bis
916 3928 1047 3986 locis
1083 3932 1173 3987 ubi
1211 3933 1442 3990 solitudo
1470 3946 1580 4003 est,
1625 3939 1814 3994 talium
1851 3945 2143 4013 reperitur,

571 4015 699 4071 dum
744 4020 1024 4088 parochias
1075 4023 1296 4079 extendi
1341 4027 1581 4097 cupiunt,
1624 4037 1718 4083 aut
1765 4031 1956 4099 quibus
2000 4033 2143 4089 aliud

567 4119 821 4178 prmstare
861 4127 966 4166 non
1010 4124 1263 4182 possunt,
1312 4118 1522 4175 divinos
1565 4121 1783 4178 ordines
1824 4122 2141 4192 largiuntur.

567 4195 720 4265 Quod
744 4209 956 4271 oportet
984 4201 1209 4260 districti
1236 4222 1447 4278 semper
1476 4225 1595 4266 esse
1611 4210 1818 4280 judicii,
1852 4230 2031 4270 rarum
2060 4226 2143 4273 est

566 4289 707 4342 enim
735 4304 894 4346 omne
916 4293 1060 4360 quod
1092 4308 1341 4362 magnum
1369 4306 1468 4352 est.

569 4398 715 4465 Quod
739 4404 785 4456 si
809 4405 921 4473 quis
949 4405 1226 4459 interdicta
1250 4408 1559 4484 (respergit,
1585 4413 1775 4481 gradus
1804 4416 1884 4467 sui
1913 4416 2138 4484 periculo

1198 4478 1289 4529 sub
1288 4478 1499 4546 jacebit.

633 4580 696 4635 ll.
740 4580 969 4639 Proinde
1013 4600 1141 4649 nos,
1184 4602 1251 4642 ne
1287 4588 1415 4656 quid
1457 4590 1662 4645 meritis
1694 4592 1993 4650 dilectionis
2034 4604 2136 4652 tua:

563 4671 902 4741 derogemus,
932 4675 997 4728 ad
1022 4684 1073 4729 te
1102 4677 1434 4745 potissimum
1457 4680 1654 4749 scripta
1682 4681 1993 4753 direximus,
2018 4700 2135 4754 quae

562 4759 617 4815 in
674 4762 911 4816 omnium
957 4763 1179 4819 fratrum
1229 4774 1286 4821 et
1334 4767 1780 4838 coepiscoporum
1826 4780 2134 4829 nostrorum

560 4852 728 4909 facies
753 4855 830 4909 ire
851 4857 1115 4925 notitiam,
1152 4874 1260 4913 non
1282 4867 1485 4915 tantum
1507 4877 1693 4917 eorum
1724 4864 1817 4933 qui
1840 4865 1895 4919 in
1923 4882 1985 4921 ea
2009 4883 2135 4938 pro.

559 4946 731 5001 vim-ia
760 4956 901 5014 sunt,
927 4950 1021 5003 sed
1044 4950 1203 5004 etiam
1228 4953 1318 5021 qui
1344 4952 1538 5008 vicinis
1560 4954 1861 5012 dilectionis
1886 4966 1990 5013 tua:
2008 4975 2135 5030 pro-

558 5038 749 5094 vinciis
785 5039 1161 5108 adjuuguntur.
1205 5040 1368 5108 Sciet,
1412 5045 1654 5115 quisquis
1682 5047 1804 5115 hoc,
1836 5054 2135 5123 postposita

560 5126 775 5182 Patrum
805 5139 859 5184 et
885 5130 1192 5199 apostolica:
1220 5132 1360 5187 sedis
1387 5138 1723 5204 auctoritate,
1754 5144 2069 5213 neglexerit,
2101 5163 2134 5202 a

558 5220 713 5274 nobis
739 5219 1030 5275 districtius
1055 5220 1442 5291 vindicandum,
1467 5236 1526 5281 ut
1551 5226 1654 5284 loci
1679 5231 1761 5285 sui
1788 5233 2009 5289 minime
2038 5235 2138 5290 du-

2252 3246 2440 3303 tatum,
2464 3240 2646 3294 nescio
2667 3256 2769 3309 qua
2792 3240 3050 3295 audentes
3079 3240 3401 3304 temeritate,
3426 3239 3502 3295 ire
3522 3241 3828 3296 voluerunt.

2250 3330 2328 3383 Ad
2359 3346 2493 3400 quos
2522 3330 2658 3394 hzcc,
2684 3347 2801 3401 qua:
2824 3348 2977 3387 nunc
3002 3334 3262 3401 misimus,
3292 3333 3421 3387 olim
3452 3334 3654 3404 scripta
3690 3332 3830 3389 fece-

2248 3435 2427 3472 ramus
2447 3460 2463 3483 ,
2500 3436 2709 3487 eorum,
2748 3436 2882 3490 quas
2911 3422 3168 3491 injuriose
3196 3422 3473 3488 miserant,
3503 3423 3830 3492 responden-

2252 3518 2332 3564 tes
2362 3511 2618 3579 epistolis.
2646 3509 2754 3565 Sed
2784 3512 3038 3581 quoniam
3066 3527 3171 3566 non
3202 3521 3493 3582 potuerunt
3520 3514 3596 3568 rei
3628 3515 3682 3567 in
3712 3529 3828 3579 sua,

2249 3600 2349 3653 hoc
2374 3610 2457 3654 est
2479 3601 2528 3655 in
2556 3610 2737 3655 nostra
2760 3598 2995 3655 Ecclesia
3027 3599 3290 3666 Romana,
3320 3617 3439 3655 cum
3462 3603 3659 3657 nostris
3685 3618 3829 3657 com-

2249 3692 2577 3763 presbyteris
2626 3692 2967 3756 commorari,
3022 3692 3119 3748 has
3161 3692 3225 3745 ad
3275 3708 3372 3748 vos
3402 3693 3504 3747 illis
3545 3693 3829 3748 tradendas

2247 3782 2454 3836 litteras
2482 3782 2884 3847 destinavimus,
2911 3783 2962 3835 in
2986 3784 3177 3851 quibus
3196 3782 3417 3838 decreto
3440 3792 3623 3837 nostro
3652 3785 3829 3838 sanxi-

2245 3887 2364 3927 mus
2402 3883 2728 3926 memoratos
2768 3874 3171 3942 perturbatorcs
3212 3888 3450 3927 omnium
3480 3873 3546 3927 ab
3575 3873 3829 3941 apostoli-

2246 3977 2324 4016 ca:
2366 3971 2561 4017 nostrte
2599 3962 2742 4017 sedis
2782 3964 3159 4017 communione
3207 3964 3411 4019 alienos
3447 3964 3627 4031 fuisse,
3670 3975 3828 4034 atque

2246 4061 2427 4106 nostra
2447 4052 2838 4123 subscriptione
2870 4054 3133 4123 prolatam
3164 4056 3480 4108 sententiam
3503 4058 3825 4125 suscepisse.

2242 4142 2365 4197 Illos
2396 4144 2559 4197 etiam
2590 4143 2679 4212 qui
2710 4142 2967 4198 ell'renato
3013 4144 3175 4213 hujus
3203 4144 3347 4201 facto
3378 4148 3713 4216 consilioque
3744 4165 3820 4202 as-

2242 4250 2457 4290 sensum
2489 4234 2835 4289 commodare
2862 4236 3168 4301 voluerunt,
3216 4249 3406 4291 vestra:
3443 4238 3721 4295 charitatis
3746 4250 3827 4295 est

2241 4326 2505 4381 aestimare
2529 4327 2757 4395 qualiter
2778 4326 3094 4381 habeantur.
3121 4326 3323 4393 Quibus
3345 4330 3449 4383 hoc
3474 4330 3713 4398 objicere
3734 4346 3825 4387 vos

2241 4417 2467 4482 debetis,
2492 4418 2635 4487 quod
2654 4416 2806 4486 juxta
2837 4433 3100 4472 canonum
3126 4429 3391 4489 praecepta
3412 4420 3622 4475 fortiter
3647 4423 3825 4477 incur-

2167 4497 2216 4556 D
2242 4523 2381 4573 rere,
2414 4517 2469 4563 et
2512 4508 2742 4577 qualiter
2784 4510 3127 4580 presbyteros
3164 4525 3271 4565 non
3313 4510 3555 4576 decebat,
3598 4513 3824 4567 rebelles

2239 4597 2472 4652 existere
2499 4606 2857 4653 tentaverunt.
2881 4597 2990 4652 Vos
3016 4606 3197 4653 tamen
3226 4615 3525 4669 monemus,
3549 4603 3600 4655 in
3632 4618 3824 4672 speru-

2239 4688 2304 4743 lis
2340 4704 2459 4745 esse
2499 4689 2724 4756 debere,
2774 4705 2843 4745 ne
2880 4704 2985 4758 qua
3012 4705 3195 4746 eorum
3232 4702 3545 4763 prorumpat
3574 4694 3817 4754 audacia,

2237 4794 2373 4850 quos
2398 4781 2876 4836 anathematizatos
2899 4782 3000 4836 scit
3040 4792 3225 4837 sancta
3248 4791 3303 4837 et
3322 4785 3613 4853 apostolica
3634 4785 3823 4841 Eccle-

2237 4869 2334 4923 sia.
2368 4869 2446 4925 De
2482 4871 2564 4926 his
2592 4886 2722 4927 vero
2766 4872 2860 4941 qui
2902 4887 3091 4927 eorum
3128 4887 3188 4928 se
3226 4874 3468 4928 societati
3504 4874 3817 4943 junxerunt,

2237 4960 2364 5028 quid
2404 4960 2472 5015 de
2514 4961 2598 5015 his
2637 4975 2798 5029 agere
2842 4961 3149 5029 debeamus,
3183 4978 3305 5018 cum
3347 4966 3549 5019 reversi
3591 4964 3814 5029 fueritis,

2239 5056 2462 5111 consilio
2488 5056 2698 5111 meliori
2727 5057 3096 5113 tractabimus.
3128 5056 3195 5111 Et
3220 5058 3324 5112 alia
3354 5074 3515 5113 manu
3536 5077 3548 5113 :
3570 5059 3761 5114 Datum
3789 5077 3819 5114 v

2237 5162 2408 5202 nonas
2436 5148 2650 5214 0ctob.,
2683 5148 2923 5204 Honorio
2962 5167 3036 5204 ιιι
3073 5158 3129 5205 et
3171 5149 3473 5206 Theodosio
3515 5168 3603 5208 vni
3640 5152 3811 5221 Augg.

2238 5252 2416 5293 conss.
2452 5240 2574 5308 (An.
2604 5238 2792 5293 Christi
2820 5239 2969 5312 418.)

562 5313 2234 5339 ____—__——________

1627 5361 1993 5425 DECRETA
2035 5367 2439 5430 BONIFACII
2488 5372 2729 5433 PAP/E.

562 5518 875 5603 Supplicatio
900 5539 1052 5603 papa:
1076 5523 1350 5603 Bonifacii,
1382 5534 1439 5580 ut
1458 5518 1846 5603 constituatur‘u
1868 5533 2122 5603 principe,

623 5600 740 5672 qaut
773 5607 866 5644 nus
890 5593 948 5672 in
971 5594 1091 5647 urbe
1119 5593 1285 5649 Roma
1313 5613 1575 5669 nunquam
1594 5617 1685 5670 per
1703 5593 1948 5654 ambitum
1971 5593 2119 5655 ονὶἰὶλ

622 5668 769 5712 natur
789 5668 1024 5716 antistes.

622 5769 656 5821 l.
693 5768 989 5830 Bonifacius
1017 5775 1297 5849 episcopus
1342 5777 1580 5837 Honorio
1633 5780 1888 5853 Augusto.
1927 5779 2114 5840 Eccle-

2228 5517 2319 5570 size
2348 5533 2500 5584 mete,
2531 5521 2615 5576 cui
2662 5521 2801 5576 Deus
2831 5530 3015 5578 noster
3043 5540 3219 5580 meum
3245 5524 3625 5590 sacerdotium,
3648 5524 3809 5597 vobis

2225 5621 2315 5660 res
2336 5606 2594 5663 humanas
2622 5611 2950 5679 regentibus,
2975 5612 3269 5683 deputavit,
3302 5629 3430 5670 cura
3463 5613 3804 5681 constringit,

2226 5712 2293 5752 ne
2314 5699 2491 5755 causis
2518 5702 2655 5769 ejus,
2676 5704 2920 5771 quamvis
2960 5704 3133 5761 adhuc
3163 5708 3406 5776 corporis
3437 5708 3793 5764 incommodi—

2226 5796 2333 5844 tate
2362 5788 2622 5859 detinear,
2658 5802 2882 5863 propter
2914 5803 3208 5852 conventus
3237 5798 3326 5866 qui
3355 5814 3383 5852 a
3427 5800 3800 5856 sacerdotibus
