4092 6348
251 326 379 408 963”

1299 331 1674 395 causam
1702 298 2166 392 oecusronuu
2196 328 2301 388 pr.
2343 329 2460 388 nn.

3415 322 3524 381 9’16

257 454 548 524 universis,
579 462 634 513 et
653 452 883 523 clericis,
913 458 970 510 et
1013 448 1331 510 Christianae
1358 453 1528 523 plebis
1552 450 1837 522 perturba-
1866 451 1913 512 Α
1941 445 2289 504 attestatione
2335 445 2611 515 siguamus
2649 456 2718 500 ac
2750 443 3033 515 petimus,
3060 441 3143 498 uti
3194 437 3527 512 quotidianis

260 551 497 607 tionibus
524 548 812 619 agitantur,
837 545 977 617 apud
997 560 1157 602 aures
1176 544 1613 601 Christianissimi
1640 541 1842 613 princi-

256 643 346 715 pis
373 641 562 697 desim.
594 639 650 694 Si
683 637 898 709 quidem
926 650 1112 705 secus,
1159 651 1319 705 quam
1350 644 1583 706 oportet,
1608 634 1841 700 eveniat,

258 748 372 788 non
388 744 487 788 vos
508 729 559 784 id
579 728 779 793 facere,
803 726 1102 798 quicuncta
1124 740 1281 795 aequa
1302 724 1675 781 moderatione
1702 738 1848 779 com~

257 824 463 895 ponitis
492 840 505 875 :
527 820 622 877 sed
651 835 752 876 nos
771 834 869 890 per
888 826 1127 874 nostram
1154 826 1396 874 tacentes
1417 816 1675 873 desidiam
1697 815 1848 871 vide-

256 914 460 981 bimur,
489 912 635 986 quod
676 911 912 968 civitatis
947 912 1205 981 quietem,
1238 908 1489 966 Ecclesiae
1512 922 1699 978 pacem
1721 920 1847 976 pero'

260 1018 479 1064 vertere
524 1005 722 1071 valeat,
752 1004 1013 1065 amisisse.
1044 1002 1179 1059 Cum
1208 1002 1352 1058 enim
1408 1000 1659 1057 humanis
1686 1001 1848 1056 rebus

255 1097 458 1154 divinat
483 1096 659 1155 cultor
684 1093 976 1163 religionis,
999 1093 1230 1151 Domino
1254 1093 1484 1155 favente,
1534 1090 1844 1163 praesidetis,

264 1195 451 1243 nostra
480 1186 636 1255 culpa
655 1184 779 1250 erit,
808 1184 853 1240 si
881 1199 989 1241 non
1017 1183 1071 1238 id
1098 1183 1200 1239 sub
1227 1189 1402 1239 vestra
1448 1182 1619 1252 gloria
1661 1183 1847 1251 (quam

261 1284 475 1332 certum
500 1282 585 1331 est
609 1273 802 1330 divinis
848 1286 1065 1344 semper
1110 1273 1273 1329 rebus
1300 1273 1482 1327 animo
1508 1271 1849 1342 promptiore

260 1368 482 1437 favisse)
512 1365 666 1422 firmo
684 1374 741 1422 et
758 1365 934 1421 stabili
960 1364 1080 1432 jure
1100 1364 1457 1429 custodiatur,
1473 1363 1618 1433 quod
1644 1378 1743 1434 per
1769 1371 1850 1419 tot

263 1474 531 1516 annorum
556 1458 750 1515 seriem
766 1497 786 1526 ,
811 1465 869 1513 et
895 1458 995 1512 sub
1022 1455 1128 1512 illis
1151 1456 1317 1511 etiam
1349 1452 1851 1526 principibusobtiv

262 1550 405 1618 nuit,
435 1562 573 1619 quos
619 1547 763 1631 nam
809 1555 1008 1602 nostra:
1041 1546 1318 1616 religionis
1344 1559 1472 1601 cura
1509 1544 1850 1603 constrinxit.

265 1640 322 1698 id
351 1647 436 1698 est
463 1646 522 1694 ut
543 1646 826 1694 serventur
844 1638 1014 1703 licita,
1044 1647 1103 1695 et
1150 1638 1252 1693 sub
1280 1644 1471 1692 vestrm
1498 1636 1723 1706 imperio
1748 1636 1854 1691 cle-

266 1729 503 1794 mentiae,
556 1730 798 1797 minime,
847 1744 967 1799 qua:
1036 1735 1166 1783 sunt
1210 1726 1415 1791 illicita,
1474 1725 1847 1781 formidentur.

1944 537 2279 593 orationibus
2304 536 2638 607 apostolatus
2657 542 2779 591 tuus
2797 534 3051 597 studium,
3069 548 3137 589 ac
3154 543 3342 589 votum
3368 546 3526 593 sum:

1944 628 2091 683 circa
2138 627 2387 693 salutem,
2436 634 2600 695 atque
2651 624 2934 694 imperium
2980 631 3225 679 nostrum
3276 622 3528 691 dignetur

1946 720 2276 790 impendere.
2307 717 2445 777 Illud
2472 725 2655 772 autem
2679 717 2870 787 pietati
2890 724 3090 773 nostra:
3118 711 3247 769 satis
3267 714 3528 783 placitum

1946 825 2067 868 esse
2088 824 2378 879 cognosce,
2400 808 2548 879 quod
2564 807 2923 863 sanctimonia
2949 807 3125 862 tua‘de
3142 804 3527 872 Ecelcsiarum,

1946 906 2041 954 aut
2061 900 2249 969 populi
2272 898 2678 971 perturbatione
2700 896 2938 952 sollicita
2958 903 3063 952 est.
3091 894 3222 962 Quae
3250 903 3309 950 ut
3335 911 3404 951 ne
3431 894 3531 965 ali-

1901 1022 1904 1026 λ
1946 1007 2052 1063 qua
2094 992 2311 1047 ratione
2342 991 2513 1062 possit
2554 989 2815 1054 invenire,
2842 988 2975 1045 satis
3010 987 3314 1048 clementia
3344 996 3533 1044 nostra

1948 1080 2179 1137 credidit
2225 1095 2347 1138 esse
2402 1081 2698 1152 provisum.
2756 1079 3001 1149 Denique
3051 1077 3386 1134 beatitudine
3440 1087 3532 1137 tua

1948 1175 2300 1248 praedicante,
2331 1175 2388 1232 id
2432 1174 2500 1231 ad
2542 1181 2860 1231 cunctorum
2914 1172 3265 1229 clericorum.
3288 1169 3535 1241 notitiam

1949 1266 2217 1324 voluimus
2235 1266 2541 1337 pervenire,
2572 1274 2631 1320 ut
2682 1265 2731 1321 si
2776 1263 2908 1334 quid
2946 1262 3093 1320 forte
3144 1260 3391 1331 religioni
3432 1271 3537 1316 tum

1953 1357 2117 1429 (quod
2151 1373 2257 1415 non
2283 1358 2558 1429 optamus)
2580 1358 2815 1413 humana
2844 1362 2992 1413 sorte
3022 1354 3330 1425 contigerit,
3360 1353 3539 1411 sciant

1948 1462 2138 1505 omnes
2184 1448 2254 1505 ab
2297 1448 2678 1505 ambitionibus
2724 1461 2847 1504 esse
2885 1445 3225 1503 cessandum.
3257 1445 3328 1501 At
3354 1444 3403 1501 si
3427 1445 3539 1503 duo

1951 1547 2141 1595 contra
2168 1540 2249 1595 fas
2274 1539 2578 1596 temeritate
2592 1546 2887 1604 certantes,
2912 1536 3113 1594 fuerint
3134 1537 3388 1602 ordinati,
3419 1538 3540 1595 nuis

1951 1629 2061 1685 lum
2111 1644 2183 1685 ex
2254 1630 2340 1685 his
2394 1629 2632 1689 futurum
2660 1629 2874 1699 penitus
2896 1626 3542 1694 sacerdotem,sedillum

1950 1718 2128 1775 solum
2155 1720 2211 1775 in
2235 1719 2363 1776 sede
2380 1719 2685 1790 apostolica
2714 1732 3140 1788 permansurum,
3161 1733 3322 1788 quem
3343 1733 3413 1773 ex
3442 1732 3542 1779 nu:

268 1819 389 1893 Ipsa
411 1820 554 1878 enim
572 1816 810 1875 Ecclesia
838 1819 1186 1875 devotionem
1208 1826 1379 1883 tuam,
1394 1816 1849 1875 Christianissime
1881 1823 1923 1883 Β
1952 1828 2104 1870 mero
2132 1812 2459 1869 clericorum
2486 1827 2628 1868 nova
2656 1811 2998 1868 ordinatione
3017 1810 3255 1866 divinum
3277 1810 3543 1880 judicium

267 1914 585 1984 imperator,
614 1926 737 1967 meo
764 1910 984 1982 quidem
1007 1925 1277 1975 sermone,
1300 1909 1397 1965 sed
1423 1924 1535 1965 suo.
1551 1907 1849 1964 venerabili

267 2004 508 2077 appellat
533 2001 748 2067 all‘ectu,
776 2017 937 2072 quam
971 2000 1218 2058 Christus
1260 2001 1402 2057 Deus
1456 2007 1665 2069 noster,
1683 2000 1849 2056 vestri

268 2094 412 2150 ﬁdus
436 2102 635 2159 rector,
665 2101 724 2149 et
746 2092 1073 2163 gubernator
1101 2091 1312 2162 imperii
1348 2090 1441 2147 uni
1466 2089 1852 2161 desponsatam

267 2184 399 2253 sibi,
426 2194 485 2241 et
505 2184 764 2240 intactam
794 2184 1051 2254 virginem
1098 2190 1281 2238 servat
1307 2199 1321 2235 :
1345 2196 1447 2238 nec
1474 2181 1529 2237 in
1556 2196 1622 2237 ea
1642 2180 1853 2250 aliquos

270 2277 554 2352 patiamini
592 2275 958 2333 insidiantium
984 2276 1346 2348 procellarum
1377 2274 1571 2331 ﬂuctus
1602 2275 1734 2332 illidi
1754 2313 1769 2341 ,
1799 2280 1855 2329 et

272 2369 514 2439 quietam
539 2367 729 2424 faciem
756 2368 1090 2438 tempestatis
1117 2367 1348 2422 insolita:
1379 2375 1591 2423 tumore
1629 2365 1852 2431 turbari,

274 2456 656 2528 gloriosissime
678 2464 735 2511 et
763 2456 1202 2526 tranquillissime
1245 2458 1540 2525 imperator
1568 2457 1805 2525 Auguste
1838 2473 1852 2510 :

274 2549 394 2620 ipsa
416 2563 566 2614 vero,
597 2562 716 2617 qua:
763 2547 855 2602 uni
900 2547 1245 2618 desponsata,
1274 2556 1453 2603 vestra
1484 2556 1663 2602 tamen
1684 2556 1859 2603 mater

276 2652 365 2698 est
402 2639 663 2705 Ecclesia,
694 2639 797 2696 hac
824 2638 1079 2711 pietatem
1110 2648 1344 2696 vestram
1374 2632 1665 2708 legatiOne,
1697 2654 1858 2709 quam

276 2734 390 2791 suis
409 2732 777 2790 sacerdotibus
820 2732 1110 2797 commisit,
1140 2733 1395 2803 appellat,
1422 2733 1694 2803 praeterita
1721 2747 1860 2803 prae-

277 2826 558 2897 scutisque
580 2824 793 2895 repetit.
823 2823 990 2879 Vobis
1028 2824 1242 2895 (inquit)
1274 2824 1524 2893 religiose
1546 2825 1861 2896 imperanti-

277 2916 385 2973 bus
429 2915 593 2972 modo
634 2922 780 2969 tutus
824 2923 909 2969 est
962 2914 1209 2985 populus,
1234 2921 1342 2969 tam
1374 2912 1510 2970 ﬁdus
1536 2914 1648 2970 Deo
1701 2929 1863 2984 quam

278 3006 515 3077 tibl,qui
552 3021 614 3062 es
668 3006 919 3077 princeps
962 3004 1319 3061 Christianus.
1351 3003 1492 3061 Ecce
1540 3006 1684 3061 enim
1725 3007 1867 3063 inter

278 3095 398 3170 ipsa
426 3096 699 3169 mysteria,
730 3098 873 3152 inter
898 3111 1085 3168 preces
1111 3111 1268 3165 suas,
1298 3110 1433 3166 quas
1463 3111 1562 3167 pro
1590 3097 1753 3154 vestri
1785 3098 1865 3154 fe-

1950 1914 2007 1962 et
2029 1903 2396 1961 universitatis
2415 1917 2710 1959 consensus
2733 1901 2976 1969 elegerit.
3001 1900 3155 1957 Unde
3178 1900 3230 1956 id
3251 1901 3544 1965 observan-

1952 1994 2080 2050 dum
2100 2003 2204 2060 est,
2229 2001 2291 2049 ut
2309 2007 2501 2049 omnes
2526 1992 2872 2062 tranquillam
2901 2000 3137 2051 mentem
3154 2029 3171 2057 ,
3203 1998 3260 2047 et
3285 1990 3546 2060 paciﬁcos

1954 2085 2163 2142 animos
2173 2100 2242 2142 ex
2255 2084 2564 2141 serenitatis
2590 2090 2791 2138 nostrae
2818 2081 3188 2137 admonitione
3214 2081 3541 2147 custodiant,

1953 2192 2056 2231 nec
2082 2175 2284 2246 aliquid
2301 2174 2574 2231 seditiosis
2591 2172 3079 2244 conspirationibus
3100 2180 3191 2228 ten
3200 2182 3315 2228 tare
3338 2187 3544 2229 conen-

1956 2278 2044 2326 tur
2063 2288 2077 2324 :
2096 2285 2219 2327 eum
2232 2278 2437 2325 eertum
2450 2269 2542 2335 sit,
2557 2268 2687 2324 nulli
2701 2268 2932 2339 partium
2945 2281 3043 2323 sua
3054 2267 3229 2323 studia
3242 2267 3543 2338 profutura.

1959 2381 2197 2454 Epistola
2237 2378 2498 2504 Bonmacii
2532 2378 2756 2448 episcopi
2784 2377 2926 2432 urbis
2973 2376 3153 2433 Romte
3186 2377 3255 2431 ad
3282 2379 3547 2449 episcenos

2030 2451 2240 2504 Gatliw.
2265 2451 2330 2504 de
2418 2452 2594 2504 exime
2620 2452 2861 2504 eoiscooo
2884 2450 3099 2504 diversis
3124 2449 3545 2504 criminibusar-

2030 2451 2240 2514 Gallus,
2265 2451 2330 2505 de
2356 2449 2594 2505 Maximo
2620 2452 2861 2521 episcopo
2884 2450 3099 2505 diversis
3124 2449 3545 2505 criminibusar-

2030 2532 2228 2578 cusato.
3022 2570 3029 2579 .
3290 2576 3295 2581 .
3458 2586 3463 2592 ,

2029 2635 2119 2693 lll.
2150 2635 2455 2692 Bonifacius
2479 2636 2782 2709 episcopus,
2825 2633 3094 2699 Patroclo,
3126 2632 3389 2703 Remigio,
3434 2632 3551 2689 Μι-
3599 2655 3603 2659 ν

1964 2726 2127 2796 xime,
2172 2720 2396 2794 Hilario,
2442 2726 2669 2801 Severo,
2723 2726 2961 2795 Valerio,
3000 2724 3236 2793 Juliano,
3276 2725 3549 2791 Castorio,

1964 2818 2236 2884 Leontio,
2282 2818 2674 2885 Constantino,
2719 2815 2953 2881 Joanni,
2988 2814 3279 2881 Montano,
3342 2814 3551 2872 Marino

1964 2909 2233 2975 Mauritio,
2257 2911 2544 2967 et‘cmteris
2581 2909 2848 2981 episcopis
2884 2922 2981 2979 per
3010 2908 3208 2965 Gallias
3230 2916 3290 2965 et
3319 2918 3549 2980 septem,

1965 3002 2273 3075 provincias
2301 3002 2627 3059 constitutis.
2682 3038 2683 3041 η
2760 3040 2763 3043 -
2806 3038 2809 3041 ι

2038 3095 2341 3151 Valentina:
2368 3109 2467 3151 nos
2491 3094 2673 3151 clerici
2698 3095 2930 3151 civitatis
2966 3096 3212 3151 adierunt
3240 3109 3551 3168 proponen-

282 3188 498 3245 licitate
544 3186 796 3258 dependit
840 3188 1071 3259 imperii,
1103 3196 1261 3253 teste,
1289 3187 1430 3257 apud
1484 3202 1645 3259 quem
1692 3199 1749 3244 et
1795 3190 1863 3246 de
1888 3190 1936 3255 ο
1970 3196 2051 3246 tes
2091 3203 2191 3260 per
2241 3188 2481 3243 libellum
2523 3187 2770 3256 crimina,
2799 3202 2920 3258 quae
2937 3188 3247 3255 Maximum,
3280 3198 3419 3244 teste
3440 3199 3553 3245 tota

279 3278 442 3349 cujus
468 3278 599 3334 sede
623 3277 812 3349 agitur,
840 3285 1027 3333 sancto
1050 3276 1231 3343 Petro,
1255 3277 1499 3334 sollicitis
1525 3294 1624 3349 pro
1651 3278 1868 3347 religio-
1968 3280 2267 3353 provincia,
2291 3284 2539 3333 asserunt
2583 3278 2919 3335 commisisse
2956 3296 2971 3331 :
3001 3278 3243 3348 delegata
3274 3279 3434 3334 toties
3459 3294 3557 3335 co-

282 3368 373 3424 nis
400 3368 739 3424 observantia
784 3368 1008 3424 vocibus
1053 3368 1272 3431 clamat,
1295 3383 1419 3424 cum
1465 3369 1694 3425 sollicita
1726 3369 1866 3440 peti-
1968 3372 2209 3442 gnitione
2230 3370 2375 3425 illum
2398 3368 2688 3425 constituta
2705 3384 2919 3439 semper
2935 3370 3317 3440 subterfugisse
3331 3369 3553 3440 judicia,
3606 3400 3609 3405 ~

283 3461 435 3516 tione
480 3461 735 3517 miscetur
780 3461 978 3528 oratio,
1037 3475 1107 3516 ne
1135 3476 1234 3517 nos
1268 3462 1321 3515 in
1349 3461 1525 3516 varias
1574 3474 1662 3516 res
1702 3461 1870 3517 semel
1970 3477 2074 3519 nec
2115 3460 2377 3517 conlisum
2424 3460 2759 3516 conscientia
2801 3460 3103 3528 festinasse,
3126 3469 3186 3516 ut
3221 3461 3268 3517 si
3297 3470 3442 3517 esset
3468 3462 3556 3516 in-

283 3550 470 3605 cvulsa
500 3549 761 3607 distrahat
785 3566 816 3605 a
842 3555 988 3607 cultu
1013 3551 1194 3618 solito,
1227 3558 1498 3608 tentatore
1522 3551 1868 3619 sollicitante,

285 3640 571 3698 discordia.
606 3644 804 3714 Ageret
830 3641 1092 3714 pluribus,
1114 3644 1366 3715 princeps
1393 3643 1867 3711 Christianissime,

286 3733 389 3789 nisi
417 3733 557 3805 apud
577 3742 631 3789 te
651 3749 869 3789 suarum
895 3744 1041 3790 esset
1066 3749 1256 3790 secura
1279 3749 1585 3800 causarum,
1610 3735 1784 3791 et‘nisi
1816 3737 1873 3791 in

286 3823 729 3893 Oppressionibus
750 3823 1035 3890 idolorum,
1068 3825 1122 3880 in
1164 3825 1542 3881 hatretieorum
1570 3828 1871 3883 correctio-

287 3915 466 3981 nibus,
499 3916 607 3971 fide
659 3925 773 3986 tua,
804 3916 989 3973 divino
1040 3917 1189 3973 cultu
1234 3917 1440 3987 pariter
1478 3934 1600 3973 cum
1648 3919 1873 3988 imperio

285 4019 502 4075 semper
523 4005 769 4073 florente,
798 4007 1034 4064 vicisset.
1064 4007 1239 4063 Habet
1260 4004 1545 4077 refugium,
1577 4009 1725 4078 pium
1770 4018 1875 4065 tute

287 4098 714 4153 mansuetudinis
743 4099 1001 4164 animum,
1033 4114 1155 4154 eum
1177 4112 1289 4154 sum
1317 4100 1593 4168 religionis
1643 4115 1873 4156 venera-

290 4189 440 4244 tione
468 4189 834 4258 conjunctum.
863 4189 997 4245 Cum
1026 4189 1287 4260 quidquid
1327 4190 1451 4245 huic
1482 4191 1748 4259 proticiat,
1779 4206 1877 4247 vos

290 4281 486 4350 agatis,
518 4280 806 4337 conferatis
834 4282 1107 4351 fratribus,
1138 4290 1193 4338 et
1220 4281 1701 4338 consacerdotibus
1722 4284 1876 4350 meis,

291 4371 690 4442 probatissimis
716 4372 866 4437 viris,
898 4389 929 4427 a
950 4389 1038 4428 me
1078 4381 1135 4428 et
1180 4373 1248 4427 ab
1271 4372 1539 4439 omnibus,
1569 4374 1661 4445 qui
1690 4372 1878 4430 Eccle-

291 4460 431 4514 siatn
487 4460 692 4515 faciunt
742 4462 1060 4527 istiusmodi,
1092 4461 1286 4529 legatis
1329 4464 1523 4531 quibus
1568 4479 1874 4534 precamur,

1973 3567 2194 3618 nocens,
2218 3551 2539 3608 examinatis
2565 3552 2833 3618 omnibus,
2884 3560 3224 3623 purgaretur,
3251 3565 3371 3622 qua:
3394 3551 3557 3608 toties

1972 3649 2215 3717 decreta,
2231 3662 2297 3703 ex
2314 3654 2614 3703 nostrarum
2635 3660 2851 3716 quoque
2873 3649 3177 3702 chartarum
3204 3646 3559 3701 instructions

1975 3739 2347 3811 cognovimus.
2376 3738 2479 3805 Qui
2502 3738 2808 3795 econtrario
2838 3738 3087 3809 probavit
3108 3737 3176 3794 de
3195 3737 3372 3794 scilla
3391 3779 3406 3802 ,
3439 3750 3558 3807 qua:

1975 3831 2116 3888 dicta
2142 3839 2286 3896 sunt,
2312 3831 2437 3900 quia
2466 3831 2533 3885 ad
2563 3845 2628 3885 ea
2654 3828 3000 3895 confutanda,
3034 3845 3155 3885 cum
3192 3838 3375 3885 essent
3398 3829 3556 3883 innu-

1976 3936 2143 3988 mera,
2175 3936 2208 3977 a
2253 3921 2627 3977 decessoribus
2674 3921 2809 3976 meis
2846 3919 3191 3990 provincialis
3211 3928 3295 3975 est
3316 3919 3560 3987 delegata

1978 4012 2235 4082 cognitio.
2267 4011 2579 4069 Conventus
2606 4012 2767 4066 etiam
2809 4011 3008 4067 dicitur
3030 4012 3260 4068 evitasse
3285 4020 3342 4067 et
3369 4010 3560 4067 adesse

1978 4106 2200 4162 minime
2218 4104 2475 4172 voluisse,
2498 4113 2554 4159 et
2578 4103 2755 4158 nullus
2780 4103 2989 4157 dubitat
3027 4104 3170 4171 quod
3193 4104 3267 4158 ita
3299 4102 3561 4172 judicium

1979 4211 2185 4252 nocens
2230 4194 2580 4263 subterfugit,
2614 4193 3067 4263 quemadmodum
3120 4203 3181 4249 ut
3231 4193 3556 4260 absolvatur,

1980 4287 2074 4357 qui
2121 4292 2206 4343 est
2242 4286 2523 4352 innocens,
2549 4285 2762 4355 qumrit.
2792 4283 2899 4341 Sed
2942 4293 3118 4339 astuta
3156 4284 3426 4341 cavillatio
3466 4300 3563 4341 eo-

1980 4393 2121 4441 rum,
2146 4378 2237 4447 qui
2278 4376 2511 4432 versutis
2564 4374 2828 4444 agendum
2870 4376 3094 4430 credunt
3136 4390 3254 4431 esse
3304 4376 3567 4444 consiliis,

1984 4484 2260 4538 nunquam
2329 4468 2653 4524 innocentia:
2722 4481 2917 4524 nomen
2975 4467 3224 4539 accipiet.
3266 4467 3565 4526 Confitetur

291 4564 460 4606 saeue
488 4564 708 4605 causam
730 4551 1002 4621 religionis
1024 4553 1494 4625 prosequentibus,
1534 4552 1587 4606 in
1623 4553 1755 4609 urbe
1788 4568 1880 4608 ve-
1912 4572 1961 4633 ι)
1985 4560 2129 4615 enim
2155 4559 2225 4615 de
2248 4559 2521 4627 omnibus,
2549 4558 2794 4629 quisquis
2823 4574 2885 4615 se
2908 4559 3280 4629 subterfugere
3303 4559 3565 4631 judicium

295 4652 422 4699 stra?
436 4644 883 4712 mansuetudinis,
900 4645 1006 4700 hoc
1020 4646 1221 4711 animo,
1240 4660 1349 4713 quo
1383 4645 1668 4714 postulatis
1694 4646 1885 4700 ammi-

1986 4650 2333 4706 dilationibus
2357 4659 2531 4721 putat.
2558 4650 2750 4707 Veniet
2776 4651 3064 4721 aliquando
3112 4661 3291 4709 tamen
3340 4653 3450 4721 ille,
3474 4654 3567 4724 qui

296 4735 387 4800 tis,
420 4735 472 4789 in
503 4744 820 4806 perpetuum
863 4736 1027 4791 statui
1057 4733 1374 4792 universalis
1400 4733 1655 4792 Ecclesia:
1687 4752 1885 4792 consu-
1986 4741 2111 4797 talis
2132 4741 2463 4811 perhibetur,
2491 4742 2547 4797 in
2597 4741 2853 4808 medium,
2886 4759 2987 4800 nec
3034 4745 3254 4815 prodest
3300 4745 3378 4801 illi
3409 4746 3569 4803 toties

295 4825 441 4881 latis.
468 4826 657 4879 Datum
687 4826 791 4881 cal.
822 4824 996 4881 Iuliis.

297 4937 632 5011 Rescriptum
661 4938 887 4993 Honorii
931 4942 1146 5011 Augusti
1175 4940 1244 4993 ad
1292 4936 1640 5011 Bonifaciunt,
1690 4958 1881 5011 papam

376 5007 665 5061 Romanum
696 5026 714 5063 :
738 5012 790 5061 in
814 5006 1140 5079 quO‘stdtuit,
1172 5019 1225 5062 ut
1260 5011 1303 5063 si
1344 5006 1510 5063 denuo
1554 5006 1730 5064 Romo:
1761 5006 1884 5079 tepi-

370 5079 516 5149 scopi
538 5080 762 5132 ordinati
785 5081 975 5150 fuerint
1000 5080 1121 5147 duo,
1146 5079 1293 5134 ambo
1307 5082 1370 5135 de
1387 5082 1591 5134 civitate
1604 5082 1883 5150 pellantur.

371 5192 435 5246 ll.
458 5192 643 5247 Victor
671 5190 959 5258 Honorius,
987 5192 1218 5263 inclytus
1253 5193 1633 5262 triumphator,
1664 5207 1883 5263 semper

301 5282 594 5351 Augustus,
622 5291 812 5338 sancto
858 5298 922 5337 ac
964 5283 1258 5337 venerabili
1288 5282 1585 5346 Bonifacio,
1618 5301 1765 5356 papa:
1796 5302 1885 5341 ur-

304 5377 389 5433 bis
400 5374 924 5446 alterum—Scripta
940 5374 1284 5429 beatitudinis
1307 5383 1412 5428 tuae
1439 5376 1616 5430 debita
1633 5393 1885 5432 reveren-

306 5466 397 5521 tite
424 5463 783 5533 gratulatione
810 5464 1146 5534 suscepimus
1180 5481 1191 5516 :
1225 5463 1417 5535 quibus
1445 5466 1743 5532 recensitis,
1770 5466 1883 5535 egi-

304 5571 425 5613 mus
453 5555 808 5627 omnipotenti
836 5554 947 5610 Deo
970 5555 1229 5609 maximas
1249 5554 1466 5623 gratias,
1492 5554 1634 5623 quod
1685 5557 1888 5611 sancti-

304 5652 543 5707 muniam
566 5660 712 5705 tuam
739 5661 860 5721 post
882 5650 1097 5719 longum
1124 5648 1519 5704 incommodum
1549 5657 1745 5719 optata:
1768 5650 1889 5705 red-

306 5740 475 5799 ditam
504 5742 789 5799 didicimus
810 5743 1046 5803 sanitati.
1080 5739 1144 5797 Et
1172 5742 1292 5797 ideo
1314 5742 1706 5797 revertentibus
1726 5757 1890 5797 vene-

311 5831 573 5891 rabilibus
600 5833 730 5888 viris
783 5834 1034 5903 gaudium
1079 5843 1321 5890 nostrum
1373 5849 1647 5890 sacrorum
1679 5835 1891 5907 apicum

525 5926 793 5995 ΡΑτιιοι.
874 5924 1123 5988 LXVII.

1986 4835 2228 4898 latuisse,
2295 4833 2454 4890 toties
2506 4828 2936 4903 subte‘rfugissc‘,
2981 4851 3140 4907 quem
3190 4838 3273 4893 sui
3313 4849 3466 4893 actus
3513 4846 3570 4892 et

1992 4925 2277 4980 commissa
2328 4937 2652 4994 quocunque
2710 4925 2925 4997 fugerit,
2966 4942 3029 4983 ea
3074 4943 3194 4998 qua:
3240 4929 3569 4998 objiciuntur

1992 5016 2086 5081 illi,
2108 5017 2155 5071 si
2194 5031 2321 5071 vera
2369 5025 2513 5082 sunt,
2546 5016 2769 5072 crimina
2816 5030 3230 5090 persequuntur.
3262 5021 3566 5077 Debueram

1990 5105 2208 5176 quidem
2250 5104 2361 5172 jam
2392 5121 2533 5160 nunc
2575 5105 2789 5177 dignam
2815 5124 2915 5179 pro
2937 5110 3052 5180 ejus
3084 5112 3350 5167 accusatis
3383 5112 3436 5166 in
3467 5125 3567 5166 no-

1990 5203 2104 5251 stro
2125 5196 2330 5266 judicio
2382 5197 2609 5263 actibus,
2636 5199 2747 5267 qui
2777 5201 3139 5270 cognitionem
3190 5209 3246 5256 et
3278 5201 3567 5259 decretum

1961 5369 1965 5373 Ἦ
1988 5286 2227 5355 judicum
2272 5303 2414 5359 smpe
2442 5288 2759 5346 declinando
2789 5291 3015 5347 credidit
3061 5291 3405 5362 illudcndum,
3429 5294 3568 5353 ferre

1992 5379 2313 5433 sententiam
2332 5397 2347 5445 ;
2366 5379 2499 5450 atfne
2515 5380 2704 5451 aliquis
2724 5397 3021 5450 praecocem
3043 5380 3262 5438 forsitan
3279 5383 3567 5457 judicarct,

1993 5478 2049 5526 et
2068 5472 2189 5538 sibi,
2218 5471 2308 5541 qui
2335 5472 2525 5526 absens
2554 5479 2655 5537 est,
2688 5472 2815 5527 licet
2838 5473 2907 5528 sit
2931 5473 3183 5543 quaesitus
3212 5491 3243 5530 a
3272 5476 3447 5545 nobis,
3478 5494 3573 5537 rc.

1960 5571 2265 5633 servatum
2313 5578 2433 5618 esse
2476 5564 2607 5618 nihil
2651 5563 2875 5631 diceret,
2929 5565 3231 5633 maluimus,
3260 5569 3571 5641 intercape-

1996 5656 2120 5711 dine
2142 5655 2397 5725 tcmporis
2427 5653 2571 5722 data,
2618 5654 2838 5721 differri,
2870 5671 2990 5710 cum
3020 5656 3125 5712 hoc
3148 5659 3309 5715 etiam
3334 5660 3450 5730 ejus
3471 5664 3573 5715 ac-

1998 5754 2275 5802 cusatores
2319 5753 2639 5801 assererent.
2673 5745 2749 5801 De
2778 5746 2929 5817 cujus
2961 5738 3348 5810 intentionibus
3376 5760 3427 5806 et
3452 5765 3571 5806 mo-

1994 5835 2145 5893 ribus
2185 5837 2254 5893 sit
2300 5851 2568 5906 securum,
2601 5837 2886 5897 Maximum
2910 5848 3059 5898 tanto
3082 5844 3248 5910 magis
3269 5840 3573 5921 damnanda,

3143 5931 3183 5994 0
