4092 6348
600 341 696 396 267

1864 339 2217 397 DIONYSIUS
2253 341 2409 398 EXIG
2421 341 2553 397 liUS

3743 345 3856 400 368

596 459 949 522 committere,
997 468 1198 527 quanto
1252 458 1457 513 tardius
1507 472 1568 513 se
1621 458 1916 519 constituto
1959 458 2164 526 judicio
2193 465 2234 520 Α
2265 473 2434 527 scopo
2463 456 2814 512 Narbonensi.
2846 452 3126 511 Difiicilem
3155 453 3370 524 quidem
3395 453 3552 510 fidem
3572 456 3870 525 querimo-.

596 556 958 618 prmsentarct.
1005 547 1172 614 Quem
1226 547 1639 603 Manichaeorum
1687 547 1986 602 involutum
2039 547 2169 602 cali-

596 640 717 708 gine
756 649 1000 707 arguunt,
1033 641 1170 710 turpi
1217 649 1362 694 secta
1417 640 1566 704 olim,
1596 639 1668 694 ita
1715 655 1784 694 ne
1830 655 1954 694 eum
2001 641 2171 709 possit

595 731 812 786 abluere
831 731 1065 785 animum
1087 731 1301 786 sordida
1323 747 1384 786 se
1405 732 1798 802 improbatione
1818 731 2046 801 objecta:
2065 733 2165 798 rei,

593 829 740 890 gesta
775 821 1047 892 synodalia
1077 823 1428 892 profcnentes,
1455 831 1510 879 et
1549 824 1848 879 commissis
1872 824 2170 878 involutum

594 913 825 982 undique
853 911 1097 982 flagitiis;
1127 914 1328 968 nullum
1349 915 1492 968 enim
1521 915 1768 970 sanitatis
1789 914 2038 969 habuisse
2084 928 2170 970 re-

592 1013 858 1074 spectum,
883 1021 1042 1074 quem
1071 1005 1252 1062 furore
1301 1021 1401 1062 suo
1443 1015 1500 1061 et
1556 1007 1741 1061 insana
1774 1005 2080 1061 temeritate
2103 1005 2171 1061 ad

591 1097 924 1152 arcularium
969 1111 1185 1166 quoque
1247 1097 1489 1166 iudicum
1559 1098 1843 1151 tribunalia
1899 1095 2170 1150 subditum

590 1186 896 1255 quaestioni,
927 1186 1070 1256 quod
1101 1186 1152 1240 in
1185 1187 1273 1240 vili
1303 1201 1520 1257 quoque
1547 1201 1777 1256 persona
1808 1186 2169 1255 turpissimum

590 1286 694 1342 est,
719 1277 1013 1347 objicerent
1039 1279 1348 1348 pervenisse
1369 1289 1423 1333 et
1443 1279 1715 1334 homicidii
1738 1279 2054 1332 damnatum
2084 1292 2171 1332 as-

592 1379 782 1425 serunt
820 1372 986 1439 gestis
1039 1371 1264 1441 prolatis
1317 1371 1372 1426 in
1425 1371 1684 1426 medium.
1714 1370 1782 1424 Et
1809 1371 1952 1425 hunc
1982 1370 2166 1434 talem,

591 1470 714 1531 post
739 1469 884 1516 tanta
911 1462 1143 1530 taliaque
1163 1461 1468 1525 commissa,
1499 1461 1841 1531 episcopatus
1869 1461 2044 1516 adhuc
2069 1459 2171 1514 sibi

591 1571 785 1610 nomen
813 1555 865 1610 in
890 1557 1000 1610 suis
1019 1556 1260 1611 latibulis
1285 1555 1578 1620 vindicare,
1610 1558 1663 1610 in
1707 1557 1936 1626 propria:
1983 1556 2172 1612 civita-

590 1647 662 1700 tis
716 1647 1009 1712 infamiam,
1068 1647 1248 1703 nimiis
1306 1645 1586 1701 doloribus
1635 1655 2059 1715 conqueruntur,
2115 1651 2172 1699 et

588 1746 836 1792 sanctum
858 1753 1056 1792 nomen
1087 1737 1410 1792 vindicando
1435 1736 1536 1791 sibi
1566 1736 1704 1792 velle
1721 1736 1984 1806 polluere.
2017 1735 2173 1790 Ideo-

2271 548 2375 602 niis
2401 547 2823 612 commodamus,
2854 561 3080 616 quarum
3105 548 3414 603 sacerdotes
3434 547 3644 602 Domini
3669 550 3855 618 pulsat

2271 642 2536 698 intentio:
2593 642 2844 706 maxime,
2901 657 3024 697 cum
3074 657 3169 696 eos
3223 642 3514 711 loquuntur
3567 643 3854 712 quidpiam

2272 745 2461 790 contra
2489 733 2707 789 Palmm
2743 743 2942 790 statuta
2972 743 3230 800 tentasse,
3275 734 3370 788 sed
3413 733 3722 803 frequenter
3753 736 3868 790 has

2275 826 2490 892 asserit,
2548 827 2688 881 sicut
2742 840 2906 886 nunc,
2963 825 3250 880 multitudo
3301 825 3660 881 causantium.
3705 823 3856 882 Ecce

2272 918 2438 980 enim,
2468 928 2525 972 ut
2548 917 2787 974 charitas
2816 926 2904 971 tua
2944 917 3279 985 recognoscit
3306 933 3373 972 es
3401 918 3647 984 subditis,
3682 918 3857 974 Lutu-

2273 1007 2456 1062 bensis
2493 1005 2741 1062 Ecclesia:
2775 1007 2905 1062 clcri
2934 1007 3088 1074 ordo,
3136 1007 3224 1062 vel
3269 1007 3442 1078 plebis
3481 1024 3671 1078 preces
3697 1025 3852 1076 suas,

2271 1097 2356 1154 vel
2400 1098 2665 1168 lacrymas
2688 1097 2755 1151 ad
2786 1113 2903 1156 nos.
2952 1108 3209 1167 quantum
3253 1099 3410 1154 datur
3439 1101 3684 1170 intelligi,
3735 1117 3860 1156 ma-

2271 1203 2377 1258 gno
2415 1203 2535 1244 cum
2577 1189 2762 1244 dolore
2816 1190 3120 1257 miserunt,
3175 1189 3417 1245 dicentes
3461 1193 3854 1262 coepiscopum

2271 1290 2513 1335 nostrum
2533 1277 2858 1344 Patroclum,
2881 1295 2977 1334 sua
2999 1280 3258 1349 petitione
3284 1289 3550 1344 cessante,
3581 1283 3632 1336 in
3665 1283 3854 1338 locum

2271 1369 2582 1426 decedentis
2609 1369 2869 1439 episctipi,
2903 1370 3084 1424 nescio
3112 1385 3295 1439 quem,
3337 1370 3390 1425 in
3419 1370 3593 1424 aliena
3622 1373 3860 1440 provin-

2271 1464 2372 1527 cia,
2415 1462 2774 1533 przctermisso
2801 1462 3248 1532 metropolitano,
3295 1470 3484 1518 contra
3513 1461 3730 1516 Patrum
3763 1478 3858 1517 τες

2271 1555 2421 1624 gulas
2447 1554 2762 1619 ordinasse;
2809 1553 2955 1622 quod
2999 1569 3335 1623 nequaquam
3375 1569 3668 1641 possumus
3705 1552 3858 1608 ferre

2271 1645 2560 1716 patienter,
2590 1644 2716 1714 quia
2739 1645 2991 1700 convenit
3019 1660 3118 1700 nos
3139 1653 3483 1714 paternarum
3505 1645 3857 1700 sanctionutn

2271 1737 2553 1805 diligentes
2580 1752 2698 1792 esse
2722 1736 2993 1793 custodes.
3031 1736 3170 1790 Nulli
3210 1735 3410 1792 etenim
3437 1734 3651 1790 videtur
3693 1735 3860 1790 inco-

586 1843 718 1897 que,
743 1827 936 1883 fratres
979 1827 1301 1892 charissimi,
1329 1827 1455 1896 quia
1485 1826 1783 1882 audiendus
1811 1826 1898 1881 hic
1936 1842 2172 1896 prmsen-
2201 1834 2248 1894 Β
2275 1829 2420 1897 gnita
2460 1827 2651 1899 synodi
2679 1827 2991 1882 constitutio
3029 1821 3286 1882 Nicaeum:
3335 1839 3456 1894 qlia:
3483 1827 3556 1879 ita
3583 1824 3858 1894 prtecipit,

591 1929 710 1973 tare
742 1934 801 1972 se
830 1917 1022 1984 noluit,
1055 1932 1122 1972 ne
1150 1916 1430 1971 convictus
1450 1915 1671 1971 forsitan
1701 1917 1769 1970 ab
1794 1917 2172 1972 accusantibus

599 2023 660 2062 se
687 2007 919 2074 clericis,
950 2014 1132 2075 posset
1157 2005 1316 2075 digna
1347 2005 1585 2070 tandem,
1617 2005 1904 2075 aliquando
1933 2020 2169 2074 praesen-

591 2106 737 2152 tatus
768 2138 782 2161 ,
827 2096 1116 2166 episcopali
1164 2095 1367 2164 judicio
1423 2095 1880 2164 pronuntiationis
1919 2109 2170 2163 congrum

591 2189 736 2244 feriri
764 2187 1044 2243 sententia.
1069 2187 1385 2257 Quanquam
1409 2187 1505 2250 illi,
1538 2203 1659 2242 cum
1684 2187 1799 2241 haec
1824 2186 2020 2242 edocta
2049 2187 2168 2242 fue-

589 2281 718 2343 rint,
747 2295 868 2350 qute
911 2288 1087 2349 potest
1116 2279 1274 2347 hujus
1301 2279 1534 2334 nominis
1551 2293 1671 2333 esse
1695 2277 1926 2346 jactura,
1951 2276 2042 2345 qui
2071 2293 2171 2346 pu-

588 2370 775 2426 dorem
824 2384 1095 2438 nunquam
1144 2368 1395 2423 habuisse
1433 2367 1724 2423 sacerdotii
1755 2367 2082 2436 perhibetur,
2114 2375 2171 2421 et

585 2464 768 2518 locum
789 2478 942 2518 suum
972 2477 1040 2517 ne
1062 2462 1276 2517 modico
1302 2460 1518 2531 quidem
1551 2470 1796 2530 tempore
1825 2457 2124 2514 custodisse
2152 2476 2164 2512 :

593 2555 904 2610 dilationem
934 2554 1196 2618 dedimus,
1217 2563 1271 2609 et
1304 2554 1638 2609 decrevimus
1692 2562 1926 2607 vestrum
1972 2551 2169 2606 debere

585 2644 730 2698 intra
752 2643 1084 2714 provinciam
1129 2659 1250 2700 esse
1293 2643 1572 2712 judicium,
1597 2651 1654 2698 et
1669 2642 1981 2712 congregari
2013 2656 2170 2713 syno-

590 2736 716 2790 dum
738 2747 862 2791 ante
899 2735 1040 2792 diem
1082 2737 1427 2792 calendarum
1454 2736 1864 2801 Novembrium,
1917 2745 1974 2791 ut
1998 2737 2043 2792 si
2073 2736 2168 2792 acl-

581 2841 715 2883 -esse
763 2827 1011 2892 voluerit,
1043 2844 1300 2898 praesens,
1330 2830 1376 2883 si
1400 2827 1643 2894 conﬁdit,
1697 2829 1768 2884 ad
1815 2829 2024 2898 objecta
2077 2843 2163 2884 rc-

585 2915 850 2983 spondeat
877 2933 893 2980 ;
922 2916 970 2970 si
997 2917 1186 2972 adesse
1211 2916 1530 2985 neglexerit,
1558 2917 1866 2974 dilationem
1889 2919 2167 2972 sententiae

583 3003 656 3058 de
680 3004 921 3058 absentia
942 3021 1046 3060 non
1092 3006 1362 3061 lucretur:
1388 3021 1511 3062 nam
1524 3006 1864 3062 manifestum
1889 3014 1972 3061 est
1999 3006 2167 3062 conli-

587 3095 689 3150 teri
716 3109 840 3150 eum
867 3093 937 3150 de
965 3095 1207 3162 crimine,
1237 3095 1328 3165 qui
1374 3095 1583 3152 indulto
1627 3103 1683 3151 et
1731 3097 1890 3151 toties
1916 3095 2165 3164 delegato

2272 1927 2333 1974 ut
2357 1918 2545 1975 eadem
2577 1919 2792 1990 proprie
2820 1918 2982 1972 verba
3019 1932 3305 1987 pommus,
3348 1932 3446 1986 per
3496 1930 3862 1983 unamquam-

2269 2025 2377 2080 que
2401 2010 2736 2081 provinciam
2761 2009 2850 2078 jus
2876 2009 3320 2078 metropolitanos
3360 2007 3599 2076 singulos
3645 2006 3860 2061 habere

2265 2101 2482 2164 debere,
2508 2117 2610 2158 nec
2635 2102 2886 2170 cuiquam
2914 2101 3048 2156 duas
3075 2114 3196 2156 esse
3224 2098 3512 2168 subiectas,
3557 2097 3701 2167 quod
3729 2096 3850 2164 illi,

2267 2193 2394 2263 quia
2425 2193 2584 2248 aliter
2611 2190 2938 2249 credendum
2967 2205 3074 2245 non
3103 2198 3187 2244 est
3205 2230 3222 2256 ,
3268 2187 3610 2250 servandum,
3654 2195 3863 2241 sancto

2267 2282 2472 2353 Spiritu
2499 2291 2840 2353 suggerente,
2870 2281 3086 2336 sibimet
3104 2286 3446 2335 censuerunt.
3482 2275 3651 2341 Unde,
3681 2275 3862 2330 frater

2268 2376 2602 2438 cbarissime,
2631 2376 2677 2431 si
2706 2376 2777 2430 ita
2805 2389 2894 2430 res
2917 2382 3063 2442 sunt,
3093 2381 3149 2429 et
3166 2371 3457 2429 Ecclesiam
3484 2371 3860 2440 supradictam

2268 2468 2557 2539 provincia
2578 2477 2680 2522 tua:
2701 2469 2854 2522 limes
2876 2465 3132 2529 includat,
3156 2473 3338 2520 nostra
3361 2463 3680 2519 auctoritate
3699 2477 3860 2516 com-

2267 2561 2531 2626 munitus,
2581 2559 2722 2628 quod
2757 2557 2971 2627 quidem
3003 2555 3180 2610 facere
3203 2563 3398 2624 sponte
3424 2553 3669 2618 deberes,
3708 2550 3860 2607 desis

2266 2649 2430 2706 deriis
2459 2649 2868 2718 supplicantium
2907 2654 2964 2702 et
3012 2645 3290 2700 voluntate
3319 2653 3564 2712 respecta
3591 2641 3655 2696 ad
3697 2656 3860 2696 eum-

2267 2740 2391 2796 dem
2446 2741 2620 2796 locum
2653 2740 2703 2792 in
2734 2753 2842 2808 quo
2871 2736 3142 2792 ordinatio
3183 2734 3304 2790 talis
3331 2733 3597 2792 celebrata
3625 2731 3858 2796 dicitur,

2268 2832 2670 2903 metropoiitani
2715 2831 2836 2900 jure
2863 2830 3122 2892 munitus,
3171 2837 3228 2884 et
3263 2824 3712 2897 praeceptiouibus
3737 2839 3857 2878 no-

2267 2925 2394 2981 stris
2420 2924 2583 2977 fretus
2603 2920 2822 2985 accede,
2848 2919 3150 2986 intelligens
3169 2917 3392 2972 arbitrio
3413 2923 3526 2975 tuo,
3549 2910 3858 2967 secundum

2267 3015 2478 3082 regulas
2504 3011 2743 3076 Patrum,
2795 3023 3126 3081 quaecunque
3167 3005 3405 3062 facienda
3440 3012 3583 3068 sunt,
3622 3017 3653 3056 a
3682 3001 3857 3056 nobis

2263 3119 2390 3161 esse
2434 3117 2710 3168 concessa,
2757 3100 2831 3156 ita
2877 3108 2936 3154 ut
2983 3098 3214 3168 peractis
3255 3095 3506 3150 omnibus
3533 3090 3856 3163 apostolica

584 3186 801 3254 judicio,
825 3184 1087 3256 purgandi
1112 3201 1171 3243 se
1192 3186 1478 3244 occasione
1507 3202 1615 3244 non
1636 3187 1836 3244 utitur.
1857 3186 1998 3243 Nihil
2023 3187 2165 3244 enim
2192 3195 2236 3255 ς
2268 3195 2408 3260 sedi,
2438 3192 2696 3264 quidquid
2716 3190 2991 3257 statueris,
3023 3197 3076 3243 te
3116 3186 3383 3243 referente
3427 3184 3703 3246 clam“,
3750 3182 3856 3236 cui

589 3278 832 3342 interest,
883 3287 1058 3334 utrum
1107 3280 1159 3334 in
1200 3282 1450 3350 prtesenti
1504 3281 1752 3337 examine
1798 3281 1998 3347 omnia,
2047 3296 2166 3351 qua:

588 3364 904 3436 dictasunt,
929 3367 1364 3438 comprobentur,
1390 3384 1511 3425 cum
1541 3371 1656 3442 ipsa
1701 3385 1920 3441 quoque
1945 3369 2164 3428 confes-

589 3457 741 3513 sione
769 3468 1053 3528 procurata
1093 3460 1254 3517 toties
1300 3470 1514 3518 constet
1554 3462 1818 3519 absentia.
1846 3463 1956 3522 Nos
1985 3474 2166 3522 autem

590 3565 687 3620 per
713 3567 899 3607 omnes
926 3552 1228 3622 provincias
1273 3553 1480 3610 litteras
1509 3555 1816 3624 dirigemus,
1848 3572 1915 3612 ne
1943 3571 2169 3614 excusa-

591 3641 790 3697 tionem
815 3643 916 3698 sibi
939 3643 1288 3712 ignorationis
1316 3645 1576 3702 obtendat
1601 3665 1614 3699 :
1647 3655 1705 3702 ut
1729 3647 1796 3702 ad
1838 3647 2167 3717 provinciam

590 3732 775 3788 venire
803 3741 1045 3801 cogatur,
1069 3741 1124 3790 et
1164 3733 1272 3790 illic
1299 3749 1358 3790 se
1393 3736 1688 3791 constituto
1725 3745 2055 3806 pimsentare
2077 3737 2169 3806 ju-

589 3822 752 3876 dicio.
799 3821 1067 3892 Quidquid
1097 3833 1276 3881 autem
1306 3832 1484 3879 vestra
1513 3825 1748 3882 charitas
1773 3826 1842 3881 de
1881 3827 1981 3882 hac
2005 3842 2166 3882 causa

589 3914 800 3969 duxerit
827 3914 1244 3982 decernendum,
1267 3931 1390 3970 cum
1440 3917 1506 3974 ad
1562 3934 1662 3973 nos
1709 3917 1934 3974 relatum
1985 3918 2163 3985 fuerit,

589 4012 792 4071 nostra,
825 4013 883 4061 ut
905 4006 1182 4072 condecet,
1205 4021 1428 4062 necesse
1452 4018 1534 4062 est
1553 4009 1876 4064 auctoritate
1905 4007 2164 4066 firmetur.

591 4097 784 4152 Datum
814 4098 915 4153 sub
949 4098 1036 4154 die
1083 4099 1203 4154 idus
1230 4098 1394 4164 Junii,
1421 4098 1670 4156 Honaxio
1698 4117 1749 4156 v.
1781 4116 1831 4156 c.
1855 4115 2005 4158 cons.
2037 4101 2161 4174 (An.

587 4187 778 4244 Christi
803 4189 924 4244 tia.
935 4195 956 4260 )

589 4296 658 4353 Ut
678 4300 732 4352 in
751 4315 1056 4370 unaquaque
1082 4299 1347 4368 provincia
1367 4315 1534 4362 nemo,
1564 4308 1855 4370 contempto
1873 4299 2166 4369 metropoli-

991 4381 1132 4432 tano,
1163 4371 1429 4439 episcopus
1460 4371 1749 4423 ordinetur.

655 4461 743 4516 IV.
770 4460 1094 4530 Bonifacius,
1118 4466 1402 4534 episcopus
1430 4465 1576 4518 urbis
1602 4463 2023 4529 RomteJlilario
2045 4462 2162 4534 epi-

2271 3286 2437 3341 totius
2458 3282 2747 3354 provincia:
2774 3280 3166 3337 ordinationem
3191 3277 3358 3346 liquet
3376 3289 3494 3331 esse
3515 3273 3854 3330 mandatam.

2270 3375 2443 3430 Nemo
2469 3388 2600 3443 ergo
2627 3387 2814 3428 eorum
2863 3369 3124 3426 terminos
3149 3366 3328 3424 audax
3359 3375 3648 3422 temerator
3673 3377 3854 3418 esce-

2270 3467 2387 3534 dat,
2436 3481 2538 3522 nec
2583 3463 2778 3535 aliquid
2821 3463 2874 3519 in
2921 3463 3135 3518 illorum
3176 3458 3559 3516 contumeliam
3599 3455 3856 3528 partibus

2271 3560 2402 3624 suis,
2458 3573 2580 3628 quae
2626 3557 2728 3613 sibi
2783 3571 2890 3611 non
2942 3554 3192 3610 videntur
3237 3565 3519 3612 conoessa,
3566 3546 3850 3608 defendat.

2271 3647 2460 3705 Cesset
2510 3645 2813 3716 huiusmodi
2860 3659 3045 3714 pressa
3100 3650 3286 3698 nostra
3335 3640 3654 3696 auctoritate
3696 3653 3849 3708 pm

2269 3741 2506 3811 sumptio
2534 3753 2748 3804 eorum,
2786 3737 2878 3806 qui
2925 3736 3062 3792 ultra
3105 3735 3307 3791 licitum
3356 3749 3468 3789 suae
3507 3732 3732 3786 limitem
3760 3730 3855 3784 di-

2269 3834 2488 3904 gnitatis
2516 3829 2828 3886 extendunt.
2869 3826 3023 3895 Quod
3054 3828 3249 3883 idcirco
3278 3826 3522 3890 dicimus,
3563 3832 3618 3878 ut
3647 3822 3851 3878 adver-

2271 3932 2350 3978 tat
2377 3923 2614 3979 charitas
2643 3929 2733 3976 tua
2757 3919 2894 3975 adeo
2915 3934 3015 3974 nos
3033 3933 3299 3974 canonum
3321 3924 3586 3986 praecepta
3605 3927 3852 3976 servare,

2271 4025 2330 4070 ut
2358 4017 2430 4070 ita
2456 4012 2769 4068 constitutio
2797 4025 3012 4080 quoque
3051 4017 3234 4064 nostra
3275 4006 3530 4062 deﬁniat:
3577 4012 3856 4074 quatenus

2267 4103 2669 4176 metropolitani
2703 4102 2785 4157 sui
2817 4114 3148 4170 unaquatque
3194 4098 3463 4168 provincia
3511 4097 3566 4150 in
3593 4094 3853 4150 omnibus

2265 4200 2426 4254 rebus
2446 4197 2840 4253 ordinationem
2861 4209 3076 4263 semper
3103 4198 3403 4261 exspectet.
3442 4189 3634 4244 Datum
3662 4203 3695 4242 v
3720 4185 3856 4240 ldus

2268 4288 2565 4352 Februarii,
2611 4287 2845 4342 dominis
2881 4285 3078 4340 nostris
3106 4281 3345 4338 Honorio
3391 4297 3482 4335 xm
3511 4287 3566 4334 et
3593 4276 3849 4334 Theodo‘

2265 4380 2346 4435 sio
2377 4395 2410 4432 χ
2439 4377 2706 4446 Augustis,
2738 4376 3065 4432 consulibus.
3097 4375 3216 4446 (An.
3244 4372 3434 4426 Christi
3456 4368 3604 4440 422.)

2241 4575 3841 4606 Μ

1645 4695 2009 4758 DECRETA
2061 4692 2513 4759 COELESTINI
2561 4689 2803 4751 PAPE.

588 4903 665 4958 De
695 4901 947 4968 Prospero
970 4913 1016 4959 et
1048 4904 1276 4970 Hilario,
1316 4905 1401 5027 (pi
1428 4902 1676 4973 quosdam
1721 4901 1912 4960 Gallia:
1933 4901 2157 4974 presby-
2187 4902 2239 4964 D
2262 4897 2495 4968 qualiter
2521 4912 2640 4960 nos,
2660 4894 2752 4964 qui
2779 4892 3049 4948 neminem
3078 4889 3254 4960 perire
3283 4887 3550 4949 volumus,
3581 4884 3682 4940 ista
3709 4899 3843 4939 con—

901 4984 1031 5027 teras
1055 4985 1298 5027 accusant
1372 4974 1526 5027 elauii
1553 4985 1854 5027 sectatores.
2273 4990 2481 5027 Iriclnnt
2549 5003 2666 5027 num
2707 4985 3016 5027 ειιιιιίηι-ῐιηις
3062 4981 3376 5027 Christianis
3400 4978 3702 5027 nercellunt
3729 4978 3843 5027 ani-

901 4984 1031 5028 teros
1055 4985 1298 5029 accusant
1324 4974 1526 5046 Pelagii
1553 4985 1854 5028 sectatores.

654 5087 695 5143 l.
744 5084 1065 5143 leestinus
1108 5087 1433 5158 episcopus,
1483 5085 1845 5141 dilectissimis
1909 5081 2161 5140 fratribus

585 5180 836 5244 Venerio,
870 5179 1097 5247 Marino,
1126 5178 1371 5244 Leontio,
1405 5179 1670 5242 Ausonio,
1704 5177 1956 5244 Arcadio,
1985 5173 2156 5228 Filta-

584 5270 675 5325 nio
717 5277 771 5324 ct
795 5269 1002 5325 ceteris
1027 5265 1316 5322 Galliarum
1346 5266 1634 5336 episcopis.

657 5361 951 5431 Apostolici
979 5361 1144 5415 verba
1173 5359 1424 5430 prmcepti
1479 5367 1605 5412 sunt
1642 5355 1782 5427 apud
1810 5354 2024 5411 Judzeos
2072 5359 2156 5406 at-

583 5467 688 5522 que
714 5452 939 5520 gentiles
960 5451 1075 5506 sine
1101 5451 1398 5506 ollensionc
1418 5464 1516 5503 nos
1540 5462 1658 5502 esse
1679 5447 1877 5501 debere
1897 5443 1949 5515 (1
1957 5443 1984 5497 I
2007 5442 2155 5497 Petr.

583 5543 664 5614 ll).
699 5543 812 5598 Hoc
839 5543 1078 5612 quisquis
1107 5542 1442 5597 Christianus
1471 5548 1576 5606 est,
1610 5546 1724 5592 tota
1757 5535 1922 5590 animi
1951 5535 2152 5589 virtute

582 5634 816 5691 custodit
846 5633 1020 5706 (Rom.
1051 5634 1182 5704 xw).
1231 5631 1384 5698 Quod
1414 5645 1536 5686 cum
1589 5629 1660 5682 ita
1690 5627 1781 5693 sit,
1815 5641 1922 5680 non
1965 5638 2156 5694 parum
2227 5701 2230 5703 _

581 5728 803 5800 periculi
851 5727 998 5781 illiilli
1029 5741 1246 5782 manere
1285 5723 1484 5792 poterit
1526 5730 1653 5775 ante
1694 5720 1883 5784 Deum,
1930 5733 2024 5787 qui
2053 5717 2157 5771 hoc

580 5819 844 5875 detrectat
871 5817 1033 5874 etiam
1066 5815 1305 5872 lidclibus
1333 5813 1587 5870 exhibere
1616 5809 1669 5882 (Ι
1699 5809 1820 5868 Cor.
1852 5807 1988 5881 Vili).
2023 5806 2156 5865 Nam

2273 4990 2507 5056 trislent,
2549 5003 2666 5056 qua:
2705 4985 3016 5040 auctoribus
3062 4981 3376 5037 Christianis
3400 4978 3702 5050 percellunt
3729 4978 3847 5031 ani-

2269 5096 2386 5136 mos
2410 5079 2765 5139 Christianos,
2807 5075 3106 5130 dominicus
3143 5071 3196 5126 in
3224 5069 3510 5136 Evangelio
3540 5082 3721 5122 sermo
3767 5075 3848 5120 te-

2267 5179 2456 5226 statur.
2500 5168 2588 5222 Ait
2616 5168 2757 5223 enim
2791 5166 2905 5236 ipse
2933 5164 3202 5227 Salvator,
3231 5161 3374 5232 quod
3401 5159 3653 5228 expediat
3680 5173 3844 5214 scan-

2264 5261 2514 5316 dalizanti
2541 5274 2702 5313 unum
2726 5258 2793 5312 de
2814 5256 3040 5327 pusillis,
3063 5255 3117 5309 in
3138 5253 3301 5307 maris
3322 5251 3582 5322 profunda
3603 5249 3842 5315 demergi

2228 5333 2232 5336 ’
2265 5350 2478 5422 (Matth.
2512 5350 2682 5420 mn),
2734 5359 2788 5403 ct
2835 5346 2954 5402 ideo
2982 5361 3100 5415 qua:
3125 5345 3195 5401 sit
3221 5345 3335 5414 ejus
3360 5343 3467 5412 jam
3498 5355 3658 5412 pinna
3688 5353 3840 5409 qua.-

2265 5459 2445 5499 ramus
2486 5443 2572 5498 cui
2622 5442 2727 5496 tale
2774 5440 3092 5510 supplicium
3141 5439 3366 5507 legimus
3395 5435 3676 5504 expedire.
3721 5433 3841 5487 Filii

2263 5532 2434 5588 nostri
2461 5539 2752 5602 praesentes
2782 5529 3014 5600 Prosper
3043 5537 3093 5584 et
3127 5528 3379 5592 llilarius,
3435 5540 3667 5594 quorum
3697 5524 3841 5578 circa

2264 5623 2432 5679 Deum
2474 5631 2718 5677 nostrum
2777 5620 3079 5676 sollicitudo
3126 5619 3392 5674 laudanda
3434 5625 3551 5679 est,
3604 5625 3838 5677 tantum,

2265 5713 2448 5768 nescio
2476 5712 2686 5782 quibus,
2717 5711 3047 5783 presbyteris
3075 5711 3180 5766 illic
3199 5712 3379 5774 licere,
3407 5709 3496 5781 qui
3517 5708 3841 5764 dissensioni

2263 5803 2624 5861 Ecclesiarum
2674 5802 2940 5868 studeant,
2990 5809 3113 5858 sunt
3143 5801 3281 5874 apud
3313 5817 3409 5855 nos
3438 5797 3738 5870 prosecuti,
3778 5805 3838 5854 ut
