4092 6348
265 367 369 424 ξω

1292 362 1671 424 COLLECTIO
1707 364 2173 425 DECRETORUM
2216 369 2319 427 PP.
2366 372 2482 429 RR.

3431 379 3536 435 ε’ιο
3562 410 3563 417 ι

268 475 693 548 indisciplinatas
718 477 1044 547 quaestiones
1071 487 1327 533 vocantes
1351 481 1402 534 in
1427 480 1662 535 medium
1684 480 1852 550 perti-
1881 488 1926 542 Α
1953 488 2040 535 est
2082 482 2356 551 agentium
2401 498 2564 540 caiisa
2611 485 2880 553 solorum,
2930 487 3248 546 universalis
3295 488 3533 550 Ecclesia

269 574 479 628 naciter
525 585 619 625 eos
656 569 836 623 dicant
865 568 1154 639 praedicare
1200 569 1537 625 adversantia
1585 571 1847 635 veritati;

268 661 368 717 sed
398 668 588 716 vestrae
615 657 888 717 dilectioni
911 657 1105 728 iustius
1132 659 1480 730 imputamus,
1530 660 1748 730 quando
1774 660 1851 716 illi

268 764 436 821 supra
460 764 556 805 vos
582 746 783 804 habent
808 747 1020 819 copiam
1048 748 1379 820 disputandi.
1434 749 1705 820 Legimus,
1760 768 1854 806 su-

269 852 372 912 pra
393 841 698 911 magistrum
735 854 839 893 non
875 852 986 893 esse
1032 834 1338 910 discipulum
1370 838 1584 912 (Matth.
1619 843 1696 913 χ),
1747 842 1853 899 hoc

270 936 376 993 est,
410 946 518 985 non
545 929 649 985 sibi
677 929 879 985 debere
912 942 1237 1000 quemquam
1267 932 1337 986 ad
1386 931 1635 1003 iniuriam
1664 934 1854 989 docto-

271 1038 395 1078 rum
441 1021 713 1076 vindicare
741 1019 1061 1076 doctrinam.
1111 1021 1245 1077 Nam
1282 1024 1466 1080 ethos
1495 1025 1641 1095 ipsos
1680 1040 1710 1080 a
1740 1022 1854 1081 Deo

272 1123 463 1168 nostro
492 1112 698 1182 positos
726 1112 971 1169 novimus
1016 1112 1087 1166 ad
1133 1112 1453 1181 docendum,
1477 1130 1599 1170 cum
1645 1115 1752 1180 sit,
1781 1115 1857 1171 di-

272 1210 435 1257 cente
464 1201 722 1271 Apostolo
753 1198 807 1273 (1
833 1201 955 1257 Cor.
996 1203 1113 1273 xu),
1158 1203 1239 1258 eis
1283 1204 1476 1260 tertius
1523 1205 1673 1263 locus
1714 1207 1854 1262 intra

275 1291 569 1347 Ecclesiam
599 1288 953 1363 deputandus.
985 1292 1123 1361 Quid
1146 1293 1257 1351 illic
1293 1297 1408 1367 spei
1431 1305 1533 1365 est,
1566 1298 1657 1354 ubi
1687 1299 1856 1370 magi-

274 1382 406 1437 stris
434 1381 735 1438 tacentibus
760 1383 814 1437 hi
846 1384 1158 1453 loquuntur,
1188 1385 1303 1455 qui,
1339 1386 1384 1441 si
1425 1387 1498 1441 ita
1532 1395 1633 1454 est,
1665 1403 1852 1444 eorum

275 1471 523 1542 discipuli
554 1487 661 1527 non
688 1472 952 1529 fuerunt?
999 1473 1187 1531 Timeo
1215 1491 1282 1531 ne
1309 1478 1601 1534 connivere
1647 1479 1717 1534 sit
1751 1481 1854 1536 hoc

275 1569 479 1627 tacere,
510 1562 674 1619 timeo
701 1576 770 1619 ne
808 1564 977 1634 magis
1004 1564 1106 1635 ipsi
1155 1565 1464 1636 loquantur,
1493 1568 1585 1638 qui
1627 1570 1853 1640 permit-

278 1660 403 1708 tunt
429 1654 532 1709 illis
560 1654 738 1710 taliter
762 1654 927 1725 loqui.
979 1654 1037 1711 In
1085 1656 1282 1712 talibus
1327 1659 1505 1714 causis
1552 1674 1660 1714 non
1704 1668 1855 1717 caret

276 1745 586 1816 suspicione
612 1746 961 1811 taciturnitas,
1013 1748 1137 1817 quia
1186 1760 1498 1806 occurreret
1541 1753 1762 1817 veritas,
1807 1752 1853 1808 si

1955 585 2273 639 quacunque
2301 575 2542 629 novitate
2571 575 2833 645 pulsatur.
2883 575 3246 647 lntelligamus
3274 580 3395 647 haec
3418 582 3561 653 ipsa;

1956 659 2129 724 vobis,
2152 675 2272 728 quae
2302 661 2456 716 nobis
2483 680 2590 718 non
2631 666 2861 735 placent,
2909 667 3212 738 displicere.
3261 670 3414 738 Quod
3458 674 3559 735 ita,

1955 749 2169 804 demum
2198 752 2427 820 probare
2455 756 2769 824 poterimus,
2812 759 2856 813 si
2884 759 3136 830 imposito
3166 763 3423 833 improbis
3461 767 3535 821 si-

1956 841 2145 906 lentio,
2193 843 2262 899 de
2304 845 2397 900 tali
2445 862 2505 903 re
2547 847 2603 902 in
2650 859 2925 919 posterum
2973 854 3193 921 querela
3220 858 3534 913 cessaverit.

1955 931 2097 990 Deus
2124 949 2221 991 vos
2246 935 2545 995 incolumes
2571 941 2864 1011 custodiat,
2889 941 3087 1002 fratres
3105 944 3426 1010 charissinti.

2541 1085 2916 1102 Ψ

1959 1194 2435 1290 Prataritorum
2487 1200 2649 1290 sedis
2694 1204 3058 1290 apostolicae
3088 1208 3553 1290 episcoporum.

2202 1324 2207 1329 .
2272 1280 2687 1341 auctoritates
2730 1281 2803 1343 de
2827 1286 3040 1361 gratia
3074 1280 3210 1347 Dei.

1988 1436 1994 1445 .
2024 1395 2111 1452 lll.
2152 1397 2287 1465 Quia
2308 1401 2572 1469 nonnulli,
2585 1402 2679 1473 qui
2700 1403 2968 1463 catholico
2988 1408 3551 1480 nomineglorianturr

1956 1484 2010 1541 in
2038 1486 2309 1544 damnatis
2336 1489 2712 1548 haereticorum
2732 1494 2978 1552 sensibus
3002 1512 3097 1553 seu
3118 1499 3404 1568 pravitate,
3424 1501 3549 1557 sive:

1956 1574 2222 1646 imperitia
2237 1577 2604 1652 demorantes,
2621 1584 2874 1653 piissimis
2890 1584 3306 1656 disputatoribus
3319 1590 3552 1651 obviare

1956 1675 2301 1735 pnesnmunt,
2323 1677 2379 1724 et
2405 1685 2527 1725 cum
2559 1671 2849 1743 Pelagium,
2879 1684 3041 1745 atque
3068 1676 3382 1737 leestinm
3402 1695 3550 1745 ana-er

1959 1755 2313 1813 thematizare
2358 1775 2468 1815 non
2517 1760 2782 1827 dubitent,
2814 1766 3086 1835 magistris
3106 1776 3286 1827 tamen
3315 1773 3549 1839 nostris,

274 1834 483 1903 falsitas
509 1834 836 1907 displiceret.
866 1836 1058 1893 Merito
1086 1854 1320 1908 namque
1346 1856 1506 1896 causa
1549 1858 1648 1898 nos
1677 1843 1853 1914 respi-
1891 1857 1928 1913 Β
1962 1854 2214 1916 tanquam
2237 1851 2605 1907 necessarium
2624 1854 2843 1910 modum
2864 1834 3546 1930 excesserint,ohloquun;

272 1926 372 1992 cit,
402 1926 450 1981 si
491 1925 709 1981 silentio
757 1925 1031 1982 faveamus
1068 1928 1263 1983 errori.
1310 1926 1449 1999 Ergo
1492 1932 1857 2002 corripiantur

274 2016 606 2086 huiusmodi,
637 2033 745 2074 non
770 2017 841 2074 sit
865 2019 950 2074 bis
974 2018 1199 2075 liberum
1228 2020 1431 2077 habere
1454 2038 1552 2093 pro
1580 2023 1858 2083 voluntate

272 2123 602 2175 sermonem,
631 2109 865 2179 desinat,
896 2110 943 2165 si
971 2111 1044 2166 ita
1066 2127 1154 2168 res
1179 2121 1323 2178 sunt,
1347 2112 1620 2170 incessere
1648 2117 1860 2173 novitas

273 2204 631 2265 vetustatem,
652 2198 864 2256 desinat
889 2193 1252 2257 Ecclesiarum
1278 2202 1517 2271 quietem
1545 2203 1859 2274 inquietudo

275 2289 520 2346 turbare.
572 2288 852 2347 Conantur
892 2306 1035 2363 saepe
1081 2291 1358 2362 naufragio
1394 2309 1640 2365 mergere
1660 2337 1677 2365 ,
1723 2311 1861 2366 quos

278 2382 421 2443 intra
449 2390 667 2454 portam
712 2392 920 2440 stantes
961 2385 1127 2441 statio
1152 2385 1285 2441 facit
1312 2385 1417 2441 fida
1443 2402 1683 2443 securos.
1729 2382 1861 2444 Fida

279 2476 484 2546 quippe
508 2484 597 2531 est
618 2476 856 2532 omnium
892 2478 1076 2544 statio,
1105 2494 1336 2549 quorum
1363 2478 1617 2550 perlectis
1657 2481 1859 2550 gressi-

278 2566 387 2621 bus
414 2566 637 2637 vestigia
665 2582 774 2623 non
796 2577 1101 2624 moventur.
1135 2568 1500 2625 Recurrernnt
1533 2570 1604 2626 ad
1641 2582 1863 2643 aposto-

280 2654 441 2711 licam
484 2657 725 2727 prtedicti
770 2658 973 2726 sedem,
1006 2660 1120 2716 haec
1165 2661 1279 2732 ipsa
1320 2659 1480 2717 nobis
1524 2677 1644 2734 qua:
1692 2670 1865 2719 tentat

281 2747 633 2818 perturbatio,
661 2760 1074 2819 conquerentes.
1124 2749 1408 2816 Habetote,
1434 2751 1629 2810 fratres
1655 2754 1860 2810 charis‘

278 2838 428 2906 simi,
455 2853 555 2911 pro
578 2838 855 2895 catholica:
890 2841 1063 2911 plebis
1097 2855 1234 2912 pace
1261 2850 1573 2907 tractamur,
1603 2845 1778 2901 sciant
1801 2860 1861 2902 se

280 2928 354 2999 (si
379 2937 559 2985 tamen
589 2940 879 2987 censentur
905 2932 1225 3005 presbyterii
1251 2933 1532 3005 dignitate)
1558 2936 1712 2991 vobis
1741 2950 1861 2992 esse

286 3017 580 3088 subjectos,
608 3020 802 3084 sciant,
833 3024 977 3090 quod
1004 3022 1105 3077 sibi
1126 3036 1339 3090 omnes,
1366 3022 1460 3092 qui
1478 3023 1619 3080 male
1638 3023 1857 3091 docent,

280 3107 489 3164 discere
532 3111 707 3179 magis
745 3123 811 3167 ac
848 3111 1019 3181 magis
1060 3120 1375 3183 competat,
1418 3128 1583 3184 quam
1636 3113 1855 3170 docere.

280 3199 422 3255 Nam
449 3201 579 3271 quid
602 3204 656 3258 in
686 3202 938 3261 Ecelesiis
962 3218 1061 3261 vos
1089 3206 1266 3274 agitis,
1297 3206 1343 3262 si
1374 3206 1450 3261 illi
1473 3220 1739 3261 summam
1769 3214 1853 3263 te-
1883 3224 1928 3289 ρ

278 3299 451 3348 neant
473 3293 791 3362 praedicandi
817 3296 842 3349 τ
868 3294 971 3351 nisi
992 3295 1130 3352 forte
1158 3296 1287 3352 illud
1307 3296 1553 3364 obsistat,
1581 3296 1728 3367 quod
1747 3312 1855 3354 non

278 3385 624 3451 auctoritate,
653 3401 759 3442 non
785 3388 959 3445 adhuc
980 3390 1189 3445 ratione
1216 3389 1504 3460 colligitur,
1536 3398 1597 3444 ut
1632 3389 1797 3459 aliqui
1825 3404 1857 3447 e

278 3470 508 3529 fratrum
548 3492 771 3534 numero
818 3495 992 3550 nuper
1032 3480 1102 3537 de
1149 3482 1408 3537 laicorum
1454 3483 1751 3548 consortio,
1802 3483 1856 3539 'm

277 3562 564 3634 collegium
593 3578 836 3624 nostrum
884 3570 1127 3626 fortassis
1153 3570 1390 3635 admissi,
1441 3572 1685 3627 nesciant
1725 3572 1855 3642 quid

280 3652 385 3708 sibi
411 3654 645 3712 debeant
670 3658 960 3716 vindicare.
1003 3660 1180 3731 Super
1222 3661 1306 3715 his
1351 3662 1519 3716 multa
1560 3662 1673 3731 iam
1714 3662 1857 3718 dicta

281 3752 408 3799 sunt
445 3760 514 3802 eo
557 3754 820 3818 tempore,
877 3765 988 3820 quo
1037 3750 1107 3805 ad
1156 3750 1335 3805 fratris
1382 3746 1575 3806 Tuenti
1613 3750 1858 3807 dedimus

276 3834 480 3906 scripta
507 3852 842 3908 responsum.
888 3841 1041 3896 Nune
1090 3849 1271 3897 nmen
1315 3850 1620 3912 repetentes
1664 3845 1859 3914 saepius

280 3924 651 3995 admonemus,
680 3938 739 3985 ut
765 3932 1003 3987 vitentur
1029 3932 1351 4001 huiusmodi,
1381 3935 1473 4003 qui
1494 3935 1741 3990 laborant
1762 3950 1860 4006 per

274 4026 454 4075 terras
481 4021 646 4091 aliud,
674 4037 835 4093 quam
864 4025 957 4079 ille
994 4033 1179 4080 noster
1201 4025 1361 4095 iussit
1388 4026 1649 4094 agricola,
1695 4028 1858 4083 semi-

279 4123 434 4164 nare.
480 4110 592 4166 Nec
629 4122 809 4168 tamen
836 4115 1017 4168 mirari
1050 4129 1354 4184 possumus,
1400 4115 1446 4169 si
1476 4115 1591 4170 hrec
1623 4129 1752 4186 erga
1779 4117 1860 4171 vi-

276 4208 472 4254 ventes
518 4201 572 4255 hi
599 4217 743 4258 nunc
770 4212 979 4258 tentare
1021 4203 1239 4269 audent,
1287 4204 1380 4273 qui
1425 4204 1669 4260 nituntur
1693 4205 1858 4261 etiam

277 4290 669 4360 quiescentium
693 4292 917 4348 fratrum
946 4294 1263 4349 memoriam
1286 4293 1574 4364 dissipare.

324 4449 406 4506 De
427 4461 606 4508 uincto
633 4454 866 4526 episcopo
892 4456 1177 4527 Augustino
1207 4458 1339 4511 mira
1378 4457 1547 4513 laudis
1576 4459 1820 4513 assertio.

348 4564 412 4620 ll.
459 4567 811 4636 Augustinum
858 4578 1059 4625 saneta:
1105 4570 1497 4627 recordationis
1535 4572 1725 4627 virum,
1756 4589 1857 4643 pro
1889 4602 1934 4660 ι)

280 4658 395 4712 vita
418 4674 513 4714 sua
540 4668 704 4731 atque
735 4663 940 4718 meritis
983 4663 1037 4717 in
1089 4672 1272 4719 nostra
1311 4665 1689 4721 communione
1717 4682 1859 4721 sem-

279 4763 380 4820 per
406 4750 707 4817 habuimus,
727 4768 826 4809 nec
846 4769 1081 4824 unquam
1111 4755 1257 4811 hunc
1281 4756 1519 4811 sinistrte
1537 4757 1860 4826 suspicionis

277 4841 472 4895 saltem
500 4859 685 4896 rumor
728 4845 975 4914 aspersit,
1021 4861 1182 4915 quem
1231 4854 1395 4901 tantm
1442 4847 1684 4903 scientiae
1728 4848 1857 4903 olim

275 4929 446 4985 fuisse
472 4934 828 5004 meminimus,
858 4943 918 4989 ut
950 4936 1092 4991 inter
1118 4939 1404 5005 magistros
1433 4938 1666 5009 optimos
1694 4939 1857 4994 etiam

277 5035 309 5073 a
341 5020 477 5077 meis
522 5038 733 5093 semper
763 5025 1141 5082 deeessoribus
1187 5029 1502 5084 haberetur.
1551 5029 1699 5085 Bene
1726 5044 1856 5099 ergo

276 5109 349 5165 de
396 5126 675 5168 eoomnes
720 5115 773 5169 in
802 5131 1087 5172 commune
1131 5128 1457 5185 senserunt,
1501 5129 1559 5174 ut
1587 5127 1739 5190 pote,
1763 5121 1856 5190 qui

277 5204 475 5274 ubique
496 5206 701 5262 cunctis
729 5215 784 5263 et
810 5209 981 5263 amori
1026 5210 1187 5264 fuerit
1213 5219 1268 5266 et
1293 5212 1507 5267 honori.
1543 5208 1693 5269 Unde
1716 5213 1853 5268 resl-

275 5303 451 5351 statur
479 5297 691 5363 talibus,
732 5310 876 5367 quos
920 5299 1061 5356 male
1101 5315 1347 5358 crescere
1389 5302 1674 5371 videmus;
1708 5302 1857 5361 nefas

272 5393 378 5445 est.
413 5385 526 5443 haec
554 5388 664 5458 pati
693 5388 972 5456 religiosas
1016 5391 1241 5457 animas,
1272 5408 1497 5463 quarum
1540 5395 1855 5464 alllictione,

271 5477 402 5546 quia
429 5478 674 5533 membra
700 5489 882 5535 nostra
911 5490 1057 5549 sunt,
1086 5498 1185 5538 nos
1212 5498 1430 5554 quoque
1458 5489 1712 5543 convenit
1736 5504 1855 5543 ma-

273 5570 485 5636 cerari,
538 5572 785 5641 quamvis
830 5583 1044 5629 maneat
1104 5575 1204 5631 hos
1246 5576 1528 5633 beatitudo
1576 5581 1847 5649 promissa

240 5658 493 5724 “(Han/l.
542 5662 596 5730 ν)
624 5700 640 5727 ,
703 5662 1006 5733 quicunque
1064 5667 1361 5736 probantur
1415 5670 1848 5737 persecutionem

276 5761 499 5825 propter
521 5754 783 5823 iustitiam
809 5755 1095 5811 sustinere.
1144 5758 1351 5825 Quibus
1392 5762 1520 5830 quid
1572 5762 1852 5832 promittat

277 5842 537 5900 Dominus
565 5845 618 5900 in
648 5843 903 5912 futurum,
947 5860 1177 5916 sequens
1205 5863 1384 5906 sermo
1426 5851 1683 5908 declarat.
1734 5852 1852 5907 Non

1964 1945 2070 2001 tur,
2119 1952 2291 2007 eaque
2321 1943 2696 2000 tantummodo
2747 1945 2900 2015 sequi
2945 1954 3000 2003 et
3027 1949 3259 2018 probare
3284 1951 3545 2021 prolitens

1960 2031 2078 2092 tur,
2128 2041 2248 2097 quae
2294 2032 2657 2088 sacratissima
2708 2034 2849 2089 beati
2901 2038 3135 2107 apostoli
3189 2038 3347 2097 sedes
3390 2040 3539 2099 Petri

1960 2123 2148 2173 contra
2175 2118 2423 2176 inimicos
2449 2121 2637 2190 gratiae
2674 2122 2772 2179 Dei
2815 2139 2913 2196 per
2956 2126 3310 2193 ministerium
3342 2146 3542 2201 pussu-

1961 2209 2072 2265 lum
2100 2225 2323 2268 suorum
2343 2216 2525 2271 sanxit
2553 2225 2608 2272 et
2631 2216 2834 2274 docuit.
2874 2218 3266 2279 .Necessarium
3296 2223 3395 2279 fuit
3420 2225 3542 2281 dili-

1959 2312 2153 2372 genter
2179 2304 2451 2373 inquirere
2479 2308 2609 2378 quid
2634 2317 2877 2367 rectores
2904 2308 3161 2369 Romana:
3186 2312 3442 2373 Ecclesia:
3474 2316 3543 2373 de

1960 2391 2174 2461 hmresl,
2203 2409 2323 2465 qua:
2352 2412 2539 2453 eorum
2570 2400 2902 2471 temporibus
2935 2411 3123 2459 exorta
3153 2403 3349 2473 fuerat,
3387 2405 3538 2476 iudi-

1961 2483 2156 2547 carint,
2188 2490 2245 2538 et
2273 2495 2462 2542 contra
2489 2489 2903 2547 nocentissimos
2939 2491 3093 2549 liberi
3122 2494 3328 2550 arbitrii
3355 2495 3542 2552 defen-

1960 2583 2131 2635 sores,
2163 2572 2290 2643 quid
2311 2572 2379 2629 de
2402 2574 2572 2644 gratia
2593 2575 2691 2633 Dei
2710 2578 3046 2639 sentiendum
3068 2596 3189 2637 esse
3209 2586 3541 2653 censuerint,

1963 2657 2038 2715 ita
2069 2668 2129 2714 ut
2155 2660 2317 2718 etiam
2347 2661 2722 2722 Africanorum
2751 2669 3102 2727 conciliorum
3130 2671 3387 2742 quasdam
3414 2689 3542 2732 sen-

1960 2749 2160 2805 tentias
2202 2750 2570 2821 iungeremns,
2601 2771 2736 2827 quas
2763 2760 2949 2829 utique
2982 2775 3107 2816 suas
3132 2760 3381 2819 fecerunt
3408 2780 3540 2837 apo-

1960 2838 2137 2895 stolici
2169 2843 2457 2912 antistites,
2508 2860 2631 2901 cum
2661 2848 2977 2919 probarunt.
3029 2849 3099 2907 Ut
3144 2866 3275 2923 ergo
3304 2855 3541 2926 plenius,

1959 2928 2053 2998 qui
2105 2928 2161 2984 in
2188 2931 2366 3002 aliquo
2411 2933 2677 3003 dubitant,
2726 2937 3079 3006 instruantur,
3127 2943 3541 3001 constitutiones

1959 3028 2270 3074 sanctorum
2301 3018 2521 3077 Patrum
2560 3027 2943 3094 compendioso
2972 3029 3373 3089 manifestamus
3400 3033 3540 3089 indi-

1961 3107 2107 3176 culo,
2136 3122 2245 3178 quo
2274 3110 2317 3165 si
2340 3112 2458 3181 quis
2480 3128 2587 3169 non
2607 3113 2831 3171 nimium
2858 3125 2943 3174 est
2962 3120 3539 3193 contentiosus,agno-

1958 3205 2079 3254 seat
2121 3199 2363 3255 omnium
2410 3201 2834 3272 disputationum
2881 3205 3273 3266 connexiouem
3318 3228 3393 3268 ex
3436 3214 3539 3270 hac

1957 3285 2295 3347 subditarum
2315 3291 2699 3347 auctoritatum
2719 3293 2982 3352 brevitate
3004 3297 3265 3367 pendere,
3306 3301 3538 3368 nullam-

1957 3390 2063 3446 que
2089 3376 2194 3433 sibi
2222 3380 2665 3438 ctntradictiouis
2693 3398 2977 3455 superesse
3007 3387 3298 3460 rationem,
3339 3390 3388 3448 si
3414 3407 3537 3450 cum

1956 3469 2239 3527 catholicis
2264 3471 2452 3527 credat
2478 3480 2533 3528 et
2559 3473 2727 3530 dicat.

1961 3609 2112 3679 Quod
2153 3613 2329 3695 Adam
2357 3630 2533 3695 omnes
2573 3615 2802 3695 homines
2843 3615 3192 3695 (rescribam;
3232 3632 3533 3695 quemquam

2275 3685 2376 3739 nisi
2406 3683 2601 3740 Christi
2627 3689 2800 3757 gratia
2824 3704 2972 3757 posse
2999 3690 3214 3745 salvari.
3245 3683 3256 3694 ’
3393 3683 3404 3695 ’
3506 3712 3515 3723 τ

2029 3797 2118 3855 IV.
2147 3797 2205 3855 In
2233 3798 2673 3875 praevaricatione
2704 3799 2831 3855 Adae
2868 3817 3057 3858 omnes
3100 3805 3345 3863 homines
3373 3819 3536 3867 natua

1959 3889 2126 3946 ralem
2175 3890 2587 3962 possibilitatem
2634 3898 2691 3945 ct
2737 3891 3100 3948 innocentiam
3132 3894 3450 3966 perdidisse,
3483 3912 3539 3957 et

1961 3982 2231 4039 neminem
2260 3982 2327 4037 de
2355 3981 2618 4053 profundo
2649 3981 2793 4037 illius
2822 3983 2989 4038 ruina:
3014 3998 3112 4056 per
3138 3985 3363 4044 liberum
3392 3992 3538 4048 arbi-

1961 4073 2122 4128 trium
2160 4088 2321 4143 posse
2351 4088 2693 4142 consurgere,
2734 4074 2835 4130 nisi
2881 4090 3004 4130 eum
3054 4080 3223 4147 gratia
3252 4080 3347 4136 Dei
3378 4084 3538 4140 mise-

1960 4164 2132 4220 rantis
2159 4165 2412 4231 erexerit,
2463 4166 2845 4236 pronnntiante
2891 4167 3064 4223 beatae
3092 4175 3363 4229 memoria:
3399 4192 3538 4247 papa

1959 4251 2295 4319 Innocentio,
2350 4263 2514 4325 atque
2540 4255 2754 4311 dicente
2799 4255 2853 4311 in
2899 4257 3125 4328 epistola
3154 4261 3224 4315 ad
3253 4262 3539 4336 Carthagi-

1961 4360 2129 4402 nense
2153 4344 2443 4401 concilium
2469 4362 2482 4398 :
2537 4344 2788 4401 Liberum
2817 4348 2959 4402 enim
2995 4349 3273 4406 arbitrium
3299 4352 3390 4410 ille
3416 4371 3541 4427 per-

1961 4451 2168 4509 pessus,
2197 4436 2322 4493 dum
2350 4438 2461 4493 suis
2488 4437 2839 4494 inconsultius
2862 4440 3029 4495 utitur
3052 4441 3229 4511 bonis,
3263 4445 3462 4505 cadens
3484 4448 3539 4506 in

1960 4531 2416 4603 prawaricationis
2428 4531 2691 4603 profunda
2714 4532 2991 4590 demersus
3003 4544 3105 4601 est,
3120 4545 3175 4591 et
3186 4537 3317 4594 nihil
3343 4555 3537 4609 quem-

1961 4620 2247 4676 admodum
2295 4621 2490 4677 exinde
2538 4634 2760 4691 surgere
2788 4633 2995 4693 posset,
3039 4625 3288 4683 invenit:
3337 4646 3542 4704 suaque

1961 4714 2014 4769 in
2039 4723 2297 4770 aeternum
2328 4714 2579 4770 libertate
2607 4714 2868 4785 deceptus
2894 4716 3055 4787 huius
3082 4720 3251 4776 ruinm
3291 4722 3540 4781 latuisset

1959 4819 2238 4875 oppressu,
2270 4803 2371 4859 nisi
2392 4819 2517 4860 eum
2546 4811 2670 4873 post
2697 4803 2899 4859 Christi
2945 4822 3045 4876 pro
3073 4824 3169 4863 sua
3193 4812 3366 4879 gratia
3393 4815 3538 4870 relc-

1958 4902 2140 4949 vasset
2167 4893 2450 4963 adventus,
2479 4894 2570 4964 qui
2600 4909 2698 4964 per
2728 4909 2880 4949 novre
2908 4900 3335 4967 regenerationis
3356 4905 3541 4973 purin-

1965 4984 2231 5039 cntionem
2277 4998 2437 5037 omne
2465 4984 2794 5055 prreteritum
2843 4984 3029 5041 vitium
3077 4989 3159 5043 sui
3204 4989 3542 5061 baptismatis

1962 5074 2175 5130 lavacro
2200 5074 2463 5145 purgavit.

1962 5212 2114 5279 Quod
2140 5230 2289 5270 nemo
2330 5213 2398 5267 sit
2432 5212 2726 5292 lbomtssuis-
2751 5214 2963 5292 viribus,
3014 5219 3114 5272 nisi
3136 5220 3539 5292 participatione

2393 5284 2505 5353 ejus
2533 5286 2619 5356 qui
2645 5285 2785 5340 solus
2812 5287 2972 5340 bonus
2992 5298 3088 5342 est.

2028 5396 2092 5454 V.
2120 5398 2396 5455 Neminem
2416 5411 2534 5453 esse
2547 5399 2999 5468 persemetipsum
3016 5399 3237 5469 bonum,
3258 5402 3361 5461 m‘si
3377 5409 3540 5476 parti.

1956 5492 2282 5562 cipationem
2302 5491 2386 5545 sui
2412 5490 2500 5545 ille
2519 5489 2687 5544 donet
2702 5489 2796 5560 qui
2820 5490 2970 5545 solus
2997 5499 3081 5546 est
3106 5492 3281 5553 bonus
3318 5497 3533 5569 (Matth.

1958 5580 2092 5651 xix),
2106 5580 2249 5650 quod
2270 5581 2323 5635 in
2340 5580 2540 5635 eisdem
2553 5579 2765 5649 scriptis
2775 5578 3013 5647 eiusdem
3036 5586 3303 5652 pontificis
3321 5601 3538 5648 senten-

1957 5671 2031 5725 tia
2060 5679 2405 5741 protestetur,
2436 5671 2622 5724 dicens
2644 5687 2658 5722 :
2680 5669 2925 5739 Nunquid
2952 5688 3053 5730 nos
3074 5674 3143 5730 de
3170 5692 3358 5736 eorum
3386 5695 3536 5753 post-

1960 5764 2076 5818 ham
2101 5772 2304 5819 rectum
2329 5762 2596 5816 mentibus
2621 5761 2967 5830 aestimemus,
3010 5765 3102 5835 qui
3127 5767 3229 5824 sibi
3257 5785 3316 5825 se
3347 5782 3535 5841 putant

1962 5855 2166 5918 deberi,
2193 5854 2336 5924 quod
2367 5853 2490 5908 boni
2520 5861 2664 5917 sunt,
2698 5869 2796 5908 nec
2818 5854 2965 5911 illum
2986 5859 3349 5930 considerant,
3382 5865 3531 5930 ruins
