4092 6348
596 332 691 388 271

1830 322 2183 381 DIONYSIUS
2222 320 2546 378 EXIGUUS.

3748 315 3859 369 972

596 435 1086 517 quotidie‘gratiam
1112 450 1533 512 consequuntur,
1576 440 1667 512 qui
1692 439 1808 496 sine
1837 440 1930 496 illo
1962 447 2166 495 tantum
2197 443 2242 499 Α
2274 436 2422 503 Quod
2449 436 2617 491 omnis
2646 440 2825 489 sancta
2864 432 3108 517 cogitatio
3157 441 3207 517 et
3245 441 3411 489 motus
3437 432 3538 505 ρὶιτ
3565 431 3848 489 uoluntatis
3890 476 3893 477 ν

597 554 658 594 se
685 537 897 607 assequi
932 550 1092 607 posse
1114 533 1415 588 ‘contidunt.

599 629 871 716 Quodnisi
891 648 1061 719 gratia
1088 644 1180 698 Dei
1203 644 1440 697 mutinuo
1455 644 1709 713 juuemur,
1732 640 1953 695 insidias
1975 637 2169 693 diaboli

1035 732 1278 787 superare
1306 730 1408 768 non
1436 728 1704 784 ροεειιηιυδ
1713 751 1725 764 .

646 826 750 882 νι.
782 824 1061 881 Neminem
1092 823 1252 878 etiam
1281 820 1617 890 baptismatis
1637 818 1805 886 gratia
1827 824 2166 881 renovatum,

594 920 849 976 idonequ
875 930 995 973 esse
1023 915 1089 969 ad
1117 912 1446 984 superandas
1487 910 1685 965 diaboli
1733 907 1972 969 insidias,
2005 914 2060 960 et
2104 904 2173 959 ad

591 1008 919 1067 evincendas
946 1007 1122 1063 carnis
1147 1003 1613 1074 concupiscentias
1636 1042 1651 1067 ,
1702 1000 1801 1054 nisi
1846 1014 1944 1069 per
1989 997 2171 1067 quoti-

591 1101 813 1156 dianum
852 1097 1174 1167 adjutorium
1206 1096 1299 1150 Dei
1347 1092 1797 1170 perseverantiam
1842 1091 1998 1145 bona:
2039 1106 2173 1145 con-

591 1190 917 1247 versationis
944 1187 1217 1257 acceperit
1242 1204 1255 1239 :
1285 1185 1429 1253 quod
1451 1172 1695 1253 ejusdem
1720 1181 1973 1236 antistitis
2000 1180 2053 1235 in
2082 1180 2174 1234 iis-

594 1284 718 1340 dem
748 1282 952 1353 paginis
977 1277 1218 1336 doctrina
1239 1264 1540 1342 confirmat,
1570 1275 1753 1329 dicens
1778 1291 1790 1325 :
1824 1272 1953 1327 Nam
1981 1286 2170 1341 quam-

595 1373 678 1429 vis
718 1373 999 1428 hominem
1052 1369 1337 1424 redimeret
1381 1382 1410 1420 a
1462 1366 1742 1435 praeteritis
1786 1365 1876 1419 ille
1916 1361 2169 1433 peccatis,

596 1473 777 1520 tamen
806 1464 981 1519 sciens
1009 1462 1202 1517 iterum
1231 1474 1387 1530 posse
1409 1473 1654 1529 peccare,
1687 1456 1750 1511 ad
1776 1455 2171 1525 reparationem

595 1554 718 1619 sibi,
749 1549 1198 1622 quemadmodum
1240 1556 1423 1619 posset
1456 1546 1603 1601 illum
1647 1555 1702 1600 et
1728 1553 1850 1616 post
1880 1546 1983 1599 ista
2012 1541 2175 1598 corri-

593 1659 743 1715 gere,
771 1644 939 1699 multa
968 1641 1224 1698 servavit.
1255 1637 1581 1705 Quotidiana
1608 1644 1829 1708 praestat
1868 1635 1959 1690 ille
1994 1647 2171 1688 reme-

592 1739 702 1803 dia,
753 1738 948 1807 quibus
980 1735 1083 1791 nisi
1115 1732 1235 1789 freti
1269 1730 1565 1800 contisique
1591 1730 1843 1794 nitamur,
1869 1726 2172 1782 nullatenus

594 1832 862 1886 humanos
900 1829 1119 1882 vincere
1163 1823 1464 1895 poterimus
1514 1835 1749 1876 errores.
1813 1817 2043 1873 Necesse
2088 1823 2174 1871 est

594 1910 739 1977 enim
765 1927 824 1974 ut
847 1933 957 1988 quo
986 1916 1273 1972 auxiliante
1296 1911 1579 1975 vincimus,
1616 1925 1683 1965 eo
1712 1910 1903 1963 iterum
1934 1922 2043 1963 non
2074 1906 2172 1960 ad-

596 2012 815 2082 iuvante
841 2010 1141 2064 vincamur.

696 2120 846 2187 Quod
873 2136 963 2192 per
987 2118 1241 2174 Christum
1268 2114 1427 2171 libero
1457 2115 1581 2170 bene
1606 2122 1811 2167 utamur
1836 2109 2072 2166 arbitrio.

605 2296 611 2304 ,
666 2231 777 2288 γη.
810 2229 964 2299 Quod
991 2243 1150 2284 nemo
1189 2228 1292 2282 nisi
1340 2242 1437 2297 per
1465 2224 1756 2286 Christum,
1808 2222 1979 2277 libero
2028 2218 2172 2273 bene

598 2333 776 2381 utatur
802 2321 1048 2388 arbitrio,
1078 2320 1216 2374 idem
1245 2319 1499 2386 magister
1529 2317 1580 2370 in
1608 2313 1838 2386 epistola
1867 2311 1934 2367 ad
1960 2309 2170 2364 Milevi-

595 2412 1113 2485 tanum‘concilium
1160 2408 1283 2463 data
1328 2407 1607 2479 prmdicat,
1664 2406 1888 2460 dicens:
1941 2402 2173 2457 Adverte

596 2505 839 2573 tandem,
869 2519 902 2559 ο
932 2500 1371 2574 provissimarum
1402 2498 1661 2553 mentium
1691 2509 1943 2565 perversa
1971 2492 2173 2547 doctri-

597 2610 686 2663 na,
715 2594 858 2663 quod
877 2593 1106 2663 primum
1138 2589 1410 2644 hominem
1438 2588 1510 2642 ita
1538 2587 1761 2640 libertas
1790 2585 1903 2654 ipsa
1931 2582 2167 2651 decepit,

599 2686 800 2757 ntdum
831 2675 1190 2751 indulgentius
1219 2678 1381 2734 frenis
1411 2679 1527 2747 ejus
1556 2677 1741 2741 utitur,
1773 2675 1826 2729 in
1855 2673 2173 2745 przevarica-

598 2778 799 2834 tionem
828 2772 1243 2847 prmsumptione
1273 2770 1604 2834 concideret,
1647 2781 1748 2821 nec
1777 2780 1843 2820 ex
1867 2767 1969 2819 hac
1997 2763 2174 2835 potuit

598 2867 734 2943 erui,
778 2866 878 2922 nisi
909 2865 957 2920 ei
1007 2854 1344 2934 providentia
1377 2857 1800 2928 regenerationis
1828 2863 2029 2912 statum
2058 2854 2172 2925 pri-

596 2959 750 3023 stina:
795 2954 1055 3012 libertatis
1102 2951 1300 3009 Christi
1331 2949 1542 3006 Domini
1593 2948 1939 3004 reformasset
1967 2946 2170 3002 adven-

599 3058 707 3105 tus.

2899 502 2963 556 ea:
2994 502 3102 554 Deo
3130 503 3219 555 sit.

2340 596 2431 652 IX.
2464 595 2617 663 Quod
2647 595 2715 649 ita
2743 593 2885 648 Deus
2909 592 2960 645 in
2992 591 3240 647 cordibus
3270 591 3570 661 hominum,
3598 600 3765 659 atque
3799 591 3854 647 in

2272 688 2389 757 ipso
2434 687 2603 740 libero
2650 689 2904 753 operetur
2945 680 3186 745 arbitrio,
3236 688 3294 734 ut
3335 690 3518 735 sancta
3563 682 3851 749 cogitatio,

2284 779 2431 848 pium
2470 775 2771 839 consilium,
2828 773 3107 841 omnisque
3154 762 3331 827 motus
3360 773 3512 826 bona:
3540 772 3842 827 voluntatis

2275 884 2343 922 ex
2373 864 2485 923 Deo
2520 868 2611 934 sit,
2640 866 2765 935 quia
2802 880 2900 934 per
2931 864 3076 919 illum
3124 862 3322 931 aliquid
3370 862 3497 917 boni
3540 878 3857 933 possumus,

2272 958 2385 1011 sine
2411 971 2518 1027 quo
2549 956 2676 1010 nihil
2708 969 3009 1025 possumus.
3065 954 3143 1008 Ad
3172 955 3310 1009 hanc
3344 956 3484 1019 enim
3512 972 3610 1010 nos
3642 956 3861 1024 profes-

2273 1047 2478 1102 sionem
2510 1046 2649 1100 idem
2680 1046 2873 1099 doctor
2902 1044 3149 1108 instituit,
3176 1045 3265 1113 qui
3307 1060 3431 1098 cum
3461 1041 3525 1097 ad
3557 1047 3722 1097 totius
3762 1060 3860 1098 or-

2274 1137 2359 1191 bis
2393 1136 2676 1207 episcopos
2704 1134 2769 1189 de
2797 1132 2989 1187 divina:
3018 1133 3199 1203 gratia:
3224 1132 3576 1201 Opitulatione
3603 1132 3861 1201 loquere-

2273 1237 2361 1281 tur
2402 1244 2414 1279 :
2465 1223 2620 1291 Quod
2650 1236 2800 1293 ergo,
2847 1225 2942 1289 ait,
2994 1230 3206 1293 tempus
3236 1222 3545 1291 intervenit,
3595 1238 3704 1292 quo
3735 1222 3860 1291 ejus

2271 1329 2378 1368 non
2425 1328 2676 1382 egeamus
2720 1312 2963 1367 auxilio?
3004 1312 3060 1365 lu
3110 1314 3357 1368 omnibus
3403 1314 3567 1381 igitur
3614 1316 3856 1378 actibus,

2273 1406 2576 1475 causisque,
2605 1404 3041 1473 cogitationibus,
3073 1405 3324 1469 motibus,
3357 1403 3570 1473 adjutor
3609 1412 3665 1459 et
3722 1422 3860 1476 prn-

2272 1504 2447 1551 tector
2465 1492 2701 1550 orandus
2718 1503 2818 1551 est.
2853 1493 3154 1564 Superbum
3178 1503 3260 1548 est
3281 1495 3445 1561 enim,
3471 1501 3528 1549 ut
3555 1495 3857 1566 quidquam

2272 1584 2373 1639 sibi
2404 1584 2635 1638 humana
2678 1591 2871 1637 natura
2916 1589 3221 1653 praesumat,
3277 1583 3542 1637 clamante
3588 1583 3859 1652 Apostolo

2272 1674 2489 1746 (Ep/ws.
2519 1672 2595 1746 vi)
2628 1692 2641 1728 :
2670 1673 2784 1728 Non
2815 1681 2898 1727 est
2928 1672 3080 1727 nobis
3118 1672 3425 1727 colluctatio
3447 1672 3704 1728 adversus
3732 1688 3860 1726 car-

2202 1797 2245 1859 B
2274 1781 2395 1822 nem
2420 1774 2475 1820 et
2502 1765 2836 1833 sanguinem,
2876 1762 2971 1817 sed
3000 1769 3188 1817 contra
3217 1762 3487 1832 principes
3515 1770 3571 1816 et
3609 1770 3859 1832 potesta-

2274 1866 2354 1914 tes
2383 1858 2523 1912 aeris
2553 1857 2728 1925 hujus,
2761 1864 2944 1910 contra
2974 1853 3233 1925 spiritalia
3264 1854 3514 1922 nequitia:
3542 1853 3596 1907 in
3623 1853 3861 1908 cmlesti-

2272 1952 2391 2007 bus.
2422 1947 2491 2003 Et
2528 1951 2669 2005 sicut
2708 1948 2825 2018 ipse
2869 1947 3061 2002 iterum
3106 1945 3235 2001 dicit
3263 1944 3438 2017 (Rom.
3469 1943 3564 2015 vn)
3596 1961 3609 1997 :
3662 1943 3859 1999 Infelix

2273 2054 2373 2108 ego
2400 2042 2579 2105 homo,
2631 2039 2750 2107 quis
2779 2052 2863 2092 me
2890 2036 3139 2092 liberabit
3166 2036 3234 2091 de
3278 2049 3509 2105 corpore
3538 2034 3731 2090 mortis
3760 2034 3861 2089 bu-

2267 2131 2401 2201 jns?
2441 2129 2625 2187 Gratia
2654 2129 2748 2184 Dei
2783 2145 2881 2200 per
2917 2127 3097 2184 Jesum
3135 2126 3404 2183 Christum
3445 2126 3729 2182 Dominum
3761 2143 3859 2181 no-

2272 2231 2462 2278 strum.
2516 2218 2582 2275 Et
2620 2222 2813 2276 iterum
2845 2218 2931 2285 (11
2960 2219 3082 2275 Cor.
3114 2218 3203 2291 xv)
3236 2236 3248 2271 :
3292 2217 3475 2273 Gratia
3514 2218 3608 2272 Dei
3647 2234 3763 2273 sum
3799 2217 3858 2272 id

2273 2312 2417 2383 quod
2447 2327 2585 2377 sum,
2630 2319 2687 2366 et
2713 2311 2881 2379 gratia
2913 2306 3028 2377 ejus
3057 2309 3109 2361 in
3139 2323 3224 2361 me
3254 2322 3420 2361 vacua
3448 2321 3551 2360 non
3584 2305 3703 2370 fuit,
3746 2305 3851 2361 sed

2273 2406 2392 2477 plus
2421 2405 2523 2459 illis
2551 2403 2796 2458 omnibus
2824 2398 3060 2455 laboravi
3084 2417 3098 2453 :
3123 2414 3229 2453 non
3251 2412 3350 2465 ego
3374 2406 3576 2464 autem,
3600 2396 3694 2451 sed
3719 2409 3851 2466 gra—

2275 2497 2347 2551 tia
2376 2496 2469 2550 Dei
2501 2510 2728 2549 mecum.

2277 2608 2427 2675 Quod
2449 2608 2616 2678 gratia
2638 2605 2734 2659 Dei
2755 2622 2855 2659 non
2879 2605 3042 2658 solum
3065 2583 3272 2675 peccata
3296 2602 3540 2678 dimittat,
3570 2604 3661 2678 sed
3684 2606 3848 2659 etiam

2344 2680 2413 2731 ad
2409 2674 2549 2750 jure!
2583 2693 2648 2750 ne
2671 2679 3072 2750 committantur,
3103 2684 3160 2750 et;
3180 2682 3389 2750 proruet
3439 2682 3495 2750 ut
3522 2674 3606 2750 (ex
3626 2675 3851 2743 implea-

2345 2744 2445 2831 tur,
2479 2765 2579 2831 non
2609 2749 2740 2831 sicut
2764 2750 2837 2799 ait
2866 2746 3105 2831 Pelagius
3132 2744 3310 2827 facile,
3340 2745 3489 2813 quasi
3525 2746 3636 2798 sine
3673 2748 3853 2816 gratia

2286 2831 2299 2847 '
2344 2818 2442 2873 Dei
2469 2818 2725 2888 difﬁcilius
2752 2817 2913 2887 possit
2939 2816 3163 2885 impleri.

2345 2902 2412 2963 Χ.
2460 2907 2595 2963 lllud
2626 2908 2809 2969 etiam,
2840 2904 2988 2974 quod
3018 2906 3158 2958 intra
3188 2904 3625 2974 Carthaginensis
3650 2906 3849 2976 synodi

2273 3001 2491 3057 decreta
2522 2997 2873 3054 constitutum
2906 3004 3008 3062 est,
3042 2994 3196 3064 quasi
3225 2996 3501 3066 proprium
3530 2995 3849 3065 apostolica

2273 3092 2415 3149 sedis
2442 3089 2833 3160 amplectimur,
2875 3088 3023 3158 quod
3063 3088 3270 3145 scilicet
3307 3088 3466 3143 tertio
3495 3088 3852 3158 capitulorde-

717 3159 866 3226 Quod
894 3160 1067 3214 omnia
1096 3166 1394 3213 sanctorum
1419 3156 1602 3210 merita
1625 3154 1769 3209 dona
1800 3162 1917 3208 sunt
1940 3149 2058 3207 Dei.
2084 3221 2158 3241 _
2197 3169 2243 3234 ρ
2279 3184 2484 3239 ﬁmum
2508 3149 2621 3237 θὲπέ
2656 3180 2726 3236 Ut
2759 3149 3064 3249 qu'icénque
3092 3179 3288 3236 dixem
3326 3149 3697 3250 gra‘iam'nei’
3738 3195 3851 3250 qua

669 3272 803 3327 vm-
844 3271 998 3339 Ουοίι
1026 3273 1205 3327 omnia
1232 3270 1426 3334 Sllldia.
1459 3279 1515 3325 εει
1541 3270 1722 3323 θωπιῖᾶ
1748 3282 1933 3338 opera.
1962 3281 2028 3321 ac
2054 3280 2170 3321 me‘
2269 3275 2619 3346 justificamur
2646 3287 2741 3342 per
2768 3270 2949 3325 Iesum
2976 3268 3245 3326 Christum
3268 3271 3553 3325 Dominum
3580 3279 3852 3339 nostrum,

601 3364 703 3418 rita
731 3368 1036 3417 sanctorum
1059 3361 1125 3415 ad
1147 3361 1242 3415 Dei
1283 3360 1507 3427 gloriam
1549 3358 1869 3427 laudemque
1891 3356 2170 3412 referenda

600 3454 728 3517 sint,
763 3452 887 3520 quia
916 3466 1074 3505 nemo
1104 3450 1318 3505 aliunde
1347 3451 1395 3504 ei
1424 3450 1620 3519 placet,
1664 3449 1763 3504 nisi
1806 3463 1874 3503 ex
1917 3462 1983 3503 eo
2026 3447 2173 3517 quod

598 3550 720 3618 ipse
747 3543 1044 3598 donaverit.
1077 3541 1134 3596 ln
1164 3556 1321 3612 quam
1354 3556 1451 3595 nos
1478 3540 1797 3594 sententiam
1830 3538 2011 3607 dirigit
2038 3539 2171 3593 hea-

603 3646 670 3691 ta:
720 3632 1106 3695 recordationis
1152 3646 1302 3701 papae
1327 3628 1524 3684 Zosimi
1573 3630 1830 3698 regularis
1858 3629 2170 3693 auctoritas,

604 3742 726 3784 etmt
754 3725 992 3782 scribens
1019 3724 1086 3777 ad
1115 3722 1278 3777 totius
1307 3720 1452 3776 orbis
1484 3720 1766 3790 episcopos
1802 3720 1914 3774 ait:
1943 3718 2050 3774 Nos
2079 3734 2173 3773 au-

604 3827 715 3881 tem
740 3816 991 3873 instinctu
1023 3813 1136 3878 Dei,
1182 3811 1362 3865 omnia
1409 3810 1552 3864 enim
1595 3811 1735 3864 bona
1782 3809 1850 3864 ad
1898 3817 2174 3864 auctorem

590 3923 757 3983 suum
785 3904 1061 3962 referenda
1086 3910 1231 3965 sunt,
1261 3902 1402 3955 unde
1430 3910 1736 3955 nascuntur.
1770 3898 1837 3954 ad
1865 3898 2087 3955 fratrum
2123 3905 2178 3953 et

592 3998 1049 4071 ‘coepiscoporum
1114 4000 1420 4049 nostrorum
1488 3992 1876 4049 conscientiam
1926 3992 2176 4047 universa

606 4088 901 4155 retulimus.
953 4084 1109 4141 llunc
1145 4093 1323 4140 autem
1353 4099 1657 4140 sermonem
1684 4083 2057 4138 sincerissima:
2082 4097 2177 4139 ve-

607 4179 779 4233 ritatis
802 4177 917 4232 luce
948 4175 1244 4230 radiantem
1266 4182 1417 4229 tanto
1444 4173 1557 4229 Afri
1583 4173 1821 4244 episcopi
1850 4173 2057 4229 honore
2088 4187 2180 4229 ve-

504 4298 515 4305 ο
606 4270 778 4325 nerati
820 4277 963 4335 sunt,
1013 4275 1074 4323 ut
1117 4267 1191 4322 ita
1238 4264 1305 4321 ad
1334 4263 1579 4321 eumdem
1622 4265 1793 4319 virum
1840 4264 2177 4320 scriberent:

607 4362 737 4418 lilml
763 4379 909 4423 vero.
937 4360 1080 4431 quod
1104 4360 1156 4413 in
1184 4360 1393 4423 litteris,
1424 4374 1557 4427 quas
1580 4357 1634 4411 in
1661 4356 1935 4411 universas
1963 4355 2182 4426 provin-

608 4458 718 4511 cias
748 4456 946 4509 curasti
991 4468 1111 4507 esse
1138 4450 1445 4517 mittendas,
1476 4447 1699 4519 posuisti
1727 4447 1932 4513 dicens,
1961 4447 2071 4502 Nos
2098 4456 2179 4501 ta-

2275 3365 2343 3420 ad
2371 3364 2543 3419 solam
2572 3360 2943 3416 remissionem
2969 3368 3314 3431 peccatorum
3345 3361 3543 3426 valere,
3573 3376 3695 3431 qua:
3730 3359 3849 3429 jam

2273 3455 2561 3511 commissa
2600 3460 2768 3517 sunt,
2814 3468 2922 3508 non
2961 3452 3122 3508 etiam
3168 3451 3235 3506 ad
3277 3451 3603 3521 adiutorium
3641 3462 3701 3507 ut
3738 3467 3852 3508 non

2274 3545 2695 3609 committantur,
2722 3543 3006 3599 anathema
3030 3543 3120 3599 sit.
3164 3542 3229 3597 Et
3255 3543 3447 3598 iterum
3474 3552 3668 3612 quarto
3696 3544 3853 3613 capi-

2276 3639 2428 3693 tulo:
2468 3635 2537 3691 Ut
2570 3635 2813 3706 quisquis
2854 3634 3072 3703 dixerit,
3117 3635 3344 3704 gratiam
3393 3634 3489 3690 Dei
3526 3650 3625 3705 per
3666 3633 3853 3691 Jesutu

2274 3726 2544 3783 Christum
2591 3734 2814 3798 propter
2839 3725 2946 3780 hoc
2989 3731 3195 3780 tantum
3222 3740 3322 3781 nos
3348 3724 3606 3793 adjuvare
3631 3724 3699 3779 ad
3740 3739 3850 3781 non

2277 3818 2627 3891 peccandum,
2654 3818 2779 3887 quia
2807 3832 2905 3888 per
2930 3817 3105 3886 ipsum
3133 3816 3289 3872 nobis
3315 3816 3610 3879 revelatur.
3638 3822 3695 3871 et
3722 3830 3855 3886 ape-

2277 3910 2416 3965 ritur
2442 3908 2791 3976 intelligentia
2813 3904 3209 3970 mandatorum,
3240 3912 3301 3960 ut
3329 3905 3596 3960 sciamus:
3614 3904 3745 3973 quid
3761 3918 3855 3974 ap-

2283 4010 2477 4073 petere
2493 4007 2548 4055 et
2573 4000 2702 4068 quid
2731 3999 2900 4053 vitare
2937 3998 3230 4053 debeamus
3254 4014 3270 4065 ;
3320 4012 3431 4052 non
3460 4005 3642 4053 autem
3671 4010 3768 4065 per
3795 3996 3859 4050 il-

2279 4093 2386 4148 lam
2412 4092 2569 4148 nobis
2594 4090 2860 4161 pratstari,
2879 4098 2939 4145 ut
2964 4088 3110 4159 quod
3155 4087 3455 4144 faciendum
3482 4088 3854 4158 cognovimus,

2280 4186 2441 4240 etiam
2478 4182 2657 4239 facere
2699 4181 2983 4250 diligamus
3025 4188 3185 4251 atque
3229 4180 3523 4243 valeamus,
3566 4178 3854 4234 anathema

2280 4277 2369 4333 sit.
2416 4275 2552 4331 Cum
2601 4273 2743 4329 enim
2789 4272 2937 4327 dicat
2990 4271 3283 4342 Apostolus
3323 4287 3339 4325 :
3394 4270 3635 4327 Scientia
3680 4268 3853 4335 inflat,

2281 4365 2512 4421 charitas
2556 4379 2686 4419 vero
2726 4362 2959 4417 aedificat
3001 4360 3052 4433 (ι
3084 4361 3203 4417 Cor.
3249 4360 3385 4429 vin),
3428 4361 3588 4416 valde
3633 4359 3852 4430 impium

2282 4464 2366 4511 est
2408 4463 2467 4509 ut
2514 4454 2813 4520 credamus,
2864 4453 2931 4508 ad
2977 4468 3096 4508 eam
3122 4466 3243 4523 quae
3289 4452 3461 4518 inflat,
3508 4468 3609 4507 nos
3656 4452 3853 4506 habere

609 4555 731 4600 men
770 4544 1024 4598 instinctu
1071 4541 1165 4606 Dei
1190 4582 1205 4605 ,
1237 4548 1369 4606 ctc.,
1403 4540 1479 4594 sic
1508 4538 1812 4608 accepimus
1838 4537 2038 4592 dictum
2057 4582 2071 4607 ,
2120 4546 2180 4593 ut
2203 4549 2255 4610 ι)
2280 4545 2509 4613 gratiam
2530 4543 2747 4609 Christi,
2777 4551 2833 4599 οι
2860 4542 2929 4598 ad
2946 4558 3064 4598 eam
3085 4558 3205 4614 quas
3222 4542 3473 4607 mdiﬁcat,
3503 4558 3609 4598 ηοη
3632 4542 3848 4604 habere,

611 4638 763 4699 illos,
799 4634 891 4704 qui
938 4642 1124 4688 contra
1155 4632 1250 4686 Dei
1280 4630 1601 4698 adjutorium
1645 4628 1913 4684 extollunt
1960 4627 2179 4684 humani

609 4726 815 4783 arbitrii
860 4726 1181 4790 libertatem,
1231 4722 1477 4778 districto
1506 4718 1680 4790 gladio
1707 4719 1985 4787 veritatis,
2035 4719 2182 4774 velut

608 4819 806 4876 cursim
836 4818 1122 4884 transiens,
1173 4825 1502 4886 amputarcs.
1536 4812 1674 4881 Quid
1701 4811 1843 4867 enim
1876 4818 1984 4866 tam
2010 4810 2179 4867 libero

608 4912 810 4970 fecistis
839 4910 1087 4978 arbitrio,
1132 4924 1292 4979 quam
1319 4906 1463 4977 quod
1492 4906 1741 4960 universa
1772 4905 1822 4959 in
1854 4912 2051 4960 nostrae
2080 4904 2182 4957 hu-

609 5002 850 5060 militatis
878 5001 1262 5057 conscientiam
1291 4998 1591 5054 retulistis?
1620 4996 1685 5052 Et
1713 5005 1889 5051 tamen
1920 4996 2181 5051 instinctu

613 5095 705 5150 Dei
737 5092 933 5147 factum
962 5104 1081 5145 esse
1112 5088 1339 5144 fideliter
1369 5088 1745 5158 sapienterque
1767 5086 1991 5152 vidistis,
2026 5100 2183 5140 vera-

607 5187 746 5240 citer
797 5182 1127 5248 tidenterque
1152 5178 1379 5233 dixistis.
1411 5176 1536 5233 ldeo
1567 5178 1768 5247 utique,
1816 5178 1940 5246 quia
1968 5190 2180 5247 prtepa-

610 5284 758 5329 ratur
804 5273 1052 5329 voluntas
1079 5286 1110 5324 a
1140 5270 1388 5333 Demino,
1437 5277 1491 5323 et
1523 5278 1582 5323 ut
1608 5268 1736 5324 boni
1766 5267 1966 5338 aliquid
1996 5275 2179 5335 agant,

608 5365 844 5437 paternis
892 5362 1333 5433 inspirationibus
1380 5374 1597 5414 suorum
1649 5358 1763 5427 ipse
1802 5364 1984 5425 tangat
2012 5356 2175 5410 corda

609 5461 859 5515 filiorum.
893 5457 1171 5526 Quotquot
1203 5455 1343 5510 enim
1387 5452 1577 5522 spiritu
1603 5451 1697 5505 Dei
1724 5457 1972 5516 aguntur,
2001 5448 2055 5503 hi
2088 5448 2179 5502 filii

608 5549 699 5603 Dei
723 5556 868 5612 sunt,
892 5556 951 5602 ut
972 5562 1073 5603 nec
1094 5554 1335 5602 nostrum
1357 5542 1546 5599 deesse
1566 5540 1860 5596 sentiamus
1883 5540 2183 5607 arbitrium,

606 5650 662 5695 ct
710 5641 762 5695 in
810 5638 965 5694 bonis
993 5637 1292 5706 quibusque
1332 5632 1624 5688 voluntatis
1670 5632 1915 5685 humana:
1965 5629 2185 5697 singulis

608 5731 840 5788 motibus
897 5729 1067 5798 magis
1115 5726 1257 5781 illius
1298 5724 1477 5779 valere
1522 5738 1630 5778 non
1675 5721 1976 5777 dubitemus
2027 5724 2182 5777 auxi-

613 5824 767 5881 litin.

2284 4650 2406 4690 cum
2437 4636 2507 4690 sit
2528 4643 2815 4703 utrumque
2839 4633 3037 4689 donum
3064 4634 3195 4701 Dei,
3240 4641 3297 4690 et
3336 4634 3477 4688 scire
3502 4632 3630 4702 quid
3676 4631 3852 4687 facere

2283 4727 2596 4792 debeamus,
2644 4733 2701 4781 et
2746 4726 2970 4793 diligere
3015 4732 3073 4780 ut
3116 4724 3406 4794 faciamus,
3468 4733 3527 4780 ut
3555 4724 3853 4780 tediticante

2285 4817 2549 4873 charitate
2574 4815 2800 4870 scientia
2831 4830 2938 4869 non
2962 4815 3130 4885 possit
3158 4813 3363 4869 inflare.
3412 4814 3564 4869 Sicut
3583 4824 3766 4871 autem
3788 4815 3853 4869 de

2286 4907 2398 4963 Deo
2434 4908 2692 4977 scriptum
2742 4914 2866 4961 est:
2898 4906 2996 4972 Qui
3040 4907 3202 4962 docet
3244 4906 3517 4961 hominem
3568 4908 3849 4962 scientiam

2290 4997 2459 5060 (Psat.
2488 4998 2751 5067 xcnt),ita
2773 4996 2934 5052 etiam
2963 4997 3217 5067 scriptum
3246 4996 3623 5052 est:Cbaritas
3653 4994 3718 5051 ex
3745 4996 3852 5051 Deo

2285 5096 2366 5143 est
2389 5087 2438 5157 (I
2470 5086 2627 5143 Joun.
2672 5087 2769 5156 tv).
2807 5086 2940 5141 item
2963 5086 3151 5155 quinto
3194 5086 3465 5156 capitulo:
3505 5085 3576 5140 Ut
3615 5086 3856 5155 quisquis

2285 5179 2482 5233 dixerit
2527 5179 2647 5234 ideo
2694 5178 2849 5233 nobis
2897 5178 3122 5246 gratiam
3166 5176 3568 5246 justiticationis
3613 5177 3754 5245 dari,
3799 5186 3856 5231 ut

2285 5270 2429 5340 quod
2457 5269 2633 5327 facere
2660 5285 2756 5340 per
2777 5270 3003 5325 liberum
3024 5269 3308 5338 jubeamur
3326 5270 3625 5335 arbitrium,
3650 5269 3857 5324 facilius

2283 5358 2546 5426 possimus
2583 5358 2805 5428 implere
2834 5375 2931 5430 per
2963 5366 3209 5429 gratiam,
3242 5372 3494 5434 tanquam
3534 5372 3591 5418 et
3616 5364 3662 5419 si
3689 5364 3862 5435 gratia

2281 5464 2389 5502 non
2418 5447 2652 5515 daretur,
2684 5466 2791 5505 non
2821 5451 3036 5521 quidem
3067 5453 3246 5523 facile,
3268 5455 3362 5510 sed
3390 5465 3569 5511 tamen
3593 5458 3862 5527 possimus

2281 5538 2443 5593 etiam
2479 5539 2597 5596 sine
2636 5541 2726 5596 illa
2774 5541 2997 5611 implere
3040 5543 3218 5598 divina
3257 5545 3540 5613 mandata,
3572 5547 3860 5609 anathema

2248 5702 2249 5705 η
2284 5628 2375 5682 sit.
2408 5626 2483 5682 De
2511 5628 2766 5685 fructibus
2806 5633 2946 5687 enim
2977 5636 3351 5690 mandatorum
3389 5635 3648 5699 Dominus
3677 5636 3863 5708 loque-

2280 5717 2454 5780 batur,
2483 5718 2569 5772 ubi
2603 5737 2707 5775 non
2731 5723 2824 5785 ait,
2852 5723 2981 5777 Sine
3008 5740 3093 5777 me
3120 5724 3384 5780 difficilius
3406 5728 3629 5797 potestis
3653 5727 3857 5793 facere;

2282 5810 2376 5867 sed
2406 5811 2498 5879 ait,
2533 5810 2658 5868 Sitzc
2689 5828 2770 5867 tne
2802 5815 2931 5867 nihil
2963 5818 3183 5881 potestis
3217 5819 3260 5870 fa
3298 5835 3405 5871 ore.
