4092 6348
328 291 395 365 ἷ3
1319 292 1697 348 COLLECTIO
1738 293 2205 351 DECRETORUM
2247 293 2353 349 PP.
2394 294 2501 349 RR.

3447 294 3551 349 27d

293 401 450 468 Quod
485 398 895 478 prietenstatuta
939 403 1074 456 sedis
1121 405 1418 472 apostolica:
1458 423 1632 459 omnes
1673 410 1871 460 oratio-
1902 413 1947 469 Α
1977 422 2102 476 erga
2131 424 2319 464 omnes
2346 410 2588 464 homines
2617 409 2829 465 bonitas
2850 410 2966 478 Dei,
2992 420 3050 465 ut
3073 419 3252 465 nostra
3284 410 3412 465 velit
3430 425 3553 467 esse

374 490 464 547 nes
500 472 691 524 Christi
712 474 942 547 gratiam
974 483 1238 538 resonant,
1270 492 1367 543 qua
1408 492 1566 547 genus
1594 478 1874 530 humanum

370 544 437 595 ab
466 552 663 595 (eterna
689 543 1019 596 damnatione
1049 555 1340 612 reparatur.

368 651 461 709 XI.
501 652 767 707 Praeterea
816 654 1136 709 beatissima:
1182 663 1238 710 et
1286 657 1595 727 apostolica:
1624 658 1765 714 sedis
1793 658 1877 713 in-

291 745 577 802 violabiles
622 744 957 810 sanctiones,
1014 746 1205 816 quibus
1251 763 1350 803 nos
1396 749 1617 819 piissimi
1666 748 1875 817 Patres,

294 834 567 907 pestifera:
595 835 849 891 novitatis
885 836 1120 892 elatione
1149 838 1374 907 dejecta,
1421 848 1476 895 et
1504 841 1659 896 bona:
1696 841 1881 897 volun-

294 928 427 983 tatis
454 925 696 989 exordia,
730 934 786 980 et
816 927 1146 983 incrementa
1176 929 1530 999 probabilium
1558 931 1876 997 studiorum,

295 1027 357 1073 et
386 1017 440 1071 in
472 1017 551 1072 eis
583 1031 753 1084 usque
798 1017 853 1075 in
901 1016 1063 1074 ﬁnem
1094 1021 1549 1089 perseverantiam
1576 1020 1642 1077 ad
1681 1020 1879 1078 Christi

297 1106 527 1175 gratiam
570 1104 771 1160 referre
816 1104 1137 1164 docuerunt.
1177 1106 1619 1165 Obsecrationum
1665 1125 1881 1183 quoque

294 1197 716 1256 sacerdotalium
746 1208 1082 1256 sacramenta
1102 1201 1470 1271 respiciamus,
1501 1216 1621 1271 quae
1642 1201 1710 1256 ab
1744 1218 1880 1273 apo-

294 1292 454 1348 stolis
476 1290 667 1349 tradita
689 1290 743 1347 in
768 1298 888 1347 toto
911 1292 1112 1350 mundo
1154 1300 1319 1365 atque
1342 1294 1397 1348 in
1424 1294 1573 1350 omni
1611 1294 1882 1351 catholica

296 1381 544 1439 Ecclesia
575 1382 915 1439 uniiomiter
943 1384 1311 1457 celebrantur,
1342 1392 1402 1440 ut
1426 1385 1599 1457 legem
1629 1384 1882 1441 credendi

298 1474 393 1529 lex
420 1482 621 1529 statuat
658 1474 1014 1546 supplicandi.
1061 1474 1196 1530 Cum
1237 1477 1386 1532 enim
1426 1484 1735 1535 sanctarum
1769 1476 1885 1547 ple-

298 1566 450 1621 bium
478 1566 1005 1638 presulesmandata
1035 1567 1249 1623 sibimet
1276 1568 1547 1638 lqatione
1572 1568 1879 1638 fungantur,

301 1656 448 1727 apud
476 1656 707 1712 divinam
730 1657 1074 1714 clementiam
1101 1658 1319 1713 humani
1338 1658 1550 1727 generis
1572 1666 1737 1727 agunt
1755 1673 1884 1715 cau-

1978 498 2190 566 merita,
2221 514 2338 568 qua:
2376 507 2501 560 sunt
2532 499 2695 568 ipsius
2741 499 2903 564 dona,
2935 510 2990 556 et
3018 517 3115 571 pro
3138 501 3219 556 his
3244 516 3363 571 qua:
3392 501 3553 569 largi-

1979 593 2063 639 tus
2089 596 2190 650 est,
2213 599 2413 642 aeterna
2439 590 2652 658 praemia
2681 588 2750 643 sit
2774 589 3089 645 donatulus.
3119 590 3243 660 Agit
3269 591 3467 665 quippe
3500 608 3554 646 in

1978 679 2152 745 nobis,
2180 687 2239 734 ut
2258 680 2402 749 quod
2422 680 2557 744 vult,
2575 689 2631 736 et
2650 681 2895 747 velimus,
2920 691 2974 737 et
2993 697 3231 751 agamus,
3256 698 3358 737 nec
3379 683 3556 740 otiosa

1975 780 2097 822 esse
2119 768 2171 821 in
2204 768 2358 824 nobis
2382 770 2604 839 patitur,
2622 784 2741 839 quae
2765 772 3091 839 exercenda,
3113 787 3222 827 non
3242 773 3555 843 negligenda

1978 855 2219 923 donavit,
2250 866 2392 915 utet
2438 874 2538 915 nos
2589 871 2977 931 cooperatores
3024 863 3193 919 simus
3238 864 3424 935 gratia:
3461 866 3554 920 Dei

1980 944 2035 1016 (1
2065 946 2263 1003 Coriut.
2288 950 2390 1021 ιιι),
2417 964 2482 1007 ac
2508 950 2555 1005 si
2583 950 2709 1020 quid
2749 950 2803 1005 in
2847 952 3002 1008 nobis
3050 969 3119 1009 ex
3146 965 3331 1010 nostra
3362 956 3557 1011 videri-

1977 1056 2101 1098 mus
2122 1043 2439 1100 remissione
2461 1045 2829 1115 languescere,
2848 1046 2915 1100 ad
2944 1047 3106 1101 illum
3123 1048 3351 1103 sollicite
3373 1065 3556 1103 recur-

1977 1147 2179 1199 ramus,
2213 1135 2304 1203 qui
2330 1144 2483 1191 sanat
2503 1150 2691 1191 omnes
2718 1136 3005 1206 languores
3034 1147 3246 1194 nostros
3263 1139 3433 1211 (Psat.
3458 1142 3553 1211 Cl),

1979 1232 2035 1280 et
2059 1225 2274 1280 redimit
2303 1225 2370 1281 de
2398 1226 2614 1282 interitu
2639 1228 2803 1282 vitam
2834 1238 3092 1295 nostram,
3125 1239 3177 1284 et
3206 1230 3290 1285 cui
3320 1231 3557 1299 quotidie

1980 1315 2244 1373 dicimus:
2271 1317 2351 1373 Ne
2380 1318 2602 1375 inducas
2628 1335 2728 1375 nos
2754 1318 2807 1375 in
2839 1320 3214 1394 tentationem,
3254 1321 3349 1378 sed
3390 1322 3558 1377 libera

1981 1421 2083 1462 nos
2101 1422 2133 1462 a
2161 1407 2305 1463 malo
2335 1408 2553 1481 (Matth.
2586 1411 2681 1481 vt).

1986 1515 2137 1585 Quod
2156 1520 2520 1592 profundiore:
2557 1524 2864 1597 questions:
2892 1540 2985 1578 nec
3022 1524 3409 1597 contemnenda:
3433 1527 3558 1592 sint,

2449 1609 2542 1646 nec
2562 1594 2763 1663 penitus
2785 1594 3099 1649 asserendaz.

2056 1679 2194 1736 XIII.
2227 1679 2610 1738 Profundiores
2636 1698 2788 1747 vero,
2820 1682 3252 1753 diltlcilioresque
3280 1692 3459 1754 partes
3480 1684 3564 1738 in-

301 1764 443 1816 Sama
466 1758 521 1805 ει
540 1757 652 1806 Wa
676 1767 858 1844 εθευφ
877 1749 1117 1844 βςίξιξξεῖθ
1138 1752 1571 1844 (ξοηεεωίεςςηιθ
1613 1753 1886 1823 William
1916 1768 1964 1829 B
1988 1773 2318 1830 currentium
2362 1774 2745 1843 qutestionum,
2778 1788 2912 1843 quas
2940 1774 3100 1829 latius
3144 1749 3562 1844 pertractarunt,

276 1840 281 1843 ’
304 1849 363 1895 et
383 1849 696 1911 precantur,
724 1850 783 1896 ut
812 1840 1114 1897 inﬁdelibus
1141 1842 1373 1898 donetur
1402 1842 1563 1911 ﬁdes,
1584 1851 1642 1899 ut
1663 1844 1887 1901 idolola-

304 1940 407 1987 tra:
436 1933 502 1987 ab
530 1933 819 2002 impietatis
847 1950 957 1990 sum
986 1934 1282 1993 liberentur
1302 1935 1597 2005 erroribus,
1618 1934 1889 1993 utJudteis

292 2023 489 2081 ablato
519 2024 700 2080 cordis
742 2025 1010 2081 velamine
1061 2025 1153 2081 lux
1200 2026 1447 2083 veritatis
1495 2036 1775 2099 appareat,
1829 2036 1890 2085 ut

274 2113 543 2170 ‘hzeretici
590 2115 867 2172 catholica:
896 2115 1019 2172 ﬁdei
1065 2117 1412 2189 perceptione
1460 2119 1801 2189 resipiscant,
1830 2126 1891 2177 ut

276 2204 635 2271 ‘schismatici
659 2209 906 2279 spiritum
930 2207 1180 2263 rediviva:
1208 2209 1487 2264 charitatis
1515 2209 1800 2279 accipiant,
1833 2215 1891 2264 ut

282 2296 479 2369 ‘lapsis
505 2298 833 2367 paenitentia:
861 2298 1098 2353 remedia
1134 2296 1502 2367 conferantur,
1552 2306 1611 2353 ut
1658 2299 1889 2368 denique

288 2380 717 2445 icatechumenis
758 2389 825 2443 ad
852 2389 1275 2458 regenerationis
1317 2398 1655 2445 sacramenta
1700 2388 1893 2460 perdu-

286 2480 417 2533 ctis
463 2479 699 2535 ewlestis
742 2479 1122 2534 misericordiae
1154 2479 1277 2534 aula
1306 2488 1597 2534 reseretur.
1639 2478 1765 2535 Ilaec
1792 2496 1891 2535 au-

315 2580 424 2625 tem
448 2587 553 2624 non
580 2570 967 2641 perfunctorie,
996 2586 1173 2641 neque
1202 2571 1436 2625 inaniter
1464 2586 1495 2625 a
1526 2571 1753 2626 Domino
1781 2571 1892 2641 peti

288 2654 495 2718 ‘rerum
525 2664 760 2734 ipsarum
790 2671 1057 2718 monstrat
1087 2662 1341 2728 effectus,
1370 2663 1801 2733 quandoquidem
1826 2678 1894 2719 ex

314 2754 462 2809 omni
491 2769 734 2809 errorum
762 2766 958 2822 genere
986 2753 1248 2825 plurimos
1275 2754 1417 2809 Deus
1443 2754 1695 2825 dignatur
1722 2761 1892 2811 attra-

298 2844 468 2919 here,
501 2860 638 2914 quos
682 2852 866 2899 erutos
896 2842 965 2898 de
993 2852 1261 2913 potestate
1294 2844 1637 2901 tenebrarum
1667 2845 1896 2905 transfe-

317 2942 402 2987 rat
432 2934 483 2988 in
526 2949 749 3004 regnum
782 2931 872 2987 ﬁlii
902 2933 1177 2992 charitatis
1220 2948 1329 2991 sum
1362 2932 1582 3006 (Coloss.
1632 2934 1704 3005 ι),
1747 2942 1801 2989 et
1829 2950 1896 2990 ex

292 3016 462 3081 ‘v'asis
488 3025 578 3079 irae
608 3022 771 3082 faciat
810 3039 937 3079 vasa
979 3023 1361 3086 misericordia}
1401 3022 1578 3097 (Rom.
1610 3024 1719 3095 Ix),
1752 3024 1897 3094 quod

1988 1864 2080 1934 qui
2098 1864 2369 1919 haereticis
2392 1864 2721 1928 restiterunt,
2754 1865 2896 1919 sicut
2917 1880 3025 1919 non
3050 1864 3307 1920 audemus
3330 1873 3563 1919 contem-

1984 1968 2141 2020 nere,
2163 1953 2238 2009 ita
2266 1969 2376 2009 non
2417 1968 2638 2011 necesse
2683 1954 2942 2010 habemus
2993 1962 3273 2022 astruere,
3319 1955 3445 2024 quia
3496 1954 3562 2009 ad

1990 2046 2352 2103 confitendam
2376 2048 2602 2116 gratiam
2631 2048 2746 2113 Dei,
2780 2047 2933 2118 cujus
2962 2048 3113 2119 operi
3152 2064 3217 2104 ac
3246 2047 3564 2117 dignationi

1989 2136 2120 2192 nihil
2146 2137 2361 2209 penitus
2388 2137 2808 2193 subtrahendum
2830 2145 2930 2203 est,
2962 2138 3093 2193 satis
3118 2137 3363 2194 sufﬁcere
3386 2140 3565 2194 credi-

1991 2242 2131 2293 mus,
2162 2228 2420 2298 quidquid
2464 2228 2757 2283 secundum
2794 2228 3078 2299 prtedictas
3106 2230 3317 2298 regulas
3343 2239 3563 2300 aposta-

1964 2317 2110 2373 ‘licte
2132 2317 2277 2373 sedis
2302 2334 2403 2373 nos
2431 2319 2627 2389 scripta
2651 2318 2968 2385 docuerunt,
2990 2327 3048 2374 ut
3079 2335 3297 2390 prorsus
3322 2335 3428 2375 non
3458 2322 3566 2393 opi-

1991 2423 2183 2463 nemur
2210 2409 2554 2477 catholicum,
2585 2409 2729 2481 quod
2748 2411 3056 2483 apparuerit
3084 2411 3315 2487 praeﬁxis
3342 2422 3563 2469 sentcn-

1991 2499 2081 2555 tiis
2107 2514 2226 2556 esse
2253 2500 2605 2559 contrarium.

2060 2664 2384 2723 leestinus
2403 2666 2665 2722 universis
2678 2668 2843 2738 episc.
2870 2683 2966 2738 per
2978 2666 3407 2723 Viennensemet
3429 2668 3569 2722 Nan-

1992 2755 2288 2812 honensem
2315 2756 2627 2826 provincias
2647 2758 2960 2813 constitutis
2982 2759 3041 2812 in
3064 2758 3290 2813 Domino
3315 2757 3565 2812 salutem.

2063 2848 2393 2919 Cuperemus
2422 2850 2638 2919 quidem
2667 2848 2737 2906 de
2782 2858 3084 2906 vestrarum
3112 2849 3466 2906 Ecclesiarum
3496 2850 3569 2903 ita

1974 2940 2334 2995 ordinatione
2358 2940 2615 3009 gaudere,
2647 2949 2709 2996 ut
2754 2942 3254 3011 eongratularemur
3281 2942 3459 3011 potius
3505 2940 3573 2996 de

1997 3028 2265 3099 profectu,
2293 3042 2455 3099 quam
2484 3031 2687 3100 aliquid
2714 3032 3000 3087 admissum
3029 3042 3217 3088 contra
3238 3032 3572 3102 disciplinam

321 3117 459 3172 adeo
488 3126 663 3177 totum
689 3117 853 3174 divini
893 3118 1072 3188 operis
1100 3130 1221 3172 esse
1249 3117 1494 3183 sentitur,
1536 3124 1596 3171 ut
1632 3116 1748 3172 haec
1790 3114 1897 3171 efﬁ-
1923 3127 1969 3190 ε
2002 3119 2422 3176 ecclesiasticam
2450 3120 2773 3177 doleremus.
2802 3122 2885 3177 Ad
2908 3132 3143 3178 nostram
3165 3124 3306 3178 enim
3337 3124 3575 3178 lzetitiam

322 3208 490 3263 cienti
534 3208 644 3267 Deo
686 3209 976 3279 gratiarum
1016 3223 1231 3283 semper
1260 3208 1403 3265 actio
1458 3206 1736 3276 laudisque
1762 3223 1896 3264 con-

327 3299 490 3354 fessio
519 3315 616 3369 pro
648 3299 1030 3355 illuminatione
1087 3299 1273 3354 talium
1321 3298 1408 3354 vel
1452 3298 1787 3356 correctione
1815 3313 1901 3357 re-

331 3392 561 3453 feratur.

328 3522 484 3591 Quod
502 3528 724 3598 gratiam
747 3525 841 3580 Dei
871 3526 1028 3580 etiam
1052 3525 1481 3597 baptizandorum
1511 3532 1720 3598 testatur
1748 3526 1899 3598 insti-

322 3644 348 3667 τι
398 3595 519 3649 tuta
539 3598 799 3667 purgatio,
852 3614 967 3667 cum
1015 3595 1313 3653 exorcismis
1363 3604 1412 3667 et
1468 3595 1904 3665 cauillationibus

401 3667 610 3733 spiritus
635 3665 696 3718 ab
727 3669 803 3719 eis
824 3665 1100 3737 abiguutur
1122 3666 1392 3719 immundi.

404 3775 517 3835 XII.
546 3776 681 3832 Illud
707 3778 893 3845 etiam,
918 3778 1064 3847 quod
1104 3779 1250 3835 circa
1294 3778 1645 3849 baptizandos
1682 3779 1738 3834 in
1790 3779 1910 3834 uni-

332 3884 492 3924 verso
540 3868 739 3923 mundo
768 3877 955 3925 sancta
986 3867 1230 3923 Ecclesia
1271 3868 1608 3925 unil'ormiter
1646 3869 1775 3937 agit,
1804 3886 1907 3923 non

335 3960 513 4016 otioso
543 3960 977 4033 contemplamur
998 3959 1216 4015 intuitu.
1242 3958 1377 4013 Cum
1405 3960 1521 4014 sive
1551 3959 1777 4030 parvuli,
1797 3960 1912 4015 sive

328 4049 559 4122 juvenes
583 4049 652 4104 ad
669 4049 1089 4117 regenerationis
1117 4051 1338 4105 veniunt
1365 4059 1782 4117 sacramentum,
1807 4067 1911 4105 non

334 4137 483 4211 prius
504 4137 704 4192 fontem
734 4139 854 4192 vita:
881 4138 1099 4204 adeunt,
1126 4154 1285 4208 quam
1308 4139 1622 4195 exorcismis
1668 4149 1723 4194 et
1743 4140 1916 4197 exsuf-

336 4226 644 4284 ﬁationibus
672 4228 988 4284 clericorum
1019 4229 1237 4299 spiritus
1260 4231 1326 4285 ab
1358 4230 1437 4284 eis
1472 4230 1775 4285 immundus
1796 4231 1914 4285 abt-

332 4328 523 4390 gatur,
568 4328 627 4374 ut
671 4328 797 4375 tunc
840 4335 968 4376 vere
1014 4328 1304 4391 appareat,
1343 4321 1612 4391 quomodo
1666 4322 1917 4391 princeps

334 4412 521 4465 mundi
548 4412 704 4480 hujus
733 4412 975 4481 mittatur
1004 4412 1170 4479 foras,
1199 4422 1255 4468 et
1306 4414 1579 4483 quomodo
1621 4417 1769 4487 prius
1798 4416 1917 4471 alti.-

2001 3218 2053 3264 et
2082 3210 2362 3266 benefacta
2390 3214 2725 3281 perveniunt,
2754 3221 2809 3268 et
2838 3215 3082 3270 mter-oris
3108 3213 3308 3269 aculeis
3336 3230 3434 3269 nos
3459 3229 3578 3283 qua:

2003 3299 2218 3356 fuerunt
2237 3302 2541 3370 malefacta,
2558 3313 2944 3376 compungunt.
2963 3304 3072 3360 Nec
3092 3306 3251 3383 silere
3271 3314 3577 3376 possumus,

1998 3408 2125 3448 cum
2155 3394 2225 3449 ad
2252 3395 2375 3463 hoc,
2399 3403 2457 3450 ut
2486 3396 2560 3451 ab
2583 3395 3119 3454 illicitisrevocemus
3146 3399 3384 3468 aliquos,
3408 3398 3572 3454 ollicii

2006 3488 2175 3544 nostri
2201 3490 2865 3559 provocemurinstinctn,
2898 3491 2950 3546 in
2980 3491 3211 3562 speculis
3243 3507 3274 3546 a
3315 3488 3437 3547 Deo
3460 3504 3582 3547 con-

2005 3582 2197 3645 stituti,
2212 3591 2269 3637 ut
2288 3582 2576 3651 vigilantiae
2598 3592 2792 3639 nostrae
2803 3584 3130 3653 diligentiam
3147 3583 3586 3653 comprobantes,

2005 3681 2062 3728 et
2090 3689 2209 3744 quae
2255 3676 2551 3731 coercenda
2596 3684 2723 3731 sunt
2765 3692 3092 3743 reseccmus,
3125 3685 3179 3731 et
3226 3691 3346 3746 qua:
3394 3678 3585 3733 obser-

2007 3767 2179 3822 vanda
2221 3776 2347 3823 sunt
2388 3770 2711 3825 sanciamus.
2755 3768 2823 3824 Et
2851 3770 3093 3839 quamvis
3124 3770 3265 3825 circa
3293 3770 3585 3841 longinqua

2010 3857 2263 3927 Spiritalis
2292 3874 2419 3911 cura
2448 3873 2551 3912 non
2579 3858 2783 3926 deﬁcit,
2804 3857 2896 3913 sed
2920 3874 3018 3928 per
3038 3859 3237 3924 omnia,
3262 3874 3364 3928 qua
3389 3872 3587 3913 nomen

2013 3946 2106 4002 Dei
2136 3950 2474 4020 przedicatur,
2494 3951 2772 4004 extendit:
2803 3966 2903 4005 nec.
2932 3951 3176 4005 notitiam
3205 3959 3441 4006 nostram
3462 3951 3589 4006 sub-

2012 4037 2322 4107 terfugiunt,
2369 4053 2485 4108 qum
2534 4039 2586 4092 in
2638 4040 2973 4093 eversionem
3028 4040 3335 4109 regularum
3363 4039 3593 4095 novella}

2013 4130 2443 4199 prtesumptionis
2476 4131 2800 4186 auctoritate
2830 4138 3131 4185 tentantur.

2016 4240 2167 4309 Quod
2192 4260 2294 4297 non
2323 4242 2538 4297 debeant
2560 4244 2850 4297 sacerdotes
2871 4252 2959 4296 aut
2979 4243 3168 4306 clerici,
3198 4244 3373 4297 amicti
3414 4242 3591 4314 palliis

2190 4324 2239 4367 et
2259 4314 2521 4384 praecincti
2550 4314 2757 4379 lumbis,
2785 4314 2837 4367 in
2867 4314 3082 4367 ecclesia
3100 4314 3413 4367 ministrare.

2086 4402 2222 4458 XIV.
2256 4404 2548 4459 Didicimus
2586 4403 2730 4460 enim
2758 4403 3018 4474 quosdam
3044 4402 3255 4460 Domini
3284 4405 3593 4461 sacerdotes

333 4512 493 4573 getur
537 4503 690 4559 furtis
736 4503 933 4577 (Joan.
967 4521 1075 4572 xu;
1104 4505 1295 4565 Matth.
1340 4523 1442 4572 xu;
1485 4505 1655 4561 Marc.
1697 4506 1804 4578 ω),
1857 4516 1912 4564 et
1946 4496 2389 4568 D‘superstitioso
2442 4498 2622 4568 potius
2667 4497 2835 4552 cultui
2879 4497 3141 4551 inservire
3187 4511 3349 4566 quam
3397 4496 3597 4552 mentis

334 4595 589 4665 deinceps
614 4611 742 4654 vasa
765 4596 1220 4666 ejusdiripiantur
1242 4596 1293 4654 in
1322 4598 1715 4668 possessin
1739 4608 1912 4654 trans-

335 4683 444 4738 lata
473 4684 717 4751 victoris,
744 4686 835 4754 qui
856 4687 1120 4756 captivam
1140 4686 1289 4743 ducit
1325 4687 1712 4756 captivitatem,
1740 4696 1796 4742 et
1823 4689 1915 4744 dat

334 4780 479 4834 dona
525 4780 834 4847 hominibus
878 4778 1096 4852 (Ep/ias.
1127 4781 1223 4851 tv).
1258 4780 1352 4837 His
1379 4796 1510 4850 ergo
1536 4780 1916 4837 ecclesiasticis

333 4869 557 4936 regulis.
581 4876 635 4924 et
663 4885 735 4927 ex
752 4870 930 4933 divina
957 4870 1183 4937 sumptis
1210 4870 1530 4925 auctoritate
1557 4870 1912 4934 documentis,

334 4959 435 5021 ita,
462 4958 744 5027 adjuvante
769 4961 1013 5023 Domino,
1033 4959 1352 5016 conformati
1371 4969 1650 5027 sumus,ut
1670 4962 1912 5016 omnium

338 5051 603 5107 honorum
628 5050 938 5115 affectuum,
965 5060 1128 5120 atque
1150 5066 1373 5120 operum
1395 5059 1450 5107 et
1464 5052 1701 5105 omnium
1722 5051 1920 5105 studio-

335 5157 477 5207 rum,
508 5142 855 5211 omniumque
883 5141 1155 5207 virtutum,
1181 5142 1373 5212 quibus
1396 5141 1463 5196 ab
1490 5142 1639 5197 initio
1689 5140 1809 5195 ﬁdei
1852 5140 1920 5194 ad

336 5233 507 5289 Deum
532 5232 788 5297 tenditur,
816 5233 997 5289 Deum.
1026 5233 1373 5303 proliteamur
1400 5243 1702 5303 auctorem,
1729 5243 1784 5290 et
1810 5250 1919 5293 non

335 5322 649 5376 dubitemus
700 5322 769 5377 ab
816 5323 986 5392 ipsius
1028 5323 1198 5390 gratia
1228 5323 1408 5378 omnia
1453 5324 1687 5379 hominis
1728 5326 1919 5380 merita

338 5410 646 5480 pneveniri,
665 5425 763 5480 per
784 5425 943 5482 quem
978 5410 1068 5480 ﬁt,
1088 5421 1145 5465 ut
1171 5411 1368 5481 aliquid
1395 5413 1520 5468 boni
1540 5423 1595 5469 et
1617 5415 1757 5473 velle
1782 5415 1918 5474 inci.-

339 5500 569 5572 piantus,
595 5508 652 5555 et
677 5499 880 5556 facere.
910 5499 1028 5571 Quo
1055 5501 1239 5571 utique
1283 5502 1481 5557 auxilio
1501 5511 1557 5557 et
1581 5518 1802 5562 munere
1823 5505 1919 5561 Dei

339 5609 447 5646 non
475 5590 715 5647 aufertur
736 5591 962 5650 liberum
1004 5592 1301 5657 arbitrium,
1330 5592 1423 5647 sed
1452 5593 1734 5660 liberatur,
1760 5605 1819 5651 ut
1852 5596 1919 5653 de

342 5684 631 5737 tenebroso
662 5683 931 5745 lucidum,
968 5682 1035 5738 de
1080 5698 1247 5753 pravo
1295 5693 1523 5748 rectum,
1555 5685 1621 5741 de
1665 5686 1919 5756 languido

341 5788 557 5838 sanum,
593 5772 661 5829 de
692 5773 1024 5838 in'j‘radentc
1051 5773 1119 5828 sit
1148 5772 1449 5845 pl‘ON'tllntl.
1476 5772 1646 5832 "tanta
1674 5776 1811 5831 cn'un
1839 5788 1920 5832 est

2013 4592 2099 4647 vel
2123 4591 2241 4646 tidei
2263 4590 2498 4661 puritati.
2527 4588 2630 4644 Sed
2654 4605 2762 4643 non
2793 4588 3011 4657 mirum,
3043 4588 3089 4642 si
3121 4595 3309 4643 contra
3338 4588 3567 4644 ecclesia

2012 4686 2207 4741 sticum
2228 4698 2431 4738 morem
2452 4680 2671 4745 faciunt,
2702 4680 2792 4749 qui
2823 4681 2875 4735 in
2896 4678 3133 4735 Ecclesia
3162 4695 3268 4734 non
3291 4690 3594 4745 creverunt,

2015 4776 2109 4831 sed
2138 4774 2243 4830 alio
2275 4774 2551 4829 venientes
2599 4771 2791 4825 itinere
2818 4786 3002 4825 secum
3031 4770 3148 4825 hzec
3190 4771 3242 4825 in
3272 4769 3596 4837 Ecclesiam,

2016 4882 2136 4936 quae
2185 4867 2239 4920 in
2295 4865 2399 4919 alia
2448 4862 2859 4917 conversatione
2911 4862 3229 4927 habuerant,
3280 4861 3596 4924 intulerunt,

2020 4959 2201 5013 amicti
2248 4958 2411 5027 pallio
2441 4964 2497 5010 et
2523 4955 2731 5009 lumbos
2756 4954 3031 5023 pmcincti
3059 4952 3284 5009 credunt
3311 4970 3370 5008 se
3395 4963 3597 5007 sancta:

2019 5049 2310 5118 Scriptura:
2340 5046 2519 5110 ﬁdem,
2550 5060 2655 5099 non
2687 5060 2782 5114 per
2810 5045 3052 5114 Spiritum
3074 5086 3091 5113 ,
3112 5044 3209 5099 sed
3236 5059 3334 5114 per
3362 5044 3595 5102 litteram

2021 5138 2405 5208 completuros.
2430 5136 2563 5189 Nam
2607 5136 2652 5190 si
2691 5134 2758 5189 ad
2800 5134 2906 5193 hoc
2943 5135 3049 5191 ista
3076 5141 3343 5205 pmcepta
3372 5142 3515 5199 sunt,
3540 5143 3599 5189 ut

2011 5231 2203 5295 taliter.
2242 5237 2630 5295 servarentur”
2661 5243 2758 5282 cur
2798 5242 2907 5285 non
2956 5227 3088 5283 ﬁunt
3115 5227 3463 5296 pariterque
3506 5241 3597 5282 se-

2020 5328 2363 5390 quuntur,nt
2385 5320 2622 5375 lucerna:
2653 5319 2704 5373 in
2751 5319 2995 5375 manibus
3025 5317 3275 5372 ardentes
3318 5332 3424 5372 una
3472 5333 3595 5377 cum

2022 5396 2576 5477 baculoteneantur‘l
2608 5409 2828 5467 Habent.
2866 5424 3021 5463 sumo
3052 5408 3153 5467 ista
3180 5408 3512 5480 mysterium,
3544 5419 3600 5465 et

2022 5503 2438 5573 intelligentibus
2465 5502 2537 5562 ita
2554 5502 2713 5560 clara
2736 5508 2880 5565 sunt,
2911 5509 2969 5555 ut
2987 5500 3269 5566 eamagis,
3293 5501 3599 5571 quadecet,

2022 5596 2745 5666 signiﬁcationeserventur.
2792 5592 2920 5646 Nam
2959 5591 3011 5646 in
3041 5592 3341 5649 lumborum
3372 5595 3600 5665 prtecin.

2022 5688 2455 5751 ctionecaslitas,
2471 5686 2522 5739 in
2554 5684 2747 5738 baculo
2770 5682 3005 5751 regimen
3031 5684 3318 5753 pastorale,
3343 5685 3393 5738 in
3426 5686 3598 5739 lucer-

2023 5782 2103 5837 nis
2151 5777 2463 5837 ardentibus
2508 5772 2633 5830 boni
2688 5772 2860 5845 fulgor
2902 5775 3081 5845 operis
3128 5773 3215 5845 (de
3245 5788 3350 5846 quo
3382 5774 3613 5845 dicitur“
