4092 6348
591 289 696 344 2Ίῦ

1808 279 2161 337 DIONYSIUS
2200 278 2516 335 EXIGUUS.

3751 275 3872 328 £76

587 419 754 476 opera
780 411 956 459 vestra
984 402 1218 471 luceant)
1250 399 1532 454 indicatur.
1566 397 1774 452 Habent
1799 407 1976 452 tamen
2002 399 2162 452 istum
2195 413 2238 466 Α
2270 401 2360 454 bet
2388 401 2530 454 enim
2562 406 2688 453 ante
2717 411 2836 454 esse
2863 395 3175 466 discipulus,
3202 394 3442 465 quisquis
3480 395 3674 449 doctor
3731 411 3871 449 esse

587 497 810 552 forsitan
859 494 1058 548 cultum
1105 507 1310 549 morem
1357 491 1538 561 potius
1581 505 1741 559 quam
1773 490 2038 544 rationem
2071 504 2161 543 se-

585 595 836 659 quentes,
862 586 953 653 qui
983 583 1367 638 reumtioribus
1390 581 1634 635 habitant
1662 580 1816 646 locis,
1839 588 1892 634 et
1918 579 2106 649 procul
2131 593 2161 633 a

589 676 798 735 caneris
827 675 1047 743 degunt,
1070 673 1209 728 unde
1238 672 1326 729 hic
1349 671 1562 727 habitus
1590 669 1641 725 in
1664 668 1918 724 Ecclesiis
1938 666 2164 723 Gallica-

591 770 690 834 nis,
715 777 773 822 ut
821 775 899 821 tot
927 781 1212 830 annorum,
1248 773 1626 833 tantorumque
1656 761 1966 836 pontiIicum
1999 761 2052 814 in
2083 760 2160 814 al-

590 870 760 916 terum
800 858 1041 914 habitum
1079 855 1411 912 consuetudo
1442 855 1717 910 vertatur?
1745 852 2091 907 Discemendi
2129 867 2160 905 a

587 951 744 1020 plebe
773 949 856 1004 vel
881 949 1096 1005 caeteris
1141 962 1325 1002 sumus
1369 945 1633 1011 doctrina,
1677 960 1784 999 non
1836 951 2001 1008 veste,
2031 957 2162 996 con-

589 1040 910 1104 versatione,
938 1053 1044 1093 non
1074 1038 1257 1095 habitu
1279 1079 1294 1105 ,
1324 1037 1518 1090 mentis
1559 1035 1812 1105 puritate,
1845 1048 1951 1087 non
1991 1031 2158 1084 cultu.

587 1130 719 1188 Nam
741 1130 786 1186 si
805 1129 1021 1184 studere
1049 1129 1363 1198 incipiamus
1392 1126 1636 1190 novitati,
1668 1125 1918 1179 traditum
1948 1123 2101 1178 nobis
2129 1137 2160 1174 a

586 1221 835 1280 Patribus
862 1221 1104 1276 ordinem
1131 1219 1481 1281 calcabimus,
1527 1227 1585 1271 ut
1608 1217 1782 1272 locum
1812 1213 2161 1284 supervacuis

586 1315 1053 1387 superstitionibus
1083 1313 1358 1368 faciamus.
1393 1311 1576 1366 Rudes
1597 1325 1725 1380 ergo
1748 1309 1978 1364 ﬁdelium
2008 1322 2161 1363 men-

591 1419 670 1464 tes
695 1407 762 1465 ad
792 1407 915 1463 talia
946 1422 1053 1461 non
1098 1403 1354 1459 debemus
1404 1401 1679 1457 inducere.
1729 1399 1965 1456 Docendi
2019 1399 2160 1453 enim

586 1509 710 1557 sunt
740 1501 917 1569 potius
947 1513 1107 1567 quam
1156 1495 1394 1560 ludendi,
1443 1509 1542 1549 nec
1570 1491 1948 1562 imponendum
1975 1505 2160 1545 eorum

587 1599 668 1643 est
688 1588 876 1652 oculis,
932 1587 1024 1642 sed
1052 1585 1322 1641 mentibus
1352 1581 1676 1639 infundenda
1706 1589 1971 1652 praecepta
2014 1586 2157 1633 sunt.

585 1680 753 1737 Erant
797 1679 1015 1749 quidem
1042 1677 1240 1742 multa,
1287 1690 1405 1746 qua:
1444 1688 1543 1745 pro
1580 1670 1860 1741 disciplina
1902 1668 2159 1723 ecclesia-

583 1772 739 1837 stica,
761 1770 848 1824 vel
874 1769 1040 1839 ipsius
1065 1769 1144 1823 rei
1185 1767 1364 1822 dicere
1389 1766 1598 1821 ratione
1649 1775 1946 1834 possemus,
1974 1759 2068 1815 sed
2092 1759 2160 1814 ab

585 1861 668 1918 bis
699 1859 766 1915 ad
791 1859 896 1915 alia
933 1859 1280 1916 devocamur.

728 1996 878 2062 Quod
905 1997 1033 2053 nulli
1063 1997 1128 2051 sit
1151 1994 1330 2051 ultima
1371 1993 1668 2064 poenitentia
1694 1991 2015 2062 deneganda.

657 2109 773 2164 XV.
821 2107 1150 2178 Agnovimus
1199 2106 1342 2162 enim
1385 2103 1760 2176 pmnitcntiam
1808 2097 2160 2157 morientibus

585 2200 859 2268 denegari,
883 2213 984 2254 nec
1013 2198 1225 2254 illorum
1249 2194 1529 2251 desideriis
1557 2193 1739 2258 abnui,
1761 2191 1853 2264 qui
1881 2188 2060 2246 obitus
2079 2188 2161 2243 sui

586 2301 830 2362 tempore
853 2290 958 2344 hoc
985 2288 1178 2343 animai
1205 2301 1314 2342 sum
1349 2285 1573 2357 cupiunt
1599 2282 1838 2338 remedio
1865 2277 2157 2336 subveniri.

585 2383 877 2442 llorremus
905 2381 1122 2453 (fateor)
1152 2387 1315 2435 tanta:
1345 2376 1634 2448 impietatis
1654 2375 1886 2446 aliquem
1915 2372 2156 2443 reperiri,

587 2481 645 2528 ut
683 2471 752 2527 de
796 2471 890 2527 Dei
932 2471 1134 2541 pietate
1159 2469 1446 2540 desperet:
1480 2467 1633 2536 quasi
1676 2481 1782 2522 non
1810 2464 1980 2536 possit
2006 2462 2075 2519 ad
2101 2478 2160 2518 se

586 2562 777 2636 quovis
804 2569 1047 2630 tempore
1074 2558 1418 2615 concurrenti
1465 2571 1810 2619 succurrere,
1841 2563 1898 2610 et
1943 2553 2159 2625 pericli-

587 2661 788 2709 tantem
810 2650 910 2705 sub
929 2663 1095 2706 onere
1111 2656 1457 2719 peccatorum
1486 2647 1760 2701 hominem
1783 2645 2031 2715 perdere,
2050 2658 2160 2712 quo

583 2757 645 2801 se
666 2742 754 2798 ille
781 2741 1018 2811 expediri
1039 2740 1326 2804 desiderat,
1349 2748 1404 2796 et
1425 2738 1660 2795 liberari.
1691 2735 1828 2804 Quid
1850 2737 1976 2802 hoc,
2003 2748 2158 2803 rogo,

581 2834 728 2894 aliud
767 2842 870 2904 est,
900 2849 1062 2903 quam
1111 2833 1360 2890 morienti
1402 2839 1631 2886 mortem
1674 2829 1906 2895 addere,
1937 2827 2159 2900 ejusque

582 2927 817 2986 animam
843 2940 939 2980 sua
967 2923 1302 2988 crudelitate,
1333 2937 1400 2977 ne
1427 2921 1672 2976 absoluta
1703 2934 1823 2975 esse
1847 2919 2036 2990 possit,
2066 2932 2160 2974 oc-

583 3017 783 3083 cidere,
816 3031 938 3072 cum
988 3014 1132 3070 Deus
1173 3013 1240 3069 ad
1293 3011 1713 3068 subveniendum
1766 3008 2158 3081 paratissimus,

580 3107 813 3169 invitatis
833 3107 899 3163 ad
921 3104 1311 3176 pmnitentiam,
1343 3104 1421 3158 sic
1453 3102 1732 3173 promittat
1753 3100 2048 3171 peccatorl,
2076 3100 2158 3153 in-

581 3197 809 3267 quiens:
843 3164 1173 3264 Quacunque
1221 3164 1308 3248 die
1363 3164 1657 3248 conversus
1701 3164 1862 3246 fuerit
1885 3231 1898 3253 ,
1931 3198 2154 3261 peccata
2182 3164 2227 3226 Ο

583 3288 702 3357 ejus
741 3302 848 3342 non
897 3288 1290 3356 reputabuntur
1319 3285 1369 3338 ei
1399 3282 1611 3352 (Ezech.
1646 3283 1815 3353 xvtu).
1838 3281 1902 3336 Et
1923 3282 2154 3337 itermn:

581 3378 719 3438 Nolo
749 3385 978 3432 mortem
1001 3376 1307 3447 peccatoris
1333 3416 1348 3441 ,
1397 3375 1492 3429 sed
1543 3382 1748 3428 tantum
1787 3381 2154 3438 convertatur,

579 3476 639 3526 et
683 3467 827 3522 vivat
873 3465 1034 3538 (Ibid.
1044 3475 1082 3536 ).
1113 3466 1352 3520 Salutem
1379 3478 1510 3533 ergo
1537 3463 1739 3519 homini
1769 3462 1978 3527 adimit,
2009 3463 2158 3533 quis-

579 3557 702 3628 quis
725 3558 912 3612 mortis
953 3565 1195 3628 tempore
1222 3555 1595 3627 pmnitcntiam
1620 3553 1924 3622 denegarit,
1967 3560 2023 3607 et
2061 3552 2158 3608 de-

581 3659 766 3719 sperat
786 3648 854 3705 de
882 3649 1166 3705 clementia
1210 3647 1327 3713 Dei,
1356 3649 1448 3716 qui
1485 3662 1608 3701 eum
1639 3647 1705 3700 ad
1734 3644 2156 3701 subveniendum

578 3740 833 3794 morienti
879 3736 1128 3794 sufﬁcere
1175 3738 1262 3793 vel
1305 3745 1583 3794 momento
1640 3752 1796 3807 posse
1826 3752 1935 3791 non
1965 3736 2152 3792 credit.

577 3825 902 3883 Perdidisset
931 3826 1068 3881 latro
1097 3826 1151 3880 in
1178 3839 1338 3880 cruce
1368 3826 1665 3895 prmmium,
1697 3825 1764 3877 ad
1793 3823 1989 3880 Christi
2017 3824 2153 3879 dex-

575 3923 748 3972 teram
774 3915 1035 3987 pcudens,
1067 3915 1114 3971 si
1143 3915 1293 3970 illum
1321 3915 1479 3968 unius
1507 3915 1653 3970 horae
1701 3914 2014 3984 pmnitentia
2045 3929 2152 3969 non

571 4007 819 4080 juvisset,
844 4023 967 4064 cum
1012 4016 1154 4065 esset
1184 4008 1238 4064 in
1282 4021 1463 4078 pinna,
1492 4006 1763 4077 pmnituit,
1789 4013 1844 4060 et
1873 4021 1969 4076 per
1997 4005 2152 4060 unius

572 4101 838 4155 sermonis
885 4099 1320 4176 promissionem,
1353 4097 1714 4153 habitaculum
1747 4096 2004 4167 paradisi,
2037 4095 2151 4151 Deo

572 4193 938 4261 promittente,
986 4191 1282 4264 promeruit
1317 4189 1465 4262 (Luc.
1515 4190 1687 4260 xxm).
1735 4189 1874 4244 Vera
1923 4202 2052 4257 ergo
2082 4186 2151 4243 ad

570 4281 743 4340 Deum
774 4283 1056 4340 conversio
1078 4282 1132 4338 in
1161 4282 1360 4337 ultimis
1400 4281 1698 4351 positorum
1746 4288 1925 4334 mente
1973 4278 2150 4351 potius

573 4386 656 4432 est
679 4378 1015 4446 testimanda,
1043 4391 1206 4446 quam
1253 4384 1519 4445 tempore,
1545 4372 1814 4442 Propheta
1846 4372 1947 4425 hoc
1969 4369 2152 4424 taliter

572 4477 868 4533 asserente,
900 4467 1035 4523 Cum
1085 4482 1378 4523 conversus
1422 4463 1766 4532 ingemueris,
1794 4470 1918 4516 tunc
1969 4459 2149 4514 salvus

573 4562 679 4616 eris
701 4559 911 4630 (Ezech.
945 4576 1000 4616 ιιι
1027 4569 1076 4614 et
1102 4557 1312 4626 xum).
1343 4554 1477 4610 Cum
1508 4567 1636 4621 ergo
1667 4552 1921 4606 Dominus
1940 4550 2010 4604 sit
2028 4563 2148 4604 cor-

573 4653 656 4708 dis
676 4653 945 4724 inspector
967 4649 1019 4720 (Ι
1045 4649 1173 4721 Reg.
1198 4665 1317 4712 xvi;
1352 4647 1467 4702 Jer.
1515 4646 1669 4716 xvu),
1691 4646 1883 4716 quovis
1907 4652 2148 4714 tempore

575 4758 680 4798 non
721 4749 804 4796 est
848 4740 1161 4808 deneganda
1189 4739 1504 4810 pmniteutia
1543 4736 1858 4808 postulanti,
1904 4751 2024 4791 cum
2069 4735 2144 4791 illi

574 4848 634 4888 se
682 4832 883 4901 obliget
925 4830 1127 4902 judici,
1166 4830 1252 4885 cui
1306 4829 1520 4886 occulta
1567 4827 1745 4884 omnia
1795 4827 2002 4884 noverit
2055 4841 2144 4882 re-

574 4920 758 4975 velari.

574 5060 727 5127 Quod
773 5077 864 5132 per
905 5059 1093 5129 gradus
1121 5057 1488 5132 ecclesiasticos
1517 5057 1591 5132 ad
1611 5056 1932 5126 episcopatus
1961 5054 2144 5109 debeat

1097 5129 1314 5200 ofﬁcium
1341 5129 1614 5195 perveniri.

643 5243 782 5299 XVI.
805 5243 1092 5301 Ordinatos
1141 5255 1268 5296 vero
1294 5239 1576 5311 quosdam,
1602 5239 1791 5294 fratres
1819 5235 2138 5301 charissimi,

567 5338 874 5406 episcopos,
897 5336 987 5404 qui
1005 5333 1163 5388 nullis
1183 5332 1562 5388 ecclesiasticis
1593 5330 1868 5408 ordinibus
1891 5329 1956 5381 ad
1979 5336 2142 5384 tanta:

569 5424 844 5492 dignitatis
871 5421 1137 5490 fastigium
1166 5421 1364 5476 fuerint
1411 5419 1662 5482 instituti,
1685 5425 1875 5472 contra
1919 5414 2139 5470 Patrum

566 5524 806 5580 decreta,
835 5515 990 5583 hujus
1016 5514 1382 5584 usurpatione,
1412 5512 1503 5580 qui
1549 5525 1608 5564 se
1656 5510 1760 5563 hoc
1803 5508 2140 5575 recognoscit

565 5610 784 5671 fecisse,
814 5606 1114 5670 didicimus,
1138 5621 1257 5661 cum
1281 5605 1345 5659 ad
1374 5605 1744 5677 episcopatum
1765 5601 1846 5656 his
1867 5599 2134 5670 gradibus,

567 5702 763 5778 quibus
785 5697 1212 5766 frequentissime
1239 5704 1454 5751 cautum
1481 5701 1581 5758 est,
1612 5692 1808 5748 debeat
1835 5689 2133 5761 perveniri,

573 5803 624 5848 i2!
660 5789 950 5846 tristioribus
983 5787 1168 5840 initiati
1193 5787 1379 5841 ofﬁciis
1405 5786 1468 5840 ad
1492 5783 1694 5856 majora
1717 5783 2011 5840 ﬁrmentur.
2035 5781 2137 5840 De-

2261 492 2552 560 desiderat,
2580 500 2637 545 ut
2661 492 2827 561 possit
2849 491 3047 546 docere
3099 489 3244 560 quod
3282 489 3483 543 didicit.
3509 487 3697 542 Omnis
3732 489 3871 540 vita:

2263 584 2527 638 institutio
2557 584 2658 636 hac
2683 581 2750 636 ad
2779 583 2830 635 id
2875 597 2982 652 quo
3024 581 3196 636 tendit
3220 594 3279 634 se
3303 580 3510 634 ratione
3535 577 3868 632 confirmat.

2263 676 2364 743 Qui
2392 675 2608 729 minime
2656 674 2848 729 litteris
2895 687 3117 744 operam
3148 672 3374 733 dederit,
3400 679 3705 740 prmceptor
3735 682 3872 722 esse

2262 781 2367 820 non
2397 772 2574 834 potest
2600 763 2918 818 litterarum.
2951 762 3051 830 Qui
3084 779 3189 817 non
3219 777 3315 832 per
3343 761 3546 831 singula
3577 759 3869 830 stipenlia

2263 856 2514 921 creverit,
2547 855 2613 908 ad
2641 855 2924 908 emeritum
2953 853 3203 924 stipendii
3232 852 3474 907 ordinem
3525 868 3633 907 non
3665 859 3871 922 potest

2261 949 2540 1020 pervenire
2568 966 2578 999 :
2612 947 2782 1002 solum
2811 944 3164 1000 sacerdotium
3194 945 3331 1000 inter
3359 945 3475 1010 ista,
3498 958 3655 1013 rogo,
3695 943 3869 997 vilius

2261 1050 2364 1110 est,
2387 1041 2528 1112 quod
2558 1039 2764 1095 facilius
2788 1039 3059 1106 tribuitur,
3082 1053 3201 1092 cum
3225 1035 3495 1092 difﬁcilius
3516 1036 3825 1104 impleatur
3841 1035 3867 1088 2

2263 1135 2366 1190 Sed
2391 1135 2501 1204 jam
2539 1150 2644 1188 non
2693 1133 2822 1188 satis
2848 1141 2931 1188 est
2977 1131 3142 1187 laicos
3186 1130 3457 1198 ordinare,
3485 1145 3625 1198 quos
3653 1128 3855 1183 nullus

2264 1227 2378 1281 Iieri
2408 1224 2541 1280 ordo
2569 1223 2850 1295 permittit,
2875 1221 2966 1276 sed
2996 1221 3156 1276 etiam
3186 1235 3411 1289 quorum
3436 1219 3659 1273 crimina
3683 1217 3865 1284 longe

2264 1315 2478 1385 lateque
2505 1329 2602 1384 per
2651 1328 2840 1368 omnes
2865 1327 3003 1382 pene
3033 1320 3157 1364 sunt
3187 1317 3314 1364 nota
3336 1309 3662 1379 provincias,
3690 1307 3848 1362 ordi-

2263 1413 2478 1462 nantur.
2513 1403 2695 1458 Daniel
2725 1403 2867 1457 enim
2897 1416 3068 1473 nuper
3089 1400 3250 1455 missa
3274 1399 3536 1453 relatione
3565 1413 3631 1451 ex
3653 1394 3861 1451 Orien-

2265 1497 2457 1551 talibus
2486 1494 2554 1548 ad
2579 1510 2676 1548 uos
2706 1493 2964 1563 partibus,
2997 1492 3064 1547 ab
3089 1491 3258 1558 omni,
3279 1489 3420 1560 quod
3445 1499 3711 1551 tenuerat,
3740 1489 3861 1543 vir-

2264 1589 2446 1657 ginum
2471 1587 2803 1642 monasterio
2826 1585 3043 1640 nefariis
3069 1593 3151 1639 est
3191 1582 3588 1651 objectionibus
3614 1597 3859 1637 accusa-

2266 1687 2369 1746 tus,
2398 1678 2564 1732 multa
2591 1677 2658 1731 de
2687 1676 2869 1733 multis
2899 1675 3108 1744 objecta
3139 1672 3358 1738 ﬂagitia.
3401 1671 3458 1726 In
3501 1687 3739 1742 quanam
3774 1671 3858 1724 la-

2189 1792 2235 1853 B
2266 1779 2402 1825 teret
2432 1777 2692 1824 terrarum
2723 1776 2876 1837 parte
2904 1767 3158 1839 qumsitus
3180 1775 3282 1834 est,
3306 1775 3362 1819 ut
3390 1766 3432 1820 si
3455 1781 3560 1819 sua:
3581 1766 3858 1819 innoceo.

2267 1862 2350 1915 tia:
2377 1859 2687 1922 conﬁderet,
2707 1866 2893 1914 contra
2915 1874 2972 1913 se
2991 1857 3244 1928 judicium
3267 1857 3590 1927 postulatum
3621 1857 3858 1911 minime

2263 1952 2575 2016 declinaret,
2626 1951 2802 2006 missa:
2855 1949 2922 2003 ad
2969 1949 3339 2004 Arelatensem
3387 1948 3698 2018 episc0pum
3749 1962 3856 2016 per

2264 2042 2615 2098 Fortunatum
2643 2041 3027 2096 subdiaconum
3058 2048 3300 2094 nostrum
3351 2038 3770 2108 pra-ceptiones,
3794 2043 3856 2092 ut

2263 2135 2328 2188 ad
2347 2133 2606 2202 judicium
2636 2131 2997 2186 destinaretur
3025 2128 3350 2200 episcopale.
3376 2128 3560 2182 Tantis
3585 2135 3855 2196 gravatus

2265 2224 2605 2288 testimoniis,
2652 2231 2800 2276 tanta
2832 2222 3131 2276 facinorum
3180 2219 3522 2274 accusatione
3577 2216 3854 2288 pulsatus,

2261 2332 2536 2372 sacrarum
2566 2316 2647 2387 (ut
2664 2313 2880 2383 dicitur)
2912 2312 3172 2382 virginum
3202 2311 3438 2381 pollutus
3479 2311 3686 2364 incestu
3714 2308 3850 2377 epi-

2261 2425 2456 2479 scopus
2484 2407 2739 2464 asseritur
2767 2405 3064 2461 ordinatus.
3095 2402 3152 2459 ln
3183 2403 3380 2458 nostris
3418 2401 3580 2456 libelli
3625 2399 3852 2454 scriniis

2261 2499 2624 2559 continentur,
2656 2511 2885 2567 quorum
2927 2494 2993 2548 ad
3033 2509 3128 2548 vos
3155 2507 3369 2564 quoque
3398 2489 3724 2559 exemplaria
3755 2488 3852 2542 di-

2263 2590 2514 2645 reximus.
2563 2587 2621 2644 ιιι
2652 2587 2909 2658 pontiticii
2940 2585 3253 2655 dignitatem
3300 2583 3404 2637 hoc
3434 2590 3698 2650 tempore,
3725 2595 3851 2650 quo

2263 2681 2329 2735 ad
2358 2695 2575 2735 causam
2606 2678 2886 2733 dicendam
2917 2676 3094 2732 missis
3123 2690 3152 2729 a
3183 2673 3338 2728 nobis
3369 2672 3562 2727 litteris
3607 2671 3851 2725 vocaba-

2263 2780 2366 2836 tur,
2399 2770 2655 2839 obrepsit.
2689 2767 2858 2823 ὃ.ιοῐο
2882 2765 3084 2822 nomini
3111 2764 3248 2821 absit
3278 2762 3494 2832 injuria,
3527 2759 3732 2815 facilius
3756 2768 3849 2814 est

2263 2869 2318 2915 ut
2347 2862 2486 2916 hanc
2513 2859 2826 2928 dignitatem
2869 2856 2962 2911 tali
2990 2854 3168 2910 dando
3197 2853 3312 2926 ipse
3353 2851 3594 2910 amiserit
3623 2849 3849 2904 ordinao

2261 2961 2366 3017 tor,
2390 2967 2552 3021 quam
2582 2966 2703 3007 eam
2733 2949 2974 3004 obtineat
3001 2947 3308 3013 ordinatus,
3335 2946 3421 3001 cui
3467 2945 3717 3002 convicto
3740 2958 3849 2998 so-

2261 3045 2507 3109 ciabitur,
2539 3043 2631 3113 qui
2653 3057 2774 3097 eum
2804 3040 2905 3096 sibi
2931 3039 3159 3094 credidit
3187 3037 3462 3106 largiendo
3503 3033 3844 3107 pontiﬁcium

2260 3135 2603 3200 sociandum;
2628 3134 2801 3206 qualis
2823 3135 2964 3187 enim
2995 3131 3110 3200 ipse
3138 3130 3226 3194 sit,
3261 3128 3502 3200 quisquis
3529 3127 3664 3181 tales
3693 3125 3845 3181 erdi-

2261 3227 2419 3290 narit,
2444 3226 2696 3281 ostendit.
2723 3225 2817 3282 llis
2846 3238 2973 3294 ergo
3026 3223 3079 3276 in
3123 3220 3356 3275 medium
3387 3234 3528 3274 nunc
3569 3217 3840 3280 deductis,

2258 3333 2379 3373 cum
2433 3318 2674 3388 plerique
2719 3327 2956 3371 vestrum
3001 3314 3138 3378 sint,
3193 3313 3284 3382 qui
3331 3310 3642 3382 apostolica:
3693 3309 3841 3366 sedis

2257 3417 2460 3464 statuta
2521 3407 2872 3476 cognoverint
2930 3406 3208 3460 nobiscum
3256 3411 3502 3472 tempore
3557 3400 3840 3470 aliquanto

2256 3500 2489 3566 versati,
2537 3499 2604 3552 ad
2651 3497 2942 3567 disciplina:
2991 3509 3268 3558 normam,
3325 3493 3526 3547 nostris
3567 3497 3839 3547 conventa

2257 3589 2756 3655 adhortationibus,
2798 3587 2978 3642 omnia
3040 3585 3347 3640 fraternitas
3399 3591 3576 3638 vestra
3604 3594 3839 3637 evocato

2257 3680 2489 3736 festinet.

2260 3794 2409 3862 Quod
2438 3810 2752 3866 unaqua'que
2787 3795 3048 3862 provincm
3074 3808 3166 3845 suo
3207 3788 3603 3860 metropolitano
3651 3786 3836 3842 debeat

2844 3880 2954 3916 8888
2981 3871 3162 3916 conten
3171 3871 3243 3918 ta.

2327 3953 2484 4009 XVII.
2513 3951 2766 4017 Primum,
2792 3962 2851 4006 ut
2875 3951 3028 4021 juxta
3052 3951 3270 4008 decreta
3291 3965 3558 4006 canonum
3579 3963 3834 4018 unaquw-

2253 4059 2357 4114 que
2409 4044 2681 4114 provincia
2734 4058 2834 4098 suo
2878 4043 3291 4113 metropolitano
3349 4049 3600 4096 contenta
3653 4039 3741 4103 sit,
3773 4047 3834 4094 ut

2252 4135 2552 4191 decessoris
2575 4133 2746 4189 nostri
2782 4134 2904 4188 data
2948 4133 3016 4188 ad
3059 4132 3464 4188 Narbonensem
3512 4130 3828 4200 episcopum

2251 4226 2867 4290 continentconstitula,
2899 4239 3001 4279 nec
3049 4222 3413 4292 usurpationis
3463 4220 3612 4275 Iocus
3668 4217 3829 4272 alicui

2250 4318 2519 4375 sacerdoti
2548 4318 2602 4373 in
2640 4316 2862 4372 alterius
2891 4313 3223 4370 concedatur
3269 4311 3538 4380 iniuriam.
3581 4308 3665 4363 Sit
3690 4322 3825 4363 oon.

2250 4413 2416 4467 cessis
2443 4410 2543 4465 sibi
2570 4418 2858 4464 contentus
2890 4406 3255 4477 unusquisque
3283 4402 3559 4458 limitibus.
3592 4399 3743 4454 Alter
3771 4398 3825 4453 in

2173 4525 2226 4586 Ι)
2253 4503 2475 4557 alterius
2501 4500 2777 4573 provincia
2808 4498 2938 4553 nihil
2969 4505 3283 4568 prmsumat,
3333 4508 3434 4551 nec
3483 4489 3723 4546 emeritis
3771 4488 3823 4585 in

2254 4592 2367 4646 suis
2388 4590 2651 4646 Ecclesiis
2678 4589 2887 4644 clericis
2917 4585 3186 4658 peregrini
3233 4593 3288 4638 et
3329 4580 3604 4645 extranei,
3631 4587 3688 4633 et
3731 4575 3824 4645 qui

2253 4689 2379 4735 ante
2401 4680 2631 4749 ignorati
2652 4687 2797 4744 sunt,
2828 4678 2894 4733 ad
2917 4675 3283 4733 exclusionem
3313 4687 3520 4735 eorum,
3546 4669 3638 4738 qui
3686 4667 3824 4723 bene

2250 4771 2320 4826 de
2344 4787 2562 4827 suorum
2589 4772 2785 4826 civium
2840 4777 3117 4823 merentur
3147 4763 3473 4828 testimonio,
3504 4775 3822 4831 prtcponan-

2255 4871 2359 4930 tur,
2391 4877 2460 4918 ne
2481 4877 2677 4917 novum
2705 4859 2995 4930 quoddam,
3029 4858 3096 4912 de
3120 4872 3230 4928 quo
3259 4852 3497 4925 episcopi
3522 4851 3689 4916 Ilant,
3737 4850 3821 4905 in-

2248 4957 2492 5011 stitutum
2521 4953 2764 5009 videatur
2787 4967 2906 5007 esse
2930 4951 3234 5020 collegium.

2323 5067 2472 5133 Quod
2493 5066 2780 5121 nolentibus
2809 5065 3006 5120 clericis
3037 5066 3113 5118 vel
3135 5063 3335 5132 populi:
3379 5075 3524 5114 nemo
3563 5055 3748 5111 debeat

2760 5136 3024 5204 episcopus
3051 5134 3302 5187 ordinari.

2316 5227 2497 5284 XVIII.
2531 5225 2717 5280 Nullus
2739 5225 2917 5280 invitis
2942 5223 3098 5278 detur
3119 5223 3425 5292 episcopus,
3465 5217 3616 5282 cieri,
3651 5215 3821 5287 plebis

2242 5333 2297 5378 et
2317 5321 2522 5378 ordinis
2548 5333 2864 5383 consensus,
2890 5325 2946 5371 et
2970 5314 3293 5372 desiderium
3318 5312 3639 5383 requiratur.
3671 5307 3820 5362 Tunc

2242 5415 2380 5469 alter
2407 5413 2474 5467 de
2502 5411 2670 5465 altera
2700 5407 3197 5476 eIigaturEchesia,
3229 5405 3272 5459 si
3301 5403 3368 5458 de
3391 5402 3623 5457 civitatis
3653 5399 3819 5470 ipsius

2241 5503 2474 5569 clericis,
2515 5503 2600 5556 cui
2629 5509 2711 5555 est
2739 5499 3022 5568 episcopus
3048 5495 3393 5558 ordinandus,
3427 5491 3603 5546 nullus
3628 5490 3818 5558 dignus

2241 5596 2406 5668 (quod
2434 5595 2648 5650 evenire
2679 5609 2785 5647 non
2815 5588 3101 5658 credimus)
3149 5587 3386 5658 potuerit
3414 5582 3668 5641 inveniri:
3702 5581 3814 5651 pri-

2239 5679 2386 5740 ιιτιιιιι
2431 5685 2572 5739 enim
2601 5683 2673 5738 illi
2705 5679 3021 5748 reprehendi
3051 5686 3193 5744 sunt,
3226 5687 3284 5732 ut
3323 5676 3483 5746 aliqui
3528 5673 3596 5728 de
3625 5673 3816 5728 alienis

2237 5779 2487 5836 Ecclesiis
2513 5778 2702 5833 merito
2715 5773 3077 5848 praeferantur.
3097 5770 3300 5828 llabeat
3320 5773 3682 5843 unusquisque
3705 5782 3814 5826 sua
