4092 6348
330 332 339 339 κ
363 280 467 339 277

1383 277 1759 333 εοιιεσιιυ
1796 274 2257 331 DECIIETORUM
2297 273 2403 333 PP.
2449 272 2573 328 RR.

3494 265 3601 321 28

338 401 591 467 fructum
621 394 819 450 militia:
865 394 917 448 in
956 390 1210 455 Ecclesia,
1257 391 1312 444 in
1338 404 1443 459 qua
1491 403 1588 444 sua
1626 403 1724 458 per
1750 388 1929 441 omnia
1958 396 2007 455 Α
2035 402 2155 442 rum
2181 401 2280 457 pro
2306 385 2610 455 aliquorum
2638 381 2812 450 Iibitu,
2840 380 3056 449 licentia
3080 379 3294 453 populis
3320 378 3602 454 permissa.

360 489 537 545 cilicia
565 485 821 553 transegit
847 492 1080 538 (etatem.
1114 480 1170 534 In
1200 480 1373 534 aliena
1417 477 1678 549 stipendia
1710 477 1929 531 minime

367 582 501 634 alter
528 576 770 645 obrepat,
808 589 908 629 nec
929 572 1018 626 alii
1047 570 1279 625 debitam
1306 570 1443 625 alter
1469 570 1570 625 sibi
1598 569 1792 624 audeat
1824 569 1931 622 vin-

360 672 542 725 dicare
570 665 889 722 mercedem.
927 663 1007 718 Sit
1035 661 1259 716 facultas
1297 659 1508 714 clericis
1554 657 1839 723 renitendi,
1885 657 1931 714 si

360 777 421 816 se
447 758 673 814 viderint
701 754 1039 827 prmgravari,
1087 760 1141 807 et
1169 765 1305 820 quos
1328 749 1428 805 sibi
1454 747 1623 818 ingeri
1669 762 1735 801 ex
1766 755 1935 801 trans-

362 871 523 911 verso
548 850 917 921 cognoverint,
950 863 1056 903 non
1091 846 1316 901 timeant
1343 842 1592 899 refutare.
1620 839 1721 907 Qui
1752 839 1797 893 si
1823 854 1931 894 non

338 940 604 1002 debitum
636 942 935 1014 pnemium,
958 938 1042 994 vel
1064 938 1287 991 liberum
1312 934 1379 990 de
1406 947 1495 1002 eo,
1515 932 1606 1002 qui
1635 947 1729 987 eos
1757 932 1934 987 rectu-

365 1054 457 1093 rus
486 1043 587 1096 est,
618 1032 813 1086 debent
841 1029 1038 1084 habere
1058 1026 1336 1096 judicium.

439 1149 590 1213 Quod
617 1147 681 1201 ab
710 1146 901 1200 illicitis
925 1145 993 1198 sit
1039 1139 1450 1198 ordinationibus
1484 1138 1861 1193 abstinendum.

442 1262 577 1315 XIX.
618 1260 962 1314 Abstincatur
987 1257 1148 1311 etiam
1170 1255 1236 1310 ab
1262 1254 1456 1311 illicitis
1479 1252 1933 1308 ordinationibus:

342 1355 547 1409 .nnllus
567 1368 634 1407 ex
663 1350 832 1413 Iaicis,
863 1348 1040 1403 nullus
1067 1347 1325 1415 digamus,
1356 1345 1529 1399 nullus
1558 1343 1649 1413 qui
1669 1342 1741 1396 sit
1767 1341 1938 1396 viduae

344 1443 591 1497 -maritns
641 1448 737 1495 aut
764 1439 942 1502 fuerit,
974 1436 1267 1501 ordinetur,
1306 1436 1400 1491 sed
1430 1431 1935 1503 irrcprehensibilis,

346 1543 426 1589 -et
470 1534 681 1603 qualem
724 1532 883 1599 elegit
923 1529 1212 1600 Apostolus
1241 1527 1294 1601 (1
1345 1524 1475 1581 Tim.
1507 1541 1593 1592 tu;
1628 1523 1789 1579 Lecit.
1818 1538 1937 1588 ut;

348 1626 435 1687 .H
469 1627 602 1680 Tim.
655 1626 759 1695 ιιι),
784 1624 898 1678 iiat.
951 1623 1054 1677 Per
1096 1620 1313 1693 Moysen
1362 1618 1615 1673 Dominus
1655 1614 1937 1686 pnecepit,

2032 476 2306 544 frangatur
2326 477 2351 530 ἲ

2033 588 2184 655 Quod
2213 606 2317 644 non
2349 589 2636 648 conveniat,
2664 585 2972 654 contemptis
3000 584 3202 655 clericis
3229 578 3604 649 Ecclesium,

2411 659 2477 713 de
2495 658 2637 711 laici:
2661 656 2933 733 episcopos.
2954 654 3219 711 ordinare.
3646 672 3649 675 ·

2107 769 2243 826 XXI.
2285 769 2600 826 Audivimus
2634 770 2889 837 quasdam
2934 769 3167 840 propriis
3193 768 3477 826 destitutas
3520 784 3609 825 re-

2036 864 2277 921 ctoribus
2301 863 2567 926 civitates,
2598 861 2881 931 episcopos
2910 860 3015 915 sibi
3041 868 3227 930 petere
3252 861 3391 917 veiie
3416 860 3484 915 de
3510 860 3610 914 lai-

2036 956 2136 1020 cis,
2167 962 2483 1023 tantumque
2514 950 2786 1021 fastigium
2823 937 2933 1006 tain
2971 948 3082 1006 vile
3117 950 3361 1018 credere,
3409 958 3468 1005 ut
3505 949 3612 1005 hoc

2035 1048 2139 1113 his,
2168 1046 2263 1116 qui
2286 1061 2396 1102 non
2424 1044 2557 1110 Deo,
2585 1042 2683 1098 sed
2704 1041 2904 1098 sacculo
2928 1040 3316 1109 militaverunt,
3344 1040 3613 1096 :estimcnt

2035 1152 2140 1195 nos
2186 1150 2344 1206 posse
2388 1133 2672 1197 conferre:
2721 1147 2831 1189 non
2855 1131 3030 1190 solum
3060 1131 3199 1187 male
3223 1130 3293 1186 de
3319 1131 3431 1186 suis
3453 1129 3613 1186 cleriv

2038 1227 2135 1291 cis,
2168 1227 2221 1281 in
2250 1240 2481 1295 quorum
2510 1230 2876 1294 contemptum
2904 1223 3007 1277 hoc
3032 1220 3262 1287 faciunt,
3287 1220 3609 1290 iudicantes,

2038 1318 2133 1376 sed
2161 1318 2229 1374 de
2251 1317 2406 1375 nobis
2435 1316 2688 1387 pessime,
2727 1331 2868 1385 quos
2893 1314 3119 1372 credunt
3145 1314 3249 1369 hoc
3282 1327 3442 1385 posse
3469 1310 3612 1367 face-

2038 1423 2122 1479 re,
2168 1406 2482 1465 sentientes.
2544 1403 2699 1472 Quod
2749 1420 3023 1476 nunquam
3075 1403 3357 1471 auderent,
3405 1402 3452 1458 si
3502 1417 3609 1456 non

2039 1499 2396 1570 quorumdam
2420 1498 2529 1555 illic
2567 1498 2650 1552 bis
2674 1496 3019 1553 consentiens
3064 1495 3330 1550 sententia
3357 1494 3615 1551 connive-

2041 1598 2145 1647 ret.
2192 1590 2270 1645 Ita
2297 1590 2449 1656 nihil,
2496 1603 2615 1658 quae
2644 1587 2972 1654 frequentius
3014 1594 3142 1641 sunt
3184 1585 3424 1648 decreta.
3450 1584 3615 1652 proti-

368 1678 617 1790 eirginem
657 1678 890 1785 occipiat
933 1678 1453 1776 sacerdos'ttxorcm,
1501 1678 1848 1778 subsequitur
1881 1678 1938 1761 et
1975 1773 2019 1790 __
2044 1684 2231 1790 ξίυηξῖ
2265 1690 2325 1790 ξη
2342 1682 2467 1747 hoc,
2494 1682 2647 1750 quasi
2669 1695 2940 1790 ίξιξηφιθξη
2968 1679 3038 1784 ξίθ
3059 1680 3159 1735 hac
3180 1687 3331 1790 Par“?
3357 1678 3616 1790 “Tillium

350 1768 903 1880 ,ζᾷἕριὲῖᾏροειᾈιυε
927 1768 1351 1859 eodemlocutus
1379 1768 1593 1872 spiritu,
1624 1768 1782 1853 unius
1804 1812 1939 1852 uxo-

2057 1778 2228 1844 I'uerit,
2269 1778 2566 1846 ignoretur,
2616 1773 2741 1844 quid
2767 1769 3007 1843 proderit
3033 1787 3129 1835 per
3156 1771 3361 1840 singula
3391 1768 3617 1825 clericos

350 1901 451 1954 -ris
487 1899 660 1954 virum
702 1896 900 1951 debere
936 1894 1246 1964 episcopum
1291 1891 1616 1947 consecrari.
1673 1888 1755 1943 Ad
1805 1887 1944 1943 hanc

373 2004 507 2058 ergo
536 1988 802 2058 eligantur
826 1984 1106 2040 famulam
1136 1982 1464 2047 sacerdotes,
1495 1989 1551 2037 et
1578 1980 1625 2037 si
1652 1993 1771 2049 quae
1791 1978 1944 2033 factae

370 2089 501 2139 sunt
542 2079 906 2136 ordinationes
950 2076 1177 2141 illicitzc,
1226 2080 1634 2139 removeantur,
1689 2069 1943 2141 quoniam

353 2182 523 2230 stare
548 2187 655 2226 non
677 2175 920 2240 possunt,
967 2181 1069 2223 nec
1094 2165 1480 2221 discussionem
1527 2170 1766 2218 nostram
1814 2160 1945 2215 sub-

375 2264 643 2331 terfugere
688 2266 988 2330 poterunt:
1035 2255 1278 2327 quamvis
1324 2254 1494 2310 latere
1555 2267 1615 2308 se
1655 2252 1943 2319 aestiment,

358 2354 609 2422 .qualiter
647 2356 1023 2421 pervenerunt,
1072 2356 1132 2401 ut
1156 2346 1301 2400 nulla
1347 2343 1622 2416 religionis
1650 2341 1947 2398 reverentia

358 2442 709 2499 obscuritate
736 2440 988 2495 fuscetnr.
1020 2437 1135 2493 Non
1165 2437 1235 2492 sit
1261 2451 1396 2491 vana
1417 2434 1664 2504 gloriatio
1694 2432 1943 2503 palliatis,

375 2532 740 2604 episcopalem
780 2545 1005 2593 morem,
1054 2528 1142 2599 qui
1170 2527 1408 2599 episcopi
1439 2534 1582 2591 sunt,
1631 2530 1944 2594 sequantur.

381 2622 590 2686 Daniel,
620 2631 676 2683 ut
704 2621 957 2686 diximus,
987 2620 1079 2688 qui
1104 2618 1500 2674 accusationem
1529 2614 1820 2686 pontificali
1851 2615 1951 2669 bo.

379 2731 516 2771 nore
536 2713 904 2783 subterfugere
932 2727 994 2767 se
1018 2727 1177 2782 posse
1201 2710 1445 2773 credidit,
1489 2718 1546 2764 et
1570 2708 1638 2763 ad
1682 2706 1951 2776 fastigium

364 2815 591 2862 tantum
620 2811 962 2863 accusatores
985 2817 1115 2857 suos
1142 2800 1357 2857 latendo
1384 2800 1646 2870 pervenit,
1688 2813 1717 2853 a
1743 2797 1949 2853 sancti-

370 2897 511 2952 tatis
556 2903 747 2950 vmtrae
792 2901 936 2949 ctetu
981 2890 1195 2948 interim
1242 2904 1303 2945 se
1350 2889 1560 2945 noverit
1586 2894 1949 2958 segregatum,

381 2991 566 3062 quise
592 2997 777 3045 nostro
791 2985 992 3057 judicio
1015 2984 1176 3040 debet
1216 2982 1473 3053 abjicere,
1520 2982 1566 3036 si
1608 2980 1952 3057 conscientiae

374 3098 495 3139 sine
519 3082 669 3137 novit
692 3078 1071 3136 confidentiam
1092 3091 1153 3133 se
1178 3074 1441 3131 obtinere.
1482 3072 1827 3129 Massiliensis
1856 3086 1950 3127 ve-

385 3188 450 3228 ro
479 3171 727 3227 Ecclesize
747 3167 1101 3233 sacerdotem,
1132 3165 1223 3237 qui
1248 3165 1446 3221 dicitur
1474 3162 1642 3236 (quod
1674 3163 1819 3219 dictu
1852 3177 1950 3217 ne-
1976 3153 2025 3216 ϐ

390 3264 476 3317 fas
499 3261 602 3331 est)
617 3261 669 3315 in
684 3274 870 3314 necem
898 3257 1076 3313 fratris
1098 3256 1181 3312 sui
1204 3255 1383 3310 taliter
1401 3253 1716 3324 gratulatus,
1749 3262 1805 3309 ut
1828 3253 1955 3309 huic

388 3352 483 3422 qui
511 3351 627 3421 ejus
654 3350 910 3420 sanguine
946 3354 1256 3404 cruentatus
1296 3344 1603 3410 advenerat,
1652 3345 1956 3415 portionem

388 3456 515 3496 cum
575 3440 764 3497 eodem
794 3438 1075 3494 habiturus
1121 3443 1448 3501 occurreret,
1497 3450 1567 3491 ex
1613 3441 1793 3490 vestro
1836 3448 1960 3489 eum

380 3531 708 3589 audiendum
735 3531 964 3599 collegio
988 3528 1316 3597 delegamus.
1347 3525 1537 3582 Datum
1562 3540 1636 3581 vn
1663 3525 1766 3581 cal.
1797 3524 1958 3595 Aug.,

390 3623 570 3679 Felice
593 3631 650 3678 et
673 3622 849 3678 Tauro
870 3636 1050 3679 conss.

511 3733 663 3799 Quod
688 3735 816 3789 nulli
844 3733 1102 3789 sacerdoti
1126 3749 1347 3789 canones
1377 3732 1532 3788 liceat
1565 3733 1828 3804 ignorare.

372 3863 385 3887 ί
463 3846 579 3901 XX.
614 3846 932 3904 Caelestinus
959 3846 1221 3903 universis
1267 3846 1534 3917 episcopis
1560 3861 1660 3916 per
1684 3843 1963 3915 Apuleiam

386 3948 450 3995 et
476 3939 775 3995 Calabriam
794 3937 1115 3994 constitutis.
1147 3937 1285 3992 Nulli
1304 3936 1641 3993 sacerdotum
1663 3952 1790 3992 suos
1809 3934 1970 3992 liceat

395 4044 632 4084 canones
659 4029 923 4098 ignorare,
968 4042 1069 4083 nec
1094 4027 1382 4098 quidquam
1428 4025 1623 4092 facere,
1672 4024 1817 4095 quod
1861 4023 1966 4079 Pa-

397 4128 540 4175 trum
568 4122 737 4192 possit
765 4120 961 4189 regulis
987 4118 1223 4174 obviare.
1276 4119 1404 4185 Quae
1455 4117 1595 4172 enim
1627 4132 1657 4170 a
1688 4115 1843 4170 nobis
1880 4129 1968 4169 res

396 4211 558 4280 digna
586 4210 904 4273 servabitur,
949 4210 995 4264 si
1036 4207 1379 4264 decretalium
1410 4221 1596 4261 norma
1645 4204 1967 4260 constituto—

2043 1867 2311 1939 stipendia
2348 1866 2626 1932 militasse,
2665 1871 2721 1921 et
2758 1878 2973 1919 omnem
3019 1863 3193 1931 egisse
3239 1861 3293 1916 in
3336 1858 3621 1916 dominicis
3668 1866 3671 1869 ‘

2043 1959 2233 2015 castris
2258 1966 2513 2013 aetatem:
2557 1956 2603 2012 si
2629 1955 2720 2025 qui
2764 1955 2847 2010 bis
2873 1952 3149 2024 praefuturi
3196 1958 3320 2007 sunt
3353 1965 3422 2005 ex
3468 1948 3621 2005 laicis

2044 2048 2410 2118 requiruntur,
2458 2046 2551 2117 qui
2578 2052 2832 2100 vacantes
2854 2043 3071 2109 saeculo,
3119 2053 3176 2097 et
3201 2052 3415 2097 omnem
3441 2036 3620 2093 eccle-

2044 2138 2319 2195 siasticum
2345 2135 2588 2195 ordinem
2627 2135 2952 2202 nescientes,
3000 2133 3141 2190 saltu
3182 2144 3527 2203 praepropero
3565 2129 3622 2183 in

2042 2230 2280 2285 alienum
2320 2229 2583 2285 honorem
2630 2226 2876 2282 ambiunt
2924 2223 3273 2281 itumcderata
3331 2219 3624 2291 cupiditate

2048 2320 2452 2385 transcendere,
2495 2319 2636 2374 etin
2676 2316 2822 2373 aliud
2846 2317 2971 2373 vitae
3014 2329 3184 2384 genus
3226 2313 3437 2370 calcata
3477 2324 3624 2367 reve-

2048 2410 2222 2465 rentia
2246 2409 2623 2467 ecclesiastica:
2644 2406 2940 2478 disciplinac
2977 2405 3249 2461 transire?
3277 2401 3495 2458 Talibus
3516 2401 3624 2455 ita—

2045 2517 2176 2572 que,
2204 2501 2398 2558 fratres
2421 2499 2743 2563 charissimi,
2773 2498 2867 2569 qui
2889 2496 3028 2567 juris
3054 2496 3245 2560 nostri,
3276 2493 3331 2551 id
3352 2501 3438 2551 est
3462 2506 3626 2549 αωο-

2049 2608 2177 2648 num
2199 2592 2561 2661 gubernacula
2587 2590 2938 2656 custodimus,
2969 2602 3190 2645 necesse
3213 2594 3297 2642 est
3317 2585 3627 2651 obviemus;

2050 2682 2237 2752 bisque
2255 2681 2647 2738 fraternitatem
2673 2689 2910 2737 vestram
2928 2678 3171 2751 epistolis
3191 2690 3621 2741 commonemus,

2050 2774 2270 2843 nequis
2297 2773 2494 2831 Iaicum
2519 2773 2587 2828 ad
2617 2771 2865 2830 ordinem
2888 2771 3233 2842 episcopatus
3260 2768 3529 2831 admittat,
3575 2773 3634 2822 et

2049 2863 2194 2920 sinat
2219 2863 2355 2929 fieri,
2386 2862 2528 2919 unde
2553 2871 2611 2920 et
2629 2862 2778 2918 illum
2804 2861 3059 2930 decipiat,
3087 2868 3147 2916 et
3175 2860 3280 2915 sibi
3319 2873 3508 2916 causas
3534 2870 3630 2927 κου

2051 2961 2225 3022 net-ct,
2255 2953 2449 3024 quibus
2476 2966 2603 3010 reus
2624 2951 2931 3009 constitutis
2955 2949 3315 3007 decretalibus
3342 2948 3460 3004 ttat.

2195 3087 2344 3153 Quod
2383 3085 2642 3143 docendus
2668 3086 2738 3142 sit
2762 3087 3000 3158 populus,
3050 3103 3151 3141 non
3180 3070 3489 3158 mouendus.

2126 3198 2291 3255 XXII.
2316 3198 2597 3255 Docendus
2624 3207 2709 3254 est
2738 3199 2987 3270 populus,
3011 3214 3120 3254 non
3148 3198 3467 3272 sequendus,
3493 3213 3626 3256 nos-

2060 3308 2187 3366 que,
2223 3294 2271 3348 si
2312 3293 2558 3367 nesciunt
2607 3308 2701 3349 eos
2738 3292 2869 3362 quid
2909 3292 3086 3357 liceat,
3122 3292 3316 3365 quidve
3344 3307 3451 3347 non
3479 3291 3638 3347 liceat

2063 3400 2430 3452 commonere,
2480 3400 2589 3442 non
2614 3385 2680 3440 iis
2706 3400 3027 3442 consensum
3073 3385 3317 3456 pnebere
3357 3383 3635 3439 debemus.

2067 3477 2321 3548 Quisquis
2365 3490 2496 3532 vero
2558 3486 2787 3532 conatus
2846 3474 3009 3530 fuerit
3068 3481 3279 3529 tentare
3344 3472 3639 3543 prohibita,

2066 3567 2267 3624 sentiet
2283 3580 2563 3623 censuram
2583 3564 2726 3621 sedis
2745 3562 3057 3635 apostolica:
3076 3561 3295 3618 minime
3314 3560 3640 3617 defuturam.

2067 3657 2198 3726 Quae
2225 3656 2368 3713 enim
2394 3655 2509 3712 sola
2537 3653 2919 3710 admonitionis
2963 3652 3285 3709 auctoritate
3321 3666 3430 3706 non
3469 3649 3644 3707 corri-

2067 3748 2263 3819 gimus,
2290 3760 2511 3803 necesse
2532 3752 2614 3801 est
2636 3759 2735 3816 per
2760 3743 3103 3800 severitatem
3131 3748 3522 3812 congruentem
3550 3753 3642 3795 re-

2041 3912 2044 3913 ,
2069 3841 2209 3912 gulis
2235 3837 2586 3895 vindicemus.
2620 3835 2724 3892 Per
2752 3842 2895 3891 totas
2940 3834 3046 3890 hoc
3067 3847 3220 3904 ergo,
3268 3845 3387 3900 quae
3415 3829 3671 3901 propriis

2068 3929 2369 3985 rectoribus
2396 3933 2605 3995 carent,
2635 3923 2903 3981 Ecclesias
2931 3923 3175 3979 volumus
3205 3922 3541 3978 innotescat:
3584 3927 3647 3976 ut

2073 4021 2254 4077 nullus
2283 4018 2384 4074 sibi
2412 4033 2509 4088 spe
2535 4016 2714 4086 aliqua
2748 4013 2971 4069 forsitan
3000 4012 3276 4070 blanditus
3301 4011 3511 4069 illudat.
3537 4009 3645 4065 Da-

2070 4117 2182 4165 tum
2212 4124 2285 4164 xn
2316 4108 2419 4163 cal.
2452 4104 2695 4175 Augusti,
2729 4102 3002 4159 Florentio
3052 4110 3109 4157 et
3151 4100 3407 4173 Dionysio
3452 4116 3633 4158 conss.

2074 4201 2197 4271 (Au.
2229 4199 2419 4255 Christi
2448 4195 2596 4267 429.)

426 4290 3642 4335 Μ

1542 4368 1906 4433 DECRETA
1954 4370 2236 4432 LEONIS
2275 4364 2523 4433 ΡΑΡΛΕ.

396 4594 399 4595 ν
474 4559 622 4625 Leo,
653 4574 940 4630 episcopus
985 4557 1133 4613 urbis
1154 4557 1361 4625 Romus,
1401 4554 1665 4613 universis
1710 4554 1977 4627 episcopis
2008 4557 2056 4621 D
2079 4555 2180 4611 sibi
2209 4552 2569 4610 membrorum
2599 4563 2701 4623 per
2737 4547 3214 4605 dissimulationem
3252 4563 3517 4621 compago
3542 4565 3659 4607 non

402 4667 504 4722 per
527 4650 893 4720 Campaniam,
925 4646 1199 4711 Picenum,
1240 4647 1490 4703 Tusciam
1519 4654 1574 4702 et
1601 4661 1701 4717 per
1749 4646 1971 4701 univer-

402 4757 495 4798 sas
522 4742 543 4764 ⁶
564 4740 869 4796 constitutis
893 4740 947 4794 in
971 4738 1199 4794 Domino
1224 4738 1472 4793 salutem.

480 4831 552 4887 tit
595 4832 749 4887 nobis
794 4831 1203 4902 gratulationem
1252 4829 1385 4885 facit
1410 4828 1773 4885 Ecclesiarum
1808 4836 1980 4884 status

408 4923 610 4978 salubri
653 4922 1003 4993 dispositione
1045 4921 1408 4991 compositus,
1458 4919 1533 4974 ita
1579 4931 1686 4973 non
1729 4918 1833 4974 levi
1882 4932 1979 4972 nos

411 5026 646 5069 nuerore
687 5012 971 5069 contristat
1010 5011 1224 5082 quoties
1271 5010 1448 5079 aliqua
1490 5015 1678 5065 contra
1721 5008 1987 5068 constitu-

413 5112 471 5159 ta
529 5119 795 5159 canonum
819 5142 837 5170 ,
902 5110 959 5159 et
1012 5102 1431 5158 ecclesiasticam
1478 5099 1812 5169 disciplinam
1849 5113 1989 5170 prat-

411 5202 649 5264 sumpta,
677 5193 762 5248 vel
786 5192 1070 5249 commissa
1094 5190 1487 5260 cognoscimus,
1516 5204 1635 5260 qua:
1659 5190 1706 5244 si
1726 5202 1856 5253 oon,
1886 5202 1992 5259 qua

395 5284 694 5352 debemus,
721 5283 999 5353 vigilantia
1027 5296 1352 5349 resecemus,
1377 5280 1474 5346 illi,
1502 5279 1594 5349 qui
1618 5292 1714 5334 nos
1742 5278 1989 5350 specula-

417 5387 565 5433 tores
591 5391 711 5432 esse
741 5375 907 5431 voluit
936 5373 1154 5447 (Each.
1182 5387 1241 5429 ιιι
1277 5381 1327 5427 et
1362 5372 1574 5441 xxxiii),
1604 5385 1862 5426 eratsare
1882 5385 1990 5424 non

421 5479 727 5537 possumus,
771 5463 1145 5535 permittentes
1172 5461 1440 5517 sincerum
1476 5473 1672 5529 corpus
1715 5457 1988 5522 Ecclesim,

412 5556 567 5627 quod
613 5556 680 5611 ab
724 5554 872 5611 omni
918 5564 1113 5624 purum
1158 5551 1366 5607 macula
1415 5550 1685 5606 custodire
1710 5549 1990 5615 debemus,

408 5649 755 5705 ambientum
791 5636 1039 5717 improba
1067 5643 1389 5715 contagione
1436 5642 1662 5698 foedari:
1708 5658 1830 5698 cum
1878 5643 1993 5713 ipsa

412 5776 421 5784 '
499 5764 526 5799 υ
550 5761 707 5819 Deest
730 5763 1017 5830 provincias
1048 5762 1129 5819 vel
1158 5761 1416 5817 ecclesias.
1445 5756 1595 5813 lion.

2077 4652 2359 4713 congruat.

2086 4752 2154 4809 Ut
2180 4754 2351 4810 nullus
2373 4754 2725 4836 episcoporum
2770 4769 2972 4808 servum
3015 4751 3230 4806 alterius
3262 4751 3344 4836 _ad
3384 4750 3656 4808 clericatus

2426 4824 2645 4893 ofﬁcium
2671 4839 2965 4894 promovere
2996 4832 3292 4888 pre-sumat.

2156 4915 2196 4971 ι.
2227 4914 2592 4971 Admittuntur
2616 4915 2813 4986 passim
2841 4912 2916 4968 ad
2938 4913 3181 4969 ordinem
3205 4914 3436 4978 sacrum,
3464 4913 3662 4981 quibus

2085 5008 2227 5063 nulla
2257 5007 2532 5071 nataliunt,
2564 5005 2711 5062 nulla
2743 5020 2952 5061 morum
2976 5003 3207 5075 dignitas
3230 5003 3569 5072 suffragatur,
3601 5011 3659 5056 ct

2085 5097 2177 5167 qui
2206 5110 2236 5150 a
2265 5094 2495 5152 dominis
2520 5096 2631 5150 suis
2674 5095 2981 5151 libertatem
3030 5092 3285 5163 consequi
3314 5092 3534 5148 minime
3562 5107 3665 5162 po-

2089 5194 2327 5252 tuerunt,
2374 5186 2441 5242 ad
2486 5185 2753 5256 fastigium
2798 5184 3105 5251 sacerdotii,
3152 5191 3409 5253 tanquam
3452 5181 3662 5239 servilis

2092 5277 2267 5334 vilitas
2294 5278 2434 5333 hunc
2453 5276 2712 5333 honorem
2730 5276 2929 5347 capiat,
2952 5274 3341 5346 provehuntur,
3364 5280 3419 5328 et
3444 5272 3668 5343 probari

2084 5366 2207 5424 Deo
2251 5382 2412 5438 posse
2456 5367 2714 5433 creditur,
2765 5366 2857 5436 qui
2899 5364 3123 5421 domino
3143 5379 3244 5420 suo
3270 5362 3499 5420 necdum
3532 5378 3663 5434 pro-

2094 5461 2304 5517 barese
2330 5459 2525 5530 potuit.
2571 5460 2776 5529 Duplex
2819 5459 2999 5527 itaque
3050 5455 3104 5511 in
3150 5456 3256 5513 hae
3285 5464 3440 5529 parte
3486 5462 3671 5511 reatus

2092 5557 2198 5614 est,
2229 5547 2375 5618 quod
2408 5558 2465 5606 ct
2491 5563 2702 5604 sacrum
2725 5546 3079 5603 ministerium
3107 5547 3235 5604 talis
3271 5547 3528 5604 consortii
3548 5545 3669 5600 vili-

2086 5649 2208 5698 tate
2246 5641 2522 5713 potiuitur,
2554 5648 2609 5696 ct
2631 5639 3002 5709 dominorum,
3047 5650 3306 5712 quantum
3354 5637 3428 5696 ad
3468 5638 3670 5697 illicita
