4092 6348
524 253 632 312 279

1794 253 2144 313 ιλολγειυς
2183 251 2495 313 EXICUUS.

3673 250 3794 309 280

526 376 889 442 usurpationis
928 381 1282 438 temeritatem
1328 380 1584 452 pertinet,
1629 378 1749 449 jura
1796 372 2096 429 solvuntur.
2126 372 2175 431 Α
2203 366 2619 423 misericorditer
2647 364 2949 432 tribuimus,
2991 366 3059 424 ab
3096 382 3164 424 eo
3196 368 3444 437 Domino,
3473 368 3568 441 qui
3597 368 3784 424 multi-

525 462 607 517 ΑΙ)
636 465 720 520 bis
750 468 949 538 itaque,
974 472 1165 528 fratres
1192 471 1506 536 charissimi,
1532 483 1720 524 omnes
1744 473 1937 521 vestra:
1967 478 2095 531 pro-

524 556 713 613 vincia)
743 560 1049 616 abstineam
1075 562 1404 628 sacerdotes,
1442 570 1498 616 et
1525 575 1633 616 non
1660 566 1867 612 tantum
1899 555 1965 610 ab
1990 555 2093 620 his,

523 648 618 705 sed
639 650 706 705 ab
729 651 846 707 aliis
873 652 1053 719 etiam,
1103 654 1195 724 qui
1220 652 1466 722 originali
1495 660 1588 707 aut
1614 651 1772 706 alicui
1802 648 2097 705 conditioni

522 739 746 811 Obligati
771 752 920 808 sant,
947 745 1195 801 volumus
1222 744 1509 816 temperari
1535 761 1551 797 :
1597 743 1699 799 nisi
1728 741 1866 797 forte
1907 754 2097 795 eorum

522 832 712 901 petitio
770 841 867 888 aut
910 834 1160 890 voluntas
1198 835 1506 899 accesserit,
1556 835 1648 905 qui
1684 831 1885 902 aliquid
1912 830 2012 887 sibi
2042 830 2097 885 in

517 922 618 979 eos
646 923 917 981 vindicant
952 926 1256 996 potestatis.
1304 925 1475 981 Debet
1512 925 1654 980 enim
1680 937 1803 980 esse
1845 919 2098 977 immunis

518 1015 587 1071 ab
615 1014 755 1081 aliis,
807 1016 900 1087 qui
939 1015 1133 1072 divina:
1164 1016 1369 1071 militiae
1408 1016 1567 1071 fuerit
1596 1016 1966 1085 aggregandus
1993 1029 2006 1065 :
2038 1018 2098 1066 ut

517 1121 552 1162 a
596 1106 789 1161 castris
832 1104 1134 1170 dominicis,
1161 1106 1356 1173 quibus
1394 1104 1763 1173 nomen-ejus
1788 1102 2093 1168 ascribitur,

517 1197 680 1253 nullis
708 1196 1044 1253 necessitatis
1067 1194 1682 1252 vinculis‘abstrabatur.

522 1312 592 1370 Ut
617 1314 901 1386 quicunque
930 1312 1000 1367 ad
1024 1312 1390 1386 sacerdotium,
1420 1314 1495 1366 vel
1521 1311 1788 1386 viduarum
1816 1309 1990 1386 mariti
2024 1307 2101 1386 rell

521 1408 527 1413 -
586 1378 829 1439 [tabentes
875 1400 1147 1438 numerosa
1175 1383 1437 1451 ronjugin.
1482 1383 1705 1451 promoti
1742 1383 1979 1451 fuerint,
2032 1378 2098 1433 ab

524 1508 527 1511 λ
585 1456 822 1510 omnibus
845 1454 1206 1509 ecclesiasticis
1229 1454 1408 1522 ciliciis
1429 1462 1726 1507 arceantur.

584 1567 649 1623 ll.
691 1566 874 1635 Qualis
901 1582 1032 1623 vero
1061 1567 1347 1637 unicuique
1380 1565 1682 1621 constiterit
1710 1563 1968 1619 natalium
1999 1563 2100 1619 ho—

515 1668 717 1725 nestas,
746 1668 802 1715 et
826 1674 1037 1714 morum
1068 1673 1186 1715 esse
1207 1657 1402 1713 debeat
1424 1656 1563 1714 sacri
1588 1655 1775 1710 altaris
1801 1654 2099 1709 ministerio

2200 459 2411 529 pliciter
2444 467 2500 514 et
2526 459 2578 514 in
2608 468 2928 531 perpetuum
2955 475 3209 520 mansura
3236 464 3518 532 retribuet,
3532 464 3792 537 recipere

2197 548 2487 605 valeamus.

2204 660 2273 717 Ut
2299 664 2344 718 si
2366 665 2478 736 quis
2511 666 3182 742 sacerdotumucontrahtzc
3208 667 3520 742 interdaicta
3538 670 3746 742 fecerit,

2182 740 2189 743 '
2584 751 2677 789 suo
2704 737 2772 791 sit
2792 738 2959 807 cilicio
2988 739 3375 793 submovendus.

2269 821 2334 878 ν.
2379 823 2494 881 lloc
2524 825 2705 897 itaque
2741 828 3037 885 admonitio
3079 838 3261 886 nostra
3288 830 3592 899 denuntiat,
3633 830 3794 904 quod

2200 912 2247 969 si
2274 914 2396 984 quis
2431 917 2654 970 fratrum
2683 926 2870 973 contra
2901 918 3019 975 hmc
3056 921 3345 977 constituta
3374 923 3563 979 venire
3606 930 3793 977 tenta-

2204 1007 2353 1070 verit,
2385 1014 2443 1063 et
2468 1008 2736 1078 prohibita
2789 1009 2949 1067 fuerit
2968 1027 3130 1069 ausus
3158 1008 3474 1081 admittere,
3505 1028 3541 1070 a
3576 1029 3679 1071 suo
3725 1027 3794 1069 se

2203 1099 2417 1154 noverit
2437 1099 2614 1157 officio
2640 1102 3087 1173 submovendum,
3124 1120 3225 1163 nec
3243 1106 3637 1163 communionis
3675 1121 3792 1163 uo—

2199 1198 2324 1246 strae
2351 1189 2585 1255 futurum
2612 1208 2731 1250 esse
2753 1206 3084 1266 consortem,
3110 1198 3202 1270 qui
3247 1198 3426 1254 socius
3453 1213 3576 1255 esse
3602 1198 3789 1256 noluit

2200 1283 2515 1355 disciplinae.
2544 1287 2622 1343 No
2666 1287 2796 1357 quid
2825 1304 2955 1345 vero
2982 1290 3073 1354 sit,
3118 1290 3264 1359 quod
3303 1292 3717 1361 prtetermissum
3751 1305 3790 1347 ι

2200 1376 2356 1439 nobis
2378 1377 2518 1433 forte
2544 1379 2814 1443 credatur,
2828 1382 3007 1437 omnia
3037 1382 3329 1440 decretalia
3356 1385 3791 1447 constituta'tam

2200 1468 2373 1525 beata:
2411 1471 2800 1528 recordationis
2847 1471 3167 1541 Innocentii,
3197 1490 3357 1545 quam
3410 1475 3649 1531 omnium
3685 1476 3791 1532 de,

2200 1574 2475 1617 cessurum
2500 1570 2828 1627 nostrorum,
2846 1576 2968 1633 qua:
2987 1564 3055 1621 de
3074 1567 3453 1624 ecclesiasticis
3479 1566 3789 1634 ordinibus,

2201 1658 2257 1705 et
2281 1666 2551 1707 canonum
2579 1656 2915 1724 promulgata
2944 1665 3071 1713 sunt
3102 1656 3419 1728 disciplinis,
3448 1659 3522 1714 ita
3552 1674 3582 1713 a
3606 1667 3793 1715 vestra

512 1752 820 1817 aociandus,
864 1760 920 1807 et
958 1752 1218 1823 Apostolo
1263 1764 1362 1806 nos
1392 1749 1643 1816 docento,
1668 1756 1723 1804 et
1749 1747 1928 1803 divina
1958 1761 2095 1816 prae-
2126 1740 2489 1811 Bdilectione
2514 1745 2773 1801 custodiri
2797 1745 2995 1803 debere
3021 1748 3356 1815 mandamus,
3396 1757 3459 1803 ut
3492 1749 3542 1805 si
3578 1751 3700 1819 quis
3727 1749 3794 1805 in

511 1843 769 1912 ceptione
795 1840 1094 1907 didicimus,
1138 1849 1198 1897 et
1238 1854 1509 1896 canonum
1555 1839 1775 1908 regulis,
1822 1852 1855 1891 a
1900 1837 2095 1907 quibus

510 1934 801 2006 plerosque
825 1933 1049 1989 fratrum
1075 1931 1373 1988 declinasse
1417 1939 1475 1987 et
1501 1930 1718 2000 penitus
1743 1928 1989 1984 deviasse
2006 1942 2095 1983 re-

512 2030 770 2099 perimus.
800 2025 933 2080 Nam
961 2031 1175 2081 constat
1201 2023 1269 2078 ad
1290 2021 1652 2078 sacerdotium
1681 2021 1989 2091 pervenisse
2013 2018 2096 2074 vi-

511 2117 740 2173 duarum
763 2115 1005 2184 maritos,
1045 2112 1308 2184 quosdam
1336 2115 1499 2167 etiam
1529 2112 1725 2182 quibus
1742 2110 1952 2166 iuerint
1990 2125 2093 2165 nu-

512 2221 728 2263 merosa
754 2204 1024 2275 coniugia,
1055 2212 1115 2261 et
1149 2204 1217 2259 ad
1260 2218 1475 2259 omnem
1517 2202 1784 2258 licentiam
1808 2202 1917 2257 vita
1961 2201 2096 2256 libe-

512 2299 646 2365 rior,
678 2297 747 2353 ad
773 2312 1003 2353 sacrum
1037 2296 1280 2352 ordinem
1328 2294 1524 2365 passim
1546 2294 1836 2365 patefactis
1864 2293 2095 2350 aditibus

512 2388 675 2445 fuisse
704 2387 1021 2459 permissos,
1046 2394 1236 2443 contra
1266 2386 1409 2441 illam
1440 2386 1581 2441 beati
1615 2384 1860 2455 Apostoli
1880 2399 2091 2452 vocem,

511 2496 621 2552 qua
663 2480 858 2536 talibus
901 2479 1188 2545 exclamat,
1229 2478 1453 2534 dicens:
1482 2475 1651 2533 Unius
1691 2478 1873 2533 uxoris
1897 2477 2092 2543 virum,

512 2570 783 2628 et.'contra
806 2570 938 2626 illud
964 2571 1196 2640 antiqua:
1225 2570 1357 2640 legis
1377 2577 1728 2640 prmceptum,
1762 2582 1872 2638 quo
1901 2567 2097 2625 dicitur

512 2669 846 2720 etcavetur:
879 2661 1146 2719 Sacerdos
1167 2662 1425 2732 virginem
1452 2670 1675 2718 uxorem
1706 2662 1957 2733 accipiat,
1988 2679 2095 2719 non

511 2752 748 2819 viduam,
792 2767 901 2808 non
926 2751 1262 2823 repudiatam
1292 2752 1312 2821 (
1341 2751 1364 2806 Ι
1394 2751 1582 2807 Timet.
1613 2767 1697 2817 tn;
1729 2749 1893 2806 Lavit.
1939 2767 2029 2807 xxr
2051 2752 2094 2824 ).

511 2839 624 2899 llos
649 2856 813 2913 ergo,
829 2842 1139 2912 quicunque
1166 2840 1301 2899 tales
1322 2841 1539 2898 admissi
1566 2848 1709 2907 sunt,
1741 2841 1810 2896 ab
1839 2839 2097 2897 ecclesia-

511 2934 662 2993 sticis
687 2932 882 2990 ofﬁciis
908 2942 966 2989 et
984 2932 1307 2990 sacerdotali
1353 2934 1589 2999 nomine,
1620 2933 1934 3005 apostolica:
1953 2932 2097 2989 sedis

512 3027 855 3092 auctoritate,
880 3024 1133 3105 iubemus
1178 3025 1372 3083 arceri.
1403 3023 1514 3086 Nec
1561 3025 1666 3083 hoc
1692 3026 1835 3082 enim
1863 3025 1965 3082 sibi
2005 3040 2099 3096 po.

2197 1833 2287 1889 illa
2315 1836 2665 1903 commiserit,
2698 1838 2907 1895 veniam
2944 1839 3045 1895 sibi
3073 1839 3327 1910 deinceps
3355 1842 3570 1898 noverit
3612 1842 3791 1897 dene—

2194 1927 2328 1995 gari.
2361 1927 2495 1983 Data
2517 1945 2568 1984 vt
2593 1929 2669 1984 ld.
2697 1928 2965 1997 Octobris,
2984 1930 3219 1988 Maximo
3236 1932 3431 1989 iterum
3463 1941 3519 1989 et
3542 1932 3789 1990 Paterno

2197 2033 2375 2075 conss.
2409 2020 2544 2090 (An.
2576 2018 2770 2077 Christi
2797 2020 2966 2093 445).

2268 2109 2382 2165 Leo
2410 2110 2696 2181 episcopus
2723 2112 2985 2169 universis
3029 2114 3301 2186 episcopis
3336 2128 3435 2186 per
3459 2110 3623 2173 Italiae
3646 2130 3793 2187 prun

2194 2204 2401 2261 vincias
2418 2206 2729 2261 constitutis
2759 2207 2812 2262 in
2836 2204 3063 2264 Domino
3091 2209 3340 2265 salutem.

2266 2293 2324 2349 ln
2371 2296 2707 2351 consortium
2743 2310 2844 2353 vos
2884 2307 3081 2353 nostrzc
3126 2298 3502 2363 sollicitudinis
3542 2300 3786 2359 advoca-

2195 2398 2337 2451 mus,
2368 2392 2427 2439 ut
2453 2384 2725 2453 vigilantia
2758 2387 3034 2457 pastorali,
3060 2402 3127 2443 ne
3154 2387 3284 2458 quid
3309 2389 3589 2446 diabolica:
3618 2389 3789 2446 licere

2194 2476 2367 2546 possit
2387 2477 2629 2543 astutiae,
2659 2478 2963 2535 commissis
2982 2479 3133 2535 vobis
3178 2480 3429 2549 gregibus
3473 2481 3787 2549 diligentius

2195 2568 2598 2623 consulatiszne
2623 2568 2668 2623 is
2686 2568 2801 2638 qui,
2832 2568 3041 2625 Domini
3074 2571 3440 2626 misericordia
3470 2572 3777 2643 revelante,

2196 2675 2295 2732 per
2320 2668 2560 2716 nostram
2578 2674 2764 2716 curam
2792 2674 2823 2714 a
2851 2661 3049 2716 nostris
3066 2661 3258 2717 ovibus
3278 2662 3499 2717 morbus
3509 2660 3782 2731 abjicitur,

2198 2750 2427 2807 necdum
2474 2750 2628 2807 vobis
2702 2752 3034 2821 praemonitis
3081 2761 3139 2807 et
3183 2752 3358 2809 adhuc
3408 2753 3539 2825 quid
3593 2762 3787 2822 agatur

2196 2843 2417 2914 ignaris,
2449 2858 2547 2915 per
2567 2853 2760 2900 vestrm
2786 2844 2927 2900 sedis
2952 2853 3139 2915 pergat
3159 2843 3448 2913 Ecclesiae,
3477 2851 3532 2901 et
3560 2848 3779 2902 suarum

2196 2932 2378 2987 furtim
2410 2932 2688 2989 cuniculos
2716 2932 2955 2988 inveniat
2982 2934 3329 2999 latebrarum,
3363 2951 3430 2990 ne
3458 2935 3605 3005 quod
3628 2950 3658 2989 a
3689 2950 3781 2991 no-

2196 3024 2279 3082 bis
2302 3025 2357 3081 in
2386 3026 2517 3082 urbe
2544 3026 2929 3097 exstinguitur,
2955 3027 3253 3084 tenebrosis
3280 3027 3423 3098 apud
3449 3043 3550 3084 vos
3576 3027 3779 3084 radici.

510 3123 701 3171 terunt
722 3115 993 3179 vindicare
1015 3155 1030 3183 ,
1081 3114 1235 3186 cujus
1283 3130 1514 3186 capaces
1558 3120 1656 3187 per
1685 3118 1788 3172 hoc
1816 3117 1961 3185 quod
1990 3116 2095 3177 illis
2123 3118 2166 3194 ς
2200 3116 2299 3172 bus
2325 3118 2639 3173 seminctur.

510 3206 822 3271 obsisterat,
870 3221 977 3261 non
1024 3205 1257 3261 fuerunt.
1306 3204 1476 3275 Hujus
1512 3205 1862 3262 discussionis
1907 3220 2093 3262 curam

510 3294 669 3349 nobis
711 3294 1019 3366 specialiter
1042 3293 1398 3363 vindicantes,
1426 3302 1487 3349 ut
1530 3295 1576 3351 si
1610 3310 1714 3366 qua
1754 3296 1979 3353 forsitan
2026 3295 2095 3351 dc

509 3382 596 3440 liis
640 3382 924 3439 commissa
971 3393 1114 3451 sunt,
1169 3386 1522 3454 corrigantur,
1572 3402 1674 3441 nec
1737 3385 1898 3441 liceat
1954 3386 2093 3451 ultra

511 3471 798 3526 committi.
824 3470 893 3526 Et
918 3485 988 3527 ne
1008 3486 1111 3542 qua
1141 3473 1419 3537 excusatio
1440 3473 1508 3530 de
1535 3475 1870 3544 ignoratione
1900 3491 2093 3532 nasca-

498 3574 603 3618 tur
630 3581 645 3616 :
677 3577 982 3633 quanquam
1014 3564 1261 3634 ignorare
1301 3580 1572 3635 nunquam
1602 3567 1813 3623 licuerit
1840 3568 2095 3625 sacerdo-

512 3662 622 3708 tem
646 3653 772 3726 quid
792 3669 1058 3709 canonum
1090 3657 1286 3726 regulis
1310 3657 1471 3712 fuerit
1494 3658 1788 3713 deﬁnitum.
1822 3658 1949 3723 Haec
1964 3674 2094 3733 ergo

512 3746 580 3801 ad
610 3746 915 3825 provincias
943 3756 1150 3804 vestras
1179 3764 1278 3823 per
1328 3751 1731 3820 innocentium,
1774 3752 2095 3825 Legitimum

514 3846 568 3893 ct
615 3837 888 3915 Segetlum
934 3837 1128 3895 fratres
1168 3850 1224 3897 et
1270 3844 1621 3915 coepiscopos
1651 3854 1865 3903 nostros
1892 3848 2095 3918 scripta

511 3926 804 3994 direximus
834 3950 847 3985 :
876 3939 935 3987 ut
961 3946 1081 4003 qum
1110 3933 1249 3989 male
1279 3935 1569 4006 pullulasse
1597 3948 1915 4006 noscuntur,
1946 3941 2092 3997 radi-

514 4021 652 4076 citus
683 4022 997 4091 cvellantur,
1028 4033 1084 4079 et
1112 4040 1342 4082 messem
1370 4027 1695 4085 dominicam
1725 4031 1929 4087 zizania
1950 4033 2096 4089 nulla

514 4122 876 4184 corrumpant.
900 4113 979 4170 ita
1002 4117 1143 4172 enim
1166 4117 1398 4175 fructum
1422 4120 1660 4188 uberem,
1689 4137 1809 4193 qua:
1834 4133 1959 4180 sunt
1985 4125 2097 4181 sin-

513 4220 659 4272 cera,
686 4208 1035 4287 prmstabunt,
1092 4210 1139 4265 si
1168 4225 1251 4277 ea,
1302 4227 1421 4290 qua:
1466 4222 1647 4268 natam
1677 4223 1916 4284 segetem
1963 4231 2095 4273 ene-

514 4313 641 4353 care
668 4309 1087 4371 consueverunt,
1110 4301 1417 4373 diligentius
1440 4316 1807 4377 amputentur.

515 4407 668 4477 Quod
700 4431 913 4470 usuram
953 4433 1057 4489 non
1084 4416 1465 4489 solumclerici
1495 4419 1703 4489 exigere
1746 4435 1851 4475 non
1888 4418 2089 4486 debent,

959 4487 1051 4547 sed
1078 4502 1170 4538 nec
1198 4486 1317 4538 laici
1348 4485 1648 4547 Christiani.

590 4571 676 4626 lll.
718 4572 829 4629 Nec
856 4574 960 4630 hoc
987 4590 1201 4643 quoque
1232 4575 1657 4644 praetereundum
1687 4591 1805 4631 esse
1826 4577 2094 4645 duximus,

516 4662 796 4739 quosdam,
828 4663 959 4741 lucri
996 4662 1165 4739 turpis
1206 4662 1498 4732 cupiditate
1540 4671 1746 4734 captos,
1797 4667 2094 4723 usurariam

516 4768 772 4809 exercere
797 4752 1104 4823 pecuniam,
1137 4760 1193 4808 et
1234 4754 1421 4809 fenore
1448 4753 1583 4809 velle
1613 4754 1899 4822 ditescere,
1951 4757 2095 4827 quod

516 4860 627 4903 non
657 4843 830 4905 dicam
854 4843 905 4898 in
935 4857 1033 4898 eos
1078 4842 1167 4911 qui
1201 4852 1326 4897 sunt
1350 4844 1403 4897 in
1432 4843 1665 4899 clericali
1696 4841 1873 4900 olilcio
1896 4848 2098 4902 consti-

518 4938 643 5004 tut‘,
665 4934 757 4989 sed
786 4936 840 4988 in
870 4933 1036 4988 laieos
1064 4934 1281 5003 cadere,
1309 4934 1399 5003 qui
1427 4932 1762 4991 Christianos
1783 4951 1841 4991 se
1865 4936 1969 4992 dici
1997 4953 2095 4992 cu-

517 5027 694 5097 piunt,
725 5023 1100 5089 condolemus,
1132 5024 1275 5094 quod
1306 5024 1560 5081 vindicari
1592 5028 1769 5082 acrius
1799 5028 1853 5083 in
1883 5044 1977 5083 eos
2005 5029 2096 5098 qui

518 5115 718 5175 fuerint
772 5115 1028 5177 confulati
1075 5115 1453 5181 decernimus,
1504 5124 1568 5183 ut
1616 5119 1789 5175 omnis
1840 5119 2098 5189 peccandi

519 5208 895 5278 opportunitas
922 5207 1208 5269 adimatur,

524 5319 594 5376 Ut
622 5320 833 5380 clericus
856 5337 948 5377 nec
974 5338 1090 5388 suo,
1122 5337 1213 5377 nec
1242 5319 1411 5377 alieno
1438 5319 1643 5377 nomine
1667 5322 1815 5391 fenus
1840 5328 2097 5376 exerceat.

564 5410 681 5470 ιγ.
722 5412 854 5468 Illud
880 5412 1330 5473 etiamduximus
1367 5413 1834 5482 prtemonendum,
1877 5413 2097 5469 utsicut

521 5517 630 5559 non
657 5518 773 5571 suo,
817 5504 891 5559 ita
918 5519 1026 5559 non
1065 5504 1242 5562 alieno
1280 5504 1497 5560 nomine
1540 5503 1733 5572 aliquis
1778 5504 2096 5561 clericorum

523 5609 780 5654 exercere
820 5596 976 5651 fenus
1013 5603 1244 5653 attentet
1275 5615 1287 5650 :
1315 5597 1569 5655 indecens
1596 5597 1739 5650 enim
1779 5604 1863 5650 est
1888 5596 2095 5651 crimen

524 5702 677 5745 suum
706 5687 1000 5744 commodis
1028 5687 1215 5742 alienis
1239 5687 1566 5756 impendere.
1591 5686 1768 5741 Fenus
1791 5694 1966 5739 autem
1994 5686 2095 5740 hoc

524 5778 700 5840 svium
747 5779 987 5855 aspicere
1026 5786 1082 5838 et
1131 5791 1386 5835 exercere
1433 5776 1710 5846 debemus,
1738 5774 1968 5850 utquod
2007 5773 2096 5835 hic

2200 3226 2350 3293 Quod
2404 3230 2614 3301 plurimi
2655 3229 2941 3304 liquit/uri
2980 3230 3247 3301 rigilantia
3295 3250 3446 3304 papa:
3480 3231 3673 3290 Leonis
3722 3234 3779 3297 ita

2640 3302 2767 3355 urbe
2792 3301 2958 3356 Roma
2987 3306 3172 3357 detecti
3200 3301 3325 3357 sint.

2270 3390 2355 3448 Vl.
2394 3390 2663 3448 Plurimos
2711 3394 3003 3463 impietatis
3050 3394 3355 3451 Mauichm
3396 3409 3656 3466 sequaces
3718 3403 3777 3451 et

2195 3481 2445 3539 doctores
2465 3482 2519 3537 in
2536 3483 2670 3538 urbe
2691 3482 3030 3553 investigatio
3052 3491 3235 3539 nostra
3258 3484 3477 3553 reperit,
3506 3483 3778 3551 vigilantia

2195 3571 2510 3642 divulgavit,
2562 3572 2856 3628 auctoritas
2883 3582 2941 3628 et
2967 3587 3195 3629 censura
3220 3573 3481 3629 coercuit.
3510 3570 3659 3639 Quos
3683 3587 3780 3643 po-

2196 3664 2395 3725 tuimus
2422 3663 2712 3729 emendare
2738 3667 3074 3723 correximus
3106 3684 3119 3721 :
3152 3674 3208 3722 et
3236 3673 3296 3723 ut
3321 3664 3640 3727 damnarent
3668 3663 3780 3722 Ma-

2193 3756 2460 3813 nicbmum
2515 3772 2640 3813 cum
2684 3756 3150 3828 priedieationibus
3192 3765 3249 3813 et
3288 3757 3582 3828 disciplinis
3627 3758 3780 3825 suis,

2194 3849 2408 3921 publica
2462 3848 2516 3903 in
2549 3846 2791 3905 Ecclesia
2828 3848 3166 3919 professione
3193 3857 3250 3905 et
3273 3864 3462 3905 manus
3499 3863 3612 3905 suae
3649 3848 3779 3911 sub-

2194 3942 2487 4013 scriptione
2508 3943 2898 4012 compulimus,
2923 3951 2978 3995 et
3007 3942 3079 3996 ita
3108 3941 3176 4001 de
3205 3942 3462 4010 voragine
3485 3940 3778 4012 impietatis

2194 4047 2305 4088 sua:
2332 4032 2610 4095 confessus
2659 4033 3031 4103 ptenitentiam
3070 4030 3418 4091 concedendo
3458 4032 3772 4095 lcvavimus,

2196 4124 2467 4195 Aliquanti
2498 4138 2655 4193 vero,
2688 4123 2780 4193 qui
2832 4123 2905 4179 ita
2933 4137 2993 4178 se
3038 4123 3447 4189 demerserunt,
3487 4132 3547 4179 ut
3575 4123 3775 4178 nullum

2195 4215 2281 4271 his
2327 4214 2634 4270 auxiliantis
2675 4222 2861 4284 posset
2889 4213 3185 4269 remedium
3225 4213 3537 4283 subvenire,
3580 4213 3779 4270 subditi

2195 4306 2402 4376 legibus
2442 4305 2738 4367 secundum
2762 4304 3191 4361 Christianorum
3242 4306 3545 4378 principum
3581 4305 3780 4361 consti-

2196 4405 2333 4461 tuta,
2358 4412 2428 4452 ne
2453 4406 2697 4452 sanctum
2726 4410 2942 4467 gregem
2966 4411 3067 4452 sua
3096 4398 3421 4466 contagione
3452 4397 3777 4469 polluerent,

2126 4504 2175 4565 ι)
2196 4505 2299 4560 per
2316 4489 2561 4560 publicos
2598 4488 2809 4558 judices
2847 4498 3112 4561 perpetuo
3138 4498 3265 4545 sunt
3297 4488 3489 4546 exsilio
3535 4487 3773 4556 relegati.

2201 4578 2267 4634 Et
2294 4579 2494 4646 omnia,
2542 4594 2662 4648 qum
2693 4587 2798 4635 tam
2831 4581 2883 4636 in
2913 4581 3207 4651 Scripturis
3250 4597 3409 4652 quam
3454 4580 3511 4635 in
3555 4577 3780 4635 occultis

2201 4670 2582 4727 traditionibus
2626 4671 2738 4726 suis
2778 4670 2980 4726 habent
3024 4671 3251 4741 profana
3301 4670 3390 4726 vel
3454 4671 3630 4740 turpia
3655 4709 3671 4735 ,
3721 4677 3782 4729 ιιι

2200 4769 2388 4818 nosset
2427 4762 2656 4832 populus
2701 4761 2828 4831 quid
2875 4762 3148 4832 refugeret
3203 4770 3297 4817 aut
3335 4762 3551 4828 vitaret,
3602 4759 3781 4817 oculis

2200 4850 2516 4911 Christiana:
2543 4851 2714 4921 plebis
2764 4859 2912 4907 certa
2940 4851 3375 4908 manifestatione
3411 4851 3777 4923 probavimus,

2201 4944 2337 5000 adeo
2387 4954 2447 4999 ut
2475 4946 2615 5015 ipse,
2645 4944 2736 5014 qui
2759 4959 2948 5002 eorum
2974 4944 3254 5001 dicebatur
3282 4944 3595 5016 episcopus,
3620 4961 3651 5001 a
3682 4961 3782 5003 no-

2200 5037 2284 5097 bis
2311 5043 2493 5093 tentus
2520 5035 2773 5106 proderet
2801 5034 3069 5106 ﬂagitiosa
3105 5038 3156 5091 in
3200 5036 3311 5097 suis
3354 5038 3615 5108 mysticis,
3661 5050 3780 5108 quae

2203 5135 2435 5195 teneret,
2463 5127 2604 5183 sicut
2629 5135 2905 5194 gestorum
2934 5143 3034 5187 vos
3069 5127 3237 5189 series
3257 5127 3458 5199 poterit
3496 5126 3731 5185 edocere
3760 5144 3778 5181 :

2201 5218 2267 5277 ad
2295 5218 2705 5281 instructionem
2752 5218 2895 5273 enim
2930 5227 3164 5273 vestram
3213 5220 3376 5275 etiam
3423 5219 3540 5291 ipsa
3580 5218 3782 5276 direxi-

2199 5323 2343 5374 mus,
2370 5307 2564 5378 quibus
2591 5308 2769 5376 lectis,
2797 5310 2979 5369 omnia
3023 5325 3144 5379 qum
3186 5326 3217 5365 a
3259 5311 3416 5366 nobis
3443 5312 3780 5382 deprehensa

2199 5408 2342 5464 sunt,
2374 5413 2536 5456 nosse
2561 5399 2827 5470 poteritis.
2852 5398 2917 5463 Et
2936 5400 3061 5471 quia
3086 5400 3390 5471 aliquantos
3416 5402 3485 5465 de
3511 5402 3597 5459 his
3616 5418 3776 5474 quos,

2201 5506 2272 5548 ne
2294 5490 2718 5558 absolverentur,
2746 5492 2949 5553 arctior
2972 5501 3156 5548 reatus
3181 5493 3502 5565 involverat,
3524 5496 3782 5566 cognovi-

2202 5600 2324 5650 mus
2347 5586 2632 5654 aufugisse,
2684 5586 2825 5641 banc
2845 5584 2914 5641 ad
2939 5584 3285 5643 dilectionem
3312 5597 3548 5645 vestram
3577 5592 3782 5664 episto-

2201 5677 2309 5733 lam
2337 5679 2601 5753 misimus,
2626 5685 2684 5732 ut
2710 5677 2903 5733 ellecta
2944 5679 3147 5746 certior
3173 5682 3431 5747 sanctitas
3459 5691 3639 5748 vestra
3667 5684 3780 5740 sol.

2200 5773 2397 5835 licitius
2422 5789 2581 5848 agere
2610 5777 2875 5849 dignetur,
2900 5783 2955 5832 et
2979 5776 3205 5847 cautius,
3244 5776 3435 5836 necubi
3467 5776 3779 5844 ueniebam

3830 611 3844 700 ᾗ
