4092 6348
388 256 494 315 281

1412 264 1791 325 COLLEC'I‘IO
1824 269 2293 330 DECRETOIIUM
2333 274 2435 333 PP.
2476 276 2590 336 RR.

3550 282 3661 340 282

356 438 357 441 η
386 371 761 444 perversitatis
803 372 1063 434 homines
1092 376 1279 449 plebes
1313 389 1525 438 vestras
1570 382 1826 441 facultate
1866 385 1963 441 ιω·
1996 391 2050 451 Α
2072 386 2223 467 Quod
2264 399 2449 467 amata
2487 391 2635 467 nobis
2676 410 2767 462 per
2798 395 3040 467 ordinem
3074 411 3246 452 rerum
3278 414 3371 467 per
3406 399 3658 455 incarna-

388 464 571 530 dendi,
604 473 660 519 et
692 465 849 536 hujus
877 468 1141 539 sacrilegii
1170 472 1379 540 possint
1405 473 1648 539 invenire
1688 476 1962 533 doctores.

386 554 560 610 Aliter
588 557 734 616 enim
762 558 917 614 nobis
940 562 1258 620 commissos
1290 577 1481 633 regere
1504 581 1612 621 non
1658 583 1962 637 possumus,

386 647 490 703 nisi
523 648 640 721 hos,
688 649 780 719 qui
825 660 952 706 sunt
999 653 1303 721 perditores
1337 664 1395 712 et
1432 657 1645 726 perditi.
1673 659 1790 714 zelo
1841 659 1966 715 fidei
2012 702 2015 703 ν

383 734 670 793 dominica:
700 754 1103 809 persequamur,
1131 750 1186 796 et
1214 758 1245 797 a
1268 745 1411 800 sanis
1436 747 1722 810 mentibus,
1757 763 1825 804 ne
1871 764 1968 819 pe-

382 825 485 879 stis
508 826 621 880 luec
652 826 810 886 latius
836 828 1157 901 divulgetur,
1182 832 1491 901 severitate,
1525 850 1629 905 qua
1657 851 1962 905 possumus,

383 922 783 987 abscindamus.
824 923 979 982 Unde
1014 926 1204 985 hortor
1247 928 1593 987 dilectionem
1621 941 1879 997 vestram,
1910 941 1968 988 et

381 1013 647 1081 obtestor,
680 1025 736 1071 et
759 1032 973 1081 moneo,
1006 1026 1064 1072 nt
1108 1032 1213 1089 qua
1257 1019 1465 1076 debetis
1503 1030 1558 1076 et
1601 1024 1825 1092 potestis
1852 1023 1965 1079 sol-

381 1104 664 1160 licitudine
695 1106 924 1174 vigiletis
959 1108 1027 1162 ad
1056 1109 1457 1179 investigandos
1485 1127 1599 1178 eos,
1646 1124 1841 1168 necum
1872 1129 1966 1168 oc-

380 1195 618 1250 cultandi
648 1210 707 1253 se
735 1198 1010 1266 reperiant
1036 1198 1363 1256 facultatem.
1396 1201 1467 1258 Ut
1501 1204 1644 1259 enim
1670 1205 1886 1259 habebit
1933 1219 1965 1259 a

340 1302 347 1305 λ
381 1284 497 1354 Ι)ςο
526 1286 700 1355 digna:
724 1289 1171 1345 remunerationis
1197 1293 1493 1360 praemium,
1520 1295 1610 1364 qui
1631 1295 1961 1364 diligentius,

342 1377 526 1451 Aquod
574 1378 641 1432 ad
689 1379 917 1435 salutem
972 1383 1277 1437 commissa:
1321 1384 1422 1439 sibi
1469 1385 1641 1453 plebis
1694 1385 1960 1457 proﬁciat,

378 1466 543 1521 fuerit
569 1478 857 1525 exsecutus
883 1488 896 1524 :
928 1472 1001 1526 ita
1033 1480 1160 1527 ante
1190 1474 1421 1529 tribunal
1462 1476 1673 1532 Domini
1713 1480 1780 1534 de
1808 1488 1961 1535 reatu

380 1559 724 1628 negligentiae
751 1576 811 1617 se
837 1577 944 1619 non
973 1566 1174 1634 poterit
1200 1582 1482 1634 excusare,
1514 1570 1820 1640 quicunque
1848 1572 1965 1641 ple-

378 1655 502 1705 bem
554 1666 703 1705 suam
742 1661 929 1713 contra
976 1656 1252 1725 sacrilegm
1301 1659 1664 1727 persuasionis
1712 1670 1962 1717 auctores

2143 459 2332 543 tionem
2383 459 2592 515 Domini
2642 459 2807 518 nostri
2854 468 3037 521 salutis
3083 459 3410 526 sacramenta
3455 470 3656 543 digesta

2138 537 2264 584 sint.

2141 638 2272 696 Vlll.
2313 640 2541 713 Semper
2559 643 2775 713 quidem
2807 645 2859 699 in
2888 655 3092 702 teterno
3121 649 3345 705 consilio
3374 649 3469 705 Dei
3496 666 3655 706 man-

2069 730 2139 785 sit
2167 730 2384 785 humani
2409 733 2622 801 generis
2652 735 3160 792 inconnnutabiliter
3183 740 3542 809 przeordinata
3568 755 3657 797 re-

2070 821 2302 890 paratio,
2333 821 2428 877 sed
2456 822 2591 878 ordo
2624 838 2801 877 rerum
2845 840 2940 894 per
2966 824 3147 881 Jesum
3174 825 3443 887 Christum
3473 828 3658 886 Domi-

2070 927 2198 966 num
2230 920 2473 967 nostrum
2516 914 2888 984 temporaliter
2930 916 3285 984 gerendarum
3316 920 3367 973 in
3409 919 3655 989 incarna-

2067 1002 2215 1057 tione
2256 1002 2417 1061 Verbi
2447 1005 2675 1076 s'umpsit
2718 1006 3018 1073 exordium,
3067 1008 3210 1064 unde
3255 1009 3398 1065 aliud
3442 1020 3654 1083 tempus

2067 1101 2166 1161 est,
2206 1108 2317 1163 quo
2343 1097 2693 1153 annuntiante
2725 1094 2928 1166 Angelo
2956 1096 3115 1153 beata
3144 1097 3304 1171 Virgo
3351 1097 3516 1156 Maria
3571 1099 3654 1157 fe-

2065 1184 2401 1240 cundandam
2424 1202 2480 1241 se
2506 1202 2603 1257 per
2628 1184 2882 1259 Spiritum
2909 1196 3149 1245 sanctum
3202 1189 3425 1246 credidit
3447 1201 3496 1246 et
3518 1206 3654 1248 con-

2034 1278 2035 1281 “
2066 1275 2211 1344 cepit
2236 1292 2249 1329 :
2281 1274 2447 1345 aliud,
2467 1290 2576 1346 quo
2606 1277 2751 1331 salva
2783 1276 3089 1346 integritate
3114 1277 3352 1347 virginea
3381 1295 3514 1349 puer
3538 1281 3656 1339 edi.

2068 1374 2153 1422 tus
2182 1368 2454 1425 exaltante
2499 1372 2694 1440 gaudio
2735 1373 3036 1431 cmlestium
3076 1375 3443 1435 ministrorum
3472 1386 3657 1449 pasto—

2066 1457 2214 1513 ribus
2230 1458 2524 1515 indicatur:
2544 1463 2713 1531 aliud,
2725 1480 2832 1534 quo
2855 1464 3028 1521 infans
3048 1465 3442 1523 circumciditur
3458 1485 3471 1522 :
3487 1467 3651 1536 aliud,

2064 1561 2173 1615 quo
2220 1549 2396 1605 hostia
2444 1567 2543 1622 pro
2579 1568 2644 1608 eo
2671 1555 2855 1623 legalis
2898 1554 3158 1612 otiertur:
3191 1556 3355 1622 aliud,
3392 1572 3513 1613 cutn
3545 1567 3655 1614 tres

2068 1635 2206 1707 Magi
2248 1639 2492 1697 claritate
2530 1643 2655 1698 novi
2702 1644 2893 1701 sideris
2936 1644 3141 1705 incitati
3178 1645 3230 1702 in
3272 1645 3545 1702 Bethleem
3584 1647 3654 1725 ab

378 1739 614 1797 noluerit
662 1742 952 1801 custodire.
999 1744 1134 1801 Data
1188 1762 1244 1802 ιιι
1300 1749 1406 1803 cal.
1463 1749 1618 1817 Feb.,
1651 1749 1961 1808 Theodosio
1998 1770 2037 1828 Β
2066 1727 2287 1785 Oriente
2335 1732 2673 1828 Per‘jﬂiiunb
2719 1744 2776 1789 θί
2817 1735 3654 1828 ad°r3“F_Pa"Y““¥mzs“'35?”

379 1844 505 1887 xvttt
534 1841 591 1887 et
615 1831 807 1890 Albino
836 1851 923 1891 vv.
956 1828 1041 1892 cc.
1083 1852 1260 1894 conss.
1293 1839 1415 1912 (Au.
1446 1840 1638 1897 Christi
1666 1842 1818 1915 444.)

444 1923 563 1979 Leo
608 1926 895 1996 episcopus
942 1928 1207 1987 universis
1247 1933 1516 2003 episcopis
1579 1950 1675 2006 per
1723 1935 1962 1993 Siciliam

372 2015 679 2071 constitutis
701 2015 753 2070 in
780 2016 1007 2073 Domino
1036 2020 1361 2077 salutem.-
1375 2023 1577 2080 Divinis
1601 2029 1881 2097 praeceptis
1904 2037 1962 2085 et

375 2107 691 2176 apostolicis
717 2110 936 2166 monitis
965 2113 1273 2184 incitamur,
1305 2123 1365 2172 ut
1388 2132 1488 2188 pro
1515 2120 1765 2176 omnium
1779 2118 1963 2177 Eccle-

374 2198 574 2255 siarum
622 2208 767 2257 statu
810 2204 1037 2275 impigro
1081 2206 1359 2276 vigilemus
1404 2209 1629 2277 affectu,
1674 2226 1737 2268 ac
1757 2214 1802 2268 si
1833 2213 1962 2283 quid

375 2307 602 2362 usquam
628 2296 1034 2367 reprehensioni
1059 2299 1329 2356 invenitur
1353 2301 1665 2372 obnoxium,
1693 2305 1825 2361 cieri
1852 2306 1964 2363 sol-

376 2382 654 2442 licitudine
701 2396 794 2442 aut
839 2388 906 2444 ab
950 2390 1265 2459 ignorantia:
1306 2392 1592 2464 imperitia,
1622 2403 1716 2451 aut
1748 2412 1780 2451 a
1823 2412 1963 2468 prte-

374 2475 699 2544 sumptionis
741 2479 1092 2548 usurpatione
1132 2478 1471 2540 revocemns.
1521 2483 1771 2542 Manente
1817 2489 1962 2543 enim

374 2562 660 2620 dominicas
688 2567 836 2622 vocis
864 2566 1091 2637 imperio
1109 2608 1126 2633 ,
1174 2585 1284 2640 quo
1310 2572 1653 2629 beatissimus
1681 2577 1962 2647 apostolus

376 2651 570 2711 Petrus
600 2656 737 2712 trina
775 2660 1099 2729 repetitione
1133 2662 1376 2734 mysticae
1420 2666 1718 2723 sanctionis
1762 2669 1960 2725 imbui-

375 2753 482 2810 tur,
526 2756 582 2803 et
619 2748 819 2806 Christi
863 2767 1033 2819 oves,
1081 2755 1173 2823 qui
1218 2754 1490 2812 Christum
1534 2758 1724 2829 diligit,
1771 2771 1961 2831 pascat

373 2836 557 2906 (Joan.
581 2844 768 2913 xxvu),
798 2843 964 2913 ipsius
997 2845 1160 2912 sedis,
1228 2847 1314 2903 cui
1344 2863 1441 2919 per
1477 2850 1856 2908 abundantiam
1886 2851 1964 2910 di-

375 2928 515 2983 vinze
552 2933 738 2999 gratia:
776 2949 1095 3003 praesumus,
1136 2940 1440 2995 reverentia
1488 2949 1848 3008 coarctamnr,
1904 2953 1962 3000 ut

374 3019 671 3086 periculum
701 3020 940 3089 desidizn,
970 3032 1229 3094 quantum
1262 3030 1574 3097 possumus,
1605 3030 1957 3099 declinemus,

2065 1834 2346 1875 munerum
2370 1821 2642 1879 oblatione
2663 1834 2991 1882 venerantur
3013 1825 3227 1899 (Matth.
3255 1825 3342 1899 tt).
3362 1825 3653 1885 Neciidem

2062 1919 2187 1964 sunt
2216 1910 2350 1977 dies,
2382 1913 2576 1982 quibus
2605 1914 2769 1986 impio
2800 1913 3024 1987 Herodi,
3045 1917 3292 1973 ordinata
3318 1912 3572 1975 divinitus
3597 1906 3652 1977 in

2064 1996 2357 2072 ASgyptum
2386 2004 2762 2072 translatione,
2792 2006 3095 2063 subtractus
3123 2017 3231 2079 est,
3257 2008 3337 2065 vel
3367 2010 3560 2083 quibus
3584 1994 3653 2066 ab

2063 2087 2302 2162 [Egypto
2332 2093 2387 2147 in
2412 2093 2707 2162 Galilaeam,
2737 2106 2950 2153 mortuo
2972 2108 3337 2168 persecutore,
3370 2110 3653 2161 revocatus

2062 2191 2166 2239 est.
2199 2184 2344 2241 lnter
2371 2187 2470 2244 has
2499 2198 2677 2244 autem
2703 2187 3161 2261 dispensationum
3182 2192 3468 2248 varietates
3494 2208 3653 2249 acce-

2063 2277 2198 2334 dunt
2250 2291 2538 2351 augmenta
2586 2299 2877 2354 corporea,
2934 2285 3130 2341 crescit
3182 2284 3464 2351 Dominus,
3513 2286 3655 2342 sicut

2062 2364 2400 2440 Evangelista
2432 2380 2660 2429 testatur
2702 2372 2853 2444 (Luc.
2886 2373 2968 2447 ιι),
3000 2374 3329 2445 profectibus
3364 2376 3541 2431 :etatis
3596 2368 3654 2435 et

2062 2462 2268 2531 gratiae,
2296 2478 2392 2535 per
2410 2463 2525 2520 dies
2554 2463 2772 2520 Pascha:
2802 2465 2855 2520 in
2883 2466 3140 2536 templum
3168 2464 3497 2521 Hierusalem
3527 2481 3652 2523 cum

2066 2554 2384 2622 parentibus
2412 2555 2582 2621 venit,
2608 2563 2804 2611 etcum
2832 2555 3045 2612 abesset
3074 2571 3105 2612 a
3133 2556 3393 2612 societate
3422 2554 3654 2611 redeun-

2065 2644 2223 2714 tium,
2246 2646 2439 2702 sedens
2460 2662 2581 2703 cum
2602 2648 2922 2714 senioribus,
2948 2658 3002 2706 et
3020 2649 3161 2705 inter
3184 2649 3513 2705 admirantes
3532 2662 3654 2704 ma-

2062 2736 2262 2803 gistros
2292 2737 2571 2806 disputans
2602 2737 2892 2807 invenitur,
2935 2740 3307 2810 rationemque
3357 2740 3652 2795 mansionis

2062 2841 2173 2881 suae
2198 2826 2432 2884 reddens
2457 2847 2470 2882 :
2500 2828 2636 2896 Quid
2667 2837 2767 2897 est,
2802 2830 2989 2901 inquit,
3015 2834 3157 2900 quod
3186 2832 3506 2900 quatrebatis
3529 2832 3652 2887 me?

2063 2918 2386 2974 nesciebatis
2428 2920 2571 2990 quod
2593 2922 2645 2975 in
2674 2922 2777 2987 his,
2803 2936 2921 2991 quae
2946 2920 3116 2977 Patris
3141 2923 3244 2977 mei
3268 2933 3411 2989 sunt,
3437 2932 3656 2994 oportet

2061 3023 2150 3063 me
2172 3024 2292 3065 esse
2322 3009 2538 3081 (Matth.
2565 3026 2651 3077 lll;
2680 3010 2808 3067 Luc.
2838 3012 2952 3083 tu)?
2980 3012 3281 3082 significans
3309 3012 3424 3081 ejus
3449 3027 3510 3067 se
3531 3027 3651 3069 esse

374 3122 444 3185 ne
472 3111 733 3180 professio
761 3117 956 3170 summi
980 3116 1223 3193 Apostoli
1248 3159 1263 3182 ,
1292 3133 1399 3189 qua
1427 3133 1487 3175 se
1521 3129 1815 3177 amatorem
1848 3124 1956 3179 Do-
1986 3144 2031 3207 ρ
2064 3101 2435 3207 θξίυηινξευξξιδ
2457 3112 2603 3160 058οι
2630 3113 2685 3207 ξι
2711 3105 2988 3207 ἱεῖξψξυῐηο
3013 3103 3128 3207 {3m
3157 3119 3305 3207 feni:
3329 3118 3449 3158 cum
3472 3102 3524 3157 ῖιι
3549 3118 3650 3207 ετξ-

374 3198 508 3261 mini
532 3207 758 3258 testatus
786 3212 886 3270 est,
922 3221 1027 3261 non
1059 3207 1361 3265 inveniatur
1384 3209 1439 3263 in
1467 3211 1623 3267 nobis
1647 3252 1663 3275 ,
1701 3211 1825 3279 quia
1855 3228 1957 3269 ne-

374 3286 641 3360 gligenter
670 3307 894 3361 pascens
920 3295 1078 3352 toties
1123 3297 1557 3355 commendatum
1595 3315 1812 3375 gregem
1835 3319 1960 3362 con-

376 3377 610 3434 vincitur
633 3395 897 3440 summum
925 3402 1033 3443 non
1062 3402 1244 3444 amare
1271 3399 1568 3460 pastorem.

369 3552 525 3633 Quod
567 3561 897 3631 prohibeatur
938 3567 994 3620 in
1048 3566 1139 3650 die
1177 3566 1595 3650 Epiphaniorum
1633 3574 1955 3650 baptismum

1012 3638 1283 3695 celebrari.

445 3741 554 3799 Vll.
596 3746 730 3808 Cum
760 3763 890 3821 ergo
936 3752 1067 3807 mihi
1106 3753 1175 3809 de
1204 3754 1486 3823 charilatis
1513 3768 1704 3816 vestra:
1747 3762 1956 3821 actibus

370 3832 608 3896 fraterna
633 3836 919 3901 affectione
946 3843 1177 3901 sollicito
1208 3847 1370 3902 certis
1400 3848 1611 3907 indiciis
1640 3849 1954 3921 innotuerit,

376 3942 474 3983 vos
495 3928 547 3984 in
576 3945 667 3999 eo,
689 3934 833 4000 quod
856 3935 994 3995 inter
1018 3947 1356 3999 sacramenta
1381 3938 1637 3997 Ecclesia:
1666 3945 1959 4016 principale

376 4029 482 4087 est,
515 4023 583 4075 ab
609 4024 923 4092 apostolicae
952 4027 1301 4085 institutionis
1336 4033 1726 4091 consuetudine
1756 4034 1960 4092 discre-

370 4124 526 4180 pare,
586 4112 655 4167 ita
696 4122 755 4169 ut
802 4116 1046 4188 baptismi
1095 4132 1494 4178 sacramentum
1534 4127 1871 4183 numerosius
1901 4129 1957 4184 in

369 4204 459 4258 die
490 4202 826 4276 Epiphania),
874 4225 1032 4280 quam
1065 4212 1116 4266 in
1146 4212 1393 4271 Paschali
1445 4224 1689 4287 tempore
1717 4220 1956 4278 celebre-

377 4304 482 4359 tur,
542 4298 708 4355 miror
738 4317 852 4367 vos,
877 4304 961 4359 vel
1001 4306 1427 4376 prmdecessores
1455 4320 1665 4366 vestros
1688 4319 1795 4367 tam
1826 4313 1961 4369 irra-

374 4389 687 4449 tionabilcm
720 4396 1011 4451 novitatem
1048 4413 1309 4470 usurpare
1354 4401 1610 4471 potuisse,
1637 4410 1696 4457 ut
1733 4403 1958 4462 confuso

372 4483 632 4550 temporis
654 4485 929 4565 utriusque
951 4490 1226 4559 mysterio,
1252 4491 1449 4546 nullam
1464 4508 1583 4549 esse
1601 4493 1957 4551 dilierentiam
1990 4523 2034 4579 ι)

372 4572 668 4631 crederetis
710 4576 850 4636 inter
896 4578 1039 4639 diem
1077 4596 1185 4651 quo
1242 4584 1498 4640 adoratus
1526 4594 1612 4642 est
1654 4586 1899 4643 Christus
1927 4604 1959 4643 a

372 4658 564 4732 Magis,
593 4672 646 4718 et
674 4665 814 4723 diem
863 4683 973 4740 quo
1016 4674 1312 4731 resurrexit
1340 4674 1585 4731 Christus
1631 4692 1660 4731 a
1707 4678 1957 4733 mortuis.

376 4752 547 4819 Quam
598 4758 807 4827 culpam
858 4760 1004 4817 nullo
1053 4764 1212 4821 modo
1261 4767 1573 4836 potuissetis
1622 4769 1880 4835 incidere,
1913 4768 1962 4825 si

367 4846 516 4908 unde
560 4854 1022 4911 consecrationem
1071 4855 1293 4924 honoris
1339 4860 1606 4932 accipitis,
1637 4862 1761 4933 inde
1790 4863 1960 4932 legem

376 4938 539 4999 tutius
568 4939 923 4999 observantia:
949 4949 1251 5019 sumcretis,
1285 4957 1340 5005 et
1362 4951 1503 5007 beati
1538 4954 1769 5022 apostoli
1813 4952 1961 5011 Petri

377 5028 564 5093 sedes,
595 5048 713 5105 qua:
745 5036 897 5100 vobis
938 5040 1288 5106 sacerdotalis
1327 5052 1501 5111 mater
1529 5052 1612 5105 est
1658 5045 1956 5118 dignitatis,

373 5133 521 5183 esset
548 5125 925 5195 ecclesiasticte
964 5132 1215 5201 magistra
1250 5135 1495 5202 rationis,
1521 5150 1550 5189 a
1579 5135 1732 5205 cujus
1757 5152 1853 5195 vos
1873 5152 1960 5195 re-

372 5218 512 5285 gulis
537 5221 822 5276 recessisse
849 5224 1058 5279 minore
1085 5235 1266 5296 posset
1288 5229 1690 5296 mquanimitatc
1715 5230 1955 5302 tolerari,

373 5308 421 5373 si
469 5310 646 5380 aliqua
690 5314 1125 5387 commonitionis
1170 5325 1369 5377 nostra:
1400 5318 1698 5389 increpatio
1722 5334 1959 5391 prtcces-

374 5410 537 5457 srssct
565 5420 579 5456 :
606 5419 750 5462 nunc
783 5415 985 5473 autem,
1008 5406 1134 5475 quia
1162 5422 1269 5473 non
1298 5407 1618 5483 desperatur
1664 5412 1958 5479 correctio,

372 5492 640 5553 servanda
686 5503 771 5550 est
820 5496 1197 5553 consuetudo:
1230 5504 1290 5553 ut
1328 5497 1455 5554 licet
1487 5498 1572 5554 vix
1621 5498 1841 5557 ferenda
1886 5502 1960 5559 sit

373 5584 428 5651 in
459 5585 830 5645 sacerdotibus
881 5590 1181 5658 excusatio,
1225 5604 1346 5662 qua:
1384 5590 1683 5662 przetcndat
1724 5592 1958 5648 inscien-

375 5679 809 5743 tiam,maluntus
838 5690 1016 5737 tamen
1046 5691 1103 5738 et
1121 5697 1404 5739 censuram
1431 5682 1788 5740 necessariam
1819 5691 1958 5742 tem-

374 5781 588 5853 perare,
605 5778 663 5827 ct
687 5772 897 5836 ratione
924 5787 1020 5831 vos
1044 5772 1391 5850 apertissime
1412 5771 1652 5847 veritatis
1672 5772 1958 5853 instruere.

2065 3195 2147 3250 nis
2176 3193 2467 3264 majoribus
2496 3194 2734 3267 apertius
2763 3194 3114 3251 declarandus
3156 3193 3477 3265 baptismum
3515 3205 3657 3261 pra:-

2062 3287 2300 3342 cursoris
2339 3287 2423 3341 sui
2460 3284 2683 3343 Joannis
2727 3286 2973 3357 expetiit,
3004 3283 3131 3355 quid
3161 3284 3372 3338 deitatis
3401 3282 3519 3353 ejus
3558 3296 3650 3337 re-

2060 3378 2259 3434 mansit
2303 3378 2630 3449 ambiguum,
2662 3379 2898 3449 quando,
2938 3379 3209 3448 baptizato
3249 3375 3476 3432 Domino
3496 3373 3649 3442 Jesu,

2059 3468 2517 3541 Spiritussanctus
2544 3470 2597 3526 in
2619 3470 2880 3526 columba:
2900 3469 3079 3540 specie
3099 3483 3260 3539 super
3281 3483 3402 3523 eum
3424 3466 3653 3523 descen-

2060 3558 2141 3615 dit
2166 3567 2223 3615 et
2247 3561 2464 3627 mansit,
2497 3560 2677 3616 audita
2706 3560 2776 3616 de
2804 3561 2954 3617 cmlis
3004 3558 3179 3615 Patris
3207 3574 3339 3615 voce
3374 3558 3603 3615 dicentis
3633 3574 3648 3613 :

2060 3646 2143 3709 Tu
2169 3663 2229 3705 es
2251 3648 2392 3706 filius
2412 3664 2564 3709 meus
2584 3650 2831 3715 dilectus,
2860 3650 2913 3705 in
2937 3657 2989 3705 te
3006 3648 3147 3704 bene
3166 3647 3502 3719 complacui?
3521 3645 3653 3715 Qua:

2054 3739 2241 3795 ‘omnia
2270 3738 2411 3807 ideo,
2441 3748 2645 3815 quanta
2690 3740 2982 3812 potuimus,
3024 3739 3287 3795 brevitate
3332 3736 3651 3811 perstrinxi—

2061 3843 2201 3897 mus,
2227 3836 2289 3884 ut
2314 3837 2504 3885 notum
2534 3830 2605 3885 sit
2630 3829 2904 3885 dilectioni
2933 3837 3126 3885 vestra:
3155 3828 3435 3884 universos
3454 3826 3653 3885 Christi

2061 3920 2179 3976 dies
2216 3919 2511 3979 innumeris
2553 3928 2903 3977 consecratos
2943 3918 3110 3975 fuisse
3149 3918 3455 3985 virtutibus,
3501 3926 3556 3974 et
3596 3918 3652 3975 in

2056 4011 2275 4067 cunctis
2305 4011 2423 4081 ejus
2449 4012 2750 4073 actionibus
2776 4020 3237 4073 sacramentorum
3267 4011 3520 4082 mysteria
3554 4025 3653 4066 co-

2059 4114 2334 4167 ruscasse;
2363 4100 2457 4157 sed
2485 4100 2642 4156 aliter
2662 4099 2921 4171 quidquid
2944 4100 3109 4172 signis
3128 4100 3471 4166 denuntiarit,
3498 4099 3656 4155 aliter

2062 4198 2223 4255 rebus
2253 4196 2487 4270 impleri,
2514 4210 2614 4252 nec
2648 4212 2982 4271 quaecunque
3012 4207 3364 4256 numerantur
3391 4198 3444 4252 in
3472 4198 3653 4268 operi-

2063 4288 2165 4344 bus
2193 4286 2508 4352 Salvatoris,
2537 4286 2604 4341 ad
2634 4295 2846 4356 tempus
2873 4300 3033 4357 posse
3062 4287 3333 4357 pertinere
3362 4285 3656 4356 baptisma-

2061 4380 2151 4433 t's.
2182 4375 2315 4431 Nam
2345 4376 2390 4431 si
2413 4376 2576 4431 etiam
2607 4375 2717 4439 illa,
2749 4390 2869 4445 qua:
2909 4384 3033 4447 post
3071 4376 3216 4431 beati
3245 4375 3463 4431 Joannis
3502 4374 3652 4429 lava-

2063 4486 2215 4527 crum
2264 4485 2294 4524 a
2342 4468 2569 4525 Domino
2616 4476 2767 4540 gesta
2808 4469 3173 4540 cognovimus,
3215 4469 3314 4525 sub
3363 4467 3654 4525 indiscrete

2064 4562 2272 4617 honore
2319 4561 2581 4628 colamus,
2626 4561 2805 4617 omnia
2854 4572 3096 4633 tempora
3137 4560 3463 4617 continuatis
3497 4566 3657 4616 erunt

2067 4652 2371 4724 deputanda
2401 4654 2568 4716 festis,
2600 4654 2725 4725 quia
2770 4654 2950 4710 omnia
2996 4661 3121 4709 sunt
3156 4653 3316 4724 plena
3360 4651 3651 4707 miraculis.

2071 4744 2266 4801 Verum
2292 4745 2414 4816 quia
2442 4745 2663 4815 spiritus
2690 4746 2968 4815 sapientiae
2998 4752 3053 4799 et
3090 4744 3393 4800 intellectus
3416 4743 3488 4798 ita
3512 4741 3657 4812 Apo-

2066 4838 2237 4893 stolos
2286 4844 2344 4891 et
2390 4838 2555 4891 t0tius
2599 4834 2852 4892 Ecclesia:
2896 4835 3126 4893 erudivit
3162 4835 3466 4905 magistros,
3499 4842 3557 4889 ut
3600 4834 3665 4888 in,

2068 4928 2371 4985 Christiana
2400 4930 2741 4985 observantia
2772 4928 2903 4983 nihil
2932 4926 3315 4993 inordinatum,
3350 4926 3478 4981 nihil
3503 4932 3657 4996 pate-

2066 5006 2214 5078 retur
2236 5036 2356 5077 csse
2377 5020 2678 5088 confusum,
2725 5019 3096 5076 discernendae
3118 5028 3242 5076 sunt
3262 5032 3435 5074 causa:
3455 5016 3655 5071 solem.

2064 5115 2315 5178 nitatum,
2338 5121 2393 5168 et
2419 5112 2470 5168 in
2495 5112 2743 5168 omnibus
2769 5112 3024 5168 institutis
3050 5109 3273 5166 Patrum
3326 5107 3657 5179 principum.

2064 5219 2170 5277 que
2207 5213 2515 5263 nostrorum
2554 5204 2890 5262 rationabilis
2918 5205 3182 5269 servanda
3209 5201 3499 5268 distinctio,
3526 5199 3655 5270 quia

2064 5312 2174 5356 non
2186 5297 2488 5353 aliterunus
2499 5311 2651 5368 grex,
2671 5304 2876 5356 etunus
2886 5305 3071 5368 pastor
3086 5310 3292 5364 sumus,
3315 5294 3439 5364 nisi,
3461 5309 3657 5364 quem-

2066 5386 2353 5455 admodum
2383 5386 2673 5473 Apostolus
2701 5387 2862 5441 doeet
2905 5384 2995 5457 (ΙΙ
3022 5382 3142 5441 Cor.
3172 5384 3255 5455 ιι),
3308 5382 3537 5462 idipsum
3568 5381 3655 5437 di—

2063 5493 2248 5534 eamus
2277 5492 2498 5547 omnes;
2526 5476 2708 5533 Simus
2728 5484 2907 5542 autem
2933 5472 3157 5548 perfecti
3178 5474 3231 5529 in
3259 5473 3452 5531 eodem
3488 5486 3653 5529 sensu

2064 5577 2121 5626 et
2150 5569 2202 5625 in
2231 5568 2418 5625 eadem
2444 5568 2725 5640 sapientia.

2067 5702 2217 5771 Quod
2240 5705 2296 5759 in
2324 5702 2577 5772 baptismo
2596 5718 2739 5776 mora
2762 5700 3029 5776 proveniat
3050 5699 3412 5776 interfecaone
3434 5697 3652 5776 peccati,

2137 5784 2189 5843 et
2228 5770 2555 5851 sepulturam
2601 5772 3155 5853 triduanuntjmitetur
3182 5770 3322 5830 trina
3377 5770 3653 5849 dentatae.
