4092 6348
549 237 656 296 283

1836 245 2190 304 NONYSIUS
2226 245 2540 303 EXIGUUS.

3713 249 3825 304 283

619 363 672 408 et
706 353 784 426 ab
837 357 985 425 aquis
1033 357 1247 412 elevatio
1289 358 1378 424 sit,
1430 357 1567 412 velut
1605 361 1916 415 resurrectio
1963 361 2026 414 de
2051 377 2136 414 se-
2163 367 2214 426 Α
2248 357 2533 412 veritatem
2579 353 2760 424 (locus.
2802 354 2932 425 xvi).
2985 353 3120 410 Cum
3149 356 3330 426 itaque
3355 356 3551 414 veritas
3578 356 3828 418 Christus

518 436 521 437 '
621 425 824 480 oulcro.

619 540 712 596 1X.
739 539 990 608 Quamvis
1025 556 1156 611 ergo
1195 551 1251 598 et
1279 543 1366 598 illa
1394 559 1516 613 qua:
1544 543 1612 597 ad
1655 542 2010 599 humilitatem
2035 583 2050 606 .
2081 551 2138 598 et

552 633 642 687 Illa
668 648 787 702 quze
809 631 876 686 ad
905 632 1130 700 gloriam
1171 635 1441 704 pertinent
1465 635 1662 690 Christi
1689 673 1703 697 ,
1737 634 1792 688 in
1821 649 1982 688 unum
2006 649 2138 689 con-

548 732 787 787 currant,
836 723 1188 793 eamdemque
1237 740 1523 796 personam
1547 766 1562 790 ,
1598 733 1879 794 totumque
1908 724 2050 796 quod
2081 725 2133 778 in

547 819 639 873 illo
661 827 716 873 et
744 819 960 875 virtutis
985 819 1177 874 divina:
1207 828 1312 886 est,
1363 829 1419 876 et
1442 820 1765 877 inﬁrmitatis
1793 823 2040 876 humanm
2067 821 2134 875 ad

545 918 742 964 nostrae
775 911 1130 980 reparationis
1155 910 1340 966 tendat
1387 911 1638 967 ell'ectum
1670 930 1682 966 ;
1709 912 1926 983 proprie
1955 921 2133 968 tamen

547 1001 600 1055 in
623 1009 799 1058 morte
822 1001 1100 1069 cruciﬁxi,
1129 1012 1185 1058 et
1206 1003 1258 1057 in
1286 1003 1686 1060 resurrectione
1717 1005 1916 1060 mortui
1942 1013 2135 1075 poten-

545 1092 617 1146 tia
642 1092 982 1163 baptismatis
1009 1109 1204 1148 novam
1233 1103 1535 1150 creaturam
1557 1096 1740 1152 condit
1768 1111 1834 1151 ex
1859 1097 2049 1161 veteri,
2075 1106 2135 1152 ut

547 1185 600 1238 in
645 1184 1049 1240 renascentibus
1097 1194 1153 1242 et
1182 1201 1326 1241 mors
1354 1186 1550 1242 Christi
1589 1196 1844 1257 operetur
1867 1229 1882 1253 ,
1915 1195 1970 1241 et
2000 1188 2130 1252 vita,

544 1273 758 1329 dicente
781 1275 940 1330 beato
976 1277 1222 1346 apostolo
1245 1275 1440 1332 Paulo:
1461 1277 1539 1332 An
1568 1279 1842 1346 ignoratis,
1868 1279 1990 1347 quia
2012 1279 2133 1348 qui-

545 1380 760 1434 cunque
789 1366 1048 1436 baptizati
1093 1383 1280 1422 sumus
1320 1369 1372 1423 in
1402 1369 1615 1426 Christo
1656 1368 1811 1435 Jesu,
1865 1370 1918 1424 in
1959 1379 2134 1425 morte

512 1467 515 1469 '
545 1457 708 1527 ipsius
757 1458 1010 1528 baptizati
1055 1475 1239 1514 sumus
1269 1461 1447 1529 (Rom.
1481 1462 1598 1528 vr)?
1637 1461 1954 1531 Consepulti
1986 1463 2130 1517 enim

515 1565 726 1627 ‘sumus
755 1565 876 1605 cum
907 1550 1000 1606 illo
1031 1567 1129 1622 per
1169 1551 1494 1622 baptismum
1537 1553 1588 1607 in
1619 1562 1848 1608 mortem
1874 1571 1886 1606 :
1916 1563 1973 1608 ut
1997 1569 2133 1623 quo-

543 1641 704 1696 modo
731 1641 964 1696 surrexit
983 1641 1232 1699 Christus
1260 1659 1288 1698 a
1314 1644 1540 1700 mortuis
1570 1661 1666 1714 per
1679 1645 1906 1714 gloriam
1938 1645 2130 1710 Patris,

543 1731 617 1786 ita
640 1739 693 1787 et
723 1748 822 1788 nos
845 1733 896 1786 in
921 1735 1159 1789 novitate
1179 1735 1302 1788 vita:
1335 1735 1691 1790 ambulemus.
1725 1735 1780 1790 Si
1805 1736 1950 1790 enim
1980 1753 2130 1791 com-
2167 1746 2207 1804 ις

541 1825 766 1894 plantati
796 1823 918 1879 facti
945 1841 1130 1880 sumus
1158 1824 1496 1880 similitudini
1522 1827 1715 1881 mortis
1735 1825 1873 1894 ejus,
1899 1826 2057 1881 simul
2079 1835 2134 1880 et

539 1915 950 1969 resurrectionis
972 1915 1195 1983 erimus,
1217 1923 1272 1969 et
1291 1925 1506 1978 uetera,
1539 1931 1657 1986 qua:
1686 1915 1849 1969 latius
1875 1916 2133 1984 magister

541 2007 780 2074 gentium
809 2006 876 2060 ad
902 2007 1384 2064 commendandum
1409 2015 1806 2061 sacramentum
1837 2007 2133 2077 baptisma-

542 2098 611 2152 tis
641 2097 953 2167 disputavit,
977 2107 1035 2153 ut
1063 2107 1348 2169 appareret
1376 2115 1442 2154 ex
1473 2097 1631 2167 hujus
1653 2097 1914 2153 doctrina:
1941 2097 2131 2167 spiritu

541 2189 922 2257 regenerandis
943 2188 1061 2244 ﬁliis
1087 2190 1360 2245 hominum
1395 2200 1450 2245 et
1503 2189 1555 2244 in
1591 2189 1686 2244 Dei
1717 2188 1854 2245 ﬁlios
1877 2190 2133 2260 adoptan-

541 2280 626 2334 dis
655 2279 802 2334 illum
832 2280 972 2335 diem
994 2324 1010 2350 ,
1032 2289 1087 2336 et
1118 2282 1246 2336 illud
1279 2292 1486 2352 tempus
1508 2282 1740 2336 electum
1775 2301 1786 2335 :
1817 2282 1870 2336 in
1900 2297 2008 2351 quo
2035 2299 2132 2354 per

539 2371 959 2439 similitudinem,
989 2373 1326 2443 formamque
1355 2374 1596 2445 mysterii
1618 2389 1705 2441 ea,
1727 2389 1845 2443 qum
1873 2383 2131 2442 geruntur

540 2465 596 2521 in
624 2465 879 2521 membris
909 2467 1020 2534 his,
1050 2482 1169 2537 quze
1201 2467 1253 2520 in
1297 2467 1413 2538 ipso
1445 2475 1571 2522 sunt
1597 2468 1791 2537 capite,
1825 2474 1974 2536 gesta
2000 2483 2130 2522 con-

543 2568 799 2629 gruerent
825 2603 839 2628 ,
886 2562 1011 2616 dum
1043 2562 1096 2616 in
1126 2561 1462 2631 baptismatis
1491 2561 1674 2629 regula
1704 2570 1758 2616 et
1784 2576 1930 2615 mors
1959 2561 2126 2614 inter-

538 2653 686 2707 venit
715 2651 1091 2709 interfectione
1119 2654 1343 2723 peccati,
1378 2663 1429 2708 et
1461 2653 1788 2725 sepulturam
1821 2653 2124 2707 triduanam

540 2742 782 2798 imitatur
822 2745 962 2800 trina
992 2744 1288 2809 demersio,
1319 2753 1373 2798 et
1403 2744 1468 2798 ab
1496 2743 1650 2814 aquis
1689 2743 1917 2798 elevatio
1948 2759 2128 2798 resur-

537 2836 713 2904 gentis
734 2836 900 2889 instar
915 2844 998 2891 est
1018 2835 1086 2890 de
1115 2835 1423 2904 sepulchro.
1451 2833 1569 2904 lpsa
1601 2835 1761 2904 igitur
1783 2834 1964 2904 Operis
1987 2851 2122 2905 qna-

537 2925 660 2980 litas
684 2926 846 2981 docet
892 2925 1228 2981 celebranda:
1258 2925 1579 2994 generaliter
1607 2925 1790 2993 gratim
1817 2925 1958 2979 diem
1990 2926 2124 2994 legi-

540 3016 726 3070 timum
756 3032 877 3071 eum
901 3033 1038 3082 esse,
1074 3017 1124 3071 in
1150 3032 1260 3085 quo
1289 3024 1406 3071 orta
1439 3025 1523 3070 est
1545 3058 1561 3083 ,
1590 3025 1644 3069 et
1671 3016 1841 3070 virtus
1864 3015 2106 3070 muneris

2239 448 2312 503 sit
2338 447 2518 514 (Joan.
2552 445 2662 514 xw)
2681 485 2696 510 ,
2729 453 2785 500 et
2810 445 3041 515 Spiritus
3062 456 3280 502 sanctus
3307 448 3527 517 spiritus
3547 449 3790 505 veritatis
3805 492 3826 518 ,

2238 551 2546 603 nomenque
2577 535 2839 591 Paracleti
2863 537 3078 606 utrique
3099 537 3171 592 sit
3197 539 3496 608 pr0prium,
3527 555 3638 595 non
3663 541 3825 598 dissi-

2237 628 2366 683 mile
2385 636 2468 683 est
2493 626 2706 693 festum,
2739 626 2828 682 ubi
2859 643 3021 682 unum
3049 637 3134 685 est
3153 639 3574 686 sacramentum.

2242 767 2392 834 Quod
2411 770 2586 824 beatus
2617 769 2881 838 apostolus
2919 765 3105 822 Petrus
3135 770 3189 822 in
3214 769 3301 824 die
3331 769 3658 828 Pentecostes
3686 776 3830 831 viro-

2610 856 2724 893 rum
2755 840 2857 892 tria
2886 839 3053 892 millia
3084 838 3436 910 baptizauerit.

2309 948 2376 1002 Ι.
2403 949 2516 1006 lloc
2542 959 2722 1005 autem
2749 963 2850 1004 nos
2874 964 2982 1004 non
3009 963 3076 1004 ex
3123 958 3305 1005 nostra
3336 952 3694 1021 persuasione
3720 957 3827 1011 de-

2236 1044 2454 1102 fendere
2477 1089 2493 1115 ,
2521 1045 2617 1101 sed
2645 1061 2713 1100 ex
2752 1043 3052 1114 apostolica
3091 1045 3419 1102 auctoritate
3447 1062 3667 1104 servare
3690 1052 3832 1104 satis

2236 1139 2431 1194 idoneo
2461 1137 2751 1209 probamus
2789 1135 3062 1206 exemplo,
3124 1145 3414 1206 sequentes
3454 1138 3671 1194 beatum
3693 1156 3833 1211 apo-

2235 1231 2435 1287 stolum
2466 1229 2705 1296 Petrum,
2728 1229 2820 1300 qui
2852 1229 2904 1283 in
2929 1229 3046 1298 ipso
3063 1228 3185 1291 die,
3214 1243 3322 1298 quo
3352 1245 3568 1286 omnem
3596 1233 3832 1288 creden-

2238 1323 2367 1376 tium
2414 1336 2699 1375 numerum
2750 1320 3048 1390 promissus
3101 1319 3335 1389 Spiritus
3375 1321 3548 1375 sancti
3593 1322 3829 1392 replevit

2235 1413 2514 1475 adventus,
2544 1412 2704 1466 trium
2747 1411 2972 1465 millium
2999 1411 3256 1481 populum
3293 1427 3394 1466 sua
3435 1411 3829 1482 prasdicatioue

2235 1518 2557 1559 conversum
2608 1502 2824 1557 lavacro
2872 1501 3212 1572 baptismatis
3258 1504 3618 1569 consecravit,
3677 1503 3831 1573 quod

2235 1602 2418 1650 sancta
2446 1592 2744 1663 Scriptura,
2789 1607 2910 1661 qua:
2949 1593 3321 1663 apostolorum
3351 1594 3516 1650 Actus
3541 1597 3822 1666 continet,

2248 1683 2387 1737 ﬁdeli
2418 1682 2640 1737 historia
2669 1681 2831 1737 docet
2858 1681 3042 1737 dicens
3075 1700 3088 1734 :
3133 1683 3227 1738 llis
3255 1683 3450 1739 auditis
3471 1722 3488 1747 ,
3517 1687 3832 1756 compancti

2237 1783 2362 1829 sunt
2383 1773 2568 1838 corde,
2593 1783 2650 1828 et
2671 1773 2926 1828 dixerunt
2949 1773 3017 1827 ad
3044 1772 3261 1828 Petrum
3282 1785 3338 1829 et
3358 1775 3596 1845 reliquos
3613 1787 3834 1846 aposto-

2234 1869 2335 1935 los,
2369 1869 2505 1936 Quid
2534 1869 2814 1936 faciemus,
2836 1868 2934 1922 viri
2959 1867 3152 1922 fratres
3180 1868 3316 1937 (Act.
3345 1869 3443 1937 n)?
3470 1869 3662 1926 Petrus
3690 1886 3826 1925 vero

2236 1961 2306 2016 ad
2337 1961 2457 2016 illos
2487 1978 2500 2014 :
2532 1959 2912 2016 Pmnitentiam
2937 2000 2952 2024 ,
2988 1959 3200 2028 inquit,
3230 1960 3372 2028 agite
3399 2002 3414 2027 ,
3445 1971 3500 2015 et
3524 1962 3833 2031 baptiaetur

2238 2052 2607 2121 unusquisque
2650 2059 2890 2107 vestrum
2921 2050 2975 2104 in
3011 2050 3228 2104 nomine
3257 2049 3384 2105 Jesu
3413 2050 3631 2116 Christi,
3658 2053 3712 2107 in
3744 2069 3834 2107 re~

2233 2141 2543 2198 missionem
2573 2148 2923 2211 peccatorum
2954 2148 3259 2196 vestrorum
3285 2178 3302 2204 ,
3335 2150 3392 2195 et
3417 2143 3698 2212 accipietis
3727 2143 3832 2200 do-

2232 2249 2360 2287 num
2405 2234 2576 2289 sancti
2605 2232 2858 2303 Spiritus.
2891 2230 3055 2286 Vobis
3083 2232 3227 2286 enim
3261 2240 3344 2287 est
3369 2234 3741 2303 repromissio,
3775 2245 3832 2289 et

2233 2325 2356 2380 ﬁliis
2385 2325 2601 2390 vestris,
2632 2333 2688 2379 et
2707 2324 2959 2379 omnibus
2978 2323 3070 2394 qui
3097 2324 3257 2392 longe
3279 2333 3426 2389 sunt,
3457 2340 3822 2395 quoscunque

2231 2416 2580 2472 advocaverit
2627 2415 2884 2470 Dominus
2925 2415 3066 2470 Deus
3095 2422 3300 2469 noster.
3331 2414 3466 2470 Aliis
3493 2417 3656 2472 etiam
3705 2417 3830 2488 plu-

2231 2507 2381 2562 ribus
2419 2507 2596 2562 verbis
2644 2504 2961 2562 testiﬁeatus
3009 2514 3112 2572 est,
3163 2514 3219 2561 et
3264 2507 3658 2563 exhortabatur
3704 2524 3827 2573 eos,

2231 2596 2464 2652 dicens:
2525 2597 2818 2652 Salvamini
2865 2612 2895 2650 a
2943 2595 3292 2664 generatione
3339 2597 3441 2651 ista
3487 2613 3674 2668 prava.
3721 2599 3827 2666 Qui

2229 2703 2359 2758 ergo
2412 2698 2736 2760 receperunt
2785 2703 3092 2743 sermonem
3119 2686 3255 2756 ejus,
3304 2687 3558 2758 haptizati
3582 2699 3742 2756 sunt,
3767 2700 3828 2745 et

2227 2783 2487 2853 apposita:
2529 2790 2656 2838 sunt
2683 2781 2737 2836 in
2767 2781 2856 2836 illa
2884 2780 2972 2835 die
2998 2779 3194 2836 animae
3231 2780 3447 2836 circiter
3494 2782 3594 2836 tria
3624 2783 3822 2838 millia.

2227 2893 2378 2960 Quod
2416 2897 2528 2951 hac
2552 2896 2654 2949 duo
2685 2904 2952 2964 tempore)
2983 2893 3039 2945 id
3067 2902 3142 2946 est
3172 2891 3380 2946 Pascha
3408 2902 3458 2946 et
3488 2892 3812 2956 Pentecoste.

2294 2967 2364 3020 ad
2419 2962 2793 3036 baptizandum'
2831 2981 2865 3017 a
2898 2962 3133 3017 Romano
3164 2964 3409 3033 pontiﬁce
3443 2964 3674 3034 legitima
3695 2976 3822 3018 sust

2300 3038 2542 3108 prwﬁxa.

534 3115 590 3200 ei
616 3107 825 3178 SPeCies
848 3107 1093 3200 ἒθῑίοηίδν
1123 3108 1194 3200 9d
1221 3107 1377 3200 culu§
1395 3107 1472 3162 ι’θί
1495 3105 2116 3200 ίοοιιθτξηθιίοηειηίριυ-
2145 3112 2190 3176 C
2295 3105 2382 3185 XI.
2411 3105 2572 3186 VUnde
2598 3129 2723 3200 quia
2761 3125 3196 3183 manifestissime
3225 3135 3372 3197 patet
3401 3125 3734 3196 baptizandis
3759 3127 3821 3181 in

535 3197 731 3255 t'imum
779 3198 940 3263 valet,
991 3199 1135 3268 quod
1183 3199 1299 3269 ipse
1353 3199 1610 3253 Dominus
1657 3197 1813 3253 Jesus
1858 3198 2121 3266 Christus,

535 3297 884 3360 posteaquam
913 3290 1210 3344 resurrexit
1236 3305 1266 3342 a
1296 3288 1520 3343 mortuis
1545 3327 1559 3352 ,
1591 3287 1864 3356 discipulis
1889 3287 1999 3342 suis
2021 3330 2036 3350 ,
2068 3287 2121 3342 in

536 3379 732 3446 quibus
758 3393 948 3435 omnes
975 3377 1332 3433 Ecclesiarum
1362 3375 1990 3448 praesules_doccbantur
2008 3419 2023 3446 ,
2069 3386 2125 3434 et

537 3473 785 3540 lormam,
817 3481 872 3527 et
915 3481 1237 3543 potestatem
1282 3471 1499 3526 tradidit
1523 3469 1861 3539 baptizandi,
1893 3469 2074 3526 dicens
2106 3489 2118 3524 :

539 3561 740 3619 Euntes
769 3562 961 3617 docete
989 3578 1177 3618 omnes
1204 3571 1409 3630 gentes,
1453 3561 1787 3631 baptizantes
1819 3577 1912 3617 eos
1941 3561 1994 3616 in
2026 3578 2124 3618 no-

539 3653 682 3709 mine
699 3652 889 3720 Patris,
919 3663 972 3709 et
993 3654 1200 3719 Filii,et
1220 3653 1452 3724 Spiritus
1478 3653 1886 3724 Sancti(Matth.
1913 3656 2119 3720 xxvm).

541 3746 618 3800 De
659 3761 768 3817 quo
809 3747 994 3816 utique
1041 3761 1136 3802 eos
1172 3746 1335 3801 etiam
1367 3753 1491 3800 ante
1528 3746 1832 3816 passionem
1863 3747 2124 3818 potuisset

537 3839 830 3905 instruere,
877 3839 976 3894 nisi
1005 3838 1220 3908 proprie
1245 3837 1503 3893 voluisset
1544 3837 1806 3907 intelligi,
1833 3854 2123 3908 regenera-

539 3929 698 3984 tionis
724 3930 950 3998 gratiam
978 3944 1047 3984 ex
1073 3944 1170 3983 sua
1193 3929 1592 3984 resurrectione
1619 3932 1866 4000 ccepisse.
1895 3931 2121 3988 Additur

533 4033 666 4074 sane
697 4020 820 4076 huic
847 4021 1206 4076 observantize
1223 4019 1383 4075 etiam
1415 4017 1765 4075 Pentecostes
1794 4036 1860 4076 ex
1885 4021 2118 4078 adventu

532 4110 705 4165 sancti
736 4108 964 4180 Spiritus
981 4118 1196 4164 sacrata
1224 4109 1540 4166 solemnitas
1565 4151 1579 4175 ,
1608 4124 1728 4178 qua:
1755 4110 1823 4167 de
1847 4111 2120 4171 Paschalis

531 4199 651 4256 festi
681 4201 878 4272 pendet
902 4200 1145 4256 articulo.
1189 4197 1254 4255 Et
1280 4215 1401 4255 cum
1448 4199 1516 4254 ad
1546 4199 1681 4255 alios
1708 4201 1822 4257 dies
1849 4203 1953 4258 alia
1981 4203 2116 4260 festa

528 4292 852 4363 pertineant,
885 4292 999 4348 hmc
1027 4306 1242 4362 semper
1270 4289 1338 4346 ad
1363 4306 1488 4346 eum
1539 4290 1681 4347 diem
1702 4333 1717 4359 ,
1749 4294 1840 4363 qui
1885 4311 2119 4352 resurre-

525 4386 707 4440 ctione
738 4385 947 4440 Domini
981 4393 1066 4439 est
1096 4383 1319 4452 insignis
1342 4424 1357 4448 ,
1390 4384 1642 4450 occurrit,
1674 4387 1953 4456 porrigens
1975 4403 2114 4458 quo-

2226 3219 2468 3276 Ecclesia
2492 3221 2686 3276 electis
2711 3220 2826 3275 haec
2855 3219 2960 3274 duo
2991 3227 3258 3288 tempora,
3304 3217 3371 3273 de
3400 3218 3590 3288 quibus
3635 3219 3802 3274 locuti

2226 3328 2432 3377 sumus,
2459 3326 2577 3366 esse
2599 3310 2854 3380 legitima,
2879 3309 3222 3365 dilectionem
3244 3315 3478 3364 vestram
3509 3326 3812 3376 monemus,

2225 3413 2284 3459 ut
2312 3403 2485 3459 nullos
2510 3403 2645 3458 alios
2672 3403 2788 3458 dies
2816 3401 2942 3457 huic
2971 3399 3328 3455 observantia:
3351 3400 3642 3455 miscentis.

2227 3511 2378 3579 Quod
2399 3513 2541 3567 omni
2567 3523 2792 3580 teniporc
2806 3510 2877 3573 hi,
2905 3509 2992 3580 qui
3019 3509 3326 3580 necessitate
3339 3509 3811 3580 martisrurgeutur,

2293 3584 2348 3637 id
2369 3593 2445 3637 est
2470 3578 2793 3653 aegritudinis
2812 3621 2826 3644 ,
2861 3578 3167 3653 obsidionis,
3192 3579 3582 3648 persecutionis,
3611 3589 3659 3632 et
3680 3595 3814 3632 nou-

2296 3655 2476 3726 (regii,
2507 3651 2726 3706 debeant
2747 3651 3024 3721 baptizari.

2292 3767 2407 3822 Xll.
2440 3767 2575 3834 Quia
2603 3765 2647 3820 si
2675 3772 2799 3820 sunt
2831 3762 2935 3817 alia
2983 3777 3198 3832 quoque
3225 3761 3356 3816 festa
3384 3803 3400 3830 ,
3423 3761 3617 3832 quibus
3645 3761 3810 3817 multa

2222 3859 2275 3914 in
2301 3858 2562 3913 honorem
2589 3853 2682 3909 Dei
2721 3851 3022 3908 reverentia
3046 3851 3307 3907 debeatur
3327 3894 3344 3918 ,
3375 3853 3682 3925 principalis
3725 3863 3807 3908 ta-

2221 3963 2342 4003 men
2373 3990 2385 4015 ,
2418 3955 2473 4001 et
2512 3942 2732 4000 maximi
2779 3941 3100 3997 sacramenti
3148 3941 3498 3996 custodienda
3545 3941 3697 3996 nobis
3726 3952 3810 3996 est

2219 4038 2469 4109 mystica,
2513 4042 2569 4090 et
2596 4032 2929 4087 rationabilis
2955 4031 3309 4102 exemplatio,
3366 4047 3474 4085 non
3522 4030 3802 4087 interdicta

2219 4129 2458 4193 licentia,
2479 4141 2582 4196 qua
2611 4125 2664 4178 in
2692 4123 2963 4192 baptismo
2987 4122 3273 4178 tribuendo
3294 4123 3537 4192 quolibet
3565 4133 3806 4194 tempore

2217 4218 2646 4292 periclitantibus
2667 4214 2999 4270 subvenitur.
3030 4214 3108 4268 lta
3137 4214 3278 4269 enim
3302 4213 3368 4268 ad
3388 4214 3484 4269 has
3499 4213 3633 4268 duas
3659 4215 3806 4270 testi-

2217 4308 2412 4362 vitates
2431 4319 2704 4361 connean
2733 4301 2968 4367 sibimet,
2993 4309 3160 4371 atque
3181 4311 3438 4371 cognatas
3454 4303 3801 4358 incolumium

2216 4403 2275 4452 et
2305 4396 2359 4450 in
2387 4393 2537 4466 pacis
2582 4392 2876 4448 securitate
2905 4391 3215 4460 degentium
3243 4391 3412 4447 libera
3441 4401 3568 4447 vota
3605 4393 3804 4448 dill'eri-

527 4473 814 4529 dummodo
857 4473 1170 4528 auxiliantis
1199 4472 1384 4542 gratia:
1425 4489 1639 4529 manum
1670 4475 1736 4531 ad
1765 4492 1858 4532 eos
1877 4521 1891 4546 ,
1919 4496 2056 4550 quos
2081 4496 2112 4536 a
2141 4481 2193 4543 D
2217 4501 2355 4551 mus,
2398 4493 2456 4539 ut
2477 4485 2530 4538 in
2561 4483 2751 4538 mortis
2772 4481 3033 4551 periculo,
3060 4481 3113 4535 in
3143 4480 3440 4537 obsidionis
3469 4482 3799 4548 discrimine,

526 4563 612 4618 die
639 4564 855 4618 Pascha:
875 4572 967 4618 aut
993 4563 1236 4618 molestia
1263 4561 1605 4632 inﬁrmitatis,
1637 4575 1728 4622 aut
1753 4568 2112 4642 longinquitas

523 4656 749 4720 itineris,
781 4664 874 4712 aut
898 4656 1252 4725 navigationis
1289 4655 1576 4715 difﬁcultas
1621 4660 1940 4730 interclusit,
1975 4665 2111 4720 invi-

524 4755 646 4803 tans
663 4787 678 4812 ,
709 4755 769 4801 ut
790 4745 1122 4817 quibuslibet
1145 4749 1557 4806 necessitatibus
1585 4751 1826 4822 impediti
1853 4753 2110 4810 desiderii

520 4839 602 4895 sui
629 4837 876 4893 edoctum
907 4838 1050 4893 dono
1079 4839 1250 4894 sancti
1279 4838 1512 4910 Spiritus
1537 4852 1956 4912 consequantur.
1989 4843 2109 4915 Ipse

521 4931 665 4986 enim
691 4929 997 4998 unigenitus
1018 4930 1130 4998 Dei,
1165 4932 1216 4986 in
1241 4933 1343 4988 ﬁde
1374 4933 1726 5004 credentium,
1750 4943 1804 4991 et
1834 4937 1887 4991 in
1911 4938 2106 4992 virtute

517 5039 740 5093 operum
767 5022 965 5080 nullam
989 5024 1128 5079 inter
1165 5039 1226 5082 se
1273 5034 1329 5081 et
1356 5026 1617 5096 Spiritum
1655 5037 1903 5084 sanctum
1933 5029 2106 5084 voluit

516 5129 633 5170 esse
661 5115 988 5180 distantiam,
1017 5115 1142 5186 quia
1186 5117 1330 5172 nulla
1357 5127 1440 5173 est
1486 5118 1773 5174 diversitas
1805 5120 1858 5174 in
1891 5129 2100 5183 natura,

515 5204 700 5260 dicens
734 5236 748 5258 ι
795 5203 1014 5274 Rogabo
1037 5220 1137 5274 ego
1178 5203 1422 5273 Patrem,
1469 5217 1525 5262 et
1556 5208 1721 5262 alium
1765 5209 2102 5264 Paracletum

515 5295 661 5350 dabit
684 5296 868 5364 vobis,
897 5305 957 5351 ut
996 5297 1275 5353 vobiscum
1319 5298 1390 5352 sit
1441 5297 1494 5353 in
1535 5307 1820 5364 aeternum,
1853 5301 2099 5370 spiritum

515 5387 756 5440 veritatis
786 5384 964 5457 (Joan.
997 5386 1126 5458 xlv).
1176 5385 1244 5442 Et
1267 5387 1494 5444 iterum:
1545 5387 1857 5445 Paracletus
1915 5399 2099 5447 autem

514 5473 743 5543 Spiritus
770 5484 1015 5541 sanctus,
1043 5490 1204 5545 quem
1234 5477 1414 5532 mittet
1435 5475 1596 5532 Pater
1623 5494 1776 5534 meus
1799 5479 1851 5533 in
1881 5480 2100 5536 nomine

513 5580 634 5620 meo
657 5605 672 5629 ,
698 5564 786 5618 ille
813 5579 907 5618 vos
933 5564 1146 5619 docebit
1182 5566 1392 5632 omnia,
1439 5574 1494 5622 et
1550 5577 1802 5636 suggeret
1846 5569 2095 5625 universa

513 5668 845 5724 qumcunque
873 5653 983 5708 dixi
1008 5653 1160 5708 vobis
1191 5653 1402 5726 (Ibid).
1437 5655 1502 5710 Et
1523 5657 1712 5712 iterum
1737 5676 1750 5711 :
1773 5658 1906 5713 Cum
1929 5673 2096 5716 vene-

513 5748 582 5804 rit
632 5747 723 5806 illc
749 5747 978 5821 Spiritus
1015 5744 1255 5803 veritatis
1277 5785 1291 5812 ,
1339 5748 1431 5805 ille
1453 5748 1648 5819 diriget
1676 5765 1771 5807 vos
1801 5752 1854 5810 in
1882 5767 2097 5811 omnem

2215 4576 2269 4630 in
2299 4573 2687 4645 persecutionis
2716 4570 2975 4640 angustiis
2998 4609 3014 4635 ,
3046 4571 3098 4624 in
3129 4570 3326 4625 timore
3349 4571 3626 4644 naufragii,
3652 4573 3798 4627 nullo

2214 4673 2458 4734 tempore
2486 4663 2589 4717 hoc
2631 4676 2770 4717 vera:
2817 4659 3003 4715 salutis
3047 4660 3316 4728 singulare
3345 4662 3650 4731 pnesidium
3681 4665 3797 4718 cni-

2213 4767 2374 4824 quam
2395 4751 2742 4820 denegemus.
2775 4748 2833 4804 Si
2859 4749 2983 4817 quis
3007 4756 3189 4803 autem
3210 4746 3518 4819 Epiphania:
3549 4751 3802 4806 festivus-

2211 4853 2342 4911 tem,
2366 4858 2488 4914 quae
2504 4843 2558 4898 in
2587 4857 2686 4898 suo
2709 4841 2901 4896 ordine
2929 4841 3112 4896 debito
3136 4840 3342 4896 honore
3367 4844 3672 4898 veneranda
3696 4854 3797 4910 est.

2210 4935 2278 4989 ab
2307 4932 2414 4990 hoc
2443 4934 2674 4989 aestimat
2696 4932 3031 5003 privilegium
3064 4931 3264 4987 habere
3292 4932 3648 5002 baptismatis,
3674 4937 3797 5006 quia

2210 5025 2315 5081 hoc
2342 5025 2561 5096 quidam
2590 5031 2783 5094 putant
2827 5022 2971 5093 quod
3002 5023 3053 5077 in
3093 5021 3284 5078 eadem
3333 5022 3417 5078 die
3446 5023 3706 5080 Dominus
3731 5028 3800 5081 ad

2207 5116 2532 5188 baptismum
2585 5115 2758 5172 sancti
2828 5114 3050 5171 Joannis
3107 5118 3421 5184 accesserit,
3469 5118 3612 5174 sciat
3658 5120 3800 5176 illius

2205 5209 2456 5279 baptismi
2491 5207 2649 5262 aliam
2690 5205 2921 5276 gratiam
2945 5248 2961 5273 ,
2987 5207 3149 5262 aliam
3176 5207 3341 5263 fuisse
3368 5209 3656 5276 rationem,
3692 5227 3795 5267 nec

2205 5301 2271 5357 ad
2301 5299 2548 5356 eamdem
2595 5299 2920 5370 pertinuisse
2963 5299 3220 5354 virtutem
3239 5339 3254 5364 ,
3287 5314 3392 5369 qua
3423 5314 3522 5371 per
3549 5313 3796 5358 sanctum

2205 5392 2464 5464 Spiritum
2493 5401 2870 5456 renascuntur,
2902 5391 2970 5447 de
2992 5391 3188 5460 quibus
3217 5391 3432 5462 dicitur,
3457 5393 3558 5460 Qui
3589 5410 3695 5450 non
3729 5411 3796 5451 ex

2206 5482 2498 5551 sanguine,
2534 5497 2711 5553 neque
2742 5498 2812 5538 ex
2855 5481 3132 5538 voluntate
3161 5480 3338 5539 carnis
3361 5525 3376 5550 ,
3404 5500 3579 5555 neque
3600 5501 3669 5541 ex
3698 5501 3794 5539 vo-

2205 5573 2409 5628 luntate
2437 5573 2556 5640 viri,
2586 5573 2680 5629 sed
2705 5589 2772 5627 ex
2797 5573 2909 5628 Deo
2939 5571 3050 5626 nati
3080 5582 3206 5627 sunt
3236 5574 3414 5643 (Joan.
3447 5575 3506 5644 ι).
3535 5575 3794 5631 Dominus

2205 5665 2348 5720 enim
2380 5665 2581 5721 nullius
2625 5665 2867 5733 indigens
2895 5664 3212 5719 remissione
3236 5666 3442 5736 peccati
3467 5707 3481 5728 .
3517 5681 3618 5722 nec
3646 5681 3792 5734 qua:-

2205 5771 2332 5815 rens
2363 5757 2662 5816 remedium
2685 5753 3023 5826 renascendi,
3049 5753 3128 5812 sic
3160 5755 3323 5812 voluit
3354 5757 3630 5827 baptizari,
3657 5771 3792 5829 quo-
