4092 6348
384 284 494 344 285

1405 285 1780 344 COLLECTIO
1815 284 2283 344 DECRETORUM
2324 286 2425 344 PP.
2469 287 2578 345 RB.

3535 281 3640 338 386

383 402 554 458 modo
583 410 638 458 et
663 399 831 457 voluit
854 399 1180 466 circumcidi,
1203 400 1541 469 bestiamque
1559 415 1662 471 pro
1687 414 1746 454 se
1773 413 1957 453 emuu-
1983 402 2036 461 Α
2135 398 2420 474 Ecclesium
2449 416 2680 474 reversus
2709 400 2901 473 fuerit,
2938 402 2994 456 in
3022 417 3084 458 eo
3111 399 3277 473 gradu
3304 401 3359 456 in
3383 416 3482 474 quo
3505 410 3637 470 erat,

382 495 616 552 dationis
640 493 821 550 oﬁerri
851 511 863 547 :
897 503 956 548 ut
980 493 1070 562 qui
1090 493 1261 548 factus
1286 493 1461 547 fuerat
1481 507 1548 547 ex
1575 491 1819 554 muliere,
1877 491 1956 546 sic

383 595 447 641 ut
495 584 786 656 Apostolus
813 585 909 648 ait,
938 581 1092 639 ﬁeret
1117 591 1172 638 et
1191 584 1289 639 sub
1315 583 1454 653 lege,
1480 597 1637 653 quam
1661 598 1769 637 non
1796 596 1954 636 vene.

382 682 474 730 rat
500 674 731 736 solvere,
757 673 850 727 sed
873 672 1115 743 implere,
1135 679 1190 727 et
1217 672 1489 743 implendo
1520 670 1954 741 ﬁnire(Rout.x).

387 762 455 819 Et
468 764 606 820 sicut
622 764 810 818 beatus
829 761 1102 834 apostolus
1121 762 1373 832 praedicat
1390 760 1598 816 dicens:
1620 758 1763 814 Finis
1782 769 1957 812 autem

385 856 520 925 legis
546 853 789 909 Christus
832 853 900 908 ad
932 853 1194 923 justitiam
1225 851 1370 907 omni
1411 850 1669 907 credenti.
1703 849 1960 921 Baptismi

384 954 565 1002 autem
595 945 675 998 sui
704 945 755 998 in
785 958 844 999 se
874 943 1112 998 condidit
1139 948 1565 1004 sacramentum,
1611 940 1735 1010 quia
1763 940 1816 995 in
1845 956 1961 995 om—

383 1035 544 1089 nibus
573 1034 857 1105 primatum
889 1040 1077 1087 tenens
1103 1047 1162 1086 se
1184 1030 1366 1086 docuit
1393 1045 1516 1086 esse
1543 1030 1886 1100 principium,
1907 1039 1963 1085 et

385 1129 516 1176 tunc
560 1119 985 1188 regenerationis
1031 1121 1327 1190 potentiam
1376 1121 1578 1193 sanxit,
1627 1120 1842 1191 quando
1895 1121 1962 1176 de

383 1208 555 1264 latere
583 1208 747 1278 ipsius
786 1206 1156 1279 profluxerunt
1198 1207 1411 1278 sanguis
1451 1207 1836 1277 redemptionis
1860 1249 1874 1273 ,
1905 1219 1961 1263 et

384 1313 524 1365 aqua
576 1297 934 1368 baptismatis.
992 1294 1145 1349 Sicut
1193 1309 1322 1364 ergo
1347 1294 1514 1349 Vetus
1557 1293 1961 1350 Testamentum

383 1387 520 1444 Novi
567 1387 875 1444 testiﬁcatio
909 1387 1038 1450 fuit.
1070 1397 1126 1444 et
1169 1387 1257 1442 lex
1301 1403 1398 1458 per
1443 1387 1662 1458 Moysen
1700 1387 1824 1441 data
1855 1396 1961 1454 est,

382 1480 555 1548 gratia
607 1488 807 1541 autem,
853 1486 909 1532 et
937 1479 1134 1532 veritas
1174 1492 1273 1548 per
1312 1475 1494 1531 Jesum
1524 1475 1792 1530 Christum
1824 1475 1962 1531 facta

383 1577 507 1632 est,
559 1567 639 1622 sic
681 1566 891 1620 diversa
942 1565 1202 1620 sacriﬁcia
1239 1579 1400 1618 unam
1431 1564 1664 1619 hostiam
1695 1561 1962 1619 reforma—

381 1664 549 1722 runt,
596 1665 652 1710 et
682 1656 972 1711 multorum
1007 1670 1266 1725 agnorum
1298 1654 1499 1709 occisio
1546 1653 1690 1708 illius
1719 1654 1964 1708 immola-

382 1749 533 1804 tione
562 1747 710 1802 ﬁnita
740 1756 843 1811 est,
865 1747 932 1802 de
947 1762 1055 1816 quo
1075 1745 1271 1800 dicitur
1295 1762 1308 1798 :
1341 1743 1481 1800 Ecce
1507 1757 1676 1812 agnus
1698 1744 1814 1811 Dei,
1833 1758 1962 1798 ecce

381 1841 477 1910 qui
500 1839 640 1894 tollit
661 1847 935 1909 peccatum
964 1837 1164 1892 mundi.
1191 1836 1282 1892 Sic
1321 1845 1376 1891 et
1405 1835 1659 1899 Joannes,
1687 1850 1794 1890 non
1817 1834 1966 1890 Chri-

381 1939 521 1998 stus,
548 1930 642 1985 sed
673 1929 872 1984 Christi
917 1928 1150 1999 praevius
1181 1945 1196 1993 ;
1225 1942 1333 1982 non
1363 1942 1611 1998 sponsus,
1643 1926 1738 1982 sed
1779 1933 1964 1998 sponsi

382 2022 611 2083 amicus,
663 2018 763 2073 fuit
791 2019 927 2073 adeo
960 2017 1148 2082 ﬁdelis,
1182 2027 1238 2072 et
1267 2033 1373 2075 non
1401 2033 1496 2072 sua
1541 2031 1821 2086 quarens,
1869 2016 1964 2073 sed

383 2127 507 2182 quae
536 2109 662 2164 Jesu
691 2109 910 2172 Christi,
935 2117 994 2163 ut
1014 2125 1074 2164 se
1103 2107 1451 2180 proﬁteretur
1477 2109 1545 2164 ad
1572 2109 1828 2165 solvenda
1849 2110 1962 2166 cal-

381 2212 663 2258 ceamenta
691 2201 882 2272 pedum
911 2201 1025 2270 ejus
1055 2201 1328 2271 indignum
1344 2200 1522 2272 (Joan.
1554 2217 1638 2267 ιιι;
1661 2201 1853 2255 Matth.
1885 2216 1961 2268 In;

381 2289 514 2347 Luc.
546 2290 625 2358 ιιι)
656 2308 669 2342 :
694 2289 948 2359 quoniam
979 2290 1094 2359 ipse
1114 2290 1330 2359 quidem
1351 2290 1649 2361 baptizaret
1670 2290 1723 2345 in
1749 2305 1887 2361 aqua
1909 2291 1962 2345 in

383 2382 784 2458 pmnitcntiam,
808 2382 898 2436 ille
927 2391 1105 2437 autem
1124 2383 1488 2452 baptizaturus
1514 2390 1662 2438 esset
1688 2383 1740 2437 in
1763 2381 1962 2452 Spiritu

381 2481 574 2530 sancto
622 2481 678 2527 et
729 2471 839 2539 igni
865 2512 881 2537 ,
912 2472 1006 2540 qui
1033 2472 1234 2541 duplici
1255 2480 1553 2542 potestate,
1577 2480 1633 2525 et
1653 2473 1816 2526 vitam
1843 2472 1965 2528 red-

379 2566 576 2631 deret,
607 2574 663 2619 et
691 2572 912 2634 peccata
959 2571 1320 2618 consumeret.
1363 2561 1457 2618 llis
1501 2563 1717 2631 itaque,
1770 2562 1964 2618 fratres

380 2654 680 2710 charissimi
706 2694 722 2720 ,
772 2661 854 2708 tot
895 2668 957 2708 ac
993 2653 1156 2707 tantis
1194 2653 1546 2708 existentibus
1588 2653 1960 2719 documentis,

381 2748 577 2814 quibus
604 2747 751 2802 omni
801 2745 1148 2814 ambiguitate
1191 2746 1438 2800 submota
1486 2744 1764 2800 evidenter
1791 2759 1962 2813 agno-

381 2839 533 2894 scitis
554 2838 606 2893 in
637 2836 972 2907 baptizandis
999 2836 1190 2891 electis
1212 2874 1230 2902 ,
1258 2836 1348 2904 qui
1369 2835 1664 2890 secundum
1701 2838 1962 2906 apostoli-

383 2945 503 2984 cam
552 2928 810 2997 regulam,
866 2935 921 2983 et
949 2926 1264 2983 exorcismis
1311 2925 1607 2990 scrutandi,
1654 2935 1710 2981 et
1748 2926 1965 2996 jejuniis

373 3017 752 3077 salictiﬁcandi
778 3058 793 3083 ,
823 3026 880 3074 et
930 3017 1297 3086 frequentibus
1325 3025 1450 3072 sunt
1497 3016 1966 3087 prtedicatinnibus

384 3110 660 3166 imbuendi
683 3152 698 3177 ,
747 3109 855 3164 duo
885 3118 1089 3166 tantum
1121 3117 1362 3180 tempora
1390 3152 1404 3179 ,
1458 3108 1508 3163 id
1538 3118 1621 3164 est
1646 3107 1870 3174 Pascha,
1913 3117 1967 3164 et

388 3201 909 3267 Pentecosten,esse
962 3200 1245 3255 servanda.
1290 3199 1406 3255 Hoc
1449 3207 1643 3254 vestrae
1685 3199 1967 3256 indicimus

391 3291 640 3346 cbaritati
665 3333 680 3357 ,
725 3299 783 3346 ut
828 3293 895 3346 ab
925 3291 1234 3361 apostolicis
1263 3289 1518 3346 institutis
1555 3289 1703 3344 nullo
1744 3289 1969 3345 ulterius

393 3381 658 3438 recedatis
703 3397 924 3438 excessu
951 3421 966 3447 ,
1005 3381 1129 3450 quia
1162 3381 1386 3436 inultum
1417 3380 1657 3450 posthmc
1696 3395 1815 3436 esse
1862 3397 1969 3435 non

391 3473 629 3544 poterit,
681 3474 725 3527 si
778 3474 1057 3544 quisquam
1106 3471 1428 3542 apostolicus
1464 3470 1676 3539 regulas
1706 3470 1758 3525 in
1792 3470 1970 3541 aliquo

393 3565 682 3621 crediderit
721 3563 1083 3634 negligendas.

397 3705 468 3763 Ut
505 3706 569 3760 de
606 3705 790 3761 Sicilia
811 3706 940 3759 terni
969 3720 1167 3774 semper
1194 3706 1345 3774 annis
1364 3703 1584 3774 singulis
1640 3704 1704 3759 de
1721 3705 1973 3774 episcopis

464 3778 535 3829 ad
554 3777 689 3830 diem
718 3779 925 3847 tertium
952 3775 1052 3831 cal.
1082 3772 1318 3828 Octobris
1354 3772 1572 3828 Romam
1611 3772 1848 3829 socia—udi
1887 3791 1974 3847 sy-

466 3848 601 3901 nodo
631 3845 1076 3901 indissimulanter
1098 3853 1390 3898 occurrant.

465 3955 602 4013 Xlll.
638 3958 874 4024 Quarum
904 3955 1034 4010 illud
1076 3957 1323 4026 primitus
1351 3971 1450 4027 pro
1480 3955 1721 4012 custodia
1747 3971 1976 4012 concor-

394 4049 627 4106 dissima:
674 4048 892 4103 unitatis
938 4048 1221 4117 exigimus,
1272 4057 1331 4104 ut
1376 4048 1502 4118 quia
1550 4049 1902 4104 saluberrime
1943 4064 1974 4104 a

393 4141 595 4196 sanctis
623 4139 872 4195 Patribus
889 4139 1240 4194 constitutum
1265 4147 1350 4195 est
1371 4139 1526 4194 binos
1542 4139 1597 4194 in
1623 4140 1779 4196 anuis
1798 4140 1976 4208 singu-

394 4232 462 4288 lis
484 4231 684 4286 debere
722 4245 840 4285 esse
869 4238 1166 4286 conventus
1191 4247 1203 4282 :
1241 4230 1377 4284 terni
1405 4244 1620 4299 semper
1640 4244 1706 4284 ex
1733 4229 1888 4284 vobis
1908 4229 1974 4284 ad

395 4323 540 4379 diem
569 4323 786 4378 tertium
825 4321 1168 4376 calendarum
1198 4319 1507 4377 Octobrium
1552 4320 1778 4376 Romam
1804 4359 1819 4385 ,
1865 4320 1974 4374 fra-

372 4424 553 4481 terno
583 4414 813 4470 concilio
842 4413 1080 4470 sociandi
1119 4411 1575 4468 indissimulanter
1618 4419 1971 4476 concurrant,

2131 471 2241 523 sine
2261 472 2581 540 promotione
2606 471 2924 542 permaneat.

2133 578 2271 636 XIV.
2298 580 2408 636 Leo
2428 582 2712 652 episcopus
2737 583 2882 638 urbis
2905 582 3090 638 Romae
3108 582 3362 640 Januario
3387 584 3641 654 episeopo

2063 673 2661 742 Aquileiensi.—Lectis
2687 674 3032 731 fraternitatis
3059 684 3162 730 tum
3190 676 3380 732 litteris
3402 676 3642 745 vigorem

2063 762 2186 818 ﬁdei
2229 772 2331 817 tua:
2350 805 2366 830 ,
2409 778 2569 833 quem
2598 764 2725 820 olim
2755 781 3112 832 noveramus,
3139 765 3451 833 agnovimus
3474 783 3488 818 :
3511 781 3643 820 con-

2062 855 2394 923 gratulantes
2441 857 2572 918 tibi,
2604 855 2746 926 quod
2786 855 2854 910 ad
2904 855 3196 911 custodiam
3225 857 3402 926 gregis
3443 855 3641 910 Christi

2064 946 2385 1014 pastoralem
2415 961 2597 1000 curam
2628 944 2910 1012 vigilanter
2929 944 3259 1012 exsequeris,
3291 960 3357 1000 ne
3387 944 3518 1014 lupi,
3549 960 3641 1012 qui

2063 1037 2162 1092 sub
2186 1037 2370 1106 specie
2396 1038 2576 1093 ovium
2614 1037 3001 1102 subintrarunt,
3033 1036 3241 1090 bestiali
3285 1037 3486 1090 stevitia
3516 1037 3642 1091 sim-

2062 1129 2230 1199 plices
2274 1143 2514 1198 quosque
2541 1127 2834 1183 dilacerent
2855 1168 2870 1192 ,
2902 1134 2959 1182 et
3004 1142 3110 1182 non
3162 1126 3338 1181 solum
3368 1127 3467 1196 ipsi
3497 1126 3642 1182 nulla

2061 1218 2397 1274 correctione
2425 1218 2710 1287 proﬁciant
2736 1259 2752 1282 ,
2783 1217 2877 1272 sed
2905 1217 3070 1272 etiam
3094 1231 3159 1271 ea
3198 1231 3318 1285 quae
3344 1225 3466 1271 sunt
3488 1231 3642 1284 sana,

2063 1317 2414 1379 corrumpant
2442 1325 2456 1362 :
2488 1308 2632 1378 quod
2677 1323 2746 1364 ne
2776 1308 2989 1377 viperea
3019 1307 3189 1376 possit
3219 1306 3463 1362 obtinere
3492 1306 3644 1360 falla-

2062 1401 2165 1466 cia,
2193 1400 2537 1456 dilectionem
2568 1410 2711 1455 tuam
2740 1400 2990 1455 duximus
3015 1399 3492 1463 commonendam,
3515 1397 3646 1453 insi-

2065 1500 2294 1547 nuantes
2335 1491 2407 1546 ad
2429 1492 2620 1546 animm
2641 1491 2936 1560 periculum
2962 1491 3255 1560 pertinere,
3283 1492 3326 1546 si
3359 1491 3644 1560 quisquam

2063 1579 2130 1636 de
2158 1581 2241 1636 his
2258 1581 2349 1650 qui
2373 1595 2405 1634 a
2434 1581 2592 1636 nobis
2617 1581 2670 1635 in
2700 1580 3075 1636 bzrreticorum
3095 1589 3258 1650 atque
3279 1581 3646 1636 schismatico—

2064 1690 2180 1729 rum
2211 1682 2411 1729 sectam
2441 1673 2680 1742 delapsis
2698 1713 2713 1738 ,
2744 1682 2800 1728 et
2837 1686 2895 1728 se
2915 1681 3185 1742 utcunque
3203 1672 3468 1728 haeretica
3497 1687 3645 1727 com-

1999 1780 2034 1833 ιι
2065 1764 2332 1819 munionis
2361 1764 2682 1830 contagione
2722 1763 3044 1829 macularit,
3067 1763 3392 1833 resipiscens
3420 1763 3474 1816 in
3497 1779 3643 1818 com—

2065 1855 2320 1910 munione
2339 1854 2604 1909 catholica
2645 1855 2762 1909 sine
2800 1853 3133 1924 professione
3160 1854 3412 1923 legitima:
3439 1853 3646 1910 satisfa-

2064 1945 2260 2000 ctiouis
2272 1944 2552 2001 habeatur.
2569 1943 2990 1999 Saluherrimum
3011 1945 3172 2010 enim,
3188 1954 3244 2000 et
3261 1945 3513 2015 spiritalis
3537 1961 3621 2000 me

2065 2035 2256 2092 dicime
2284 2036 2514 2092 utilitate
2545 2035 2911 2106 plenissimum
2957 2044 3072 2102 est,
3102 2047 3159 2090 ut
3187 2037 3300 2091 sive
3326 2036 3644 2107 presbyteri,

2065 2128 2180 2184 sive
2207 2127 2422 2183 diaconi
2445 2165 2465 2193 ,
2514 2127 2602 2182 vel
2634 2126 2948 2181 subdiaconi
2971 2167 2987 2191 ,
3013 2133 3107 2180 aut
3141 2125 3421 2194 cujuslibet
3445 2125 3647 2180 ordinis

2065 2200 2298 2281 clerici;
2314 2217 2406 2286 qui
2442 2232 2502 2272 se
2541 2226 2815 2272 correctos
2846 2215 3014 2270 videri
3043 2215 3260 2280 volunt,
3286 2223 3447 2285 atque
3467 2213 3532 2268 ad
3557 2229 3648 2269 ca-

2066 2307 2320 2368 tholicam
2346 2305 2527 2372 ﬁdem,
2553 2321 2715 2376 quam
2739 2305 3060 2375 jampridem
3090 2304 3380 2359 amiserant
3398 2345 3414 2372 ,
3438 2319 3649 2362 rursum

2066 2399 2264 2456 reverti
2287 2399 2550 2461 ambiunt,
2582 2399 2732 2468 prius
2751 2413 2964 2453 errores
2993 2412 3138 2460 suos,
3171 2397 3594 2466 etipsosaucwr
3623 2417 3648 2452 s

2065 2489 2267 2546 erroris
2292 2489 2537 2544 damnari
2565 2503 2598 2545 a
2627 2503 2687 2543 se
2713 2488 2832 2542 sine
2858 2487 3204 2554 ambiguitate
3248 2486 3518 2542 fateantur
3542 2527 3562 2556 ,
3590 2495 3650 2541 ut

2066 2581 2314 2637 sensibus
2326 2581 2504 2650 pravis
2518 2579 2680 2634 etiam
2695 2578 2983 2651 peremptis
2994 2578 3137 2632 nulla
3153 2575 3399 2646 sperandi
3421 2576 3662 2647 supersit

2063 2672 2304 2735 occasio,
2328 2686 2428 2726 nec
2450 2671 2618 2728 ullum
2635 2670 2996 2726 membrorum
3015 2668 3198 2725 talium
3215 2668 3383 2738 possit
3399 2673 3664 2726 societate

2065 2762 2276 2826 violari,
2296 2778 2417 2818 cum
2447 2775 2545 2832 per
2572 2762 2750 2816 omnia
2775 2762 2882 2820 illis
2904 2763 3165 2831 professio
3191 2763 3408 2835 propria
3432 2761 3656 2832 eruperit

2067 2854 2306 2910 obviare.
2332 2853 2487 2910 Circa
2506 2868 2644 2922 quos
2672 2854 2833 2909 etiam
2862 2855 3006 2910 illam
3030 2869 3298 2910 canonum
3319 2853 3654 2908 constitutio.

2066 2961 2191 3001 nem
2212 2945 2544 3015 prmcipimus
2574 2944 2851 3006 custodiri,
2875 2953 2934 2999 ut
2958 2945 3010 2998 in
3029 2957 3222 3011 magno
3245 2942 3474 2998 habeant
3496 2943 3655 2997 bene-

2070 3035 2212 3100 ﬁcio,
2229 3034 2531 3104 siadempta
2553 3034 2654 3088 sibi
2675 3033 2820 3090 omni
2843 3048 2938 3102 spe
2967 3032 3344 3102 promotionis,
3375 3032 3428 3086 in
3444 3047 3553 3100 quo
3569 3032 3651 3086 in~

1999 3153 2043 3214 ρ
2077 3129 2365 3186 veniuntur
2392 3129 2615 3193 ordine,
2661 3128 2956 3184 stabilitate
2997 3134 3254 3198 perpetua
3284 3132 3582 3214 maneantj
3608 3121 3655 3180 sl

2074 3227 2256 3276 tamen
2313 3219 2503 3273 iterata
2536 3218 2796 3273 tinctione
2844 3233 2952 3274 non
2992 3215 3191 3272 fuerint
3235 3213 3508 3270 maculati.
3540 3210 3655 3272 Non

2073 3313 2245 3369 levem
2273 3312 2413 3381 apud
2437 3310 2720 3366 Dominum
2745 3325 2938 3366 noxam
2969 3310 3192 3367 incurrit
3216 3350 3230 3374 ,
3256 3308 3347 3378 qui
3373 3307 3440 3363 de
3463 3305 3659 3365 talibus

2073 3405 2139 3460 ad
2193 3419 2377 3459 sacros
2422 3403 2816 3472 promovendos
2857 3403 3072 3458 ordines
3118 3401 3410 3471 judicarit;
3442 3397 3584 3471 quod
3611 3398 3657 3458 si

2073 3511 2196 3551 cum
2252 3495 2438 3563 grandi
2490 3495 2888 3550 examinatione
2918 3496 3188 3566 promotio
3229 3495 3546 3551 conceditur
3584 3497 3662 3550 inv

2073 3586 2338 3657 culpatis,
2382 3586 2553 3641 multo
2598 3588 2767 3655 magis
2805 3603 2912 3642 non
2959 3588 3121 3644 debet
3161 3588 3325 3645 licere
3371 3589 3654 3660 suspectis.

2076 3680 2308 3735 Proinde
2333 3679 2552 3736 dilectio
2582 3688 2691 3744 tua,
2723 3681 2876 3749 cujus
2896 3681 3186 3736 devotione
3208 3682 3523 3750 gaudemus,
3542 3681 3661 3751 jun-

2075 3780 2163 3841 gat
2189 3787 2373 3827 curam
2415 3788 2566 3826 suam
2606 3771 3049 3842 dispositionibus
3071 3774 3266 3828 nostris
3287 3816 3302 3840 ,
3325 3782 3378 3828 et
3405 3774 3496 3827 det
3523 3787 3657 3842 ope-

2074 3880 2213 3931 ram,
2243 3871 2304 3918 ut
2329 3864 2715 3933 circumspecte
2761 3879 2822 3918 ac
2875 3865 3130 3919 velociter
3154 3865 3499 3934 impleantur,
3540 3879 3658 3933 qum

2075 3956 2145 4009 ad
2170 3955 2333 4011 totius
2361 3953 2611 4010 Ecclesia:
2638 3954 3077 4016 incolumitatem,
3102 3961 3156 4007 et
3179 3954 3512 4008 laudabiliter
3535 3967 3660 4022 sug-

2075 4057 2225 4116 gesta
2245 4055 2388 4106 sunt.
2415 4056 2470 4100 et
2496 4045 2781 4099 salubriter
2807 4046 3071 4102 ordinata.
3105 4044 3221 4098 Non
3251 4054 3428 4098 autem
3452 4044 3662 4100 dubitet

2079 4139 2297 4193 dlectio
2329 4145 2417 4193 tua
2438 4177 2455 4204 ,
2487 4150 2603 4196 nos,
2628 4135 2674 4188 si
2705 4137 2870 4204 (quod
2902 4151 3008 4188 non
3039 4133 3385 4205 arbitramur)
3416 4134 3660 4200 neglecta

2079 4230 2279 4284 fuerint
2301 4266 2316 4291 ,
2347 4242 2466 4296 qua:
2497 4241 2593 4295 pro
2622 4225 2863 4282 custodia
2895 4240 3192 4289 canonum,
3227 4233 3281 4278 et
3311 4240 3408 4294 pro
3437 4225 3557 4276 fidei
3589 4223 3663 4275 in.

2079 4318 2331 4386 tegritate
2381 4315 2752 4379 decernimus,
2811 4314 3181 4370 vehementius
3225 4315 3658 4376 commovendos,

2079 4409 2204 4478 quia
2245 4406 2564 4461 inferiorum
2590 4405 2837 4460 ordinum
2870 4405 3038 4474 culpa:
3084 4403 3150 4458 ad
3180 4404 3356 4458 nullos
3384 4403 3552 4471 magis
3580 4418 3663 4455 re-

395 4508 653 4578 quoniam
682 4506 970 4576 adjuvante
994 4507 1164 4576 gratia
1205 4505 1301 4562 Dei
1330 4505 1540 4561 facilius
1563 4505 1763 4575 poterit
1790 4505 1973 4574 provi-
2008 4535 2055 4593 Β
2081 4499 2312 4556 ferenda:
2341 4507 2502 4562 sunt,
2533 4512 2690 4570 quam
2723 4495 2787 4551 ad
2818 4497 3031 4551 desides
3074 4498 3514 4565 negligentesque
3570 4510 3658 4548 re-

397 4601 537 4664 deri,
569 4609 630 4655 ut
673 4600 728 4656 in
771 4599 1026 4656 Ecclesiis
1074 4599 1273 4656 Christi
1319 4599 1463 4654 nulla
1508 4597 1789 4666 scandala,
1847 4597 1976 4652 nulli

395 4698 689 4748 nascantur
738 4705 984 4754 errores,
1036 4707 1157 4746 cum
1214 4706 1397 4747 coram
1452 4689 1765 4745 beatissimo
1816 4686 1979 4743 Petro

398 4781 649 4850 apostolo
677 4780 728 4835 id
755 4796 970 4851 semper
994 4782 1046 4836 in
1073 4797 1359 4837 commune
1404 4779 1739 4835 tractandum
1783 4779 1855 4835 sit
1879 4820 1896 4847 ,
1921 4788 1981 4833 ut

399 4871 579 4924 omnia
606 4871 770 4940 ipsius
815 4871 1106 4926 constituta
1131 4911 1146 4933 .
1185 4884 1562 4939 canonumque
1591 4869 1809 4924 decreta
1838 4867 1980 4937 apud

401 4976 591 5017 omnes
643 4962 854 5018 Domini
919 4961 1235 5018 sacerdotes
1303 4961 1560 5018 inviolata
1607 4966 1976 5029 permaneant.

401 5048 529 5108 "me
556 5062 755 5119 autem,
777 5069 898 5123 qua:
921 5053 1212 5123 inspirante
1239 5052 1466 5107 Domino
1488 5052 1640 5106 vobis
1663 5047 1978 5105 insinuanda

399 5143 744 5211 credidimus,
777 5160 873 5215 per
912 5142 1106 5198 fratres
1135 5152 1192 5197 et
1218 5143 1572 5212 coepiscopos
1598 5149 1812 5197 nostros
1845 5139 1980 5194 Vac-

398 5237 582 5295 cillum
621 5245 678 5292 et
703 5235 1088 5292 Paschasinum
1117 5234 1185 5290 ad
1199 5243 1432 5289 vestram
1454 5233 1702 5288 volumus
1730 5233 1974 5289 notitiam

400 5329 714 5400 pervenire,
743 5328 938 5399 quibus
964 5326 1316 5384 referentibus
1339 5340 1727 5394 cognoscamus
1748 5365 1763 5391 ,
1813 5340 1973 5394 quam

401 5427 714 5475 reverenter
737 5435 768 5474 a
791 5418 942 5474 vobis
971 5416 1282 5487 apostolica:
1309 5416 1454 5472 sedis
1484 5416 1724 5471 instituta
1753 5431 1975 5471 serven-

403 5520 510 5566 tur.
560 5511 696 5565 Data
727 5527 798 5568 xu
826 5510 929 5564 cal.
972 5508 1257 5576 Novemb,
1288 5507 1586 5578 Calopodio
1614 5515 1670 5562 et
1709 5507 1986 5564 Ardabure

402 5616 582 5657 conss.
613 5602 716 5672 (An
745 5600 935 5656 Christi
959 5599 1110 5668 447.)

406 5710 557 5775 Quod
578 5715 746 5767 omnis
773 5712 1042 5783 cujuslibet
1071 5713 1268 5767 ordinis
1292 5712 1532 5776 clericus,
1564 5712 1649 5776 qui
1679 5711 1984 5783 catholicam

474 5783 711 5842 deserens
759 5782 1015 5841 luci-etim
1060 5800 1115 5839 se
1160 5783 1505 5841 communioni
1530 5783 1788 5837 miscuerit
1810 5798 1826 5836 :
1847 5784 1892 5839 si
1919 5782 1986 5835 ad

2079 4601 2257 4647 ctores
2289 4609 2301 4646 :
2333 4591 2424 4660 qui
2454 4591 2674 4644 multam
2706 4604 2847 4658 saepe
2877 4589 3117 4642 nutriunt
3140 4587 3664 4658 pestilrntiam,dnnt

2081 4682 2440 4737 necessariam
2486 4680 2821 4738 dissimulant
2868 4679 3123 4734 adhibere
3166 4681 3500 4735 medicinam.
3534 4680 3664 4737 Data

2081 4792 2134 4831 In
2165 4775 2265 4830 cal.
2298 4775 2555 4839 Januarii,
2582 4774 2771 4845 Alypio
2798 4781 2852 4827 et
2881 4773 3158 4829 Ardabnre
3185 4790 3365 4830 conss.

2155 4867 2264 4921 Leo
2281 4867 2502 4921 Rustico
2527 4866 2784 4935 episeopo
2796 4864 3148 4920 Narbonensi.
3182 4864 3422 4922 Subditis
3443 4879 3668 4938 respon-

2081 4958 2343 5023 sionibus,
2376 4965 2432 5013 et
2459 4958 2528 5011 ad
2555 4957 2791 5025 ejusdem
2813 4957 3056 5014 consulta
3085 4957 3378 5026 rescriptis.

2157 5047 2427 5118 Epistolas
2455 5046 2802 5101 fraternitatis
2826 5055 2928 5100 tua:
2950 5087 2964 5111 ,
2998 5062 3130 5116 quas
3152 5046 3376 5100 Hermes
3402 5044 3667 5100 archidia-

2081 5155 2254 5195 conus
2285 5137 2516 5204 detulit,
2549 5139 2778 5193 libenter
2822 5139 3024 5207 accepi.
3076 5136 3414 5191 Diversarum
3451 5135 3667 5203 quidctu

2077 5243 2363 5286 causarum
2391 5228 2727 5284 connexione
2751 5227 3088 5296 multiplices,
3119 5224 3214 5279 sed
3245 5239 3350 5281 nou
3371 5224 3440 5280 ita
3465 5224 3668 5295 patien-

2078 5328 2165 5382 tia:
2196 5325 2420 5395 legentis
2441 5338 2698 5380 onerosas
2715 5363 2729 5387 ,
2763 5331 2820 5377 ut
2841 5319 3039 5391 aliquid
3065 5335 3249 5374 earum
3277 5319 3417 5374 inter
3438 5333 3666 5376 concur-

2086 5427 2270 5472 rentes
2299 5416 2532 5485 undique
2578 5413 2962 5469 sollicitudines
3012 5410 3171 5466 fuerit
3221 5410 3658 5480 praztermissum.

2092 5508 2244 5564 Unde
2297 5508 2462 5562 totius
2500 5505 2764 5560 sermonis
2819 5504 2895 5558 tui
2952 5501 3276 5570 allegatione
3304 5513 3583 5572 concepta,
3614 5511 3669 5555 ct

2088 5601 2274 5666 gestis,
2327 5612 2449 5668 qua:
2489 5598 2544 5650 in
2581 5597 2954 5665 episcoporum
3001 5595 3496 5662 honoratorumque
3540 5607 3640 5647 exa

2090 5692 2234 5745 mine
2263 5690 2507 5743 confecta
2537 5693 2661 5740 sunt
2687 5727 2701 5751 ,
2728 5687 3024 5750 recensitis,
3058 5684 3350 5740 Sabiniano
3379 5696 3433 5739 ct
3459 5683 3620 5738 Leoni
3647 5722 3664 5746 ,

2096 5781 2424 5857 presbyteris
2469 5779 2697 5836 actionis
2740 5791 2843 5834 tuac
2894 5777 3251 5834 intelleximus
3292 5775 3542 5835 ﬁduciam
3573 5782 3666 5833 de-
