4092 6348
506 297 614 359 227

1804 304 2156 360 DIONVSIUS
2195 301 2511 360 EXlGUUS.

3647 302 3749 361 988

510 417 694 483 fuisse,
724 431 822 471 nec
842 417 921 471 eis
938 417 1135 487 justam
1160 411 1439 486 superesse
1461 415 1868 485 querimoniam,
1901 417 1991 485 qui
2020 430 2082 470 se
2108 419 2155 476 Α
2186 415 2327 469 nulla
2359 420 2580 483 possunt
2609 413 2818 468 ratione
2846 411 3116 482 compelli,
3142 413 3215 468 ita
3253 411 3418 467 multa
3460 421 3610 481 sunt,
3633 429 3750 483 qua:

509 508 576 561 a'h
619 507 885 563 inchoatis
925 506 1399 576 disceptationibus
1451 515 1646 576 Sponte
1675 507 2075 560 subtraxerunt.

508 598 663 654 Circa
691 613 824 668 quos
843 612 1002 667 quam
1027 596 1273 662 formam,
1295 611 1525 665 quamve
1550 611 1855 651 mensuram
1881 595 2078 650 debeas

510 697 693 743 tenere
716 687 934 756 iustitiae
956 726 973 751 ,
1006 695 1097 741 tuo
1123 686 1368 755 relinquo
1410 688 1782 741 moderamini.
1836 686 2079 741 Suadens

507 790 686 834 tamen
705 779 979 833 charitatis
995 779 1229 844 hortatu,
1257 787 1317 832 ut
1331 778 1580 833 sanandis
1605 780 1758 845 aegris
1785 777 2078 848 spiritalem

464 934 467 937 _
508 869 707 924 debeas
753 868 1011 924 adhibere
1052 868 1401 935 medicinam,
1432 876 1488 923 et
1515 868 1727 923 dicente
1753 867 2028 938 Scriptura
2062 885 2075 921 :

508 958 757 1017 Noliesse
772 959 995 1014 nimium
1008 957 1483 1028 justus(Ecct.vu),
1512 958 1692 1013 mitius
1703 973 1829 1028 agas
1841 974 1962 1014 cum
1978 958 2076 1024 eis,

470 1068 477 1091 δ
507 1051 598 1120 qui
642 1051 759 1106 zelo
808 1050 1073 1121 pudicitiae
1101 1049 1349 1104 videntur
1374 1049 1590 1106 modum
1626 1048 1919 1105 excessisse
1962 1048 2082 1103 vin-

506 1142 682 1207 dictae,
714 1146 784 1197 ne
801 1140 1046 1195 diabolus
1069 1140 1160 1199 aui
1180 1140 1394 1208 decepit
1419 1139 1710 1204 adulteros,
1734 1138 1802 1193 de
1829 1138 2078 1193 adulterii

507 1232 741 1287 exsultet
763 1231 1049 1286 ultoribus.
1075 1217 1455 1285 Mirorautem
1482 1229 1826 1285 dilectionem
1858 1236 2003 1281 tuam
2026 1228 2080 1283 in

507 1331 717 1377 tantum
767 1321 1142 1377 scandalorunt
1190 1334 1512 1390 quacunque
1539 1319 1825 1376 occasione
1851 1333 2079 1373 nascen-

508 1413 638 1467 tium
660 1411 984 1468 adversitate
1004 1412 1235 1466 titubare
1252 1450 1270 1477 ,
1301 1419 1357 1464 ut
1382 1410 1715 1465 vacationem
1743 1410 2081 1479 episcopatus

507 1502 779 1557 laboribus
790 1509 1149 1573 prmoptarete
1168 1500 1335 1567 dicas,
1353 1508 1405 1555 et
1422 1499 1582 1554 malle
1604 1499 1655 1554 in
1676 1499 1891 1554 silentio
1920 1506 2081 1567 atque

508 1593 622 1648 otio
638 1593 805 1647 vitam
831 1592 1025 1661 degere
1044 1631 1061 1657 ,
1092 1606 1253 1661 quam
1300 1590 1353 1643 in
1383 1589 1494 1655 his,
1525 1603 1647 1658 quae
1671 1588 1765 1643 tibi
1792 1590 2079 1643 commissa

505 1689 649 1745 sunt,
677 1695 993 1750 permanere
1015 1722 1034 1749 ,
1062 1676 1274 1735 dicente
1294 1694 1421 1734 vere
1446 1679 1691 1747 Domino,
1712 1678 1911 1733 Beatus
1940 1696 1953 1731 :
1986 1679 2079 1747 qui

505 1771 870 1841 perseveravit
910 1784 1079 1840 usque
1125 1770 1179 1826 in
1218 1769 1375 1825 ﬁnem
1407 1768 1622 1841 (Matth.
1675 1770 1731 1839 x)
1755 1809 1771 1835 ,
1798 1769 1938 1825 unde
1975 1771 2079 1825 erit
2112 1785 2154 1843 Β

504 1859 664 1916 beata
693 1860 1123 1930 perseverantia,
1151 1859 1253 1914 nisi
1279 1858 1347 1914 de
1382 1860 1578 1913 virtute
1614 1858 1919 1929 patientiae?
1946 1858 2082 1912 Nam

506 1951 798 2007 secundum
839 1950 1189 2021 apostolicam
1233 1947 1704 2020 praedicationem:
1734 1946 1962 2014 Omnes,
1990 1948 2083 2017 qui

507 2041 779 2096 voluerint
805 2042 862 2099 in
888 2039 1104 2096 Christo
1145 2040 1234 2110 pie
1262 2040 1442 2096 vivere
1464 2080 1481 2108 ,
1508 2041 1937 2111 persecutionem
1981 2056 2080 2112 pa-

509 2131 711 2185 tientur
731 2130 819 2201 (II
850 2130 980 2186 Tim.
1009 2130 1089 2200 ιιι)
1115 2170 1131 2196 ,
1161 2146 1279 2201 quae
1307 2146 1415 2185 non
1445 2131 1496 2185 in
1528 2146 1595 2186 eo
1623 2138 1829 2205 tantum
1868 2146 2084 2202 compu-

508 2220 672 2274 tanda
718 2228 820 2286 est,
872 2222 1017 2290 quod
1063 2229 1252 2276 contra
1305 2220 1661 2276 Christianam
1710 2222 1961 2292 pietatem
1990 2231 2083 2278 aut

508 2309 673 2376 ferro,
691 2319 783 2368 aut
806 2311 1013 2379 ignibus
1034 2312 1224 2380 agitur,
1242 2318 1335 2365 aut
1354 2312 1761 2384 quibuscumque
1780 2314 2077 2384 suppliciis:

508 2417 629 2457 cum
669 2402 1098 2471 persecutionum
1138 2402 1393 2457 saevitiam
1422 2404 1706 2474 suppleant
1725 2413 1781 2459 et
1807 2405 2080 2459 dissimili-

511 2492 721 2549 tudines
736 2507 965 2558 morum,
995 2494 1410 2550 etcontumaciae
1423 2495 1867 2564 iuobedientium,
1891 2505 1946 2551 et
1968 2512 2083 2552 ma-

507 2583 768 2652 lignarum
816 2585 919 2639 tela
960 2586 1277 2654 linguarum.
1335 2584 1541 2653 Quibus
1594 2585 2082 2642 conﬂictationibus

507 2690 630 2732 eum
658 2678 833 2731 omnia
863 2692 1074 2747 semper
1100 2679 1338 2733 membra
1370 2680 1680 2750 pulsentur,
1704 2689 1760 2737 et
1790 2682 1931 2736 nulla
1974 2682 2085 2752 pio-

507 2782 626 2822 rum
648 2768 824 2836 portio
852 2782 884 2821 a
904 2767 1300 2826 conﬂictatione
1320 2769 1391 2825 sit
1420 2769 1616 2837 libera,
1649 2771 1722 2825 ita
1753 2780 1813 2825 ut
1829 2772 2082 2841 periculis

508 2872 610 2914 nec
633 2859 745 2914 otia
774 2868 1020 2923 careant,
1050 2876 1150 2916 nec
1175 2861 1406 2917 labores.
1436 2860 1565 2929 Quis
1593 2864 1731 2919 inter
1758 2862 1947 2920 ﬂuctus
1976 2880 2083 2920 ma-

507 2948 583 3003 ris
610 2963 802 3003 navem
828 2949 1058 3019 diriget,
1090 2951 1139 3005 si
1172 2951 1499 3020 gubernator
1543 2953 1832 3009 abscedat?
1859 2953 1989 3020 Quis
2014 2955 2082 3010 ab

507 3037 711 3097 insidiis
734 3039 979 3108 luporum
994 3041 1259 3096 custodiet
1286 3056 1432 3106 oves,
1450 3042 1497 3096 si
1525 3051 1798 3112 pastorum
1823 3059 1953 3099 cura
1973 3060 2081 3099 non

2180 514 2271 558 aut
2298 520 2398 573 pro
2426 503 2855 559 consideratione
2900 512 3116 557 aetatum
3138 544 3156 569 ,
3178 513 3270 558 aut
3298 519 3396 579 pro
3433 506 3752 563 necessitate

2180 608 2358 648 rerum
2411 603 2660 664 oporteat
2701 594 2986 663 temperari
3020 611 3032 646 :
3062 593 3151 647 illa
3191 608 3405 663 semper
3445 593 3753 652 conditione

2180 692 2412 749 servata,
2444 692 2504 739 ut
2524 684 2575 739 in
2600 684 2703 751 his,
2730 698 2848 752 quae
2868 682 2954 737 vel
2992 684 3150 738 dubia
3173 684 3374 739 fuerint
3389 692 3481 738 aut
3505 686 3751 754 obscura,

2181 774 2234 829 id
2260 776 2565 830 noverimus
2592 776 2944 844 sequendum,
2971 774 3112 843 quod
3142 790 3243 830 nec
3269 776 3552 847 praeceptis
3576 774 3755 834 Evan-

2180 866 2363 935 gelieis
2383 868 2728 933 contrarium,
2755 882 2855 922 nec
2874 866 3103 921 decretis
3123 874 3429 922 sancton
3454 868 3754 924 inveniatur

2181 955 2481 1009 adversum.

2250 1043 2516 1115 Incipiunt
2541 1046 2607 1101 ad
2654 1045 3026 1119 inquisitiones
3069 1044 3311 1115 ejusdem
3356 1046 3597 1121 episcopi
3623 1047 3751 1105 sub-

2175 1134 2319 1204 jecta
2348 1151 2631 1206 responsa.

2184 1243 2334 1309 Quod
2376 1264 2479 1301 non
2512 1246 2800 1321 habeantur
2837 1248 3080 1321 episwpi,
3109 1265 3235 1320 quos
3254 1265 3363 1321 nec
3388 1250 3555 1303 clerus
3578 1250 3757 1321 elegit,

2252 1332 2343 1369 nec
2364 1318 2583 1386 popilius
2604 1317 2891 1399 egoqujsivit,
2923 1335 3013 1402 nec
3035 1317 3370 1402 prolvinncioles
3391 1317 3758 1402 episcopicon-

2250 1396 2520 1460 secrarunt
2551 1403 2568 1441 :
2598 1388 2641 1439 si
2659 1389 2744 1456 qui
2768 1398 2935 1441 tamen
2963 1388 3136 1443 clerici
3162 1388 3226 1441 ab
3253 1389 3330 1442 his
3360 1388 3757 1460 pseudoepisro-

2251 1457 2333 1525 pis
2356 1457 2685 1520 ordinantur,
2715 1470 2829 1510 rata
2856 1466 3021 1527 potest
3046 1459 3305 1513 ordinatio
3336 1457 3454 1513 tutis
3477 1457 3719 1513 existere.

2252 1544 2367 1601 XV.
2412 1545 2566 1600 Nulla
2594 1547 2735 1602 ratio
2777 1548 2904 1602 sinit
2944 1557 3002 1603 ut
3031 1547 3169 1603 inter
3198 1548 3491 1619 episcopos
3519 1549 3757 1603 habean-

2182 1647 2289 1705 tur,
2320 1639 2411 1708 qui
2442 1654 2541 1695 nec
2568 1654 2599 1693 a
2641 1640 2856 1695 clericis
2884 1649 3008 1695 sunt
3054 1641 3250 1705 electi,
3296 1655 3399 1696 nec
3442 1656 3473 1695 a
3509 1640 3757 1711 plebibus

2183 1729 2424 1797 expetiti,
2455 1744 2553 1785 nec
2582 1744 2611 1786 a
2634 1730 3169 1799 comprovincialibus
3193 1732 3462 1801 episcopis
3487 1747 3613 1787 cum
3636 1747 3756 1788 me-

2183 1820 2492 1889 tropolitani
2517 1819 2720 1889 judicio
2749 1820 3071 1877 consecrati.
3107 1818 3263 1877 Unde
3288 1837 3409 1877 cum
3438 1836 3579 1892 saepe
3614 1836 3758 1889 quae-

2181 1913 2294 1967 stio
2311 1911 2383 1967 de
2404 1913 2543 1968 male
2564 1920 2791 1984 accepto
2822 1914 3029 1970 honore
3057 1922 3328 1979 nascatur,
3352 1914 3473 1984 quis
3495 1914 3758 1983 ambigat,

2182 2018 2521 2072 nequaquam
2563 2005 2631 2059 ab
2658 2004 2775 2061 istis
2800 2020 2920 2060 esse
2965 2005 3321 2070 tribuendum,
3351 2006 3495 2074 quod
3520 2006 3757 2062 notando-

2181 2103 2370 2150 ceatur
2394 2094 2557 2150 fuisse
2600 2096 2899 2157 collatum?
2917 2096 2975 2153 Si
3001 2098 3093 2166 qui
3120 2106 3302 2152 autem
3339 2097 3521 2152 clerici
3550 2097 3757 2153 abistis

2180 2190 2657 2261 pseudoepiseopis
2682 2192 2735 2245 in
2780 2191 2859 2248 eis
2899 2190 3155 2246 Ecelesiis
3183 2190 3417 2246 ordinati
3452 2198 3607 2257 sunt,
3634 2204 3756 2260 qua:

2180 2283 2250 2338 ad
2279 2283 2528 2353 proprios
2554 2283 2840 2352 episcopos
2866 2282 3227 2353 pertinebant,
3258 2291 3314 2336 et
3349 2281 3619 2339 ordinatio
3653 2296 3755 2336 eo»

2182 2390 2303 2430 rum
2352 2390 2617 2455 consensu
2647 2384 2701 2431 et
2715 2374 2917 2444 judicio
2943 2373 3341 2445 praesidentium
3361 2374 3502 2429 facta
3524 2379 3627 2439 est,
3653 2387 3758 2443 pov-

2185 2475 2290 2523 test
2317 2475 2433 2522 rata
2467 2467 2654 2521 haberi
2700 2467 2819 2520 :ita
2869 2475 2928 2520 ut
2956 2466 3009 2520 in
3053 2464 3182 2536 ipsis
3226 2464 3479 2520 Ecclesiis
3504 2479 3757 2535 perseve-

2181 2567 2323 2614 rent.
2368 2558 2537 2613 Aliter
2565 2566 2745 2611 autem
2772 2572 2907 2612 vana
2953 2555 3195 2618 habenda
3244 2564 3328 2610 est
3369 2554 3748 2618 consecratio,

2181 2665 2302 2719 quae
2331 2665 2431 2705 nec
2460 2649 2581 2704 loco
2612 2647 2828 2702 fundata
2855 2655 2955 2712 est,
2982 2662 3083 2702 nec
3110 2645 3431 2701 auctoritate
3458 2645 3682 2699 munita.

2184 2758 2335 2836 Quod
2360 2758 2661 2836 presbyteri,
2685 2765 2773 2809 aut
2802 2757 3034 2836 diaconi,
3060 2759 3104 2808 si
3127 2756 3181 2809 in
3206 2755 3619 2836 aliquoerimine
3640 2769 3735 2819 pro

2253 2827 2387 2896 lapsi
2428 2829 2639 2899 fuerint,
2678 2828 3003 2899 nonpossint
3030 2840 3344 2899 pergmanus
3373 2826 3752 2895 intpositioltens

2253 2897 2567 2966 pwniténtiw
2598 2897 2876 2950 remedium
2903 2897 3160 2967 consequi.

2252 2988 2391 3043 XVI.
2444 2989 2688 3043 Alienum
2736 2995 2817 3042 est
2854 3003 2884 3042 a
2933 2986 3317 3042 consuetudine
3355 2986 3755 3051 ecclesiastica,

2184 3090 2245 3136 ut
2292 3082 2387 3150 qui
2431 3080 2484 3135 in
2529 3080 2884 3152 presbyterali
2931 3079 3138 3134 honore
3185 3089 3279 3133 aut
3314 3078 3546 3135 diaconii
3591 3078 3756 3149 gradu

507 3130 702 3240 agiles
720 3131 899 3240 (λοςιηο
928 3133 985 3202 κ)
1011 3134 1033 3240 ίτ
1056 3132 1185 3240 suis
1212 3133 1442 3237 denique
1463 3136 1759 3240 ιειτοτιίυυε
1783 3137 2008 3240 esset
2027 3147 2081 3240 et
2110 3164 2153 3225 ρ
2187 3130 2390 3227 ἷιᾷειηῖᾇέ
2432 3130 2883 3234 ἔὸηέέέἓᾷἷέζῖέὲ
2914 3130 3624 3240 i.;,‘.;..‘....;..'.1;q....;
3662 3130 3755 3237 pc;

506 3221 710 3279 furibus
735 3264 754 3291 ,
779 3224 823 3278 si
852 3225 1241 3294 speculatorem
1268 3226 1322 3281 in
1368 3236 1653 3297 prospectu
1699 3228 2083 3298 explorationis

508 3312 745 3370 locatum
777 3315 844 3369 ab
865 3316 1160 3371 intentione
1187 3316 1558 3372 sollicitudinis
1590 3333 1743 3373 amor
1766 3318 1960 3387 quietis
1986 3319 2086 3373 ab-

510 3402 671 3457 ducat
701 3402 910 3475 (Ezech.
940 3404 1017 3477 ιιι)
1046 3408 1070 3460 ?
1115 3406 1541 3463 Permanendum
1565 3421 1693 3477 ergo
1733 3416 1815 3465 est
1842 3411 1897 3465 in
1920 3425 2084 3481 opere

488 3493 714 3553 credito
760 3502 817 3549 et
867 3495 919 3549 in
959 3495 1144 3552 labore
1169 3508 1440 3567 suscepto.
1494 3497 1823 3554 Constanter
1850 3501 2082 3556 tenenda

508 3594 592 3642 est
614 3582 837 3651 justitia,
883 3592 938 3640 et
983 3586 1211 3655 benigne
1256 3588 1556 3657 praestanda
1596 3588 1899 3645 clementia.
1949 3589 2083 3646 Odio

510 3674 810 3730 habeantur
834 3685 1053 3747 peccata
1079 3719 1095 3744 ,
1126 3692 1232 3732 non
1276 3677 1542 3734 homines.
1588 3677 1957 3750 Corripiantur
1995 3690 2081 3736 tu-

510 3765 639 3823 midi
664 3807 681 3829 ,
723 3767 1018 3824 tolerentur
1043 3766 1275 3836 inﬁrmi,
1307 3778 1362 3825 et
1397 3771 1541 3840 quod
1570 3772 1808 3826 severius
1834 3773 2085 3842 castigari

509 3870 733 3913 necesse
760 3866 841 3913 est
865 3899 881 3925 ,
912 3874 1019 3913 non
1040 3858 1305 3914 saevientis
1330 3859 1597 3930 plectatur
1623 3861 1824 3930 animo,
1853 3860 1946 3917 sed
1970 3878 2086 3918 me-

510 3948 709 4005 dentis.
742 3948 811 4002 At
837 3950 881 4004 si
909 3951 1277 4006 vehementior
1318 3950 1592 4008 tribulatio
1615 3953 1951 4021 incubuerit,
1976 3970 2085 4010 non

511 4038 585 4097 ita
611 4054 1029 4110 expavescamus
1048 4083 1062 4108 ,
1089 4042 1241 4110 quasi
1272 4040 1346 4097 illi
1377 4042 1685 4098 adversitati
1714 4044 1945 4115 propriis
1963 4044 2087 4100 viri-

503 4130 612 4188 bus
640 4132 937 4188 resistendo
960 4175 977 4201 ,
1005 4147 1127 4190 cum
1157 4141 1211 4189 et
1238 4134 1517 4189 consilium
1544 4142 1806 4204 nostrum,
1846 4146 1901 4191 et
1927 4135 2082 4193 forti-

511 4220 640 4276 tuJo
680 4221 750 4277 sit
786 4220 1029 4279 Christus
1054 4260 1069 4287 ,
1101 4236 1166 4279 ae
1193 4223 1309 4278 sine
1336 4238 1443 4292 quo
1473 4224 1603 4279 nihil
1635 4240 1919 4295 possumus
1942 4267 1958 4294 ,
1987 4240 2085 4296 per

510 4308 683 4377 ipsum
709 4321 900 4367 cuncta
926 4328 1227 4383 possumus,
1251 4315 1342 4383 qui
1369 4315 1689 4369 conﬁrmans
1710 4315 2086 4386 praedicatores

506 4399 821 4470 Evangelii,
863 4411 919 4457 et
962 4412 1418 4459 sacramentorum
1447 4406 1717 4461 ministros
1749 4424 1761 4458 :
1799 4404 1939 4460 Ecce
1986 4418 2086 4474 ego

504 4493 728 4562 (inquit)
754 4493 1027 4549 vobiscum
1055 4510 1172 4548 sum
1201 4495 1449 4549 omnibus
1467 4495 1654 4551 diebus
1677 4511 1845 4564 usque
1872 4496 1939 4551 ad
1962 4512 2089 4552 con-

2186 3277 2377 3317 manus
2398 3262 2798 3332 impositionem
2820 3261 3113 3316 remedium
3135 3261 3402 3330 accipiant
3424 3261 3753 3331 paenitendi:

2185 3352 2329 3422 quod
2372 3352 2489 3407 sine
2530 3352 2695 3409 dubio.
2721 3369 2787 3406 ex
2828 3352 3125 3422 apostolica
3149 3351 3439 3409 traditione
3463 3351 3754 3418 descendit,

2184 3432 2476 3498 secundum
2499 3443 2643 3516 quod
2668 3444 2926 3513 scriptum
2958 3454 3060 3505 est,
3093 3443 3351 3499 Sacerdos
3377 3445 3429 3503 si
3456 3445 3754 3514 peccauerit,

2184 3536 2299 3606 quis
2323 3532 2489 3589 orabit
2511 3544 2609 3603 pro
2625 3535 2715 3589 illo
2736 3534 2787 3606 (I
2812 3534 2938 3606 Reg.
2964 3536 3063 3606 1t)?
3094 3533 3245 3593 Unde
3272 3534 3577 3604 huiusmodi
3598 3534 3757 3605 lapsis

2185 3626 2254 3681 ad
2303 3625 2711 3696 promerendam
2743 3625 3169 3680 misericordiam
3201 3626 3296 3682 Dei
3324 3628 3530 3697 privata
3561 3636 3643 3683 est
3666 3642 3756 3687 ειη

2186 3719 2418 3789 petenda
2438 3719 2675 3774 secessio
2705 3737 2717 3771 :
2746 3719 2843 3778 ubi
2864 3718 2966 3773 illis
2985 3718 3305 3785 satisfactio,
3324 3720 3367 3775 si
3393 3720 3554 3775 fuerit
3580 3718 3756 3794 digus,

2185 3810 2257 3865 sit
2280 3810 2440 3865 etiam
2466 3810 2769 3867 fructuosa.

2189 3920 2341 3996 Quod
2369 3923 2576 3996 diaconi
2598 3963 2611 3985 ,
2654 3925 2781 3978 sicut
2825 3942 3093 3995 episwpus
3151 3933 3203 3982 et.
3241 3924 3520 3996 presbyter,
3557 3938 3757 3996 cessare

2257 3992 2537 4076 debenthb
2584 4010 2736 4064 opere
2776 3992 3042 4068 conjngaIi
3082 4012 3099 4050 :
3142 3992 3249 4051 non
3282 3992 3451 4054 tamen
3492 3994 3758 4065 repudiare

2258 4080 2523 4134 conjugta.

2257 4153 2420 4208 XVII.
2451 4153 2561 4209 Lex
2585 4155 2931 4211 continentia:
2955 4156 3142 4212 eadem
3164 4164 3249 4211 est
3275 4156 3457 4211 altaris
3484 4154 3761 4220 ministris,

2187 4260 2306 4315 quae
2357 4246 2644 4317 episcopis,
2686 4255 2847 4317 atque
2892 4249 3220 4321 presbyteris
3243 4288 3258 4311 ,
3303 4249 3402 4319 qui
3436 4264 3559 4303 curn
3585 4252 3761 4303 essent

2188 4339 2333 4407 laici,
2365 4340 2480 4395 sive
2519 4339 2771 4406 lectores,
2803 4340 2952 4397 licito
2980 4349 3037 4396 et
3078 4354 3275 4395 uxores
3301 4341 3516 4407 ducere,
3544 4349 3600 4395 et
3627 4339 3763 4393 ﬁlios

2190 4444 2476 4498 procreare
2506 4438 2800 4500 potuerunt
2848 4448 2861 4484 :
2886 4431 2981 4486 sed
3012 4448 3133 4486 cum
3159 4432 3226 4486 ad
3264 4430 3548 4502 praedictos
3576 4445 3763 4501 perve-

2114 4534 2167 4594 D
2192 4520 2367 4573 nerint
2415 4519 2615 4588 gradus
2640 4559 2657 4585 ,
2711 4523 2876 4590 erepit
2920 4521 2999 4577 eis
3042 4537 3152 4576 non
3201 4521 3365 4577 licere
3410 4522 3556 4591 quod
3591 4521 3758 4576 licuit.

511 4584 922 4682 'f'o'm'lfiiﬁf’nem
962 4585 1137 4640 5330"“
1162 4585 1374 4682 (μαῖαι-
1414 4587 1556 4682 ft“)-
1602 4586 1672 4641 Εῐ
1694 4588 1924 4682 “enim:
1958 4587 2083 4682 Ηὲθο
2114 4584 2159 4594 ’ν
2191 4607 2346 4664 Unde
2371 4584 2441 4665 ut
2455 4610 2525 4666 de
2552 4584 2755 4666 carnali
2786 4584 2879 4666 ﬁat
2911 4613 3154 4682 spiritale
3181 4584 3506 4682 conjugiuin,
3548 4618 3763 4682 oportet

480 4734 483 4735 ν
512 4671 728 4741 (inquit)
761 4672 969 4730 locutus
988 4688 1106 4728 sum
1126 4674 1299 4741 vobis,
1327 4684 1387 4729 ut
1414 4676 1468 4731 in
1497 4692 1582 4731 me
1603 4692 1787 4747 pacem
1809 4678 2079 4735 habeatis:

511 4762 566 4817 in
608 4762 714 4817 hoc
751 4769 930 4816 autem
974 4763 1173 4819 mundo
1218 4764 1616 4822 tribulationem
1661 4768 1959 4838 habebitis,
1988 4769 2081 4826 sed

512 4852 766 4909 conﬁdite
788 4892 804 4919 ,
835 4855 960 4923 quia
990 4870 1090 4925 ego
1116 4856 1221 4911 vici
1266 4857 1523 4912 mundum
1566 4858 1919 4931 (Joan.,xv1).
1953 4861 2081 4928 Quae

509 4944 926 5014 pollicitationes
945 4947 1069 5016 quia
1100 4948 1217 5004 sine
1244 4947 1408 5005 dubio
1430 4949 1723 5006 manifestae
1744 4960 1889 5014 sunt,
1924 4952 2081 5010 nullis

506 5034 766 5093 debemus
792 5038 1056 5095 scandalis
1082 5038 1336 5096 inﬁrmari
1364 5084 1381 5110 ,
1406 5024 1481 5098 ne
1507 5044 1759 5099 electioni
1787 5044 1882 5099 Dei
1900 5045 2084 5102 videa-

507 5142 630 5184 mur
651 5127 870 5197 ingrati,
892 5128 1045 5199 cujus
1074 5137 1183 5184 tam
1210 5132 1448 5201 patentia
1468 5141 1593 5188 sunt
1616 5134 1898 5203 adjutoria,
1921 5150 2082 5206 quam

508 5229 636 5271 vera
658 5217 942 5288 promissa.
966 5217 1044 5275 De
1071 5221 1554 5278 consultationibus
1580 5231 1758 5279 autem
1779 5223 2082 5281 dilectionis

508 5311 646 5374 mae,
677 5323 811 5379 quas
832 5310 1125 5381 separatim
1153 5312 1488 5383 conscriptas
1524 5314 1930 5371 archidiaconus
1961 5326 2081 5376 tuus

507 5396 721 5467 detulit,
744 5401 875 5470 quid
901 5403 1238 5461 sentiendum
1264 5404 1336 5459 sit
1355 5404 1498 5461 inter
1523 5415 1813 5475 praesentes
1831 5417 2083 5477 opportu-

508 5488 632 5544 nius
657 5501 988 5560 quaereretur
1007 5536 1025 5562 ,
1072 5497 1118 5551 si
1145 5497 1304 5555 nobis
1332 5506 1652 5568 conspectus
1680 5499 1755 5553 tui
1783 5500 1937 5569 c0pia
1964 5516 2084 5570 pro-

506 5581 754 5650 veniret;
786 5598 909 5642 nam
938 5600 1061 5640 cum
1088 5587 1332 5657 quaedam
1385 5588 1823 5660 inwrrogationis
1861 5590 2080 5645 modum

508 5670 793 5727 videantur
814 5675 1076 5731 excedere
1099 5717 1114 5744 ,
1144 5678 1383 5747 intelligo
1409 5696 1502 5737 eas
1540 5681 1823 5751 colloquiis
1847 5682 2082 5751 aptiores

503 5777 649 5830 esse.
680 5778 839 5836 quam
884 5767 1119 5841 scriptis.
1148 5770 1281 5840 Quia
1311 5773 1450 5833 sicut
1498 5774 1739 5845 quaedam
1787 5782 2082 5851 sunt,qu;n

2188 4712 2285 4754 eos
2313 4713 2412 4754 nec
2440 4698 2710 4755 dimittere
2736 4716 2934 4756 uxores
2951 4740 2967 4766 ,
3012 4710 3068 4756 et
3096 4702 3262 4770 quasi
3292 4718 3397 4756 non
3428 4702 3661 4757 habeant
3685 4702 3768 4757 sic

2204 4788 2429 4855 habere,
2460 4805 2569 4859 quo
2594 4800 2652 4846 et
2697 4791 2844 4845 salva
2869 4792 2940 4845 sit
2976 4792 3207 4846 charitas
3236 4791 3624 4847 connubiorum
3646 4832 3663 4859 ,
3709 4801 3765 4847 et

2187 4888 2362 4934 cesset
2386 4881 2629 4950 operatio
2654 4882 2982 4951 nuptiarum.

2194 5003 2345 5082 Quod
2374 5006 2517 5082 aliud
2544 5008 2609 5060 sit
2640 5023 2797 5082 uxor,
2822 5007 2964 5063 aliud
2994 5006 3296 5082 concubina,
3330 5026 3421 5063 nec
3448 5012 3584 5082 erret
3622 5026 3764 5082 quis-

2260 5078 2374 5197 Zuis
2413 5077 2578 5159 ﬁliam
2607 5094 2755 5158 suam
2780 5078 2834 5130 in
2878 5080 3265 5132 matrimonium
3294 5077 3646 5135 concubinam
3672 5079 3765 5133 fta-

2295 5148 2400 5197 enti
2429 5146 2723 5197 tradiderit.
3232 5170 3235 5173 ν

2295 5148 2400 5200 enti
2416 5146 2723 5203 tradiderit.
3232 5170 3235 5173 ν

2260 5233 2447 5290 XVIII.
2470 5234 2586 5289 Non
2609 5235 2783 5292 omnis
2797 5238 2992 5293 mulier
3013 5238 3132 5294 viro
3146 5237 3333 5308 juncta
3351 5253 3487 5294 uxor
3504 5246 3591 5295 est
3640 5238 3763 5303 viri,

2189 5326 2314 5397 quia
2344 5340 2445 5381 nec
2469 5328 2646 5382 omnis
2668 5327 2808 5383 illius
2836 5328 3011 5385 haeres
3044 5337 3128 5385 est
3148 5330 3310 5400 patri.
3339 5329 3653 5400 Nuptiarum
3680 5345 3766 5384 au-

2192 5424 2299 5471 tem
2326 5415 2530 5472 foedera
2578 5417 2719 5473 inter
2758 5420 3020 5488 ingenuos
3044 5429 3172 5476 sunt
3217 5421 3453 5489 legitima
3479 5463 3495 5489 ,
3536 5428 3593 5475 et
3629 5422 3766 5474 inter

2189 5508 2442 5577 aequales,
2474 5518 2531 5564 et
2556 5510 2729 5569 multo
2758 5512 2909 5582 prius
2951 5512 3058 5567 hoc
3104 5512 3276 5583 ipsum
3306 5513 3536 5568 Domino
3562 5512 3763 5568 consti-

2194 5606 2415 5665 tuente,
2458 5615 2615 5670 quam
2646 5601 2853 5656 initium
2902 5602 3130 5658 Romani
3168 5602 3305 5671 juris
3348 5604 3625 5659 existeret.
3659 5601 3764 5656 lta-

2192 5703 2297 5756 que
2325 5689 2467 5744 aliud
2495 5699 2580 5746 est
2608 5708 2768 5760 uxor,
2792 5692 2939 5747 aliud
2967 5694 3265 5749 concubina
3301 5712 3316 5748 :
3343 5694 3486 5750 sicut
3505 5692 3653 5747 aliud
3672 5708 3767 5751 an-

2191 5779 2313 5834 cilla
2336 5818 2354 5844 ,
2389 5781 2547 5836 aliud
2588 5781 2774 5838 libera.
2823 5781 3053 5853 Propter
3091 5784 3235 5853 quod
3281 5784 3447 5840 etiam
3481 5783 3769 5856 Apostolus
