4092 6348
1345 333 1714 392 COLLECTIO
1750 304 2216 391 necn‘nronuu
2256 328 2361 386 rp.
2405 330 2521 385 an.

3474 321 3580 379 290

323 458 469 529 (Gal.
497 456 572 528 tv)
614 454 684 511 ad
708 453 1153 511 manifestandum
1189 452 1376 507 harum
1402 466 1761 521 personarum
1788 450 1900 503 dis-
1928 456 1976 514 Α
2005 445 2156 510 Quod
2186 446 2255 499 ad
2282 445 2519 499 militiam
2548 441 2852 529 stt-culmen:
2881 447 2994 529 post
3031 436 3386 511 paenitentiam
3414 438 3584 492 redire

327 551 644 613 orationem,
674 548 1039 605 testimonium
1067 545 1219 615 ponit
1244 560 1310 599 ex
1339 542 1537 599 Genesi
1588 546 1727 613 (cap.
1751 542 1898 613 xm),

328 646 420 701 ubi
447 643 643 699 dicitur
667 640 931 696 Abrabzc:
962 637 1109 707 Ejice
1148 636 1427 699 ancillam,
1475 644 1532 689 et
1569 633 1735 689 ﬁlium
1765 634 1904 702 ejus,

330 753 441 795 non
479 734 623 792 enim
663 734 833 789 haeres
875 731 979 786 erit
1026 728 1166 784 ﬁlius
1204 727 1411 782 ancilla:
1457 740 1581 780 cum
1626 724 1738 781 ﬁlio
1784 740 1908 779 meo

331 826 504 885 Isaae.
555 822 707 879 Unde
748 836 871 877 cum
913 820 1147 875 societas
1193 818 1498 887 nuptiarum
1541 817 1616 870 ita
1659 815 1726 870 ab
1756 815 1909 869 initio

335 918 625 975 constituta
643 914 732 980 sit,
757 920 817 969 ut
842 920 1037 983 pratter
1053 925 1278 966 sexuum
1305 908 1766 977 conjunctionem,
1788 920 1909 975 qua:

338 1010 562 1065 haberet
583 1008 635 1062 in
655 1006 859 1061 Christi
898 1010 954 1059 et
974 1003 1232 1059 Ecclesia:
1252 1010 1665 1066 sacramentum,
1693 999 1913 1054 dubium

339 1114 448 1155 non
477 1107 561 1155 est
603 1112 725 1153 eam
763 1096 1046 1151 mulierem
1075 1108 1182 1149 non
1212 1093 1485 1164 pertinere
1523 1091 1591 1145 ad
1631 1090 1915 1144 matrimo-

339 1193 511 1258 nium,
539 1191 592 1244 in
613 1204 719 1258 qua
748 1188 973 1243 docetur
1001 1185 1240 1256 nuptiale
1267 1199 1374 1239 non
1398 1183 1561 1238 fuisse
1583 1182 1914 1254 mysterium.

340 1280 510 1351 Igitur
534 1278 821 1347 cujuslibet
845 1276 950 1331 loci
978 1276 1225 1338 clericus,
1254 1274 1298 1329 si
1322 1274 1484 1328 ﬁliam
1512 1288 1663 1327 suam
1679 1271 1796 1326 viro
1823 1271 1920 1325 ha-

341 1369 494 1427 benti
521 1367 874 1424 concubinam
902 1366 955 1420 in
994 1364 1395 1421 matrimonium
1419 1364 1646 1429 dederit,
1696 1377 1804 1417 non
1847 1361 1921 1415 ita

344 1460 719 1530 accipiendum
756 1465 860 1523 est,
894 1458 1047 1526 quasi
1075 1472 1194 1512 eam
1231 1456 1517 1526 conjugato
1560 1453 1785 1520 dederit,
1820 1454 1922 1509 nisi

348 1550 493 1608 torte
517 1549 605 1605 illa
638 1548 828 1603 mulier
851 1556 907 1602 et
925 1549 1153 1616 ingenua
1183 1547 1345 1613 facta,
1372 1555 1428 1601 et
1455 1545 1641 1599 dotata
1663 1545 1922 1613 legitime,

350 1650 411 1698 et
430 1640 656 1712 publicis
683 1638 882 1709 nuptiis
909 1638 1195 1694 honestata
1215 1637 1481 1694 videatur.
1515 1636 1749 1691 Paterno
1779 1635 1928 1689 arbi-

354 1731 461 1785 trio
488 1729 617 1784 viris
639 1728 838 1797 junctae
882 1736 1068 1782 carent
1110 1727 1264 1797 culpa
1291 1769 1306 1794 ,
1345 1728 1392 1782 si
1418 1726 1702 1791 mulieres,
1749 1740 1867 1794 qua:
1897 1740 1927 1778 a

357 1820 489 1877 viris
511 1819 864 1884 habebantur,
893 1818 946 1873 in
974 1819 1321 1873 matrimonio
1366 1832 1473 1873 non
1526 1817 1761 1881 fuerunt,
1808 1818 1932 1886 quia
1964 1827 2010 1887 Β

359 1907 505 1964 aliud
532 1916 616 1964 est
642 1917 828 1979 nupta,
855 1908 999 1963 aliud
1029 1908 1350 1963 concubina.

436 2038 586 2106 Quod
612 2055 715 2095 non
751 2040 818 2093 sit
842 2039 1069 2111 coniugii
1094 2039 1397 2108 duplicatio,
1426 2041 1631 2111 quando
1662 2040 1870 2094 ancilla

586 2118 587 2121 ‘
828 2110 1008 2164 relicta
1046 2126 1179 2163 uxor
1207 2110 1504 2164 assumitur.

439 2215 580 2274 XIX.
616 2220 873 2275 Ancillam
902 2235 932 2274 a
962 2228 1083 2275 toro
1110 2219 1343 2288 abjicere
1365 2258 1381 2285 ,
1430 2230 1485 2275 et
1524 2236 1745 2275 uxorem
1775 2230 1937 2276 certae

369 2309 715 2379 ingenuitatis
750 2311 995 2380 accipere
1023 2352 1038 2377 ,
1082 2324 1190 2364 non
1230 2309 1529 2379 duplicatio.
1561 2310 1812 2379 conjugii,
1845 2310 1941 2366 sed

369 2400 643 2472 profectus
672 2409 756 2456 est
783 2401 1099 2455 honestatis.
1130 2399 1407 2470 Culpanda
1453 2406 1535 2456 est
1579 2416 1709 2456 sane
1755 2402 1943 2455 talium

373 2492 695 2560 negligentia
718 2532 731 2556 ,
779 2489 876 2546 sed
904 2506 1008 2546 non
1039 2491 1250 2561 penitus
1277 2491 1570 2546 deserenda
1612 2510 1625 2544 :
1659 2500 1716 2546 ut
1744 2492 1945 2546 crebris

373 2584 836 2639 cohortationibus
878 2583 1111 2649 incitati,
1158 2583 1300 2653 quod
1329 2583 1637 2639 necessario
1666 2584 1943 2654 expetive-

375 2682 501 2729 runt
530 2675 757 2729 ﬁdeliter
783 2684 1162 2744 exsequantur.
1206 2674 1374 2730 Nemo
1405 2674 1548 2729 enim
1582 2674 1947 2743 desperandus

375 2775 463 2823 est
489 2767 613 2822 dum
642 2767 695 2822 in
736 2768 842 2822 hoc
868 2783 1096 2836 corpore
1128 2766 1451 2823 constitutus
1491 2775 1606 2834 est,
1654 2766 1778 2835 quia
1808 2783 1947 2819 non-

379 2874 651 2928 nunquam
681 2857 825 2927 quod
866 2857 1159 2913 difﬁdentia
1186 2857 1363 2913 aetatis
1409 2855 1672 2922 diﬁ'ertur,
1720 2856 1949 2913 consilio

380 2948 674 3003 maturiore
702 2947 993 3018 perﬁcitur.

559 3077 638 3131 De
665 3079 1021 3132 communione
1047 3078 1285 3149 privatis,
1313 3086 1362 3132 et
1388 3080 1464 3132 ita
1495 3078 1773 3149 defunc.'is.

452 3188 573 3243 XX.
611 3189 811 3245 Horum
839 3204 1001 3246 causa
1031 3190 1125 3245 Dei
1148 3191 1351 3260 judicio
1392 3192 1717 3247 reservanda
1748 3200 1850 3259 est,
1901 3191 1953 3247 in
1984 3193 2027 3257 C

386 3281 542 3350 cujus
562 3296 719 3335 manu
758 3280 878 3350 fuit,
909 3290 967 3335 ut
996 3281 1180 3334 talium
1211 3282 1388 3336 obitus
1418 3298 1587 3351 usque
1616 3282 1683 3336 ad
1711 3298 1956 3339 commu-

391 3372 567 3428 nionis
592 3373 884 3428 remedium
932 3387 1040 3428 non
1076 3371 1369 3427 differatur.
1419 3372 1526 3429 Nos
1554 3374 1957 3444 autem'quibus

387 3462 687 3517 viventibus
716 3478 821 3517 non
852 3464 1379 3531 communicavimus,
1402 3465 1627 3521 mortuis
1655 3466 1959 3521 communi-

387 3568 515 3610 care
534 3569 642 3609 non
671 3570 971 3625 possumus.

602 3688 679 3743 De
706 3689 784 3743 his
805 3688 892 3760 qui
929 3689 1278 3760 paenitentiam
1299 3706 1450 3762 agere
1470 3653 1741 3761 differunt.

461 3803 600 3859 XXI.
633 3805 994 3860 Dissimulatio
1023 3806 1136 3860 haec
1177 3812 1358 3875 potest
1400 3821 1509 3860 non
1538 3805 1604 3860 de
1649 3814 1962 3877 contemptu

390 3909 513 3949 esse
542 3894 783 3959 remedii,
812 3894 906 3950 sed
926 3894 994 3949 de
1022 3903 1165 3950 metu
1186 3896 1397 3964 gravius
1417 3896 1779 3967 delinquendi.
1811 3896 1961 3953 Unde

391 3986 706 4055 pmnitentia
735 4025 752 4052 ,
794 4000 915 4054 quae
952 3984 1116 4040 dilata
1163 3995 1281 4052 est,
1325 4001 1447 4042 cum
1472 3988 1759 4044 studiosius
1794 3990 1961 4059 petita

393 4074 574 4137 fuerit,
606 4091 713 4129 non
740 4085 967 4143 negetur
997 4092 1011 4128 :
1050 4084 1111 4131 ut
1137 4091 1357 4146 quoque
1385 4077 1547 4133 modo
1573 4079 1640 4133 ad
1678 4079 1960 4150 indulgen-

392 4169 479 4222 tia:
507 4168 828 4223 medicinam
857 4168 1035 4223 anima
1063 4170 1342 4224 vulnerata
1364 4171 1661 4241 perveniat.

430 4277 583 4343 Quod
612 4289 844 4353 oporteat
876 4281 1128 4353 eumqui
1163 4299 1255 4350 pro
1280 4281 1477 4353 illicitis
1507 4282 1710 4336 veniam
1740 4284 1924 4353 poscit,

740 4348 900 4403 ’etiam
930 4348 1103 4404 multis
1140 4348 1295 4404 licitis
1324 4351 1602 4405 abstinere.

467 4437 627 4493 XXII.
669 4438 826 4494 Aliud
865 4440 1079 4510 quidem
1112 4448 1195 4496 est
1220 4441 1401 4499 debita
1445 4442 1589 4512 justa
1633 4457 1961 4515 reposcere,

2626 529 2730 567 non
2759 510 2956 565 debeat.

2079 605 2270 659 XXIV.
2303 603 2648 660 Contrarium
2677 610 2761 656 est
2786 601 3007 655 omnino
3030 596 3411 654 ecclesiasticis
3433 610 3586 665 regu-

2010 696 2075 752 lis
2102 707 2225 766 post
2250 695 2581 765 poenitentia:
2610 694 2879 748 actionem
2907 691 3087 747 redire
3120 690 3187 744 ad
3215 690 3456 744 militiam
3478 703 3584 743 sre-

2010 786 2275 854 cularem,
2342 800 2464 838 cum
2491 782 2782 854 Apostolus
2804 781 2950 835 dicat
2975 798 2988 833 :
3010 779 3181 834 Nemo
3210 779 3447 834 militans
3471 777 3585 832 Deo

1994 876 2254 945 implicat
2296 890 2355 929 se
2386 872 2618 943 negotiis
2656 870 3001 925 srecularibus
3026 868 3109 939 (II
3144 868 3277 923 Tim.
3308 867 3388 939 ιι).
3432 864 3587 921 Unde

2016 980 2121 1021 non
2150 974 2235 1019 est
2264 965 2397 1018 liber
2423 978 2454 1017 a
2481 962 2689 1031 laqueis
2717 960 2951 1027 diaboli,
3000 960 3093 1028 qui
3133 974 3193 1015 se
3222 958 3411 1013 militia
3439 970 3569 1013 mun

2016 1060 2154 1115 dana
2182 1059 2414 1115 voluerit
2445 1057 2746 1127 implicare.

2022 1174 2172 1238 Quod
2199 1173 2514 1233 adolescens,
2546 1171 2614 1238 si,
2640 1183 2852 1239 urgente
2878 1184 3173 1239 quocunque
3195 1167 3445 1239 periculo,
3480 1179 3593 1236 pae-

2091 1245 2363 1297 nitentiam
2398 1243 2586 1312 gessit,
2630 1249 2679 1294 et
2707 1238 2762 1293 se
2803 1255 2907 1293 non
2939 1238 3190 1303 continet,
3219 1238 3397 1292 uxoris
3428 1241 3595 1306 potest

2093 1314 2317 1367 remedio
2345 1312 2608 1366 sustineri.

2094 1403 2260 1459 XXV.
2291 1404 2348 1457 In
2395 1402 2759 1457 adolescentia
2788 1399 3135 1465 constitutus,
3156 1398 3221 1465 si,
3253 1404 3477 1466 urgente
3504 1404 3601 1450 aut

2027 1503 2173 1549 metu
2200 1494 2387 1549 mortis
2408 1533 2423 1559 ,
2474 1502 2566 1547 aut
2593 1491 2915 1562 captivitatis
2936 1490 3192 1560 periculo,
3227 1488 3599 1560 paenitentiam

2030 1588 2214 1659 gessit,
2245 1594 2299 1640 et
2328 1594 2515 1655 postea
2547 1584 2739 1639 timens
2769 1584 2978 1654 lapsum
3024 1582 3426 1637 incontinentia:
3446 1623 3463 1648 ,
3509 1595 3603 1636 ve-

2034 1679 2188 1734 nialis
2215 1677 2465 1746 copulam
2498 1675 2680 1730 uxoris
2703 1675 2883 1743 elegit,
2915 1688 2982 1729 ne
3011 1674 3214 1729 crimen
3238 1671 3605 1728 fornicationis

2036 1770 2363 1835 incurreret,
2404 1782 2520 1821 rem
2548 1764 2756 1820 videtur
2783 1764 2974 1819 fecisse
3027 1763 3314 1829 venialem,
3345 1762 3391 1817 si
3414 1769 3606 1833 pneter

2040 1858 2345 1928 conjugium
2374 1856 2574 1909 nullam
2605 1854 2824 1910 omnino
2852 1854 3183 1923 cognoverit.
3213 1851 3271 1906 In
3298 1867 3406 1921 quo
3429 1861 3608 1908 tamen

2040 1967 2147 2004 non
2177 1948 2413 2016 regulam
2455 1945 2857 2013 constituimus,
2902 1946 2994 1999 sed
3030 1944 3155 2013 quid
3186 1944 3256 1998 sit
3285 1943 3609 1998 tolerabilius

2039 2039 2367 2094 aestimamus
2400 2052 2412 2089 :
2446 2052 2568 2090 nam
2597 2034 2889 2089 secundum
2919 2049 3100 2089 veram
3130 2033 3489 2101 cognitionem
3531 2033 3611 2086 ηἰ-

2043 2134 2115 2188 hil
2145 2131 2310 2199 magis
2340 2129 2388 2184 ei
2417 2129 2692 2198 congruit,
2721 2128 2812 2197 qui
2841 2126 3211 2197 pamitentiatn
3240 2126 3422 2193 gessit,
3454 2139 3614 2194 quam

2043 2224 2258 2280 castitas
2286 2235 2654 2292 perseverans,
2679 2226 2735 2272 et
2757 2217 2952 2271 mentis
2980 2224 3036 2271 et
3059 2216 3321 2285 corporis.
3598 2280 3603 2287 τ

2051 2330 2200 2394 Quod
2227 2330 2270 2383 si
2287 2330 2398 2399 quis
2428 2327 2745 2398 propositum
2773 2326 3012 2399 monac/ti
3041 2325 3356 2399 deseruerit,
3401 2323 3616 2394 publica

2260 2396 2325 2452 sit
2353 2396 2661 2469 pauitantia:
2701 2397 3059 2468 satisfactione
3085 2396 3403 2464 purgandus.

2122 2490 2458 2561 Propositum
2488 2489 2734 2544 monachi
2781 2490 2999 2560 proprio
3059 2489 3284 2543 arbitrio
3313 2496 3406 2542 aut
3432 2487 3619 2542 volun-

2050 2591 2159 2637 tate
2187 2592 2492 2651 susceptum
2520 2623 2534 2648 ,
2580 2580 2753 2635 deseri
2802 2597 2909 2634 non
2938 2587 3117 2650 potest
3147 2581 3347 2649 absque
3368 2572 3619 2648 peccato.

2050 2670 2201 2736 Quod
2230 2671 2370 2725 enim
2401 2670 2519 2738 quis
2548 2669 2693 2724 vovit
2721 2668 2853 2733 Deo,
2893 2668 3054 2722 debet
3091 2675 3147 2723 et
3176 2666 3422 2722 reddere.
3471 2664 3623 2721 Unde

2050 2763 2140 2830 qui
2168 2761 2353 2815 relicta
2386 2759 2769 2830 singularitatis
2797 2758 3146 2830 professione,
3173 2758 3239 2812 ad
3265 2758 3507 2813 militiam
3535 2757 3624 2812 vel

2054 2852 2119 2905 ad
2154 2851 2363 2921 nuptias
2392 2849 2676 2905 devolutus
2704 2857 2807 2918 est,
2856 2850 3082 2920 publica:
3112 2848 3439 2919 pmnitentize
3466 2847 3625 2925 satis-

2055 2946 2285 3001 factione
2314 2944 2618 3017 purgandus
2645 2952 2749 3012 est,
2772 2944 2894 3013 quia
2918 2944 3016 2998 etsi
3043 2943 3301 2996 innocens
3322 2941 3536 3009 militia,
3568 2948 3625 2997 et

2055 3037 2344 3096 honestum
2373 3043 2552 3106 potest
2579 3050 2697 3090 esse
2724 3034 3050 3104 conjugium,
3094 3032 3417 3089 electionem
3437 3032 3627 3088 melio-

2056 3144 2170 3182 rem
2198 3127 2501 3184 deseruisse
2531 3127 2883 3197 transgressio
2912 3136 3014 3182 est.

2063 3240 2213 3307 Quod
2240 3243 2445 3312 puellae,
2476 3258 2589 3314 qua:
2616 3257 2718 3295 non
2759 3250 2966 3306 coactas,
3007 3239 3099 3293 sed
3135 3239 3395 3314 uoluntate
3419 3239 3630 3309 propria

2128 3310 2434 3384 virginitatis
2460 3310 2777 3384 propositum
2804 3320 3151 3384 susceperunt,
3174 3310 3495 3378 delinquant,
3518 3324 3630 3362 cum

2129 3381 2417 3446 nupserim,
2461 3381 2562 3436 etsi
2593 3381 2819 3436 nondum
2846 3381 3050 3452 fuerant
3080 3388 3413 3434 consecratae.

2129 3470 2339 3526 XXVII.
2377 3466 2593 3537 Puellae,
2642 3484 2760 3539 qua:
2788 3485 2896 3525 non
2924 3477 3206 3540 parentum
3236 3477 3432 3524 coacta:
3460 3467 3632 3538 impe-

2060 3563 2177 3630 rio,
2225 3562 2319 3618 sed
2355 3570 2654 3633 spontaneo
2705 3560 2908 3631 judicio
2935 3558 3254 3633 virginitatis
3298 3559 3632 3631 propositum

2061 3663 2222 3725 atque
2265 3652 2507 3709 habitum
2537 3660 2928 3723 susceperunt,
2976 3655 3022 3708 si
3063 3661 3250 3723 postea
3279 3653 3495 3722 nuptias
3536 3651 3635 3708 eli-

2062 3754 2212 3814 gunt,
2239 3745 2676 3816 prmvaricantur,
2700 3744 2910 3799 etiamsi
2947 3743 3184 3799 nondum
3210 3742 3288 3798 eis
3308 3744 3477 3812 gratia
3506 3759 3635 3798 con-

2062 3834 2376 3891 secrationis
2403 3833 2628 3890 accessit
2662 3851 2675 3886 :
2722 3833 2874 3903 cujus
2902 3833 3087 3903 utique
3115 3848 3222 3887 non
3263 3832 3637 3888 fraudarentur

2062 3943 2306 3992 munere,
2335 3926 2380 3982 si
2406 3926 2458 3981 in
2482 3925 2761 3997 proposito
2789 3932 3187 3996 permanerent.

2063 4039 2143 4095 De
2163 4041 2243 4095 his
2281 4039 2459 4112 quibus
2500 4038 2709 4092 dubium
2737 4046 2830 4100 est,
2864 4047 3033 4091 utrum
3058 4038 3367 4107 baptismum
3393 4052 3636 4107 percepe-

2379 4110 2506 4177 rint,
2533 4124 2738 4161 necesse
2764 4116 2839 4160 est
2873 4116 2930 4159 ut
2958 4118 3318 4180 renascantur.

2136 4196 2368 4252 XXVIII.
2398 4197 2455 4251 Si
2484 4196 2630 4250 nulla
2652 4202 2865 4250 exstant
2894 4194 3087 4248 indicia
3118 4195 3258 4249 inter
3286 4194 3639 4264 propinquos,

2067 4293 2160 4341 aut
2187 4284 2494 4349 familiares,
2525 4283 2670 4337 nulla
2699 4282 2840 4337 inter
2867 4281 3116 4349 clericos,
3145 4289 3240 4336 aut
3266 4282 3493 4346 vicinos,
3522 4284 3642 4352 qui-

2064 4375 2167 4432 bus
2205 4374 2282 4439 hi,
2314 4373 2384 4429 de
2411 4372 2602 4444 quibus
2629 4372 2907 4442 qureritur,
2938 4371 3195 4441 baptizati
3223 4371 3385 4426 fuisse
3412 4371 3635 4427 docean-

2066 4472 2177 4530 tur,
2236 4462 2501 4533 agendum
2530 4470 2631 4528 est,
2664 4468 2723 4517 ut
2750 4469 3123 4530 renascantur,
3155 4476 3223 4517 ne
3249 4461 3529 4517 manifeste
3552 4476 3645 4533 pe-

393 4528 540 4584 aliud
567 4531 783 4600 propria
811 4532 1162 4600 perfectionis
1206 4548 1393 4589 amore
1432 4544 1781 4592 contemnere
1806 4579 1823 4605 ,
1869 4552 1945 4593 set

2070 4528 2243 4621 reant,
2275 4528 2331 4610 in
2372 4552 2565 4624 quibus
2597 4551 2741 4623 quod
2768 4567 2877 4608 non
2908 4528 3209 4608 ostenditur
3246 4560 3477 4622 gestum,
3506 4528 3647 4608 ratio

395 4620 701 4675 illicitorum
728 4622 941 4676 veniam
970 4624 1332 4692 postulantem
1360 4633 1573 4696 oportet
1592 4627 1754 4681 etiam
1783 4642 1814 4682 a
1844 4628 1965 4683 lici-

395 4709 466 4763 tis
491 4709 763 4764 abstinere
790 4749 806 4775 ,
849 4710 1061 4766 dicente
1088 4712 1351 4782 Apostolo
1382 4730 1395 4766 :
1426 4710 1614 4769 Omnia
1653 4715 1835 4783 licent,
1870 4718 1969 4773 sed

396 4814 503 4855 non
528 4801 712 4855 omnia
749 4802 1039 4872 expediunt
1069 4802 1124 4873 (I
1162 4803 1362 4859 (ἔοι-ἔπι.
1392 4805 1492 4875 vr).
1526 4803 1680 4863 Unde
1707 4807 1753 4862 si
1794 4809 1967 4878 paeni-

398 4898 573 4946 tentes
602 4891 804 4947 habent
846 4908 1064 4949 causam
1089 4936 1105 4962 ,
1151 4910 1311 4965 quam
1356 4896 1631 4965 negligere
1671 4896 1812 4954 forte
1852 4914 1962 4955 non

399 4979 648 5047 debeant,
698 4983 890 5040 melius
912 4986 1115 5056 expetit
1153 4986 1274 5057 quis
1299 4986 1759 5057 ecclesiasticum,
1807 5005 1969 5061 quam

398 5073 610 5130 forense
624 5074 901 5145 judicium.

470 5186 620 5252 Quod
646 5187 910 5257 paenitenti
928 5188 1074 5241 nulla
1096 5186 1635 5273 lucranegotiationis
1664 5208 1901 5249 exercere

1046 5272 1330 5314 conveniat.

1046 5274 1330 5314 conveniat.

467 5344 652 5401 XXIII.
684 5347 926 5414 Qualitas
946 5347 1081 5403 lucri
1108 5351 1470 5419 negotiantem
1497 5361 1591 5407 aut
1619 5361 1845 5408 excusat
1877 5362 1971 5409 aut

398 5440 610 5508 arguit,
659 5440 787 5510 quia
824 5447 910 5514 est
935 5440 1195 5497 honestus
1222 5450 1489 5510 quaestus,
1527 5452 1584 5499 et
1629 5446 1821 5514 turpis.
1867 5444 1969 5501 Ve-

399 5507 700 5584 rnattamen
740 5507 1023 5599 pmtiitenti
1067 5507 1257 5585 utilius
1288 5507 1569 5601 dispendia
1611 5507 1759 5601 pati,
1806 5548 1968 5602 quam

400 5618 654 5689 periculis
682 5619 1059 5689 negotiationis
1076 5620 1354 5689 obstringi,
1386 5620 1510 5690 quia
1541 5620 1758 5677 difﬁcile
1785 5630 1866 5677 est
1888 5623 1971 5677 in-

400 5715 483 5763 ter
516 5709 747 5765 ementis
779 5709 1167 5782 vendentisque
1213 5710 1597 5769 commercium
1640 5727 1750 5769 non
1803 5714 1969 5771 inter-

401 5797 583 5854 Vt-nire
611 5808 915 5868 peccatum.

2074 4663 2182 4703 non
2210 4647 2357 4714 sinit,
2386 4652 2445 4700 ut
2471 4644 2717 4700 videatur
2758 4643 3031 4698 iteratum.
3063 4642 3166 4710 Qui
3201 4652 3382 4699 autem
3422 4653 3647 4713 possunt

2073 4738 2401 4803 meminisse,
2428 4734 2571 4805 quod
2610 4735 2678 4789 ad
2726 4734 3013 4790 ecclesiam
3041 4734 3332 4789 veniebant
3372 4750 3493 4790 cum
3545 4750 3645 4805 pa-

2074 4828 2315 4884 rentibus
2346 4827 2475 4893 suis,
2520 4834 2747 4897 possunt
2772 4824 3044 4881 recordari
3073 4840 3140 4879 an
3163 4826 3308 4896 quod
3335 4841 3521 4882 eorum
3551 4841 3649 4897 pa—

2073 4918 2314 4974 rentibus
2338 4917 2586 4982 dabatur,
2634 4916 2941 4986 acceperint
2972 4932 2985 4969 :
3016 4914 3113 4970 sed
3155 4916 3200 4970 si
3245 4916 3349 4970 hoc
3378 4916 3538 4971 etiam
3580 4917 3650 4972 ab

2075 5007 2189 5078 ipsa
2218 5007 2478 5061 memoria
2520 5005 2755 5061 alienum
2798 5016 2919 5073 est,
2969 5003 3351 5061 conferendum
3380 5006 3459 5060 eis
3498 5005 3650 5061 vide-

2074 5104 2182 5162 tur,
2230 5096 2376 5166 quod
2418 5094 2671 5151 collatum
2700 5110 2821 5151 esse
2851 5095 3122 5162 nescitur,
3167 5096 3293 5164 quia
3322 5110 3430 5151 non
3474 5105 3649 5152 teme-

2073 5188 2207 5243 ritas
2255 5186 2543 5243 intervenit
2588 5187 3019 5260 prtesumptionis
3044 5228 3061 5256 ,
3112 5187 3203 5242 ubi
3249 5195 3331 5242 est
3375 5187 3650 5258 diligentia

2074 5280 2310 5350 pietatis.
2326 5269 2340 5285 ’

2079 5394 2227 5478 Qupd
2269 5412 2376 5461 eos,
2408 5397 2510 5478 .qui
2538 5412 2592 5450 se
2635 5394 2923 5477 baptlzatos
2963 5404 3280 5478 agnoscunt,
3331 5398 3508 5478 sedin
3549 5416 3654 5471 qua

2146 5466 2260 5548 ﬁde.
2278 5465 2532 5534 nesciunt,
2561 5481 2653 5536 per
2687 5481 2871 5519 manus
2899 5465 3277 5536 impositianent
3303 5471 3494 5544 suscipi
3522 5465 3651 5525 con-

2146 5545 2337 5589 veniat.

2144 5552 2337 5590 veniat.

2129 5626 2318 5682 XXIX.
2332 5626 2396 5682 Hi
2413 5626 2683 5691 autem,de
2695 5627 2887 5699 quibus
2897 5628 3271 5699 scripsisti,qui
3283 5646 3340 5688 se
3351 5631 3654 5702 baptizatos

2074 5716 2269 5784 sciunt,
2294 5718 2387 5773 sed
2412 5717 2566 5786 cujus
2591 5716 2713 5773 ﬁdei
2740 5718 2958 5787 fuerint,
2981 5720 3071 5791 qui
3099 5736 3194 5777 eos
3222 5722 3651 5794 haptizaverunt,

2078 5821 2137 5863 se
2162 5807 2369 5865 nescire
2396 5808 2717 5878 proﬁtentur
2749 5829 2761 5863 :
2786 5812 3040 5881 quoniam
3071 5814 3316 5885 quolibet
3344 5814 3507 5871 modo
3536 5814 3651 5872 fos-
