4092 6348
506 330 604 388 291

1708 326 1713 331 ’
1778 324 2133 385 DIONYSIUS
2170 320 2503 381 EXICUUS.’

3664 319 3761 376 2‘32
3790 360 3793 367 .

504 461 645 501 niam
684 443 1021 515 baptismatis
1048 453 1374 517 acceperunt
1397 484 1411 512 ,
1458 445 1763 516 baptizandi
1790 460 1897 500 non
1922 451 2068 511 sunt,
2103 448 2143 503 Α
2172 458 2295 498 mus
2322 442 2394 495 ita
2418 440 2617 507 dicere,
2649 438 2756 494 non
2784 436 2852 493 de
2876 449 3046 508 parvo
3068 437 3234 492 animi
3266 435 3472 492 dolore
3497 438 3754 505 procedit.

503 534 597 588 sed
619 548 713 604 per
731 549 919 588 manus
944 534 1337 603 impositionem
1352 533 1603 588 virtutem
1624 532 1857 602 Spiritus
1878 532 2071 596 sancti,

505 640 667 693 quam
691 624 757 679 ab
777 624 1039 680 hmreticis
1058 622 1305 694 accipere
1325 638 1431 677 non
1453 630 1764 693 potuerunt,
1794 622 2075 678 catholicis

506 715 790 787 copulandi
816 722 958 769 sunt.

509 828 588 884 De
615 829 692 883 his
721 830 803 897 qui
835 826 1061 882 convivio
1097 826 1365 896 gentilium
1393 834 1442 879 et
1461 824 1592 879 escis
1620 823 1965 878 immolatitiis
1990 822 2075 876 usi

1223 904 1363 949 sunt.

575 986 743 1042 XXX.
768 986 824 1042 Si
847 984 1092 1042 convivio
1120 984 1236 1040 solo
1261 984 1538 1053 gentilium
1585 990 1640 1038 et
1679 982 1816 1038 escis
1842 981 2079 1037 immola-

509 1081 640 1135 titiis
669 1080 750 1135 usi
779 1086 923 1144 sunt,
947 1084 1167 1146 possunt
1190 1074 1404 1144 jejnniis
1445 1081 1500 1129 et
1528 1089 1717 1129 manus
1737 1073 2079 1144 impositione

507 1172 741 1243 purgari,
775 1178 836 1224 ut
862 1168 1116 1237 deinceps
1152 1165 1219 1220 ab
1263 1164 1575 1236 idolothytis
1635 1164 1967 1219 abstinentes
1994 1177 2082 1218 sa-

508 1270 904 1317 cramentorum
931 1256 1129 1311 Christi
1171 1255 1377 1325 possint
1401 1268 1520 1309 esse
1553 1254 1860 1325 participes.
1888 1252 1943 1307 Si
1983 1268 2080 1306 au-

508 1361 619 1408 tem
650 1360 742 1406 aut
764 1351 901 1405 idola
932 1348 1305 1411 adoraverunt,
1332 1353 1423 1399 aut
1453 1343 1751 1400 homicidiis
1796 1343 1879 1398 vel
1908 1341 2079 1397 forni-

510 1442 808 1500 cationibus
835 1437 1183 1496 contaminati
1223 1444 1376 1499 sunt,
1422 1435 1488 1489 ad
1529 1434 1959 1490 communionem
1986 1448 2081 1489 eos

514 1536 614 1592 nisi
638 1550 734 1606 per
760 1531 1124 1604 pmnitentiam
1155 1526 1422 1600 publicam
1453 1541 1558 1579 non
1587 1531 1799 1595 Oportet
1848 1521 2076 1577 admitti.

515 1645 665 1716 Quod
709 1661 910 1716 semper
950 1638 1419 1716 Thessalonicensis
1464 1637 1678 1716 antistes
1708 1636 1839 1689 vices
1867 1642 2078 1704 aposto-

974 1712 1086 1765 licw
1114 1708 1251 1763 sedis
1287 1706 1589 1774 impleverit.

2177 530 2435 601 Meipsum
2460 528 2603 583 enim
2631 525 3027 597 quodammodo
3059 526 3197 581 trahi
3224 525 3285 581 in
3312 525 3538 594 culpam
3567 528 3755 593 sentio,

2176 638 2298 678 cum
2329 630 2381 677 te
2426 635 2457 674 α
2496 619 2703 675 traditis
2730 618 2823 674 tibi
2863 618 3064 686 regulis
3110 617 3413 673 immodice
3449 616 3759 676 discessisse

2174 727 2443 783 cognosco
2465 752 2481 776 ,
2528 711 2619 781 qui
2661 710 2707 765 si
2736 718 2840 765 tua:
2865 708 3235 764 aestimationis
3281 722 3487 778 parum
3532 707 3785 776 diligens.

2175 818 2314 867 eras,
2347 814 2480 857 mea!
2522 803 2715 856 saltem
2745 800 2899 855 fama!
2944 814 3169 869 parcere
3192 797 3447 855 debuisti
3480 814 3497 851 :
3530 810 3619 859 ne.
3648 813 3758 868 qu

2177 900 2275 947 tuo
2312 898 2518 945 tantum
2566 890 2706 944 facta
2756 896 2884 944 sunt
2930 888 3150 951 animo,
3198 897 3400 943 nostro
3451 880 3760 944 viderentur

2176 990 2323 1051 gesta
2343 979 2566 1050 judicio.
2586 980 2812 1049 Relegat
2837 980 3147 1035 fraternitas
3166 986 3253 1033 tua
3280 978 3521 1048 paginas
3534 988 3759 1048 nostras,

2178 1072 2467 1140 omniaque
2494 1070 2561 1125 ad
2589 1080 2712 1126 tuos
2752 1070 2946 1127 emissa
2972 1070 3207 1139 majores
3251 1068 3585 1139 apostolicae
3627 1071 3760 1127 sedis

2179 1162 2469 1233 presulum
2501 1162 2701 1231 scripta
2732 1168 3029 1230 percurrat,
3054 1169 3109 1215 et
3134 1159 3219 1215 vel
3246 1174 3282 1213 ι
3308 1173 3431 1227 ne,
3463 1159 3549 1214 vel
3578 1172 3609 1214 a
3636 1174 3761 1229 prte-

2180 1253 2491 1309 cessoribus
2517 1253 2652 1307 meis
2691 1251 2929 1306 inveniet
2952 1250 3256 1306 ordinatum
3286 1288 3305 1318 ,
3345 1250 3502 1321 quod
3531 1265 3567 1303 a
3593 1258 3647 1305 te
3672 1266 3762 1305 co-

2180 1342 2464 1411 gnovimus
2492 1356 2612 1397 esse
2639 1352 3043 1411 praxsumptum.
3091 1340 3248 1396 Venit
3284 1354 3538 1409 namque
3564 1340 3630 1394 ad
3671 1356 3761 1397 nos

2182 1447 2303 1487 cum
2338 1432 2606 1504 episcopis
2645 1431 2933 1503 provincia:
2972 1447 3082 1487 sua:
3121 1431 3293 1486 frater
3318 1440 3515 1486 noster
3542 1430 3759 1497 Atticus,

2180 1527 2379 1582 veteris
2407 1525 2554 1596 Epiri
2579 1524 3029 1595 metropolitanus
3048 1524 3296 1591 antistes,
3330 1530 3393 1578 et
3420 1522 3496 1577 de
3526 1522 3757 1590 indignis

2182 1620 2318 1675 sima
2348 1617 2669 1680 alllictioue,
2710 1634 2872 1689 quam
2900 1617 3142 1686 pertulit,
3170 1615 3520 1687 lacrytnabili
3559 1616 3761 1670 actione

2183 1716 2512 1780 conquestus
2560 1716 2665 1771 est,
2713 1723 2896 1763 coram
2935 1708 3232 1761 astantibus
3259 1705 3592 1760 diaconibns
3626 1706 3757 1759 tuis:

581 1803 771 1861 XXXI.
798 1802 907 1858 Leo
937 1801 1175 1871 episcop.
1205 1790 1563 1852 urbis'lloma:
1592 1793 1875 1850 Anastasio
1915 1792 2080 1862 episc.
2114 1805 2164 1867 Β
2186 1799 2277 1869 qui
2297 1798 2532 1867 querelis
2557 1795 2821 1852 ﬂebilibus
2841 1792 2972 1851 nihil
2993 1805 3179 1851 contra
3206 1794 3525 1860 referendo,
3549 1808 3632 1858 ea,
3652 1810 3760 1863 qua:

522 1894 983 1974 Ihessaloniccnsi
994 1893 1288 1959 .—Quanta
1303 1889 1618 1946 fraternitati
1635 1896 1737 1941 tum
1750 1903 1778 1941 a
1792 1885 2083 1941 beatissimi

518 1984 661 2041 Petri
691 1984 918 2056 apostoli
956 1985 1276 2039 auctoritate
1304 1981 1591 2036 commissa
1620 1980 1763 2044 sint,
1814 1985 1871 2032 et
1907 1975 2083 2047 qualia

518 2076 679 2130 etiam
719 2084 903 2129 nostro
938 2072 1029 2127 tibi
1064 2072 1246 2127 favore
1270 2072 1378 2127 sint
1400 2068 1626 2135 credita,
1651 2068 1696 2122 si
1724 2082 1850 2123 vera
1878 2066 2086 2121 ratione

519 2164 870 2234 perspiceres,
900 2170 955 2218 et
979 2162 1123 2231 justo
1165 2160 1413 2215 examine
1453 2159 1819 2228 ponderares,
1861 2157 2085 2211 multum

518 2270 798 2328 possemus
844 2252 909 2308 de
952 2253 1202 2323 iniuncta:
1234 2250 1328 2305 tibi
1378 2248 1749 2305 sollicitudinis
1803 2247 2089 2302 devotione

520 2344 772 2417 gaudere.
813 2342 1077 2409 Quoniam
1109 2342 1249 2395 sicut
1277 2351 1636 2412 praecessores
1664 2336 1768 2391 mei
1802 2349 2090 2405 prtecesso-

519 2436 669 2492 ribus
707 2433 829 2499 tuis,
858 2432 931 2487 ita
962 2431 1121 2486 etiam
1162 2444 1262 2498 ego
1291 2426 1567 2483 dilectioni
1598 2433 1722 2490 tum,
1745 2424 1981 2495 priorum
2006 2438 2093 2480 se-

522 2536 679 2583 cutus
714 2525 1045 2594 exemplum,
1072 2523 1217 2577 vices
1267 2522 1373 2576 mei
1403 2517 1781 2575 moderaminis
1803 2515 2042 2585 delegavi
2074 2527 2089 2568 :

524 2628 583 2674 ut
618 2633 821 2683 curam,
863 2631 1021 2686 quam
1054 2615 1319 2669 universis
1347 2611 1602 2668 Ecclesiis
1629 2608 1995 2681 principaliter
2026 2624 2093 2663 ex

522 2709 700 2764 divina
728 2705 1062 2762 institutione
1100 2705 1355 2759 debemus
1378 2744 1395 2770 ,
1436 2701 1674 2756 imitator
1705 2707 1904 2754 nostra:
1944 2713 2098 2752 man-

526 2800 821 2858 suetudinis
842 2798 1147 2866 adjuvares,
1177 2805 1234 2852 et
1254 2793 1557 2865 longinquis
1578 2807 1607 2846 a
1636 2791 1788 2847 nobis
1809 2788 2096 2860 provinciis

480 2916 483 2917 ν
524 2889 863 2964 Ρηυδεηιίίιηι
894 2885 1289 2959 quodammodo
1318 2894 1515 2940 nostra:
1548 2880 1869 2937 visitatiouis
1892 2881 2098 2950 impen-

525 2983 684 3039 deres
710 3020 725 3047 ,
793 2988 850 3036 et
909 2979 1205 3035 continenti
1236 3017 1252 3043 ,
1335 2983 1748 3047 opportuneque
1811 2981 2099 3043 prospectu

530 3080 834 3143 promptum
864 3069 961 3125 tibi
1001 3076 1144 3127 esset
1188 3081 1479 3144 agnoscere
1501 3107 1517 3134 ,
1561 3066 1689 3137 quid
1720 3067 1771 3121 in
1800 3065 2100 3136 quibusque

2186 1886 2340 1942 nobis
2385 1886 2785 1954 ingerebantur,
2828 1884 2931 1940 ﬁde
2971 1900 3079 1941 non
3129 1898 3321 1939 carere
3368 1883 3760 1938 monstrabant.

2188 1979 2491 2050 Legebatur
2518 1992 2732 2049 quoque
2777 1977 2832 2032 in
2878 1977 3074 2032 litteris
3105 1976 3207 2029 tuis
3228 2014 3242 2041 ,
3293 1990 3440 2045 quas
3471 1974 3631 2029 iidem
3657 1973 3760 2027 diae

2186 2074 2309 2129 coni
2338 2074 2414 2128 tui
2440 2068 2939 2139 detulerunt;un
2966 2068 3133 2123 frater
3161 2067 3382 2122 Atticus
3430 2062 3764 2121 Thessaloni‘

2187 2177 2306 2219 cam
2328 2162 2585 2229 venisset,
2616 2160 2866 2229 quodque
2907 2174 3229 2213 consensum
3252 2172 3421 2213 suum
3454 2157 3617 2210 etiam
3644 2152 3761 2209 serie

2188 2263 2360 2325 pturze
2388 2250 3037 2323 professionesiguasset,
3070 2256 3131 2302 ut
3173 2248 3239 2303 de
3281 2249 3388 2303 illo
3418 2263 3527 2302 non
3555 2240 3692 2299 aliud
3734 2257 3761 2297 a

2190 2344 2347 2400 nobis
2374 2350 2556 2413 posset
2580 2340 2824 2410 intelligi,
2855 2354 3013 2409 quam
3043 2339 3243 2410 proprii
3266 2338 3515 2405 arbitrii,
3542 2345 3597 2391 et
3622 2350 3759 2405 span

2191 2441 2365 2489 lanea:
2408 2432 2709 2489 devotionis
2755 2429 2953 2494 fuisse,
3004 2428 3149 2500 quod
3199 2436 3477 2491 venerat,
3526 2424 3761 2496 quodque

2193 2525 2491 2581 chartulam
2520 2524 2587 2580 de
2629 2522 2948 2578 obedientia:
2996 2522 3287 2593 sponsione
3327 2520 3757 2589 conscripserat:

2195 2618 2249 2672 in
2279 2615 2431 2685 cujus
2456 2624 2633 2669 tamen
2662 2612 2919 2669 chartula:
2949 2611 3223 2667 mentione
3257 2612 3487 2681 signum
3516 2608 3763 2681 prodeba-

2198 2716 2287 2763 tur
2311 2706 2539 2777 injurias.
2584 2703 2697 2759 Non
2729 2704 2872 2758 enim
2901 2703 3261 2759 necessarium
3304 2704 3520 2770 fuerat,
3551 2710 3609 2754 ut
3642 2696 3762 2754 obli-

2201 2807 2423 2868 garetur
2448 2796 2671 2866 scripto,
2699 2795 2789 2866 qui
2819 2793 3180 2851 obedientiam
3208 2810 3371 2851 suam
3402 2794 3523 2866 ipso
3548 2792 3654 2863 jam
3681 2807 3761 2845 vo-

2196 2887 2415 2943 luntarii
2445 2887 2704 2942 adventus
2738 2888 2998 2956 probabat
3023 2886 3205 2943 officio
3223 2927 3239 2955 ,
3268 2887 3424 2942 unde
3452 2882 3762 2955 deploratio—

2198 2981 2353 3036 nibus
2373 2979 2665 3052 supradicti
2689 2980 2801 3034 haec
2821 2979 2983 3035 verba
3005 2978 3246 3049 epistolm
3269 2988 3382 3034 una
3417 2977 3760 3033 testimonium

2198 3072 2560 3142 praebuerunt,
2593 3078 2649 3124 et
2695 3085 2794 3140 per
2821 3069 2945 3133 hoc,
2983 3069 3128 3140 quod
3152 3084 3260 3124 non
3288 3077 3383 3125 est
3410 3069 3650 3132 tacitum,
3673 3079 3763 3118 nu-

526 3162 688 3218 rebus
716 3161 802 3216 vel
832 3170 924 3214 tuo
962 3158 1140 3214 studio
1166 3170 1542 3227 compoueres,
1573 3154 1657 3211 vel
1686 3165 1870 3209 nostro
1894 3151 2097 3221 judicio
2123 3173 2168 3238 ο
2199 3159 2381 3215 datum
2410 3170 2493 3216 ρει
2521 3160 2667 3225 illud,
2691 3158 2835 3230 quod
2862 3159 3075 3214 silentio
3095 3159 3270 3215 fuerat
3292 3159 3644 3230 adapertum,
3663 3154 3761 3208 adi-

524 3264 849 3306 reservares.
889 3247 1021 3301 Nam
1049 3262 1170 3302 cum
1199 3244 1403 3315 majora
1429 3244 1664 3312 negotia,
1691 3252 1745 3297 et
1769 3240 2096 3296 dilﬂciliores

527 3354 809 3396 causarum
849 3338 1025 3393 exitus
1048 3337 1275 3392 liberum
1319 3335 1415 3389 tibi
1445 3343 1587 3389 esset
1612 3333 1711 3389 sub
1752 3342 1949 3389 nostrze
1972 3347 2097 3387 sen-

528 3432 708 3491 tentia:
735 3429 1141 3499 exspectatione
1166 3427 1515 3498 suspendere,
1549 3442 1647 3482 nec
1672 3425 1808 3480 ratio
1839 3424 1952 3489 tibi,
1994 3440 2097 3480 nec

532 3522 824 3578 necessitas
847 3521 943 3574 fuit
963 3520 1015 3574 in
1038 3520 1110 3584 id,
1133 3517 1277 3588 quod
1298 3532 1604 3573 mensuram
1627 3526 1769 3571 tuam
1791 3515 2096 3583 excederet,

530 3611 797 3670 deviandi.
821 3608 1108 3665 Abundant
1135 3609 1276 3664 enim
1306 3607 1446 3678 apud
1474 3617 1527 3663 te
1554 3607 1877 3663 monitorum
1897 3605 2097 3675 scripta

534 3713 842 3760 nostrorum
867 3743 885 3771 ,
924 3701 1117 3770 quibus
1145 3708 1200 3755 te
1222 3700 1291 3755 de
1319 3701 1557 3754 omnium
1595 3698 1865 3753 actionum
1897 3706 2103 3767 tempe~

532 3796 704 3851 rantis
733 3793 1042 3863 frequenter
1068 3792 1413 3847 instruximus
1436 3830 1452 3855 ,
1498 3798 1556 3845 ut
1582 3787 1980 3845 commendatas
2007 3788 2099 3844 tibi

531 3884 729 3939 Christi
758 3881 1023 3938 Ecclesias
1050 3896 1145 3951 per
1172 3878 1894 3941 exhortationemcharitatis
1916 3876 1981 3932 ad
2009 3893 2099 3932 sa-

533 3973 838 4028 lubritatem
866 3969 1148 4025 audientis:
1188 3985 1509 4041 provocares
1540 3988 1554 4025 :
1583 3970 1706 4043 quia
1737 3971 1835 4026 etsi
1865 3971 2101 4041 plerum-

531 4078 636 4133 que
664 4062 898 4117 existunt
925 4061 1065 4115 inter
1094 4061 1419 4131 negligentes
1440 4103 1455 4127 ,
1504 4062 1586 4117 vel
1629 4062 1840 4117 desides
1877 4063 2100 4128 fratres,

530 4166 650 4222 quae
678 4158 928 4221 oporteat
963 4150 1165 4219 majore
1206 4152 1527 4206 auctoritate
1566 4152 1778 4217 curari,
1811 4153 1888 4208 sic
1922 4162 2103 4209 tamen

531 4239 831 4295 adhibenda
855 4247 939 4294 est
964 4238 1255 4309 correptio,
1278 4249 1335 4293 ut
1362 4254 1576 4311 semper
1593 4242 1661 4297 sit
1689 4242 1837 4296 salva
1862 4240 2098 4299 dilectio.

537 4328 683 4385 Unde
712 4338 766 4385 et
815 4331 1003 4385 beatus
1031 4330 1307 4400 apostolus
1333 4327 1529 4385 Paulus
1570 4331 1638 4387 ad
1683 4332 2100 4389 eccmsiasticum

534 4420 774 4489 regimen
812 4419 1153 4474 Timotheum
1197 4419 1440 4475 imbuens
1485 4420 1663 4475 dicit:
1710 4421 1987 4477 Seniorem
2036 4438 2105 4478 ne

538 4508 935 4579 increpaveris,
986 4508 1081 4563 sed
1135 4508 1357 4563 obsecra
1422 4517 1483 4563 ut
1510 4519 1737 4581 patrem,
1782 4512 2007 4580 juvenes
2047 4522 2106 4569 ut

536 4599 767 4663 fratres,
819 4614 952 4652 anus
1000 4607 1059 4652 ut
1086 4607 1315 4665 matres,
1356 4598 1673 4669 juvenculas
1709 4610 1768 4656 ut
1808 4617 2023 4660 sat-ores
2050 4605 2103 4661 in

538 4691 685 4745 omni
713 4689 959 4745 castitate
987 4688 1043 4762 (l
1074 4689 1261 4745 Timot.
1293 4690 1371 4762 v).
1414 4690 1544 4758 Qua:
1574 4693 1891 4762 moderatio,
1921 4696 1967 4752 si
1988 4698 2106 4767 qui-

535 4781 848 4850 buscunqne
875 4780 1215 4837 inferioribus
1242 4784 1495 4840 membris
1524 4799 1592 4840 ex
1618 4787 1917 4855 apostolica
1960 4789 2106 4845 insti-

539 4870 746 4927 tutione
774 4870 1016 4937 debetur,
1048 4882 1250 4941 quanto
1279 4875 1449 4942 magis
1476 4872 1728 4932 fratribus
1755 4885 1812 4932 et
1838 4880 2107 4950 coepiscoo

535 4963 619 5035 pis
648 4962 844 5017 nostris
868 4961 983 5017 sine
1009 4961 1303 5018 oll‘ensione
1322 4964 1590 5020 reddenda
1618 4974 1722 5033 est,
1747 4975 1806 5022 ut
1825 4968 1949 5024 licet
1966 4984 2101 5025 non—

534 5071 805 5125 nunquam
838 5053 1121 5121 accidant,
1174 5070 1295 5125 qua:
1326 5056 1379 5111 in
1417 5057 1841 5115 sacerdotalibus
1866 5070 1989 5117 sunt
2017 5076 2105 5118 re-

536 5142 913 5213 prehendenda
944 5142 1222 5213 personis:
1252 5144 1374 5214 plus
1401 5153 1580 5201 tamen
1609 5161 1737 5217 erga
1759 5150 2106 5220 corrigendos

538 5242 659 5300 agat
684 5233 1057 5288 benevolentia
1090 5247 1251 5302 quam
1306 5237 1582 5303 severitas,
1637 5238 1761 5308 plus
1803 5241 2104 5299 cohortatio

535 5338 695 5392 qnam
723 5326 1036 5391 commotio,
1078 5325 1197 5395 plus
1250 5325 1482 5381 charitas
1518 5342 1682 5396 quam
1713 5337 1970 5399 potestas.
1997 5333 2102 5387 Sed

538 5417 606 5470 ab
636 5415 738 5480 his,
768 5419 856 5486 qui
885 5432 1004 5486 qua:
1026 5433 1120 5473 sua
1148 5426 1275 5473 sunt
1301 5428 1547 5488 qutcrunt
1570 5461 1585 5486 ,
1630 5436 1737 5475 non
1763 5434 1881 5489 qua:
1908 5421 2102 5476 Christi

534 5501 661 5558 Jesn
690 5505 907 5575 (Philip.
934 5511 1012 5577 ιι),
1038 5507 1189 5563 facile
1212 5509 1277 5563 ab
1306 5509 1408 5564 hac
1434 5510 1549 5579 lege
1569 5511 1881 5575 disceditur,
1908 5520 1962 5565 et
1979 5510 2104 5565 dum

2201 3258 2311 3304 tam
2339 3250 2545 3306 scilicet
2572 3242 2764 3320 lllyrici
2793 3248 3169 3320 prchecturam
3189 3290 3207 3317 ,
3247 3257 3304 3304 et
3334 3247 3760 3305 sublimissimam

2203 3341 2345 3395 inter
2372 3338 2673 3394 mundanos
2720 3340 2900 3409 apices
2926 3348 3249 3410 potestatem
3298 3339 3362 3393 in
3394 3336 3759 3393 cxhibitiouent

2202 3431 2428 3487 insontis
2469 3430 2725 3485 antistitis
2770 3431 3067 3494 incitatam,
3114 3440 3174 3487 ut
3211 3430 3382 3486 missa
3429 3427 3760 3484 exsecutione

2202 3520 2461 3587 terribili,
2495 3534 2614 3590 qua:
2654 3520 2833 3574 omnia
2860 3521 2960 3576 sibi
2988 3519 3161 3575 olﬁcia
3191 3521 3413 3590 publica
3435 3520 3503 3574 ad
3533 3516 3760 3574 ellectum

2201 3609 2578 3680 praeceptionis
2626 3607 2968 3678 adjunseret,
3020 3625 3050 3664 a
3087 3610 3254 3665 sacris
3298 3609 3565 3665 Ecclesia:
3606 3603 3762 3675 adytis

2202 3702 2351 3757 nullo
2380 3700 2465 3757 vel
2494 3700 2629 3757 falso
2666 3700 3004 3756 insimulatus
3028 3700 3249 3756 crimine
3278 3702 3662 3756 extraheretur
3683 3708 3736 3748 sa

2202 3792 2395 3847 cerdos
2426 3807 2440 3844 :
2472 3791 2557 3847 cui
2585 3807 2691 3846 non
2720 3792 2791 3846 ob
2818 3791 3120 3846 molestiam
3148 3791 3512 3859 egritudinis,
3553 3804 3655 3842 non
3697 3785 3758 3838 ob

2200 3883 2461 3938 saevitiam
2510 3883 2702 3939 hiemis
2740 3882 3001 3937 darentur
3045 3880 3304 3946 induciae,
3348 3881 3450 3937 sed
3496 3881 3597 3934 iter
3621 3888 3758 3945 aspe-

2202 3991 2343 4042 rum,
2384 3984 2439 4053 et
2480 3974 2729 4045 periculis
2753 3974 2967 4045 plenum
2995 3989 3092 4043 per
3118 3974 3288 4029 invias
3317 3974 3478 4029 nives
3499 3983 3653 4039 agere
3678 3980 3759 4021 co-

2202 4074 2437 4135 geretur,
2468 4064 2609 4134 quod
2636 4064 2767 4118 tanti
2796 4064 3012 4129 laboris,
3041 4065 3282 4134 tantique
3306 4061 3631 4119 discriminis
3653 4056 3756 4121 fuit,

2207 4166 2266 4211 ut
2307 4170 2373 4210 ex
2403 4156 2506 4221 his,
2555 4154 2647 4224 qui
2700 4156 3013 4225 episcopum
3060 4156 3303 4211 comitati
3351 4164 3519 4221 sunt,
3560 4147 3756 4222 quidam

2205 4244 2466 4302 deiecisse
2494 4246 2757 4302 dicantur.
2802 4245 3029 4300 Multum
3076 4256 3289 4317 stupeo,
3331 4245 3502 4302 frater
3528 4238 3756 4300 charissi-

2206 4352 2313 4401 me,
2364 4336 2458 4391 sed
2486 4344 2542 4390 et
2586 4335 2870 4405 plurimum
2919 4335 3109 4397 doleo.
3147 4336 3291 4405 quod
3319 4336 3370 4390 in
3390 4328 3549 4401 ‘eum,
3577 4332 3639 4386 de
3660 4341 3755 4396 quo

2210 4429 2337 4483 nihil
2361 4428 2588 4497 amplius
2603 4426 2957 4493 indicaveras,
2973 4440 3134 4496 quam
3156 4426 3300 4498 quod
3317 4436 3576 4483 evocatus
3588 4423 3755 4477 adesse
3788 4446 3791 4447 ν

2132 4519 2475 4619 I)dilferret,
2527 4527 2584 4573 et
2621 4520 3026 4574 excusationem
3067 4519 3393 4576 infirmitatis
3437 4514 3751 4576 obtenderet,

2209 4617 2317 4665 tam
2346 4608 2605 4665 atrociter
2650 4617 2706 4664 et
2752 4617 2860 4663 tam
2888 4609 3240 4664 vehementer
3263 4610 3509 4680 potueris
3536 4614 3755 4662 commo-

2210 4702 2320 4756 veri
2352 4718 2365 4755 :
2398 4700 2691 4771 praesertim
2720 4714 2873 4765 mm,
2909 4700 3123 4755 etiamsi
3180 4700 3289 4754 tale
3315 4699 3513 4771 aliquid
3540 4701 3753 4750 merem-

2206 4797 2313 4856 tur,
2342 4790 2762 4860 exspectandum
2806 4790 2903 4845 tibi
2932 4790 3126 4855 fuerat,
3166 4790 3290 4859 quid
3320 4790 3390 4845 ad
3419 4800 3505 4844 tua
3531 4779 3751 4842 consul”

2206 4884 2579 4940 rescriberem.
2627 4882 2736 4939 Sed
2766 4891 2829 4939 ut
2872 4883 3031 4939 video
3071 4884 3211 4938 bene
3247 4883 3315 4939 de
3363 4881 3497 4938 meis
3534 4874 3752 4933 moribus

2206 4975 2548 5040 existimasti,
2574 4985 2632 5030 et
2655 4990 2816 5044 quam
2842 4975 3020 5030 civilia
3055 4990 3153 5046 pro
3190 4973 3554 5032 conservanda
3593 4974 3753 5021 tacet“

2209 5066 2373 5121 dotali
2404 5065 2690 5121 concordia
2716 5080 3075 5135 responsurus
3101 5082 3274 5122 essem
3291 5108 3306 5134 ,
3337 5064 3607 5121 verissime
3632 5066 3750 5127 νη*

2207 5158 2403 5214 vidisti.
2444 5155 2512 5211 Et
2539 5155 2660 5212 ideo
2688 5164 2871 5213 motus
2912 5166 3033 5214 tuos
3067 5160 3290 5227 exsequi
3330 5158 3447 5213 sine
3471 5145 3749 5210 dissimula-

2208 5248 2359 5302 tione
2407 5248 2709 5317 properasti
2750 5264 2771 5301 :
2808 5262 2879 5301 ne
2904 5288 2921 5313 ,
2976 5263 3098 5303 cum
3146 5246 3531 5304 moderationis
3572 5244 3745 5295 nostra

2183 5338 2352 5393 aliud
2396 5338 2736 5408 disponentis
2782 5340 2987 5410 scripta
3022 5342 3377 5409 sumpsisses,
3424 5324 3643 5395 faciendi
3679 5324 3743 5391 id.

2208 5427 2357 5499 quod
2385 5428 2583 5483 factum
2610 5438 2728 5493 est,
2769 5430 3040 5487 licentiam
3070 5446 3178 5486 non
3225 5432 3472 5486 haberes.
3522 5426 3599 5480 An
3625 5418 3745 5473 forte

2204 5518 2426 5588 aliquod
2455 5519 2549 5575 tibi
2586 5520 2811 5576 facinus
2840 5521 3169 5589 innotuerat,
3200 5500 3281 5577 eti
3302 5515 3748 5587 metropolitanum

539 5597 802 5654 dominari
834 5601 1001 5669 magis
1042 5615 1202 5670 quam
1223 5605 1508 5669 consulere
1529 5606 1755 5662 subditis
1782 5606 1980 5676 placet,
2011 5605 2111 5659 ho—
2184 5608 2524 5678 -episc0pnm
2562 5610 2689 5664 novi
2736 5610 2879 5678 apud
2915 5625 2975 5665 se
3012 5612 3250 5665 criminis
3276 5612 3488 5682 pondus
3514 5592 3749 5682 nrgebati

538 5705 638 5743 nor
669 5690 814 5743 inflat
841 5691 1170 5758 superbiam,
1204 5701 1258 5747 et
1285 5694 1431 5763 quod
1465 5697 1734 5764 provisum
1777 5703 1861 5751 est
1888 5695 1954 5751 ad
1983 5710 2111 5750 con-

2213 5697 2281 5752 At
2309 5699 2413 5753 hoc
2438 5698 2652 5767 quidem
2678 5700 2913 5754 alienum
2935 5701 3004 5754 ab
3030 5701 3121 5759 illo
3148 5680 3466 5757 esse—etiam
3488 5706 3543 5751 tu
3568 5684 3684 5746 nihil
3707 5680 3751 5735 εἰ

537 5781 797 5850 sordium,
841 5782 1010 5838 tendit
1047 5784 1114 5838 ad
1155 5800 1370 5851 noxam,
1404 5787 1565 5856 quod,
1606 5796 1663 5842 ut
1691 5803 1910 5846 necesse
1954 5788 2113 5845 habe-
2216 5788 2519 5859 objiciendo
2541 5789 2845 5859 conﬁrmas,
2886 5790 2982 5847 scd
3011 5791 3172 5848 etiam
3201 5792 3247 5847 si
3284 5793 3412 5862 quid
3453 5796 3605 5859 grave
3631 5779 3746 5832 ἱηιο·
