4092 6348
272 980 319 1139 ’l

300 1141 316 1212 1

303 1249 312 1274 Ι

319 352 428 409 9.95

1352 322 1726 382 consono
1764 313 2223 375 necnsronun
2264 311 2366 367 rp.
2411 313 2526 367 nn.
2593 275 2618 296 ⁸

3457 307 3562 362 sat
3601 362 3614 393 __

327 461 706 527 let-ramumque
733 451 1110 511 committeret
1136 488 1152 513 ,
1186 452 1368 501 nostra
1388 451 1507 498 erat
1534 437 1895 510 exspectanda
1926 439 1975 500 Α
2003 443 2059 490 et
2092 433 2184 486 ftat
2207 431 2385 486 minus
2411 430 2682 498 religiosa,
2725 441 2886 497 quam
2929 424 3205 495 convenit,
3252 423 3340 482 cui
3366 439 3474 482 non
3501 425 3571 481 li-

325 566 552 606 censura
586 526 694 602 :iut
738 545 813 600 nil
839 543 988 613 prius
1017 540 1131 608 ipse
1155 535 1514 598 decerneres,
1562 545 1724 599 quam
1752 526 1897 597 quod

326 642 483 696 nobis
529 640 743 710 placere
779 643 1156 701 cognosceres.
1184 624 1347 679 Viccs
1395 623 1538 677 enim
1567 628 1780 674 nostras
1824 618 1899 671 ita

328 741 434 788 tua:
467 709 790 784 credidimus
815 718 1092 782 cbaritati,
1133 722 1191 770 ut
1230 714 1282 770 in
1318 721 1527 783 partem
1574 709 1649 766 sis
1677 715 1900 763 vocatus

327 817 719 880 sollicitudinis,
770 829 877 869 non
908 813 960 868 in
989 807 1375 880 plenitudinem
1407 802 1726 875 potestatis:
1759 798 1902 854 unde

327 914 468 970 sicut
495 909 721 966 multum
750 919 848 960 nos
874 919 958 966 ea,
990 914 1110 970 quae
1147 913 1178 952 a
1207 905 1260 952 te
1288 897 1378 966 pie
1406 902 1531 950 sunt
1570 899 1776 956 curata,
1805 889 1902 943 Ite-

332 1006 564 1065 tilicant;
597 1001 671 1055 ita
701 996 922 1052 nimium
947 1005 1012 1048 ent
1037 1034 1053 1060 ,
1099 1005 1218 1061 quae
1246 995 1372 1044 sunt
1408 999 1690 1056 perperam
1729 991 1900 1051 gesta,

333 1094 656 1148 contristant
695 1105 708 1142 :
740 1094 797 1142 ct
842 1097 1063 1140 necesse
1089 1090 1172 1136 est
1213 1087 1340 1150 post
1365 1077 1653 1131 multarum
1697 1071 1905 1143 experi-

335 1191 516 1238 menta
545 1191 826 1235 causarum
864 1172 1148 1229 sollicitius
1193 1166 1457 1239 prospici,
1507 1173 1562 1219 et
1599 1161 1907 1231 diligentius

335 1270 644 1344 praecaveri,
674 1275 942 1338 quatenus
969 1278 1065 1334 per
1083 1261 1330 1331 spiritqu
1351 1255 1628 1313 charitatis
1654 1263 1712 1311 et
1737 1252 1906 1324 pacis,

334 1362 512 1418 omnis
558 1356 783 1414 materia
814 1354 1187 1410 scandalorum
1240 1349 1311 1405 de
1361 1347 1617 1403 Ecclesiis
1662 1344 1908 1410 Domini,

333 1467 472 1522 quas
501 1450 596 1505 tibi
635 1445 1156 1508 commendavimus,
1188 1440 1481 1504 auferatur,
1525 1436 1912 1508 praeminente

335 1543 552 1613 quidem
595 1542 648 1595 in
689 1539 794 1594 illis
831 1535 1123 1608 provinciis
1159 1533 1500 1602 episcopatus
1541 1529 1617 1583 tui
1669 1527 1911 1597 fastigio,

337 1633 436 1690 sed
461 1639 736 1702 amputato
761 1629 922 1684 totius
950 1623 1309 1697 usurpationis
1360 1635 1609 1677 excessu.

580 1767 648 1825 Ut
687 1766 1091 1838 metropolitanis
1122 1779 1216 1818 sua
1238 1761 1366 1833 jura
1393 1767 1676 1815 serventur.

396 1886 445 1942 X
457 1882 783 1952 XXIIJgitur
798 1879 1096 1937 secundum
1111 1884 1420 1932 sanctorum
1434 1873 1650 1927 Patrum
1663 1882 1915 1931 canones,

342 1980 536 2052 spiritu
565 1977 660 2031 Dei
683 1973 935 2030 conditos
981 1979 1035 2025 et
1059 1969 1224 2023 totius
1247 1965 1429 2021 mundi
1459 1962 1758 2018 reverentia
1787 1975 1920 2014 con-

343 2048 624 2131 secratos,
679 2059 1126 2131 metropolitanos
1162 2053 1488 2125 singularum
1525 2048 1928 2121 provinciarum

345 2159 658 2231 episcopos,
681 2153 874 2223 quibus
904 2167 971 2206 ex
1000 2148 1336 2216 delegatione
1365 2151 1550 2198 nostra
1576 2141 1924 2196 fraternitatis

348 2230 457 2305 tua:
484 2263 612 2303 cura
645 2243 1013 2316 prtetenditur,
1041 2240 1129 2310 jus
1161 2237 1369 2292 tradita:
1397 2235 1498 2290 sibi
1527 2233 1818 2301 antiquitus
1845 2230 1928 2286 di-

347 2341 568 2412 gnitatis
609 2339 986 2393 intemeratum
1028 2332 1228 2386 habere
1267 2327 1604 2383 decernimus
1639 2342 1654 2378 :
1702 2325 1776 2378 ita
1808 2330 1866 2377 ut
1894 2337 1926 2376 a

349 2431 551 2500 regulis
585 2427 896 2500 pnestitutis
922 2423 1066 2496 nulla
1097 2431 1190 2476 aut
1237 2417 1563 2490 negligentia
1585 2454 1601 2480 ,
1650 2423 1744 2470 aut
1787 2428 1927 2486 pra:-

351 2523 661 2593 sumptione
687 2518 987 2575 discedant.

357 2638 428 2694 Ut
458 2654 489 2690 a
517 2633 923 2704 metropolitanis
953 2648 1052 2704 non
1100 2627 1257 2704 laici,
1307 2641 1409 2704 non
1458 2622 1668 2704 bigami,
1716 2636 1818 2704 non
1857 2620 1932 2701 vi-

429 2709 648 2789 duarum
669 2690 863 2768 mariti,
886 2703 975 2756 sed
997 2690 1464 2768 irrepreltensibiles
1493 2690 1796 2748 ordinentur
1821 2690 1934 2759 cpi-

430 2794 589 2848 scapi.
641 2823 646 2828 .

427 2885 662 2941 XXXIII.
693 2883 750 2938 In
781 2880 1106 2945 civitatibus,
1152 2890 1376 2948 quarum
1413 2881 1653 2928 rectores
1681 2868 1934 2934 obierint,

358 2978 428 3033 de
473 2973 858 3033 substituendis
898 2969 1162 3041 episcopis
1211 2968 1324 3022 haec
1365 2963 1535 3019 forma
1582 2968 1846 3024 servetur,
1879 2966 1938 3014 ut

359 3067 409 3124 is
432 3066 524 3137 qui
548 3062 870 3121 ordinandus
895 3068 1000 3125 est,
1045 3056 1254 3113 etiamsi
1285 3055 1437 3110 bona:
1477 3045 1603 3105 vita:
1632 3048 1937 3105 testimonio

361 3158 630 3221 fulciatur,
665 3169 770 3209 non
796 3152 982 3214 laicus,
1035 3153 1156 3204 non‘
1183 3145 1503 3216 neophytus,
1556 3156 1655 3195 nec
1691 3137 1939 3194 secunda:

362 3247 608 3315 conjugis
646 3246 713 3301 sit
739 3244 982 3308 maritus,
1021 3250 1114 3295 aut
1141 3239 1232 3310 qui
1275 3251 1432 3291 unam
1458 3233 1673 3304 quidem
1721 3231 1937 3296 habeat,

366 3339 452 3393 vel
481 3337 743 3401 habuerit,
766 3335 860 3391 sed
887 3349 1047 3403 quam
1073 3331 1173 3386 sibi
1202 3328 1417 3383 viduam
1443 3323 1724 3394 copularit.
1750 3321 1940 3376 Sacer—

366 3427 553 3483 dotum
579 3429 721 3482 enim
749 3438 855 3480 tam
883 3423 1156 3479 excellens
1179 3429 1260 3476 est
1281 3417 1473 3474 electio
1499 3423 1557 3469 ut
1585 3414 1719 3478 htec,
1748 3427 1868 3482 quze
1887 3412 1942 3465 in

365 3519 485 3573 aliis
510 3517 764 3571 membris
795 3514 1042 3570 Ecclesisc
1085 3528 1193 3567 non
1235 3515 1500 3565 vocantur
1525 3505 1591 3561 ad
1630 3504 1860 3574 culpam,
1889 3503 1944 3558 in

367 3609 472 3663 illis
503 3617 683 3662 tamen
712 3606 1014 3661 habeantur
1042 3603 1248 3659 illicita.

458 3745 608 3812 Quod
638 3745 966 3823 subdiaconis
989 3743 1201 3798 carnale
1221 3740 1532 3796 connubium
1561 3739 1854 3812 denegetur.

445 3860 673 3916 XXXIV.
704 3860 834 3915 Nam
858 3874 978 3914 cum
1007 3866 1158 3913 extra
1201 3855 1523 3911 clericorum
1550 3853 1791 3908 ordinem
1815 3866 1948 3906 con-

367 3953 570 4008 stitutis
597 3951 899 4021 nuptiarum
928 3946 1174 4003 societati
1219 3952 1276 3999 et
1331 3942 1693 4016 procreationi
1723 3941 1951 3996 filiorum

363 4044 586 4099 studere
613 4044 682 4097 sit
706 4043 928 4097 liberum
959 4037 1256 4101 arbitrium,
1287 4035 1353 4090 ad
1376 4031 1950 4090 exhibendamtamen

367 4137 624 4208 perfecta:
647 4133 990 4191 continentiae
1019 4131 1328 4201 puritatem,
1371 4144 1440 4183 ne
1468 4125 1808 4182 subdiaconis
1831 4123 1952 4193 qui-

372 4233 494 4286 dem
522 4231 845 4286 connubium
867 4224 1084 4282 carnale
1103 4223 1435 4284 conceditur,
1459 4229 1517 4274 ut
1539 4229 1592 4274 et
1613 4219 1703 4288 qui
1731 4217 1950 4281 habent,

365 4323 479 4375 sint
509 4328 760 4389 tanquam
802 4333 908 4372 non
941 4315 1204 4369 habentes
1251 4311 1304 4384 (1
1334 4310 1569 4366 Corinth.
1601 4308 1721 4378 vn),
1763 4317 1818 4363 et
1863 4306 1956 4376 qui

375 4430 483 4468 non
513 4413 730 4476 habent,
763 4414 1113 4480 permaneant
1142 4404 1455 4474 singulares.
1491 4400 1645 4468 Quod
1683 4400 1728 4455 si
1767 4401 1822 4454 in
1851 4399 1958 4453 hoc

377 4504 584 4566 ordine,
615 4502 703 4571 qui
739 4508 960 4570 quartus
1001 4505 1084 4551 est
1113 4511 1142 4549 a
1171 4496 1367 4566 capite,
1400 4492 1617 4562 dignum
1661 4498 1746 4546 est
1773 4498 1957 4545 custo-

378 4595 497 4658 diri,
529 4601 732 4664 quanto
774 4591 942 4658 magis
972 4589 1024 4641 in
1069 4587 1261 4657 primo,
1295 4583 1381 4639 vel
1428 4581 1682 4647 secundo,
1728 4580 1959 4635 tertiove

377 4685 702 4744 servandum
744 4695 843 4748 est,
876 4697 943 4737 ne
972 4689 1065 4736 aut
1088 4678 1321 4742 levitico,
1361 4684 1452 4731 aut
1475 4672 1825 4746 presbyterali
1855 4671 1958 4728 ho-

381 4793 538 4843 uore,
585 4781 677 4829 aut
723 4770 1014 4844 episcopali
1055 4768 1371 4824 excellentia
1410 4767 1693 4836 quisquam
1736 4763 1960 4818 idoneus

382 4867 694 4933 :cstimetur,
716 4866 806 4935 qui
830 4879 888 4921 se
910 4879 941 4917 a
964 4862 1237 4931 voluptate
1259 4859 1440 4914 uxoris
1461 4857 1686 4913 necdum
1723 4854 1962 4911 frenasse

385 4956 651 5026 detegitur
667 4956 680 5008 !

651 5067 720 5124 Ut
747 5066 916 5122 nullus
945 5065 1117 5119 invitis
1147 5065 1414 5120 ordinetur
1441 5062 1678 5116 antistes.

371 5209 376 5212 -
457 5171 666 5228 XXXV.
699 5170 832 5226 Cum
877 5181 1006 5236 ergo
1033 5165 1100 5221 de
1128 5166 1321 5221 summi
1361 5161 1658 5219 sacerdotis
1701 5159 1965 5215 electione

370 5265 726 5328 tractabitur,
775 5260 866 5316 ille
912 5257 1160 5314 onmibus
1202 5254 1554 5325 praeponitur,
1600 5266 1762 5321 quem
1811 5249 1962 5316 cleri,

389 5359 667 5429 plebisque
694 5365 988 5409 consensus
1015 5348 1353 5404 concorditer
1397 5345 1722 5416 postularint
1761 5360 1774 5395 :
1806 5343 1878 5397 ita
1909 5347 1968 5396 ut

389 5452 434 5506 si
465 5451 520 5505 in
550 5449 711 5503 aliam
760 5444 898 5500 forte
925 5455 1210 5513 personam
1237 5439 1468 5510 partium
1515 5452 1574 5492 se
1601 5444 1727 5491 vota
1770 5434 1967 5490 divise-

391 5544 522 5610 rint,
549 5535 951 5608 metropolitani
974 5531 1176 5603 judicio
1205 5531 1251 5586 is
1278 5530 1433 5586 alteri
1487 5535 1855 5599 prmponatur,
1879 5525 1972 5595 qui

377 5635 689 5703 majoribus
732 5638 788 5685 et
813 5627 1005 5684 studiis
1029 5626 1266 5695 juvatur,
1314 5631 1371 5678 et
1417 5619 1643 5684 meritis,
1675 5627 1884 5674 tantum
1913 5627 1974 5672 ut

397 5727 576 5783 nullus
604 5722 782 5780 invitis
809 5728 864 5776 et
891 5733 996 5773 non
1025 5715 1329 5787 petentibus
1377 5712 1672 5777 ordinetur,
1698 5726 1765 5765 ne
1786 5708 1974 5764 civitas

402 5819 712 5887 episcopum
743 5817 1121 5880 nouoptatum
1149 5817 1240 5865 aut
1283 5812 1622 5881 contemnat,
1659 5811 1752 5859 aut
1780 5801 1972 5866 oderit,

1999 527 2172 581 cuerit
2198 527 2422 592 habere,
2450 536 2610 591 quem
2642 518 2826 574 voluit.

2005 636 2072 691 Ut
2096 635 2520 704 metropolitanus
2543 629 2701 704 Epiri
2739 629 2802 704 de
2837 628 3038 704 clec_to,_
3062 643 3211 696 quem
3239 633 3316 680 est
3357 624 3577 704 ordina-

2070 716 2212 760 turus
2252 695 2542 776 episcOpum
2571 695 2602 764 ,⁷
2633 699 2701 751 ad
2737 698 3262 776 Iltessalonicensem“
3279 695 3574 776 pontiﬁcem

2072 765 2291 845 referat,
2331 783 2380 827 et
2407 765 2482 845 de,
2502 769 2895 840 metropolitano
2922 769 3079 821 electo
3108 765 3343 821 similiter
3368 765 3578 836 provin-

2071 843 2229 900 ciales
2258 843 2505 915 episcopi.
3610 845 3621 915 ἐ

2074 956 2299 1013 XXXVI.
2333 956 2408 1010 De
2437 968 2665 1025 persona
2703 959 2882 1006 autem
2912 947 3263 1005 consecrandi
3313 946 3575 1018 episcopi,
3614 908 3623 932 ’

2005 1057 2059 1105 ct
2087 1049 2153 1103 de
2184 1047 2334 1112 cleri,
2365 1045 2644 1116 plebisque
2679 1057 2945 1097 consensu
2990 1040 3434 1109 metropolitanus
3462 1039 3581 1108 epi—

2006 1154 2200 1209 scopus
2247 1136 2314 1190 ad
2363 1134 2752 1189 fraternitatem
2798 1139 2942 1186 tuam
2988 1127 3206 1194 referat,
3254 1128 3500 1198 quodque
3529 1127 3586 1181 in

2007 1228 2281 1300 provincia
2318 1227 2456 1282 bene
2485 1224 2682 1294 placuit
2705 1223 2847 1278 scire
2877 1230 2929 1276 te
2973 1219 3155 1284 faciat,
3202 1227 3261 1273 ut
3287 1217 3586 1272 ordinatio-

2009 1333 2131 1372 nem
2160 1317 2263 1372 rite
2304 1313 2680 1370 celebrandam
2710 1320 2800 1365 tua
2828 1324 3042 1381 quoque
3070 1305 3244 1362 ﬁrmet
3272 1309 3587 1370 auctoritas,

2011 1425 2130 1479 quae
2151 1409 2314 1464 rectis
2335 1405 2773 1476 dispositionibus
2797 1404 2929 1460 nihil
2954 1417 3136 1465 morte,
3152 1408 3244 1455 aut
3267 1397 3592 1454 difficultatis

2014 1499 2231 1554 debebit
2255 1497 2468 1562 afferre,
2514 1510 2584 1551 ne
2623 1494 2874 1564 gregibus
2903 1491 3115 1549 Domini
3142 1489 3234 1546 diu
3276 1489 3418 1544 desit
3460 1503 3590 1543 cura

2017 1598 2312 1659 pastorum.

2087 1679 2501 1750 Metropolitano
2528 1692 2658 1733 vero
2694 1674 2967 1741 defuncto,
3016 1688 3137 1730 cum
3167 1674 3219 1728 in
3268 1672 3445 1728 locum
3474 1670 3594 1740 ejus

1950 1801 1996 1862 Β
2023 1771 2159 1862 alius
2202 1770 2362 1825 fuerit
2403 1765 2790 1862 subrogandus,
2839 1763 3197 1834 provinciales
3240 1760 3478 1832 episcopi
3526 1758 3596 1818 ad

2021 1860 2289 1915 civitatem
2338 1855 2675 1925 metropolim
2721 1853 3009 1908 convenire
3055 1850 3346 1915 debebunt,
3392 1858 3452 1903 ut
3475 1864 3595 1903 om-

2021 1949 2166 2003 nium
2197 1948 2536 2013 clericorum,
2584 1954 2747 2013 atque
2795 1941 3032 1998 omnium
3080 1941 3275 1995 civium
3319 1940 3608 2000 voluntate

2021 2039 2281 2102 discussa,
2327 2053 2393 2092 ex
2439 2034 2766 2107 presbyteris
2809 2032 3046 2102 ejusdem
3087 2030 3358 2097 Ecclesiae,
3405 2031 3492 2085 vel
3529 2045 3597 2086 ex

2023 2129 2264 2184 diaconis
2295 2128 2530 2198 optimus
2557 2125 2803 2194 eligatur.
2843 2123 2922 2178 De
2950 2121 3102 2192 cujus
3128 2121 3344 2176 nomine
3364 2119 3430 2176 ad
3455 2130 3599 2175 tuam

2026 2219 2273 2275 notitiam
2312 2215 2670 2289 provinciales
2697 2213 2934 2270 referant
2961 2212 3287 2279 sacerdotes,
3331 2211 3600 2282 impleturi

2025 2320 2152 2365 vota
2181 2309 2538 2380 poscentium,
2584 2321 2706 2361 cum
2735 2304 2878 2374 quod
2919 2304 3047 2375 ipsis
3075 2303 3294 2374 placuit,
3343 2303 3439 2357 tibi
3467 2318 3602 2372 quo-

2027 2417 2131 2473 que
2156 2401 2418 2472 placuisse
2443 2397 2814 2468 cognoverint.
2838 2395 2990 2451 Sicut
3013 2395 3155 2451 enim
3181 2393 3355 2464 justas
3381 2394 3604 2449 electio-

2029 2511 2125 2550 nes
2153 2495 2310 2549 nullis
2336 2492 2677 2548 dilationibus
2698 2489 2944 2544 volumus
2971 2487 3200 2559 fatigari,
3225 2487 3298 2543 ita
3320 2486 3452 2541 nihil
3479 2501 3604 2557 per-

2030 2585 2286 2641 mittimus
2313 2585 2672 2652 terignorante
2702 2578 2971 2651 prtesumi.

2029 2685 2096 2742 Ut
2127 2687 2248 2758 bina
2275 2703 2368 2756 per
2396 2704 2594 2758 annum,
2614 2684 2952 2758 provincialia
2986 2682 3341 2758 episcoporum
3378 2672 3602 2758 concilia

2097 2742 2434 2822 celebrentur,
2464 2766 2513 2809 et
2550 2757 2596 2809 si
2614 2742 2713 2808 'res
2756 2754 2977 2822 diﬂicilis
3009 2742 3295 2822 emerserit,
3325 2761 3417 2799 nec
3448 2742 3604 2822 [uerit

2099 2812 2569 2880 Thessalonicensis
2599 2812 2836 2893 episcopi.
2843 2822 3044 2893 judicio
3072 2812 3367 2880 terminata,
3395 2813 3463 2867 ad
3492 2812 3603 2867 Ro-

2107 2919 2316 2958 manum
2344 2903 2601 2972 referatur
2628 2896 2934 2950 antistitem.

2108 2991 2369 3047 XXXVII.
2420 2991 2496 3046 De
2545 2987 2786 3044 conciliis
2833 2994 3011 3041 autem
3070 2981 3464 3054 episcopalibus
3501 2997 3615 3039 nos.

2041 3083 2185 3139 aliud
2214 3080 2516 3146 indicimus,
2544 3093 2706 3148 quam
2742 3075 2915 3131 sancti
2941 3076 3128 3131 Patres
3153 3074 3438 3129 salubriter
3464 3071 3613 3148 ordi-

1967 3167 2016 3232 C
2045 3179 2261 3236 narunt,
2289 3177 2348 3224 ut
2368 3146 2577 3224 scilicet
2599 3166 2711 3222 bini
2739 3172 3033 3221 conventus
3061 3179 3158 3234 per
3185 3177 3354 3217 annos
3379 3146 3617 3230 singulos

2042 3264 2360 3327 habeantur,
2393 3261 2448 3316 in
2475 3259 2669 3330 quibus
2695 3257 2761 3314 de
2785 3256 3034 3312 omnibus
3059 3253 3291 3323 querelis
3331 3267 3451 3320 quas
3478 3251 3617 3304 inter

2042 3355 2282 3410 diversos
2309 3351 2565 3407 Ecclesite
2590 3348 2808 3405 ordines
2846 3345 2993 3401 nasci
3013 3343 3271 3408 assolent,
3300 3341 3568 3412 judicetur
3597 3357 3610 3393 :

2045 3459 2109 3500 ac
2136 3444 2180 3498 si
2210 3443 2346 3498 forte
2393 3442 2530 3496 inter
2573 3439 2740 3509 ipsos,
2787 3436 2880 3508 qui
2926 3443 3182 3506 praesunt,
3210 3433 3278 3489 de
3325 3431 3618 3500 majoribus

2049 3536 2215 3610 (quod
2242 3533 2403 3606 absit)
2444 3531 2681 3604 peccatis
2726 3544 2888 3585 causa
2933 3527 3192 3593 nascitur,
3241 3540 3360 3595 quae
3405 3523 3622 3594 provin-

2047 3627 2172 3683 ciali
2200 3631 2433 3696 nequeat
2470 3622 2718 3679 examine
2767 3618 3007 3684 dilliniri,
3047 3616 3436 3673 fraternitatem
3477 3623 3623 3670 tuam

2047 3719 2116 3775 de
2160 3719 2326 3774 totius
2372 3715 2572 3784 negotii
2610 3712 2870 3783 qualitate
2917 3708 3367 3779 metropolitanus
3411 3705 3624 3760 curabit

2049 3809 2333 3873 instruere,
2366 3814 2425 3861 ut
2451 3805 2494 3860 si
2525 3818 2710 3860 coram
2739 3800 2933 3872 positis
2956 3799 3196 3870 partibus
3220 3812 3321 3853 nec
3349 3805 3439 3851 tuo
3467 3794 3626 3850 fuerit

2050 3917 2140 3958 res
2168 3901 2341 3971 sOpita
2361 3898 2582 3968 judicio,
2613 3894 2680 3949 ad
2702 3902 2940 3949 nostram
2960 3890 3343 3962 cognitionem,
3371 3883 3627 3958 quidquid

2051 3993 2183 4053 illud
2205 4002 2307 4059 est,
2337 3989 2705 4046 transferatur.

2059 4107 2126 4164 Ut
2147 4107 2193 4161 si
2212 4106 2321 4177 quis
2343 4105 2609 4177 episwpus
2635 4116 2783 4154 suam
2812 4098 3055 4177 deserens
3074 4096 3349 4177 cipitatent,
3376 4093 3626 4173 majorem

2123 4163 2294 4232 sedem
2317 4163 2536 4227 ambitus
2565 4186 2721 4223 causa
2750 4169 2971 4238 petierit,
2999 4182 3090 4218 nec
3117 4165 3261 4218 illam
3282 4163 3509 4217 obtinere
3532 4179 3629 4231 po-

2128 4248 2263 4306 terit,
2293 4254 2342 4298 et
2369 4261 2463 4298 sua
2491 4257 2666 4294 carere
2693 4236 2912 4292 debebit.

2127 4332 2408 4393 XXXVIII.
2435 4332 2492 4388 Si
2532 4330 2652 4400 quis
2680 4337 2860 4383 autem
2899 4324 3202 4396 episcopus,
3250 4319 3482 4377 civitatis
3523 4329 3632 4374 sua:

2055 4426 2432 4483 mediocritate
2469 4421 2748 4490 despecta,
2791 4415 3313 4472 administrationem
3351 4410 3454 4465 loci
3493 4407 3634 4463 cele-

1986 4553 2036 4614 D
2059 4518 2253 4574 brioris
2279 4513 2548 4580 ambierit,
2595 4520 2651 4567 et
2693 4509 2758 4564 ad
2787 4507 3046 4578 majorem
3073 4520 3134 4560 se
3157 4503 3368 4575 plebem
3392 4515 3634 4570 quacun-

2283 4607 2294 4614 -
2440 4612 2446 4614 .
2588 4611 2598 4614 -
2644 4601 2657 4614 .
2726 4601 2758 4614 ..
2840 4613 2846 4614 ,
3175 4593 3378 4614 ___.._ﬂ
3409 4592 3634 4614 _,..,,___

2061 4625 2168 4681 que
2195 4607 2405 4663 ratione
2434 4601 2786 4669 transtulerit,
2831 4613 2862 4652 a
2886 4595 3138 4653 cathedra
3168 4593 3382 4664 quidem
3408 4592 3639 4665 pellatur

2062 4702 2260 4765 aliena,
2306 4697 2401 4754 sed
2433 4693 2639 4752 carebit
2666 4700 2722 4748 et
2767 4691 3004 4763 propria,
3052 4698 3116 4744 ut
3156 4702 3257 4742 nec
3301 4686 3406 4741 illis
3453 4685 3638 4755 βηρθί-

2061 4793 2207 4856 deat,
2239 4805 2379 4860 quos
2417 4803 2513 4859 per
2553 4784 2832 4840 avaritiam
2860 4780 3186 4852 concupivit,
3237 4795 3336 4836 nec
3367 4779 3470 4834 illis
3505 4792 3644 4847 quos

2065 4900 2163 4956 per
2205 4881 2510 4952 superbiam
2556 4875 2779 4947 sprevit.
2830 4872 2953 4928 Suis
2999 4872 3158 4941 igitur
3211 4869 3456 4927 terminis
3495 4867 3644 4936 quis-

2065 4955 2171 5046 que
2199 4980 2484 5030 contentus
2511 4970 2599 5036 sit,
2631 4981 2731 5023 nec
2757 4980 2918 5036 supra
2947 4977 3251 5020 mensuram
3284 4961 3421 5031 juris
3456 4959 3539 5014 sui
3567 4955 3645 5011 af-

2069 5066 2236 5121 fectet
2259 5061 2463 5131 augeri.

2076 5180 2143 5236 Ut
2170 5179 2344 5233 nullus
2371 5176 2593 5231 alienum
2621 5173 2859 5227 clericum
2884 5171 3183 5230 sollicitare,
3208 5165 3285 5219 vel
3314 5173 3484 5218 tenere
3509 5178 3646 5233 prcc-

2189 5256 2378 5312 sumat,
2410 5262 2502 5300 suo
2530 5245 2766 5314 episcopo
2795 5259 2897 5295 non
2924 5239 3178 5310 prarbente
3203 5250 3525 5289 consensum.

2141 5336 2380 5394 XXXIX.
2411 5335 2657 5390 Alienum
2682 5332 2958 5395 clericum,
2981 5328 3148 5382 invito
3177 5325 3430 5394 episcopo
3460 5322 3645 5394 ipsius,

2073 5448 2234 5490 nemo
2260 5429 2535 5498 suscipiat,
2569 5441 2727 5481 nemo
2755 5421 3028 5487 sollicitet,
3060 5419 3161 5473 nisi
3195 5416 3332 5472 forte
3360 5430 3426 5470 ex
3451 5415 3650 5486 placito

2073 5521 2349 5579 charitatis
2378 5519 2430 5574 id
2459 5519 2599 5572 inter
2629 5515 2870 5580 dantem,
2897 5511 3356 5580 accipientemque
3383 5508 3654 5563 convene-

2073 5615 2164 5670 rit.
2196 5613 2328 5668 Nam
2355 5609 2571 5680 gravius
2599 5605 2808 5676 injuria:
2837 5619 2960 5659 reus
2981 5610 3085 5670 est,
3129 5603 3219 5674 qui
3248 5601 3313 5657 de
3341 5601 3520 5656 fratris
3547 5599 3652 5654 Ec-

2076 5705 2240 5760 clesia
2268 5703 2343 5770 id,
2373 5699 2517 5770 quod
2562 5705 2646 5752 est
2675 5696 2876 5762 utilius,
2907 5702 3001 5750 aut
3045 5693 3332 5765 pretiosius
3373 5694 3532 5744 audet
3571 5687 3654 5743 vel

2080 5796 2332 5867 ahjiccre,
2364 5792 2446 5848 vel
2475 5799 2682 5846 tenere.
2731 5786 2916 5858 Itaque
2942 5787 2986 5843 si
3034 5785 3168 5842 intra
3209 5783 3533 5854 provinciam
3565 5794 3654 5837 res
