4092 6348
516 291 625 353 293

1779 289 2135 356 DIONYSIUS
2171 290 2489 357 EXIGUUS.

3723 302 3827 361 296

518 408 713 479 agitur,
753 406 1084 481 transfugam
1112 405 1366 465 clericum
1393 404 1462 463 ad
1488 402 1789 464 Eccleslam
1810 424 1965 465 suam
1990 425 2099 466 me-
2128 418 2172 477 Α
2201 410 2456 467 Ecclesiae
2479 421 2608 466 cura
2636 409 2951 477 conﬂueret,
2995 419 3053 468 et
3087 411 3217 469 nihil
3244 426 3503 484 usquam
3535 428 3572 470 a
3600 428 3707 472 suo
3733 428 3824 474 ca-

520 498 878 569 tropolitauus
918 498 1095 554 redire
1118 498 1425 569 compellet.
1474 498 1533 553 Si
1562 507 1740 554 autem
1766 499 1977 569 longius
2001 515 2092 556 re-

518 590 699 655 cessit,
748 590 825 645 tui
852 587 1105 661 praecepti
1133 589 1459 645 auctoritate
1484 590 1851 654 revocabitur,
1898 597 1959 646 ut
1996 605 2096 646 nec

518 680 817 751 cupiditati,
848 694 949 735 nec
977 679 1257 734 ambitioni
1289 680 1505 735 occasio
1534 679 1886 751 relinquatur.

524 792 592 848 Ut
621 795 673 847 in
703 795 974 849 evocandis
1002 792 1400 864 provincialibus
1424 794 1676 863 episcopis
1703 810 1735 847 a
1767 792 2098 849 Thessaloni-

589 882 736 936 cense
772 865 1017 936 ponti/ire
1060 865 1345 936 moderatio
1393 876 1732 925 conservetur,
1778 881 1845 936 ne
1873 867 1963 917 sub
2005 868 2098 919 hoc

586 935 757 989 colore
773 931 1118 988 sacerdotalis
1147 935 1310 988 honor
1340 935 1659 988 contumeliis
1681 934 1975 994 addicatur,
2007 950 2098 987 nec

587 1006 811 1074 amplius
836 1021 991 1074 quam
1018 1003 1124 1057 bini
1155 1004 1219 1057 de
1244 1006 1517 1072 provinciis
1546 1005 1794 1072 episcOpi,
1834 1020 1959 1071 quos
1993 1021 2098 1059 me-

588 1075 889 1145 tropolitani
918 1074 1265 1143 probaverim,
1292 1075 1607 1145 dirigantur.

588 1184 700 1241 XL.
727 1184 787 1241 ln
809 1185 1098 1241 evocandis
1124 1193 1303 1241 autem
1326 1198 1358 1239 a
1388 1193 1442 1240 te
1469 1184 1739 1255 episcopis
1775 1183 2097 1240 moderatis-

517 1280 712 1335 simum
740 1292 859 1333 esse
887 1285 942 1333 te
983 1276 1250 1341 volumus,
1305 1290 1374 1333 ne
1418 1291 1518 1345 per
1565 1276 1784 1345 majoris
1811 1277 2100 1345 diligentia:

517 1369 757 1439 speciem
796 1368 1045 1425 fraternis
1071 1368 1289 1439 gloriari
1331 1367 1563 1423 videaris
1603 1366 1828 1436 injuriis.
1878 1365 2028 1424 Unde
2054 1368 2101 1423 si

518 1476 680 1517 causa
709 1460 885 1532 aliqua
912 1459 1085 1528 major
1110 1460 1234 1523 erit,
1262 1458 1333 1513 ob
1360 1472 1523 1526 quam
1552 1457 1890 1523 rationabile,
1914 1472 1978 1512 ac
2008 1471 2101 1512 ne-

518 1552 803 1609 cessarium
829 1552 899 1608 sit
938 1549 1231 1605 fraternum
1260 1548 1526 1605 advocare
1552 1557 1898 1612 conventum,
1942 1548 2101 1604 binos

516 1640 585 1696 de
610 1640 834 1710 singulis
856 1638 1146 1711 provinciis
1173 1637 1479 1709 episcopos,
1522 1652 1661 1708 quos
1699 1638 2098 1708 metropolitani

516 1732 845 1788 crediderint
879 1745 1000 1787 esse
1042 1728 1353 1798 mittendos,
1401 1728 1472 1785 ad
1514 1727 1904 1786 fraternitatem
1950 1739 2097 1787 tuam

516 1821 708 1877 venire
730 1820 982 1877 sumciat.

522 1931 592 1988 Ut
620 1949 723 1987 non
751 1933 969 2002 amplius
999 1948 1031 1986 a
1059 1938 1249 1988 statuto
1282 1933 1487 1988 concilii
1515 1940 1761 2002 tempore,
1810 1946 1964 2003 quam
1990 1930 2098 1985 dies

588 2018 658 2058 xv
681 2013 1000 2057 remorentur
1031 2004 1282 2073 episcopi,
1311 2012 1359 2057 et
1399 2007 1444 2058 si
1481 2004 1617 2057 inter
1639 2020 1723 2057 eos
1742 2004 1893 2073 fuerit
1917 2005 2099 2055 oborta

589 2076 870 2139 contentio,
886 2072 1070 2127 cuncta
1094 2074 1330 2127 Romano
1365 2074 1595 2143 pontiﬁci
1624 2072 1715 2144 sub
1732 2072 1987 2144 gestorum
2014 2074 2099 2125 in-

584 2146 879 2199 sinuatione
907 2144 1201 2211 pandantur
1221 2160 1240 2199 ε
1262 2154 1319 2196 ut
1344 2142 1406 2199 ab
1436 2160 1493 2199 eo
1520 2143 1655 2215 quod
1684 2142 1791 2199 Deo
1823 2144 2100 2213 placuerit,

590 2215 877 2268 ordinetur.
1338 2229 1351 2243 ο

584 2326 720 2383 XLI.
753 2328 828 2382 lta
875 2336 930 2383 ut
968 2343 998 2381 a
1042 2329 1339 2399 praestituto
1386 2335 1632 2398 tempore
1680 2342 1790 2383 non
1839 2326 1980 2382 ultra
2030 2324 2103 2380 l5

515 2419 652 2486 dies,
695 2421 787 2490 qui
815 2420 1185 2487 convenerint,
1217 2437 1323 2477 non
1353 2421 1714 2476 retardentur.
1748 2420 1805 2475 Si
1833 2429 2012 2477 autem
2044 2421 2100 2476 in

518 2527 587 2568 eo
624 2511 768 2581 quod
818 2526 942 2567 cum
996 2511 1251 2566 fratribus
1296 2512 1634 2567 tractandum
1668 2510 2100 2569 deﬁniendumve

516 2601 832 2668 credideris,
858 2600 1068 2657 diversa
1096 2616 1284 2658 eorum
1311 2598 1472 2657 fuerit
1493 2618 1521 2655 a
1556 2611 1645 2656 tua
1670 2602 1947 2656 voluntate
1975 2617 2102 2656 scn-

517 2694 708 2761 tcntia,
739 2691 807 2747 ad
830 2708 929 2748 nos
955 2692 1135 2749 omnia
1163 2693 1261 2747 sub
1288 2700 1564 2762 gestorum
1595 2692 1973 2748 testiﬁcatione
2016 2690 2098 2747 fe-

517 2789 723 2847 rentur,
751 2790 811 2838 ut
836 2782 1057 2839 remittis
1084 2782 1537 2851 ambiguitatibus,
1579 2781 1724 2853 quod
1760 2781 1868 2837 Deo
1892 2782 2101 2851 placeat

515 2871 852 2928 decernatur.
902 2872 981 2928 Ad
1026 2872 1169 2928 hunc
1195 2873 1338 2927 enim
1384 2872 1545 2929 linem
1585 2888 1799 2929 omnem
1844 2872 2096 2929 allectum

516 2972 759 3022 nostrum
808 2979 1101 3036 curamque
1128 2964 1423 3035 dirigimus,
1467 2972 1526 3020 ut
1554 2966 1696 3036 quod
1727 2966 1793 3021 ad
1836 2967 2096 3021 unitatem

516 3057 835 3123 concordiae,
862 3066 917 3113 et
940 3056 1083 3128 quod
1110 3056 1177 3111 ad
1198 3057 1497 3114 custodiam
1528 3058 1761 3129 pertinet
1783 3058 2095 3127 disciplinac,

2199 504 2309 575 pite
2335 503 2637 561 dissideret.
2669 505 2772 572 Qui
2813 519 2942 574 ergo
2970 506 3074 561 scit
3110 521 3170 562 se
3217 506 3577 577 quibusdam
3610 524 3825 579 praepo-

2198 595 2382 663 situm,
2407 610 2513 651 non
2535 594 2763 651 moleste
2789 592 2929 651 ferat
2949 595 3182 663 aliquem
3206 597 3316 652 sibi
3348 612 3489 651 esse
3513 601 3822 668 prazlatum,

2198 687 2292 741 sed
2322 686 2699 751 obedientiam,
2744 702 2905 756 quam
2935 687 3120 756 exigit,
3150 687 3321 742 etiam
3357 689 3491 757 ipse
3522 688 3824 758 dependat,

2200 786 2257 833 et
2282 777 2421 833 sicut
2451 792 2556 833 non
2604 779 2719 832 vult
2757 779 2932 846 gravis
2979 780 3160 833 oneris
3186 781 3481 835 sarcinam
3532 778 3704 845 ferre,
3753 784 3823 839 ita

2202 882 2307 923 non
2336 867 2529 923 audeat
2550 869 2638 923 alii
2673 870 3013 939 importabile
3047 870 3255 941 pondus
3288 872 3628 939 imponere.
3662 870 3828 927 Disci-

2200 959 2311 1029 puli
2341 959 2484 1014 enim
2512 972 2698 1016 sumus
2730 959 2943 1015 humilis
2971 967 3028 1015 et
3070 960 3214 1014 mitis
3235 961 3533 1029 magistri,
3558 960 3790 1020 dicentis
3808 982 3822 995 ·

2202 1047 2403 1103 Discite
2432 1064 2461 1103 a
2490 1064 2593 1113 me,
2625 1051 2750 1121 quia
2791 1050 2933 1105 mitis
2978 1065 3099 1106 sum
3139 1058 3196 1105 et
3240 1049 3488 1105 humilis
3537 1051 3736 1115 corde,
3772 1062 3827 1107 ct

2203 1140 2487 1197 invenietis
2534 1143 2773 1211 requiem
2820 1142 3099 1197 animabus
3144 1141 3385 1207 vestris;
3435 1141 3640 1210 jugum
3684 1142 3823 1199 enim

2201 1245 2381 1285 meum
2410 1245 2577 1288 suave
2600 1242 2703 1300 est,
2740 1240 2796 1287 et
2823 1247 2960 1288 onus
2984 1247 3163 1288 meum
3190 1233 3312 1289 leve
3337 1240 3438 1287 est
3470 1231 3702 1303 (Matth.
3727 1236 3823 1290 xtl.

2202 1322 2355 1389 Quod
2379 1323 2651 1394 quomodo
2679 1324 3041 1396 experiemur,
3090 1324 3192 1381 nisi
3229 1332 3286 1380 et
3344 1323 3496 1380 illud
3546 1325 3605 1379 in
3636 1324 3821 1381 obscr;

2201 1420 2437 1476 vantiam
2464 1422 2664 1488 veniat,
2697 1420 2840 1492 quod
2868 1420 3007 1476 idem
3038 1420 3296 1475 Dominus
3330 1420 3421 1473 ait
3453 1437 3467 1471 :
3511 1417 3621 1485 Qui
3655 1419 3822 1488 major

2202 1522 2287 1570 est
2323 1522 2584 1579 vestrum,
2616 1514 2721 1570 erit
2757 1515 3001 1570 minister
3027 1522 3204 1570 vester
3249 1510 3493 1583 (Manli.
3540 1526 3650 1577 xx;
3695 1510 3815 1566 Luc.

2201 1605 2374 1672 xxu);
2403 1606 2495 1674 qui
2524 1613 2705 1660 autem
2733 1619 2795 1661 se
2822 1604 3142 1660 exaltaverit
3190 1602 3615 1671 humiliabitur,
3652 1612 3709 1658 et
3731 1604 3818 1673 qui

2203 1709 2264 1752 se
2290 1695 2535 1752 humiliat
2554 1695 2883 1751 exaltabitur
2908 1694 3063 1766 (Luc.
3095 1694 3243 1767 xiv)?

2131 1790 2181 1853 Β
2274 1807 2386 1864 Leo
2418 1807 2617 1865 Niccta:
2642 1808 2900 1879 episcopo
2925 1808 3255 1879 Aquileiensi
3286 1808 3570 1865 salutem.

2275 1898 2569 1967 Regressus
2596 1899 2663 1955 ad
2696 1914 2793 1955 nos
2820 1899 2959 1954 lilius
2987 1915 3140 1955 meus
3171 1898 3522 1966 Adeodatus,
3552 1896 3698 1954 sedis
3723 1912 3811 1954 no-

2201 1997 2326 2044 strae
2349 1988 2625 2053 diaconus,
2658 1987 3003 2043 dilectionem
3048 1996 3196 2043 tuam
3240 1989 3579 2059 p0poscisse
3610 2003 3808 2041 memo-

2201 2080 2360 2145 ravit,
2402 2089 2461 2135 ut
2501 2078 2568 2134 de
2598 2079 2679 2134 his
2710 2080 3087 2135 auctoritatem
3113 2081 3448 2150 apostolicae
3500 2079 3650 2136 sedis
3678 2081 3808 2135 acci-

2202 2185 2381 2241 peres,
2429 2184 2549 2239 qua:
2575 2169 2791 2239 quidem
2841 2185 3088 2240 magnam
3138 2170 3530 2227 dilftcultatem
3563 2168 3805 2241 dijudica-

2201 2262 2363 2317 tionis
2386 2262 2632 2316 videntur
2660 2260 2851 2317 afferre
2878 2280 2891 2315 :
2916 2261 3011 2317 sed
3037 2278 3134 2332 pro
3160 2258 3515 2331 inspectione
3546 2270 3806 2331 tempora-

2202 2351 2332 2407 lium
2361 2352 2739 2407 necessitatum
2770 2352 3067 2408 adhibenda
3094 2354 3305 2408 curatio
3328 2361 3443 2417 est,
3477 2362 3540 2407 ut
3565 2352 3797 2414 vulnera,

2201 2457 2322 2512 qute
2369 2442 2695 2498 adversitate
2741 2441 3052 2498 hostilitatis
3098 2442 3244 2497 illata
3291 2450 3481 2512 sunt,
3534 2439 3799 2509 religionis

2202 2536 2439 2593 maxime
2472 2534 2683 2591 ratione
2711 2545 2989 2591 sanentur.

2205 2654 2354 2722 Quod
2374 2654 2590 2707 debeant
2612 2653 2833 2720 femina,
2870 2667 2986 2722 qua:
3004 2650 3166 2719 captis
3189 2650 3312 2705 uiris
3341 2655 3638 2722 nupserant
3662 2645 3791 2722 aliis,

2273 2724 2516 2795 regressis
2562 2719 2626 2776 de
2659 2719 2950 2795 captivitate
2978 2723 3097 2775 viris
3130 2722 3398 2795 prioribus
3422 2719 3703 2792 capulari,
3739 2722 3789 2768 ut

2272 2791 2407 2867 quod
2435 2810 2581 2847 suum
2607 2800 2679 2848 cst
2706 2794 3045 2862 unusquisque
3070 2791 3303 2861 recipiat.
3450 2848 3451 2851 η

2271 2905 2430 2963 XLII.
2478 2903 2614 2961 Cum
2640 2917 2771 2973 ergo
2795 2920 2894 2979 per
2920 2903 3169 2959 bellicam
3222 2900 3440 2959 cladem
3470 2908 3529 2957 et
3555 2914 3653 2970 per
3675 2911 3785 2966 gra-

2200 2998 2448 3055 vissimos
2483 2996 2792 3053 hostilitatis
2835 2996 3079 3052 ineamus
3108 2994 3183 3050 ita
3210 2996 3463 3064 quaedam
3495 2991 3685 3047 dicatis
3710 2988 3784 3043 di-

2200 3090 2312 3144 visa
2342 3103 2462 3145 esse
2488 3087 2757 3157 conjugia,
2788 3096 2844 3142 ut
2870 3086 3110 3141 abductis
3156 3085 3209 3139 in
3257 3086 3635 3155 captivitatem
3670 3079 3783 3134 viris

517 3148 663 3245 Enna
688 3148 1025 3245 f‘if’seusione
1052 3147 1330 3245 vialemf’,
1353 3148 1498 3202 "una
1540 3148 1744 3245 δεδίξῃδ
1776 3148 2092 3217 ¹¹θε¹ίῧ³υ¹τ⁶
2126 3164 2170 3228 C
2201 3179 2411 3235 femina:
2438 3147 2625 3234 eorum
2649 3147 3003 3233 remanserint
3027 3147 3479 3245 destituam-qua:
3510 3175 3651 3229 viros
3665 3186 3779 3242 pro‘

516 3236 584 3293 Et
613 3247 665 3293 te
688 3239 865 3307 igitur,
892 3238 1057 3293 frater
1081 3237 1443 3305 dilectissime,
1462 3245 1516 3292 et
1531 3253 1625 3293 eos
1647 3238 1840 3292 fratres
1862 3246 2095 3303 nostros,

516 3329 703 3399 quide
731 3328 836 3383 tuis
863 3327 1205 3384 oll'enduntur
1233 3328 1559 3392 excessibus,
1607 3342 1730 3382 cum
1763 3337 1941 3381 tamen
1988 3342 2093 3381 non

515 3417 705 3474 similis
751 3419 821 3474 sit
848 3418 1096 3474 omnibus
1140 3419 1365 3474 materia
1395 3418 1759 3490 querelarum,
1804 3419 1993 3473 hortor
2044 3426 2099 3473 et

516 3525 734 3576 moneo,
765 3521 823 3567 ut
852 3525 969 3581 quae
991 3510 1075 3580 pie
1104 3518 1227 3565 sunt
1254 3510 1522 3575 ordinata,
1562 3510 1956 3580 salubriterque
1982 3510 2063 3565 dis
2081 3544 2096 3555 -

514 3602 714 3674 posita,
758 3602 901 3657 nulla
950 3602 1354 3658 concertatione
1394 3602 1710 3667 turbentur,
1754 3618 1912 3657 nemo
1952 3602 2095 3673 quod

516 3708 677 3751 suum
716 3702 799 3771 est
841 3702 1068 3763 qumrat,
1117 3693 1210 3748 sed
1266 3693 1410 3762 quod
1448 3693 1669 3747 alterius
1701 3691 1755 3760 (I
1775 3691 1893 3747 Cor.
1922 3692 1997 3763 x).
2031 3690 2098 3747 Et

514 3784 656 3841 sicut
682 3784 756 3839 ait
794 3783 1101 3855 Apostolus,
1154 3785 1517 3852 unusquisque
1560 3791 1798 3839 vestrum
1845 3783 2096 3853 proximo

514 3892 616 3933 suo
653 3876 867 3948 placeat
910 3876 965 3931 in
1009 3875 1207 3931 bonum
1236 3873 1303 3929 ad
1330 3873 1736 3929 aedificationem
1766 3872 1943 3945 (Rom.
1979 3873 2091 3943 xv).

514 3965 632 4022 Non
656 3966 797 4022 enim
820 3965 1021 4037 poterit
1040 3964 1259 4019 unitatis
1282 3972 1477 4019 nostra:
1500 3962 1650 4017 firma
1670 3978 1789 4019 esse
1810 3978 2091 4033 compago,

515 4059 619 4115 nisi
647 4071 746 4113 nos
774 4056 842 4111 ad
867 4056 1279 4127 inseparabilem
1308 4054 1638 4109 soliditatem
1665 4054 1935 4110 vinculum
1966 4056 2095 4109 cha-

513 4152 689 4210 ritatis
716 4152 1026 4207 astrinxerit
1054 4168 1066 4204 :
1097 4150 1221 4221 quia
1260 4150 1400 4205 sicut
1439 4150 1490 4204 in
1522 4165 1629 4205 uno
1668 4164 1897 4220 corpore
1926 4149 2094 4203 multa

511 4246 757 4302 membra
786 4242 1062 4309 habemus,
1097 4242 1275 4298 omnia
1298 4251 1478 4297 autem
1516 4241 1759 4297 membra
1789 4257 1895 4296 non
1939 4255 2092 4295 eum-

510 4337 634 4393 dem
656 4344 833 4392 actum
863 4336 1095 4400 habent;
1128 4335 1200 4389 ita
1230 4333 1383 4389 multi
1415 4348 1577 4387 unum
1604 4346 1801 4401 corpus
1828 4346 2011 4386 sumus
2039 4330 2092 4384 in

512 4427 750 4492 Christo,
793 4426 983 4495 singuli
1016 4432 1194 4478 autem
1243 4423 1378 4477 alter
1406 4423 1627 4476 alterius
1658 4422 1918 4476 membra.
1943 4419 2090 4475 Con-

2200 3268 2347 3339 prios
2388 3275 2480 3321 aut
2516 3266 2868 3335 interemptos
2894 3274 3162 3335 putarent,
3204 3272 3295 3319 aut
3323 3279 3608 3335 nunquam
3635 3278 3664 3315 a
3692 3260 3780 3314 do.

2200 3357 2493 3412 minatione
2521 3355 2801 3410 crederent
2830 3354 3155 3420 liberandos,
3207 3364 3263 3410 et
3303 3356 3359 3410 in
3394 3355 3628 3410 aliorum
3669 3367 3781 3406 con-

2193 3446 2399 3517 jugiuiu
2427 3445 2713 3501 solitudine
2741 3454 2969 3516 cogente
3000 3445 3346 3509 transierint:
3384 3460 3621 3516 cumque
3648 3457 3776 3498 nunc

2198 3545 2340 3591 Statu
2365 3552 2565 3603 rerum,
2595 3536 2888 3591 auxiliante
2917 3535 3165 3601 Domino,
3192 3536 3245 3591 in
3267 3537 3503 3593 meliora
3531 3546 3775 3592 converso

2198 3628 2438 3684 nonnulli
2476 3644 2687 3697 eorum,
2714 3629 2805 3700 qui
2837 3630 3161 3699 putabantur
3196 3630 3448 3700 periisse,
3480 3628 3768 3687 remearint,

2196 3719 2390 3775 merito
2417 3718 2652 3775 charitas
2679 3727 2769 3773 tua
2800 3718 3011 3774 videtur
3034 3718 3304 3788 ambigere
3350 3721 3483 3791 quid
3507 3720 3575 3775 de
3603 3716 3773 3772 mulie-

2196 3809 2365 3877 ribus,
2413 3826 2532 3880 qua:
2570 3809 2688 3864 aliis
2711 3809 2914 3877 juncta:
2961 3818 3087 3865 sunt
3133 3810 3281 3875 viris,
3324 3826 3358 3865 a
3392 3811 3557 3867 nobis
3595 3807 3769 3863 debeat

2195 3905 2454 3961 ordinari.
2500 3903 2607 3959 Sed
2651 3904 2777 3974 quia
2827 3902 3071 3958 novimus
3108 3904 3389 3974 scriptum,
3443 3901 3586 3976 quod
3613 3916 3643 3955 a
3671 3898 3767 3952 Deo

2191 3990 2436 4064 jungitt'
2474 3995 2665 4048 mulier
2691 3994 2828 4054 viro,
2878 4002 2933 4048 et
2969 3994 3162 4048 iterum
3192 4003 3526 4064 praeceptum
3562 3986 3765 4058 agnovi-

2198 4099 2336 4149 mus,
2365 4092 2423 4138 ut
2449 4081 2594 4153 quod
2619 4081 2760 4136 Deus
2783 4081 2959 4150 junxit
3007 4082 3168 4136 homo
3188 4097 3296 4138 non
3316 4088 3538 4152 separet
3566 4074 3760 4149 (Manli.

2197 4176 2335 4243 xtx),
2360 4188 2585 4230 necesse
2612 4180 2696 4229 est
2733 4180 2792 4226 ut
2843 4172 3198 4240 legitimarum
3241 4172 3445 4229 fmdera
3477 4169 3761 4239 nuptiarum

2195 4264 2609 4335 rediutegranda
2637 4263 2941 4326 credamus,
2978 4272 3031 4318 et
3062 4264 3282 4319 remotis
3322 4266 3499 4328 malis,
3531 4274 3643 4331 qum
3671 4257 3755 4310 bo-

2195 4358 2389 4412 stilitas
2440 4356 2638 4421 intulit,
2700 4355 2988 4423 unicuique
3029 4354 3081 4410 id
3125 4354 3269 4425 quod
3307 4354 3548 4425 legitime
3593 4346 3758 4405 habuit

2196 4449 2557 4510 relormetur,
2606 4445 2863 4516 omnique
2908 4446 3085 4502 studio
3152 4446 3547 4516 procurandum
3590 4447 3668 4497 est
3704 4442 3754 4490 ιιι

510 4520 675 4574 nexio
704 4515 1129 4609 totiuscor_poris
1152 4512 1647 4609 unamsanitatem,
1667 4527 1834 4609 unam
1850 4510 2089 4609 pulchri‘
2117 4532 2165 4591 ο
2192 4539 2415 4609 κείρω
2439 4510 2800 4607 υηυεᾳυίεηυὲ
2825 4536 2972 4607 quod
3001 4510 3273 4609 prop'jium
3301 4547 3407 4593 est.

512 4609 748 4664 tudinem
781 4606 923 4661 facit.
958 4605 1024 4658 Et
1070 4605 1184 4659 haec
1209 4604 1422 4673 quidem
1450 4604 1717 4659 connexio
1764 4604 1931 4658 totius
1970 4616 2091 4657 cor-

512 4698 662 4769 poris
707 4694 1112 4750 unanimitatem
1160 4693 1417 4763 requirit,
1466 4690 1561 4747 sed
1610 4690 1880 4762 prmcipue
1925 4690 2091 4760 exigit

511 4785 857 4841 concordiam
903 4782 1264 4851 sacerdotum,
1312 4782 1504 4851 quibus
1539 4782 1639 4837 etsi
1685 4782 1915 4850 dignitas
1940 4796 2092 4835 com-

511 4876 689 4933 munis
719 4890 825 4930 non
864 4882 966 4939 cst,
1014 4882 1191 4930 tamen
1241 4873 1372 4928 ordo
1398 4873 1662 4942 generalis
1691 4880 1790 4929 est.
1823 4870 2087 4937 Quoniam

511 4976 569 5024 et
597 4969 736 5023 inter
762 4965 1096 5021 beatissimos
1118 4964 1392 5035 apostolos
1418 4964 1471 5017 in
1499 4962 1845 5018 similitudine
1866 4962 2087 5017 honoris

512 5058 610 5115 fuit
636 5058 879 5129 quaedam
905 5056 1159 5113 discretio
1184 5056 1484 5127 potestatis,
1509 5063 1563 5110 et
1589 5064 1709 5111 cum
1731 5054 1967 5110 omnium
1989 5069 2088 5125 par

511 5159 655 5207 esset
681 5149 891 5213 electio,
917 5148 1009 5203 uni
1050 5156 1227 5201 tamen
1258 5146 1439 5200 datum
1501 5155 1584 5200 est
1625 5154 1683 5200 ut
1716 5146 1926 5201 caeteris
1952 5158 2088 5215 prat-

510 5238 997 5309 emineret.Dequa
1026 5238 1193 5292 forma
1223 5236 1594 5306 episcoiiorum
1621 5250 1834 5305 quoque
1858 5244 1940 5289 est
1968 5242 2086 5289 orta

509 5332 800 5388 distinctio.
834 5331 899 5385 Et
941 5346 1131 5400 magna
1175 5330 1512 5386 ordinatione
1560 5332 1832 5400 provisum
1883 5337 1983 5394 est,
2018 5344 2086 5382 ne

510 5438 699 5478 omnes
724 5422 822 5477 sibi
856 5423 1031 5477 omnia
1054 5421 1408 5488 vindicarent,
1438 5420 1529 5477 sed
1561 5430 1739 5476 essent
1768 5421 1820 5474 in
1861 5417 2083 5487 singulis

508 5514 799 5587 provinciis
846 5514 1063 5582 singuli,
1113 5530 1339 5585 quorum
1379 5516 1518 5569 inter
1558 5511 1749 5568 fratres
1797 5511 2085 5565 haberetur

508 5603 682 5674 prima
710 5603 994 5664 sententia,
1026 5610 1079 5656 ct
1102 5618 1311 5657 rursum
1340 5601 1554 5670 quidam
1585 5601 1637 5654 in
1669 5598 1961 5667 majoribus
1989 5613 2082 5651 ur-

509 5686 667 5749 bibus
696 5692 973 5747 constituti
1002 5691 1411 5745 sollicitudinem
1459 5690 1576 5758 ejus
1604 5689 1939 5757 susciperent
1965 5702 2081 5741 am-

508 5782 758 5856 pllerem,
779 5797 875 5857 per
901 5796 1037 5855 quos
1082 5782 1148 5839 ad
1187 5796 1348 5838 unam
1383 5781 1525 5839 Petri
1555 5778 1737 5837 sedem
1768 5778 2084 5839 universalis

2195 4677 2345 4746 Quod
2372 4696 2474 4735 non
2499 4682 2740 4751 probetur
2763 4696 2872 4733 esse
2893 4680 3186 4750 culpabilis,
3209 4680 3292 4751 qni
3321 4692 3533 4732 uxorem
3555 4668 3681 4742 capti
3701 4666 3747 4720 ἕιι

2514 4752 2843 4805 matrimonio
2871 4751 3072 4804 videtur
3098 4767 3207 4804 esse
3226 4752 3457 4804 sortitus.

2262 4860 2437 4918 XLlll.
2472 4863 2579 4919 Nec
2612 4872 2789 4917 tamen
2818 4862 3097 4933 culpabilis
3118 4862 3405 4931 judicetur,
3435 4873 3489 4919 et
3515 4864 3742 4925 tanquam

2191 4954 2350 5009 alieni
2394 4955 2531 5024 juris
2572 4969 2831 5025 pervasor
2865 4954 3143 5021 habeatur,
3188 4954 3279 5024 qui
3326 4965 3603 5025 personam
3644 4943 3742 5012 ejus

2192 5049 2393 5114 mariti,
2424 5049 2514 5119 qui
2534 5047 2643 5116 jam
2675 5063 2780 5103 non
2825 5062 2943 5102 esse
2970 5046 3411 5111 existimabatur,
3459 5035 3735 5108 assumpsit-

2190 5139 2282 5195 Sic
2308 5140 2450 5195 enim
2493 5139 2660 5193 multa
2688 5153 2806 5209 qua:
2832 5138 2899 5192 ad
2926 5153 3022 5195 eos
3073 5140 3161 5207 qui
3194 5139 3248 5193 in
3276 5138 3625 5209 captivitatem
3646 5124 3738 5181 du-

2190 5232 2263 5286 cti
2291 5238 2417 5284 sunt
2442 5230 2800 5299 pertinebant,
2850 5229 2905 5283 in
2930 5229 3016 5298 jus
3061 5229 3293 5283 alienum
3324 5227 3541 5283 transire
3565 5226 3732 5291 ροωῦ·

2191 5325 2336 5383 runt,
2367 5326 2423 5372 et
2444 5326 2625 5372 tamen
2651 5318 2868 5386 plenum
2888 5317 3107 5385 justitiae
3135 5327 3219 5372 est
3262 5326 3319 5372 ut
3365 5316 3547 5372 iisdem
3573 5315 3732 5363 rever-

2190 5409 2265 5463 sis
2313 5408 2527 5479 propria
2555 5406 3102 5474 reformentur.Quod
3130 5409 3175 5462 si
3202 5410 3256 5464 in
3285 5404 3552 5476 mancipiis
3583 5394 3659 5451 vel
3681 5390 3726 5443 in

2186 5500 2345 5566 agris,
2378 5506 2470 5553 aut
2498 5499 2658 5554 etiam
2705 5498 2758 5552 in
2787 5497 3033 5553 domibus
3080 5513 3145 5554 ac
3197 5494 3606 5569 possessionibus
3641 5482 3727 5537 τίω

2184 5597 2454 5654 servatur,
2503 5598 2705 5658 quanto
2731 5589 2899 5657 magis
2926 5588 2978 5643 in
3022 5589 3391 5658 conjugiorum
3428 5583 3720 5643 νεώμεθα·

2190 5684 2333 5738 tione
2361 5682 2659 5737 faciendum
2686 5690 2786 5747 est,
2812 5690 2868 5735 ut
2896 5681 3038 5749 quod
3069 5680 3263 5735 bellica
3295 5677 3600 5737 necessitate
3622 5673 3719 5719 ml"

2186 5776 2251 5835 ba
2261 5783 2370 5833 tum
2393 5783 2476 5833 est
2503 5776 2650 5848 pacis
2671 5774 2908 5832 remedio
2931 5772 3282 5831 reforinctur!
