4092 6348
299 355 416 415 291

1340 328 1713 410 COLLEC'I‘IO
1750 350 2213 409 necneronun
2255 328 2359 407 ee.
2404 351 2519 406 an.

3473 346 3585 402 29$

304 468 377 525 Ut
405 470 453 525 si
486 442 583 525 viri
612 470 674 524 de
702 468 997 541 captivitate
1034 465 1706 541 regressi,_inlemperan_tia
1750 478 1889 541 uago-
1922 466 1969 523 Λ
1998 470 2276 531 ceperunt,
2331 476 2454 517 cum
2500 454 2756 531 baptizati
2792 448 2960 517 antea
3006 468 3113 516 non
3158 458 3416 530 fuissent,
3460 460 3578 515 sole

369 557 485 596 rum
513 541 701 609 offensi
731 535 834 594 non
865 542 1057 609 fuerint
1077 535 1178 609 [et
1213 538 1467 609 vobrerint
1493 551 1583 589 eas
1614 536 1671 587 in
1698 535 1885 604 conju-

371 612 513 684 gium
541 606 786 681 recipere,
817 606 1031 664 liberam
1058 606 1282 661 habeant
1309 606 1629 678 facultatem.

373 718 556 774 XLIV.
585 716 653 772 Et
679 717 799 772 ideo
827 718 872 773 si
904 717 1002 772 viri
1026 725 1151 787 post
1176 717 1392 785 longam
1416 716 1783 787 captivitatem
1803 730 1891 771 re-

301 810 445 866 versi
472 810 545 863 ita
574 810 629 863 in
655 808 944 863 dilectione
969 822 1184 863 suarum
1206 807 1491 877 coniugum
1520 811 1885 877 perseverent,

299 911 361 956 ut
388 916 483 956 eas
508 900 730 970 cupiant
771 898 824 953 in
868 914 1023 954 suum
1049 899 1226 954 redire
1254 898 1605 963 consortium,
1635 897 1890 951 omitten-

300 994 429 1049 dum
456 1000 560 1055 est,
592 998 648 1045 et
671 989 996 1060 inculpabile
1019 988 1384 1058 iudicandum,
1417 986 1563 1056 quod
1595 987 1888 1043 necessitas

298 1084 500 1148 intulit,
533 1090 591 1138 et
618 1080 1005 1137 restituendum
1033 1089 1117 1136 est
1144 1080 1287 1149 quod
1311 1079 1441 1136 fides
1469 1079 1660 1150 poscit.

299 1197 371 1253 Ut
395 1198 440 1251 si
462 1196 704 1249 mulieres
733 1193 804 1247 ad
835 1193 1030 1263 priores
1059 1193 1271 1246 maritos
1302 1190 1473 1245 redire
1493 1189 1768 1263 noluerint,
1803 1204 1887 1241 ve-

339 1269 415 1323 lut
442 1266 640 1336 impiae,
664 1260 1012 1318 ecclesiastica
1040 1263 1397 1317 communione
1422 1260 1687 1326 privandae
1706 1262 1832 1312 sint.

367 1378 527 1433 XLV.
562 1377 621 1433 Si
663 1384 843 1432 autem
891 1376 1082 1443 aliqum
1118 1375 1370 1430 mulieres
1414 1374 1489 1428 ita
1526 1372 1888 1443 posteriorum

296 1471 538 1525 virorum
567 1484 753 1523 amore
781 1476 907 1523 sunt
944 1476 1133 1537 capue,
1180 1474 1239 1521 ut
1269 1466 1457 1519 malint
1484 1465 1566 1519 his
1592 1464 1885 1529 cohaerere,

298 1577 463 1632 quam
488 1561 553 1616 ad
584 1561 876 1629 legitimum
920 1560 1099 1615 redire
1127 1557 1477 1623 consortium,
1525 1555 1719 1610 merito
1762 1560 1889 1609 sunt

300 1652 588 1716 notandus,
653 1651 726 1705 ita
771 1658 829 1705 ut
872 1651 1033 1705 etiam
1083 1649 1448 1705 ecclesiastica
1511 1646 1888 1703 communione

301 1747 599 1817 priventur,
653 1758 774 1814 quae
819 1743 887 1798 de
934 1757 994 1797 re
1038 1740 1331 1797 excusabili
1377 1738 1887 1796 contaminationem

1990 554 2161 607 sancti
2178 552 2410 622 Spiritus
2432 554 2771 609 invocatione
2792 569 2889 624 per
2906 555 3301 624 impositionem
3324 567 3579 609 manuum

1892 660 1897 665 ί
1989 644 2338 700 confirmandi
2368 654 2509 711 sunt,
2542 647 2665 716 quia
2696 646 2922 701 formam
2949 654 3157 701 tantum
3186 642 3441 715 baptismi
3462 645 3583 701 sine

1986 736 2426 792 sanctiﬁcationis
2446 738 2640 792 virtute
2662 745 3025 807 sumpserunt.
3066 736 3135 791 Et
3154 737 3293 791 hanc
3312 735 3575 805 regulam,

1987 835 2047 882 ut
2066 827 2229 893 scitis,
2246 826 2563 883 servandam
2593 828 2646 882 in
2671 829 2918 884 omnibus
2932 828 3185 884 Ecclesiis
3203 828 3579 897 prmdicatnus,

1987 926 2047 972 ut
2075 919 2349 975 lavacrum
2388 920 2556 976 semel
2599 920 2787 975 initum
2816 920 2963 975 nulla
3010 921 3296 977 iteratione
3324 920 3579 983 violetur,

1988 1008 2199 1065 dicente
2227 1010 2489 1080 Apostolo
2530 1028 2542 1064 :
2588 1009 2736 1066 Unus
2764 1010 2925 1079 Deus,
2955 1026 3061 1065 una
3092 1012 3243 1079 lides,
3272 1028 3437 1066 unum
3476 1012 3578 1066 ba-

1987 1100 2181 1169 ptisma
2214 1099 2431 1171 (Ep/res.
2454 1094 2563 1171 tv),
2595 1100 2748 1170 cujus
2778 1102 2982 1156 ablutio
3012 1088 3156 1156 nulla
3185 1102 3469 1156 iteratione
3499 1108 3579 1157 tc-

1989 1190 2243 1246 meranda
2272 1199 2374 1257 est,
2407 1191 2520 1256 sed,
2554 1200 2613 1246 ut
2636 1191 2887 1257 diximus,
2931 1193 3046 1246 sola
3073 1192 3426 1247 sanctificatio
3452 1190 3578 1261 Spi-

1990 1281 2126 1337 ritus
2169 1281 2340 1336 sancti
2394 1279 2691 1337 invocanda
2740 1290 2862 1347 est,
2911 1290 2970 1335 ut
3005 1280 3150 1350 quod
3199 1281 3266 1335 ab
3314 1280 3579 1335 hmreticis

1989 1386 2151 1427 nemo
2179 1372 2396 1441 accipit,
2428 1386 2459 1426 a
2499 1373 2779 1429 catholicis
2801 1373 3166 1428 sacerdotibus
3197 1366 3575 1441 consequatur;

1990 1458 2142 1515 Hanc
2168 1472 2346 1515 autem
2368 1462 2648 1531 epistolam
2701 1472 2961 1529 nostram,
3007 1479 3170 1533 quam
3200 1464 3267 1518 ad
3306 1456 3579 1518 consulta-

1990 1550 2193 1606 tionem
2222 1560 2325 1606 tuze
2347 1551 2699 1608 fraternitatis
2724 1554 3016 1621 emisimus,
3052 1555 3118 1609 ad
3149 1545 3337 1609 omnes
3364 1553 3578 1621 fratres,

1990 1650 2047 1696 et
2073 1644 2552 1713 comprovinciales
2584 1654 2702 1701 tuos
2745 1634 3031 1716 episcopbs
3079 1646 3245 1702 facias
3273 1647 3577 1716 pervenire,

1992 1742 2050 1787 ut
2080 1735 2317 1789 omnium
2348 1735 2701 1791 observantia:
2744 1736 2866 1790 data
2894 1738 3065 1808 prosit
3093 1740 3402 1793 auctoritas.
3445 1738 3577 1795 Data

300 1837 544 1893 criminis
567 1836 864 1905 elegerunt,
896 1835 1243 1890 ostendentes
1289 1833 1505 1888 sibimet
1534 1847 1632 1901 pro
1680 1846 1777 1885 sua
1807 1830 1886 1883 in-
1918 1833 1964 1893 Β
1992 1823 2060 1876 12
2087 1824 2189 1879 cal.
2220 1824 2501 1895 Aprilium,
2532 1842 2681 1882 cons.
2711 1826 3003 1896 Majoriano
3034 1827 3293 1897 Augusto.

302 1927 635 1984 continentia
678 1927 974 1997 placuisse,
1017 1924 1162 1995 quod
1190 1924 1335 1994 justa
1382 1921 1627 1978 remissio
1674 1928 1887 1991 poterat

298 2017 542 2087 expiare.
588 2015 833 2072 Redeant
860 2029 990 2084 ergo
1038 2015 1090 2069 in
1137 2029 1294 2071 suum
1340 2021 1537 2068 statum
1588 2010 1887 2065 voluntaria

297 2108 753 2176 redintegratione
776 2106 1049 2174 conjugis,
1072 2120 1247 2174 neque
1271 2104 1380 2159 ullo
1406 2101 1569 2157 modo
1593 2102 1657 2156 ad
1686 2115 1885 2170 oppro-

298 2200 474 2255 brium
504 2199 656 2255 malos
702 2198 994 2254 voluntatis
1042 2197 1302 2262 trahatur,
1343 2196 1486 2266 quod
1522 2194 1760 2251 conditio
1792 2208 1887 2248 ne-

296 2292 567 2349 cessitatis
594 2290 1001 2360 extorsitzquia
1028 2289 1167 2343 sicut
1218 2288 1300 2342 hae
1346 2288 1618 2352 mulieres,
1663 2301 1783 2355 quae
1808 2301 1888 2340 re-

292 2383 436 2438 verti
467 2382 533 2436 ad
561 2382 705 2437 viros
742 2396 870 2436 suos
899 2380 1190 2441 noluerint,
1236 2378 1411 2448 impiae
1453 2387 1577 2432 sunt
1605 2376 1881 2441 habendae,

298 2471 374 2525 ita
405 2472 525 2536 illae,
556 2486 675 2540 quae
704 2471 758 2524 in
788 2469 1041 2523 allectum
1062 2483 1131 2524 ex
1154 2467 1266 2522 Deo
1290 2468 1478 2523 initum
1504 2468 1746 2532 redeunt,
1773 2481 1886 2521 me-

298 2565 407 2621 rito
436 2574 560 2620 sunt
583 2562 884 2618 laudandae.

299 2673 527 2744 Captivis
557 2685 645 2729 aut
674 2691 868 2738 errore,
918 2682 1006 2726 aut
1050 2674 1210 2743 fame,
1252 2690 1353 2726 non
1384 2673 1707 2744 veneratione
1746 2666 1886 2744 cibos

332 2741 687 2801 immolatitios
707 2746 856 2798 edere
878 2741 1151 2813 compulsis
1175 2742 1473 2814 pwnilentia
1500 2741 1846 2796 concedenda.

368 2856 552 2911 XLVI.
585 2856 659 2910 De
684 2856 768 2910 his
790 2863 967 2909 autem
1006 2853 1345 2919 Christianis,
1389 2854 1480 2922 qui
1521 2853 1660 2907 inter
1706 2868 1820 2919 eos,
1852 2869 1884 2909 a

188 2960 205 2971 ‘
300 2951 490 3021 quibus
529 2945 740 3003 fuerant
766 2947 1038 3017 captivati,
1088 2945 1442 3001 immolatitiis
1477 2946 1610 3000 cibis
1637 2960 1886 3000 asserun-

300 3050 389 3095 tur
409 3055 529 3095 esse
550 3038 762 3109 polluti,
776 3037 1160 3092 consultationi
1181 3035 1461 3090 charitatis
1479 3042 1581 3089 tua:
1601 3035 1704 3089 hoc
1724 3034 1884 3089 etiam

300 3131 729 3202 respondendum
765 3144 885 3185 esse
911 3129 1252 3194 credidimus,
1296 3136 1354 3182 ut
1380 3123 1709 3197 poenitentiae
1734 3127 1888 3181 satis-

301 3223 538 3278 factione
564 3232 875 3292 purgentur,
915 3235 1034 3290 qua:
1062 3235 1171 3274 non
1220 3227 1325 3273 tam
1367 3217 1621 3287 temporis
1649 3217 1884 3286 longitu-
1913 3194 1957 3254 (ἶ

301 3313 453 3377 dine,
503 3329 664 3383 quam
700 3313 878 3375 cordis
922 3310 1337 3381 compunctione
1383 3305 1656 3380 pensanda
1685 3318 1784 3363 est.
1817 3307 1885 3362 Et

302 3405 418 3459 sive
447 3403 549 3457 hoc
587 3418 736 3457 error
764 3397 1069 3467 extorserit,
1112 3400 1226 3455 sive
1270 3400 1436 3455 fames
1480 3396 1729 3462 suaserit,
1776 3414 1884 3452 non

301 3493 572 3548 dubitetur
591 3492 934 3558 abolendum,
952 3506 1073 3546 cum
1098 3490 1402 3557 hujusmodi
1424 3491 1574 3545 cibus
1596 3504 1694 3560 pro
1716 3474 1881 3554 metu,

301 3589 394 3636 aut
439 3581 758 3651 indigentia,
806 3594 915 3634 non
965 3594 1065 3649 pro
1111 3577 1382 3647 religionis
1427 3578 1770 3633 veneratione
1816 3579 1887 3632 sit

302 3682 567 3744 sumptus.

304 3783 452 3849 Quod
480 3786 553 3848 hi,
582 3782 669 3855 qui
697 3784 766 3837 ad
793 3785 1114 3838 iterationem
1145 3780 1383 3851 baptismi
1410 3780 1582 3855 velvi,
1606 3783 1682 3855 vel
1707 3784 1886 3855 timore

370 3856 535 3910 coacti
556 3853 755 3909 animos
776 3856 1110 3917 inclinarunt,
1134 3855 1445 3923 poenitentia:
1464 3854 1566 3905 sint
1587 3853 1887 3907 sublevandi

370 3926 634 3979 remedio:
672 3926 746 3978 ita
779 3934 835 3977 ut
868 3925 1045 3978 senilis
1082 3924 1268 3987 (etatis,
1308 3925 1635 3992 parvulorum
1666 3938 1883 3993 quoque,

369 4004 417 4047 et
438 3994 823 4066 (egritudinum,
848 4003 1243 4066 (ceterarumque
1264 3994 1617 4047 necessitatum
1639 3992 1888 4063 habeatur

370 4064 593 4119 sollicita
621 4064 1032 4118 consideratione
1052 4072 1326 4134 respectus.

368 4178 575 4234 XLVII.
606 4177 673 4233 Hi
701 4192 851 4244 vero,
900 4177 969 4233 de
1005 4178 1197 4247 quibus
1244 4176 1492 4232 similiter
1531 4175 1750 4230 dilectio
1796 4179 1887 4228 tua

298 4286 401 4326 nos
439 4269 666 4324 credidit
689 4267 1083 4332 consulendos,
1133 4265 1224 4337 qui
1265 4265 1331 4320 ad
1368 4265 1670 4320 iterandum
1709 4264 1887 4333 bapti-

302 4376 481 4419 smum
509 4361 593 4416 vel
623 4369 768 4415 metu
806 4360 1001 4427 coacti,
1049 4356 1133 4411 vel
1169 4370 1355 4411 errore
1381 4354 1611 4410 traducti
1639 4362 1783 4420 sunt,
1833 4360 1888 4407 et

298 4468 443 4512 nunc
473 4470 533 4509 se
559 4462 746 4510 contra
792 4452 1067 4509 catholicae
1114 4450 1235 4505 lidei
1282 4457 1674 4504 sacramentum
1714 4447 1887 4516 egisse

297 4555 651 4617 cognoscunt,
701 4559 765 4600 ea
812 4553 894 4600 est
922 4542 1270 4599 custodienda
1311 4541 1633 4607 moderatio,
1683 4556 1787 4609 qua
1832 4540 1884 4594 in
1917 4570 1963 4628 υ

298 4640 611 4695 societatem
658 4645 896 4692 nostram
943 4650 1049 4690 non
1081 4634 1182 4689 nisi
1228 4648 1324 4705 per
1350 4631 1679 4703 paenitentia:
1712 4645 1885 4685 reme-

298 4730 465 4793 dium,
497 4735 553 4784 et
580 4743 676 4798 per
707 4728 1103 4796 impositionem
1131 4724 1452 4795 episcopalis
1480 4737 1691 4786 manus,
1734 4736 1884 4776 com-

297 4819 569 4885 munionis
597 4818 860 4888 recipiant
885 4818 1164 4872 unitatem.
1211 4815 1475 4885 Tempora
1510 4813 1881 4883 paenitudinis,

296 4908 482 4963 habita
510 4908 898 4972 moderatione,
935 4916 1029 4962 tuo
1071 4906 1447 4963 constituenda
1474 4903 1699 4973 judicio,
1726 4911 1886 4974 prout

296 5012 681 5053 conversorum
710 4999 920 5054 animos
949 4998 1250 5069 inspexeris
1277 5011 1399 5053 esse
1441 4994 1693 5061 devotos,
1741 4995 1884 5064 pari-

296 5096 492 5158 terque
519 5088 679 5144 etiam
707 5089 967 5145 habentes
992 5089 1165 5144 aetatis
1191 5087 1376 5144 senilis
1404 5086 1677 5149 intuitum,
1707 5094 1765 5140 et
1789 5099 1887 5154 pe—

293 5178 588 5234 riculorum
614 5192 970 5249 quorumque,
1021 5185 1115 5233 aut
1140 5176 1512 5246 mgritudinum
1539 5174 1886 5244 respicientes

296 5271 673 5327 necessitates.
715 5270 775 5325 In
816 5269 1011 5339 quibus
1035 5270 1081 5325 si
1106 5270 1225 5339 quis
1248 5268 1323 5322 ita
1349 5267 1585 5336 graviter
1609 5274 1882 5333 urgeatur,

295 5364 361 5418 nt
386 5362 513 5417 dum
538 5360 714 5417 adhuc
742 5360 985 5431 poenitet,
1034 5360 1102 5414 de
1128 5359 1303 5414 salute
1343 5357 1510 5427 ipsius
1548 5355 1883 5425 desperetur,

295 5461 517 5525 oportet
555 5453 606 5509 ei
633 5468 734 5525 per
771 5448 1160 5510 sacerdotalem
1203 5449 1618 5505 sollicitudinem
1646 5463 1889 5503 commu-

297 5547 478 5602 nionis
506 5546 679 5617 gratia
706 5544 1000 5602 subveniri.

298 5657 373 5715 Ut
400 5659 472 5724 Iri,
498 5658 585 5731 qui
611 5659 676 5714 ab
704 5658 955 5731 hareticis
982 5657 1241 5731 baptizati‘
1256 5662 1396 5724 sunt,
1426 5656 1537 5711 sola
1566 5658 1732 5709 sancti
1765 5655 1887 5727 Spl—

700 5731 830 5783 ritus
857 5727 1178 5782 invocatione
1206 5727 1501 5797 ﬁrmentur.

284 5856 287 5857 ν
372 5817 599 5875 XLVIII.
658 5817 788 5872 Nam
821 5818 895 5881 hi,
941 5818 1033 5886 qui
1059 5817 1379 5887 baptismum
1409 5816 1476 5872 ab
1505 5816 1767 5873 haereticis
1795 5830 1887 5881 aco

589 5914 855 5973 ΡΑτιιοι..
907 5908 1155 5972 LXVII.

1989 1913 2055 1969 In
2081 1916 2505 1989 causa_Lupicini
2535 1918 2761 1989 episcopi
2804 1916 2905 1972 Leo
2935 1920 3183 1972 universis
3212 1918 3463 1989 episcopis
3486 1935 3575 1989 per

2222 1985 2593 2041 Cazsariensem
2622 1985 3001 2042 Mauritaniam
3025 1985 3334 2043 constitutis.

2057 2073 2242 2130 XLIX.
2290 2075 2429 2131 Cum
2475 2078 2542 2132 de
2590 2078 3018 2134 ordinationibus
3064 2079 3404 2134 sacerdotum
3432 2094 3577 2150 quae-

1986 2166 2109 2222 dam
2138 2166 2280 2237 apud
2318 2184 2415 2223 vos
2438 2168 2620 2224 illicite
2649 2177 2902 2239 usurpata
2927 2169 3167 2229 crebrior
3189 2169 3256 2224 ad
3279 2186 3379 2225 nos
3415 2185 3570 2226 com-

1988 2260 2283 2314 meantium
2311 2275 2489 2316 sermo
2520 2260 2807 2329 perferret,
2856 2260 2998 2315 ratio
3028 2260 3244 2330 pietatis
3287 2260 3486 2330 exegit,
3519 2270 3577 2315 ut

1986 2365 2086 2420 pro
2114 2350 2472 2405 sollicitudine
2503 2352 2684 2422 (quam
2713 2351 2975 2408 universae
3009 2350 3262 2407 Ecclesia:
3301 2367 3367 2408 ex
3395 2353 3577 2409 divina

1987 2442 2323 2497 institutione
2363 2442 2750 2515 dependimus)
2806 2459 2986 2499 rerum
3031 2444 3189 2499 ﬁdem
3235 2445 3576 2503 studeremus

1986 2546 2302 2601 agnoscere,
2353 2533 2526 2589 vicem
2570 2549 2711 2588 cura:
2748 2543 2946 2588 nostrae
2976 2533 3335 2602 proﬁciscenti
3361 2550 3392 2590 a
3419 2538 3577 2592 nobis

1988 2621 2246 2678 confratri
2274 2631 2330 2678 et
2357 2624 2729 2678 consacerdoti
2758 2632 2943 2679 nostro
2966 2623 3217 2680 Potentio
3239 2626 3571 2694 delegantes,

1986 2714 2078 2783 qui
2106 2714 2397 2770 secundum
2423 2716 2642 2785 scripta,
2686 2731 2805 2785 quae
2833 2732 2929 2787 per
2958 2718 3132 2787 ipsum
3158 2717 3226 2771 ad
3252 2733 3350 2773 vos
3376 2718 3574 2773 direxi~

1987 2820 2126 2871 mus,
2156 2805 2226 2861 de
2247 2807 2533 2878 episcopis,
2582 2822 2810 2877 quorum
2856 2809 3136 2877 culpabilis
3164 2808 3574 2866 ferebaturele-

1988 2896 2118 2963 ctio,
2149 2896 2277 2965 quid
2307 2895 2504 2951 veritas
2528 2895 2775 2965 haberet,
2804 2898 3117 2967 inquireret,
3170 2899 3433 2969 nobisque
3454 2916 3573 2955 om-

1989 2989 2077 3043 nia
2108 2985 2338 3043 lideliter
2386 2987 2675 3043 indicaret.
2723 2987 2875 3044 Unde
2921 2990 3047 3060 quia
3090 2989 3229 3045 idem
3268 2991 3576 3061 plenissime

1989 3078 2195 3132 notitiae
2216 3088 2413 3132 nostra:
2434 3089 2623 3134 cuneta
2654 3081 2930 3140 reseravit,
2963 3088 3020 3134 et
3039 3082 3377 3150 subquibus,
3403 3083 3575 3152 quali-

1989 3168 2196 3237 busque
2224 3170 2524 3225 rectoribus
2552 3171 2793 3239 quaedam
2812 3170 3009 3228 Christi
3036 3173 3221 3245 plebes
3249 3175 3303 3235 in
3332 3176 3575 3246 partibus

1988 3260 2277 3330 provinciae
2304 3260 2651 3319 Csesariensis
2690 3262 3010 3331 habeantur,
3056 3266 3283 3321 sincera-
3304 3266 3459 3324 nobis
3485 3282 3576 3322 re-

1986 3350 2188 3405 latione
2210 3350 2485 3420 patefecit,
2516 3354 2877 3408 necessariuui
2904 3353 3025 3425 fuit,
3048 3364 3107 3410 ut
3126 3355 3369 3417 dolorem
3394 3359 3573 3414 cordis

1986 3443 2175 3504 nostri,
2207 3456 2315 3512 quo
2342 3456 2438 3511 pro
2458 3442 2850 3500 dominicorum
2872 3459 3094 3515 gregum
3115 3448 3363 3516 periculis
3382 3458 3576 3505 aastua~

1986 3548 2124 3598 mus,
2151 3532 2291 3587 datis
2318 3549 2462 3589 nunc
2499 3550 2713 3606 quoque
2752 3536 2822 3591 ad
2849 3538 3190 3594 dilectionem
3220 3550 3451 3596 vestram
3483 3542 3573 3597 lit»

1987 3625 2117 3679 teris
2146 3639 2537 3695 promeremus,
2585 3628 2842 3683 mirantes
2887 3636 3096 3684 tantum
3143 3631 3285 3700 apud
3334 3648 3427 3688 vos
3474 3648 3574 3704 per

1987 3714 2329 3770 occasionem
2362 3717 2617 3786 temporis
2644 3718 2895 3789 impacati
2933 3727 3027 3775 aut
3062 3722 3411 3779 ambientium
3435 3740 3576 3795 pne»

1987 3807 2369 3875 sumptionem,
2418 3816 2512 3863 aut
2552 3810 2837 3865 tumultum
2868 3813 3098 3870 valuisse
3124 3818 3464 3886 popularem,
3513 3828 3577 3874 ut

1987 3898 2219 3968 indignis
2248 3900 2568 3970 quibusque,
2611 3911 2667 3956 et
2688 3902 2846 3972 longe
2870 3912 3022 3959 extra
3046 3906 3574 3964 sacerdotale‘meri~

1991 3998 2102 4043 tum
2149 3991 2455 4045 constitutis
2500 3993 2771 4062 pastorale
2810 3994 3111 4064 fastigium,
3163 4006 3220 4051 et
3258 4000 3576 4066 gubernatio

1987 4079 2244 4138 Ecclesiae
2270 4083 2577 4139 dederetur.
2627 4086 2742 4141 Non
2770 4081 2859 4141 est
2897 4089 3001 4144 hoc
3029 4092 3312 4149 consulere
3340 4097 3570 4164 populis,

1989 4169 2084 4225 sed
2113 4186 2328 4237 nocere,
2357 4187 2458 4228 nec
2487 4183 2743 4243 prmstare
2767 4176 3026 4244 regimen,
3050 4180 3143 4234 sed
3164 4195 3361 4249 augere
3386 4186 3577 4240 discri-

1988 4276 2132 4316 men.
2179 4260 2466 4329 lntegritas
2496 4266 2637 4318 enim
2667 4266 3066 4335 praesidentium
3096 4272 3242 4327 salus
3284 4283 3367 4329 est
3393 4275 3576 4329 subdi-

1990 4362 2186 4419 torum,
2214 4362 2270 4407 et
2296 4355 2383 4408 ubi
2413 4363 2498 4409 est
2525 4355 2866 4413 incolumitas
2881 4357 3220 4429 obedientitn,
3245 4362 3315 4416 ibi
3336 4378 3467 4417 sana
3495 4374 3576 4419 est

1990 4440 2164 4497 forma
2185 4443 2463 4500 doctrinae.
2497 4442 2836 4516 Principatus
2862 4457 3063 4515 autem,
3090 4465 3249 4519 quem
3270 4462 3363 4507 aut
3382 4455 3575 4510 seditio

1990 4534 2239 4599 contulit,
2271 4542 2365 4588 aut
2391 4536 2623 4591 ambitus
2649 4540 2957 4607 occupavit,
2988 4540 3199 4598 etiamsi
3235 4546 3475 4602 moribus
3505 4556 3579 4602 at-
3616 4542 3619 4543 ⁷

1992 4641 2097 4695 que
2121 4628 2332 4684 actibus
2360 4644 2467 4684 non
2491 4629 2745 4699 offendat,
2794 4633 2962 4703 ipsius
2992 4644 3171 4692 tamen
3219 4639 3357 4696 initii
3384 4643 3466 4697 sui
3496 4653 3580 4700 est

1991 4720 2328 4789 perniciosus
2354 4723 2623 4791 exemplo,
2656 4733 2712 4779 et
2739 4724 2790 4779 di
2814 4726 2955 4783 licile
2993 4737 3095 4795 est,
3145 4738 3203 4785 ut
3230 4732 3374 4789 bono
3419 4750 3581 4805 pera-

1990 4818 2185 4878 gantur
2211 4812 2379 4879 exitu,
2395 4828 2514 4882 qua:
2534 4815 2677 4870 malo
2701 4826 2826 4870 sunt
2846 4818 3099 4875 inchoata
3127 4823 3409 4895 principio.
3428 4826 3580 4893 Quod

1991 4901 2036 4955 si
2058 4901 2110 4955 in
2137 4902 2463 4970 quibuslibet
2482 4904 2735 4961 Ecclesia:
2755 4909 3006 4977 gradibus
3027 4916 3391 4983 providenter,
3414 4921 3582 4975 scien-

1994 4998 2184 5063 terque
2211 4995 2506 5051 curandum
2532 5006 2634 5063 est,
2676 5007 2736 5053 ut
2764 5000 2818 5055 in
2841 5000 3053 5058 Domini
3077 5004 3239 5061 domo
3269 5009 3400 5061 nihil
3420 5011 3491 5064 sit
3510 5011 3582 5064 in~

1990 5083 2318 5153 ordinatum,
2347 5086 2587 5157 nihilque
2609 5099 3021 5160 prmposterum,
3045 5103 3248 5161 quanto
3275 5097 3446 5165 magis
3473 5100 3583 5153 ela-

1990 5175 2288 5231 borandum
2305 5186 2408 5241 est,
2422 5180 2550 5234 utin
2564 5181 2829 5239 electione
2843 5185 2980 5256 ejus,
2994 5186 3084 5254 qui
3096 5202 3255 5258 supra
3267 5203 3456 5243 omnes
3470 5205 3579 5259 gra-

1992 5267 2094 5323 dus
2120 5269 2481 5336 constituitur,
2510 5281 2618 5328 neu
2639 5277 2888 5330 erretur?
2907 5275 3040 5331 Nam
3062 5280 3227 5332 totius
3249 5274 3464 5333 familias
3484 5279 3581 5335 Do~

1993 5360 2124 5415 mini
2153 5369 2345 5429 status,
2362 5370 2418 5418 et
2436 5363 2570 5420 ordo
2591 5366 2820 5431 nutabit,
2837 5366 2885 5422 si
2911 5367 3056 5435 quod
3076 5368 3365 5439 requiritur
3384 5370 3439 5427 in
3459 5388 3575 5428 cor-

1991 5466 2127 5520 pore
2153 5467 2262 5508 non
2283 5452 2585 5510 inveniatur
2607 5455 2662 5511 in
2691 5458 2886 5526 capite.
2915 5455 3015 5513 Ubi
3035 5468 3120 5515 est
3143 5460 3234 5516 illa
3260 5462 3406 5519 beati
3430 5464 3578 5521 Pauli

1994 5546 2236 5617 Apostoli
2264 5562 2363 5619 per
2408 5550 2651 5620 spiritum
2701 5549 2796 5606 Dei
2843 5551 3037 5607 emissa
3083 5556 3416 5627 praeceptio:
3470 5572 3573 5628 qua

1995 5638 2050 5692 in
2079 5654 2311 5709 persona
2339 5639 2607 5697 Timothei
2627 5642 2864 5697 omnium
2893 5643 3091 5700 Christi
3110 5648 3458 5705 sacerdotum
3483 5666 3575 5704 nu~

1994 5742 2176 5786 merus
2204 5730 2466 5796 eruditur,
2489 5740 2543 5788 et
2568 5732 2856 5803 unicuique
2876 5744 3121 5792 nostrum
3142 5735 3354 5804 dicitur,
3386 5740 3564 5795 Manu:

1922 5886 1925 5889 _
1995 5821 2105 5879 cito
2127 5823 2328 5879 nemini
2356 5823 2700 5894 imposueris,
2745 5841 2919 5897 neque
2947 5829 3311 5887 communiees
3336 5834 3559 5900 peccatis

2992 5920 3063 5979 IO
