  <div class='ocr_page' id='page_1' title='image "/cluster/home/n/w/nwhite01/storage/ocr_20150623/67/hvd.32044015547185/155.png"; bbox 0 0 4092 6348; ppageno 0'>
   <div class='ocr_carea' id='block_1_1' title="bbox 1807 301 2527 361">
    <p class='ocr_par' dir='ltr' id='par_1_1' title="bbox 1807 301 2527 361">
     <span class='ocr_line' id='line_1_1' title="bbox 1807 301 2527 361; baseline 0 -2"><span class='ocrx_word' id='word_1_1' title='bbox 1807 301 2165 361; x_wconf 59' lang='grc' dir='ltr'>ωοξίιιδιυδ</span> <span class='ocrx_word' id='word_1_2' title='bbox 2203 302 2527 360; x_wconf 73' lang='lat' dir='ltr'><strong>EXIGUUS.</strong></span> 
     </span>
    </p>
   </div>
   <div class='ocr_carea' id='block_1_2' title="bbox 3706 313 3802 366">
    <p class='ocr_par' dir='ltr' id='par_1_2' title="bbox 3706 313 3802 366">
     <span class='ocr_line' id='line_1_2' title="bbox 3706 313 3802 366; baseline 0 -1"><span class='ocrx_word' id='word_1_3' title='bbox 3706 313 3802 366; x_wconf 68' lang='lat'><strong>500</strong></span> 
     </span>
    </p>
   </div>
   <div class='ocr_carea' id='block_1_3' title="bbox 536 416 3803 495">
    <p class='ocr_par' dir='ltr' id='par_1_3' title="bbox 536 416 3803 495">
     <span class='ocr_line' id='line_1_3' title="bbox 536 416 3803 495; baseline 0.002 -17"><span class='ocrx_word' id='word_1_4' title='bbox 536 419 727 478; x_wconf 61' lang='lat' dir='ltr'><strong>alienis</strong></span> <span class='ocrx_word' id='word_1_5' title='bbox 750 416 843 489; x_wconf 87' lang='grc'><strong>(11</strong></span> <span class='ocrx_word' id='word_1_6' title='bbox 875 419 1007 475; x_wconf 82' lang='lat' dir='ltr'><strong>Tim.</strong></span> <span class='ocrx_word' id='word_1_7' title='bbox 1032 420 1125 490; x_wconf 74' lang='lat' dir='ltr'><strong>vlt</strong></span> <span class='ocrx_word' id='word_1_8' title='bbox 1155 416 1294 487; x_wconf 86' lang='lat' dir='ltr'><strong>Quid</strong></span> <span class='ocrx_word' id='word_1_9' title='bbox 1322 424 1406 473; x_wconf 85' lang='lat' dir='ltr'><strong>est</strong></span> <span class='ocrx_word' id='word_1_10' title='bbox 1443 416 1553 472; x_wconf 86' lang='lat' dir='ltr'><strong>cito</strong></span> <span class='ocrx_word' id='word_1_11' title='bbox 1600 430 1791 472; x_wconf 84' lang='lat' dir='ltr'><strong>manus</strong></span> <span class='ocrx_word' id='word_1_12' title='bbox 1818 416 2118 487; x_wconf 78' lang='lat' dir='ltr'><strong>imponere,</strong></span> <span class='ocrx_word' id='word_1_13' title='bbox 2154 417 2205 477; x_wconf 81' lang='grc' dir='ltr'>Α</span> <span class='ocrx_word' id='word_1_14' title='bbox 2229 417 2500 487; x_wconf 91' lang='lat' dir='ltr'><strong>adjuvant,</strong></span> <span class='ocrx_word' id='word_1_15' title='bbox 2527 434 2689 490; x_wconf 86' lang='lat' dir='ltr'><strong>quam</strong></span> <span class='ocrx_word' id='word_1_16' title='bbox 2718 419 2961 490; x_wconf 86' lang='lat' dir='ltr'><strong>diligens,</strong></span> <span class='ocrx_word' id='word_1_17' title='bbox 3012 431 3067 479; x_wconf 90' lang='lat' dir='ltr'><strong>et</strong></span> <span class='ocrx_word' id='word_1_18' title='bbox 3094 438 3255 492; x_wconf 89' lang='lat' dir='ltr'><strong>quam</strong></span> <span class='ocrx_word' id='word_1_19' title='bbox 3298 424 3535 495; x_wconf 75' lang='lat' dir='ltr'><strong>prudens</strong></span> <span class='ocrx_word' id='word_1_20' title='bbox 3561 424 3803 487; x_wconf 79' lang='lat' dir='ltr'><strong>habenda</strong></span> 
     </span>
    </p>
   </div>
   <div class='ocr_carea' id='block_1_4' title="bbox 536 507 2117 578">
    <p class='ocr_par' dir='ltr' id='par_1_4' title="bbox 536 507 2117 578">
     <span class='ocr_line' id='line_1_4' title="bbox 536 507 2117 578; baseline -0.004 -11"><span class='ocrx_word' id='word_1_21' title='bbox 536 512 641 569; x_wconf 81' lang='lat' dir='ltr'><strong>nisi</strong></span> <span class='ocrx_word' id='word_1_22' title='bbox 667 518 798 568; x_wconf 84' lang='lat' dir='ltr'><strong>ante</strong></span> <span class='ocrx_word' id='word_1_23' title='bbox 820 519 1035 567; x_wconf 66' lang='lat' dir='ltr'><strong>atatem</strong></span> <span class='ocrx_word' id='word_1_24' title='bbox 1063 508 1411 574; x_wconf 82' lang='lat' dir='ltr'><strong>maturitatis,</strong></span> <span class='ocrx_word' id='word_1_25' title='bbox 1442 514 1568 565; x_wconf 91' lang='lat' dir='ltr'><strong>ante</strong></span> <span class='ocrx_word' id='word_1_26' title='bbox 1593 516 1804 578; x_wconf 89' lang='lat' dir='ltr'><strong>tempus</strong></span> <span class='ocrx_word' id='word_1_27' title='bbox 1832 507 2117 573; x_wconf 80' lang='lat' dir='ltr'><strong>examinis,</strong></span> 
     </span>
    </p>
   </div>
   <div class='ocr_carea' id='block_1_5' title="bbox 536 599 2122 669">
    <p class='ocr_par' dir='ltr' id='par_1_5' title="bbox 536 599 2122 669">
     <span class='ocr_line' id='line_1_5' title="bbox 536 599 2122 669; baseline -0.004 -8"><span class='ocrx_word' id='word_1_28' title='bbox 536 610 666 662; x_wconf 76' lang='lat' dir='ltr'><strong>ante</strong></span> <span class='ocrx_word' id='word_1_29' title='bbox 694 603 947 660; x_wconf 87' lang='lat' dir='ltr'><strong>meritum</strong></span> <span class='ocrx_word' id='word_1_30' title='bbox 968 601 1312 668; x_wconf 73' lang='lat' dir='ltr'><strong>obedientiae,</strong></span> <span class='ocrx_word' id='word_1_31' title='bbox 1338 600 1562 667; x_wconf 89' lang='lat' dir='ltr'><strong>laboris,</strong></span> <span class='ocrx_word' id='word_1_32' title='bbox 1588 607 1712 655; x_wconf 92' lang='lat' dir='ltr'><strong>ante</strong></span> <span class='ocrx_word' id='word_1_33' title='bbox 1731 599 2122 669; x_wconf 77' lang='lat' dir='ltr'><strong>experientiam</strong></span> 
     </span>
    </p>
   </div>
   <div class='ocr_carea' id='block_1_6' title="bbox 538 690 2119 764">
    <p class='ocr_par' dir='ltr' id='par_1_6' title="bbox 538 690 2119 764">
     <span class='ocr_line' id='line_1_6' title="bbox 538 690 2119 764; baseline -0.005 -13"><span class='ocrx_word' id='word_1_34' title='bbox 538 693 832 764; x_wconf 75' lang='lat' dir='ltr'><strong>disciplina:</strong></span> <span class='ocrx_word' id='word_1_35' title='bbox 856 691 1250 749; x_wconf 77' lang='lat' dir='ltr'><strong>sacerdotalem</strong></span> <span class='ocrx_word' id='word_1_36' title='bbox 1283 691 1549 746; x_wconf 85' lang='lat' dir='ltr'><strong>honorem</strong></span> <span class='ocrx_word' id='word_1_37' title='bbox 1579 690 1816 744; x_wconf 85' lang='lat' dir='ltr'><strong>tribuere</strong></span> <span class='ocrx_word' id='word_1_38' title='bbox 1843 705 1950 744; x_wconf 92' lang='lat' dir='ltr'><strong>non</strong></span> <span class='ocrx_word' id='word_1_39' title='bbox 1990 706 2119 760; x_wconf 91' lang='lat' dir='ltr'><strong>pro-</strong></span> 
     </span>
    </p>
   </div>
   <div class='ocr_carea' id='block_1_7' title="bbox 538 782 2122 855">
    <p class='ocr_par' dir='ltr' id='par_1_7' title="bbox 538 782 2122 855">
     <span class='ocr_line' id='line_1_7' title="bbox 538 782 2122 855; baseline -0.002 -14"><span class='ocrx_word' id='word_1_40' title='bbox 538 784 714 847; x_wconf 79' lang='lat' dir='ltr'><strong>batis?</strong></span> <span class='ocrx_word' id='word_1_41' title='bbox 743 785 810 841; x_wconf 79' lang='lat' dir='ltr'><strong>Et</strong></span> <span class='ocrx_word' id='word_1_42' title='bbox 835 784 965 855; x_wconf 84' lang='lat' dir='ltr'><strong>quid</strong></span> <span class='ocrx_word' id='word_1_43' title='bbox 989 790 1072 841; x_wconf 89' lang='lat' dir='ltr'><strong>est</strong></span> <span class='ocrx_word' id='word_1_44' title='bbox 1090 784 1492 843; x_wconf 84' lang='lat' dir='ltr'><strong>communicare</strong></span> <span class='ocrx_word' id='word_1_45' title='bbox 1514 784 1751 852; x_wconf 84' lang='lat' dir='ltr'><strong>peccatis</strong></span> <span class='ocrx_word' id='word_1_46' title='bbox 1779 782 1992 850; x_wconf 91' lang='lat' dir='ltr'><strong>alienis,</strong></span> <span class='ocrx_word' id='word_1_47' title='bbox 2021 783 2122 838; x_wconf 90' lang='lat' dir='ltr'><strong>nisi</strong></span> 
     </span>
    </p>
   </div>
   <div class='ocr_carea' id='block_1_8' title="bbox 538 874 2119 944">
    <p class='ocr_par' dir='ltr' id='par_1_8' title="bbox 538 874 2119 944">
     <span class='ocr_line' id='line_1_8' title="bbox 538 874 2119 944; baseline -0.004 -10"><span class='ocrx_word' id='word_1_48' title='bbox 538 884 595 934; x_wconf 80' lang='lat' dir='ltr'><strong>et</strong></span> <span class='ocrx_word' id='word_1_49' title='bbox 621 876 783 932; x_wconf 82' lang='lat' dir='ltr'><strong>talem</strong></span> <span class='ocrx_word' id='word_1_50' title='bbox 831 876 972 933; x_wconf 81' lang='lat' dir='ltr'><strong>eflici</strong></span> <span class='ocrx_word' id='word_1_51' title='bbox 1015 876 1391 942; x_wconf 87' lang='lat' dir='ltr'><strong>ordinantem,</strong></span> <span class='ocrx_word' id='word_1_52' title='bbox 1422 874 1599 944; x_wconf 81' lang='lat' dir='ltr'><strong>qualis</strong></span> <span class='ocrx_word' id='word_1_53' title='bbox 1627 882 1709 930; x_wconf 88' lang='lat' dir='ltr'><strong>est</strong></span> <span class='ocrx_word' id='word_1_54' title='bbox 1739 874 1847 936; x_wconf 89' lang='lat' dir='ltr'><strong>ille,</strong></span> <span class='ocrx_word' id='word_1_55' title='bbox 1894 874 1984 943; x_wconf 88' lang='lat' dir='ltr'><strong>qui</strong></span> <span class='ocrx_word' id='word_1_56' title='bbox 2013 889 2119 928; x_wconf 92' lang='lat' dir='ltr'><strong>non</strong></span> 
     </span>
    </p>
   </div>
   <div class='ocr_carea' id='block_1_9' title="bbox 539 964 2123 1034">
    <p class='ocr_par' dir='ltr' id='par_1_9' title="bbox 539 964 2123 1034">
     <span class='ocr_line' id='line_1_9' title="bbox 539 964 2123 1034; baseline -0.001 -13"><span class='ocrx_word' id='word_1_57' title='bbox 539 966 737 1022; x_wconf 86' lang='lat' dir='ltr'><strong>meruit</strong></span> <span class='ocrx_word' id='word_1_58' title='bbox 763 966 1032 1022; x_wconf 87' lang='lat' dir='ltr'><strong>ordinari?</strong></span> <span class='ocrx_word' id='word_1_59' title='bbox 1053 966 1205 1022; x_wconf 88' lang='lat' dir='ltr'><strong>Sicut</strong></span> <span class='ocrx_word' id='word_1_60' title='bbox 1230 966 1374 1021; x_wconf 91' lang='lat' dir='ltr'><strong>enim</strong></span> <span class='ocrx_word' id='word_1_61' title='bbox 1406 965 1533 1021; x_wconf 91' lang='lat' dir='ltr'><strong>boni</strong></span> <span class='ocrx_word' id='word_1_62' title='bbox 1572 964 1751 1034; x_wconf 88' lang='lat' dir='ltr'><strong>operis</strong></span> <span class='ocrx_word' id='word_1_63' title='bbox 1778 964 1880 1019; x_wconf 86' lang='lat' dir='ltr'><strong>sibi</strong></span> <span class='ocrx_word' id='word_1_64' title='bbox 1904 979 2123 1034; x_wconf 54' lang='lat' dir='ltr'><strong>compa.</strong></span> 
     </span>
    </p>
   </div>
   <div class='ocr_carea' id='block_1_10' title="bbox 540 1053 2123 1127">
    <p class='ocr_par' dir='ltr' id='par_1_10' title="bbox 540 1053 2123 1127">
     <span class='ocr_line' id='line_1_10' title="bbox 540 1053 2123 1127; baseline -0.003 -16"><span class='ocrx_word' id='word_1_65' title='bbox 540 1064 625 1112; x_wconf 85' lang='lat' dir='ltr'><strong>rat</strong></span> <span class='ocrx_word' id='word_1_66' title='bbox 666 1055 920 1123; x_wconf 87' lang='lat' dir='ltr'><strong>fructum,</strong></span> <span class='ocrx_word' id='word_1_67' title='bbox 945 1057 1038 1127; x_wconf 89' lang='lat' dir='ltr'><strong>qui</strong></span> <span class='ocrx_word' id='word_1_68' title='bbox 1067 1066 1276 1113; x_wconf 89' lang='lat' dir='ltr'><strong>rectum</strong></span> <span class='ocrx_word' id='word_1_69' title='bbox 1304 1063 1456 1111; x_wconf 90' lang='lat' dir='ltr'><strong>tenet</strong></span> <span class='ocrx_word' id='word_1_70' title='bbox 1485 1054 1537 1108; x_wconf 91' lang='lat' dir='ltr'><strong>in</strong></span> <span class='ocrx_word' id='word_1_71' title='bbox 1568 1054 1816 1123; x_wconf 91' lang='lat' dir='ltr'><strong>eligendo</strong></span> <span class='ocrx_word' id='word_1_72' title='bbox 1839 1053 2123 1109; x_wconf 83' lang='lat' dir='ltr'><strong>sacerdote</strong></span> 
     </span>
    </p>
   </div>
   <div class='ocr_carea' id='block_1_11' title="bbox 539 1146 2123 1219">
    <p class='ocr_par' dir='ltr' id='par_1_11' title="bbox 539 1146 2123 1219">
     <span class='ocr_line' id='line_1_11' title="bbox 539 1146 2123 1219; baseline -0.004 -13"><span class='ocrx_word' id='word_1_73' title='bbox 539 1150 801 1219; x_wconf 80' lang='lat' dir='ltr'><strong>judicium</strong></span> <span class='ocrx_word' id='word_1_74' title='bbox 828 1166 841 1202; x_wconf 89' lang='lat'><strong>:</strong></span> <span class='ocrx_word' id='word_1_75' title='bbox 867 1149 941 1203; x_wconf 87' lang='lat' dir='ltr'><strong>ita</strong></span> <span class='ocrx_word' id='word_1_76' title='bbox 956 1149 1104 1217; x_wconf 90' lang='lat' dir='ltr'><strong>gravi</strong></span> <span class='ocrx_word' id='word_1_77' title='bbox 1125 1148 1481 1218; x_wconf 83' lang='lat' dir='ltr'><strong>semetipsum</strong></span> <span class='ocrx_word' id='word_1_78' title='bbox 1508 1146 1673 1201; x_wconf 85' lang='lat' dir='ltr'><strong>allicit</strong></span> <span class='ocrx_word' id='word_1_79' title='bbox 1700 1146 1920 1210; x_wconf 84' lang='lat' dir='ltr'><strong>damno,</strong></span> <span class='ocrx_word' id='word_1_80' title='bbox 1948 1146 2040 1215; x_wconf 93' lang='lat' dir='ltr'><strong>qui</strong></span> <span class='ocrx_word' id='word_1_81' title='bbox 2069 1146 2123 1199; x_wconf 92' lang='lat' dir='ltr'><strong>in</strong></span> 
     </span>
    </p>
   </div>
   <div class='ocr_carea' id='block_1_12' title="bbox 540 1238 2125 1309">
    <p class='ocr_par' dir='ltr' id='par_1_12' title="bbox 540 1238 2125 1309">
     <span class='ocr_line' id='line_1_12' title="bbox 540 1238 2125 1309; baseline -0.004 -11"><span class='ocrx_word' id='word_1_82' title='bbox 540 1256 698 1298; x_wconf 81' lang='lat' dir='ltr'><strong>suum</strong></span> <span class='ocrx_word' id='word_1_83' title='bbox 727 1240 1009 1309; x_wconf 79' lang='lat' dir='ltr'><strong>collegium</strong></span> <span class='ocrx_word' id='word_1_84' title='bbox 1039 1240 1264 1297; x_wconf 89' lang='lat' dir='ltr'><strong>assumit</strong></span> <span class='ocrx_word' id='word_1_85' title='bbox 1292 1239 1586 1308; x_wconf 81' lang='lat' dir='ltr'><strong>indignum.</strong></span> <span class='ocrx_word' id='word_1_86' title='bbox 1618 1238 1737 1293; x_wconf 86' lang='lat' dir='ltr'><strong>Non</strong></span> <span class='ocrx_word' id='word_1_87' title='bbox 1767 1252 1897 1306; x_wconf 91' lang='lat' dir='ltr'><strong>ergo</strong></span> <span class='ocrx_word' id='word_1_88' title='bbox 1928 1238 1981 1292; x_wconf 89' lang='lat' dir='ltr'><strong>in</strong></span> <span class='ocrx_word' id='word_1_89' title='bbox 2030 1253 2125 1291; x_wconf 87' lang='lat' dir='ltr'><strong>cu-</strong></span> 
     </span>
    </p>
   </div>
   <div class='ocr_carea' id='block_1_13' title="bbox 540 1328 2125 1402">
    <p class='ocr_par' dir='ltr' id='par_1_13' title="bbox 540 1328 2125 1402">
     <span class='ocr_line' id='line_1_13' title="bbox 540 1328 2125 1402; baseline -0.004 -15"><span class='ocrx_word' id='word_1_90' title='bbox 540 1332 791 1402; x_wconf 88' lang='lat' dir='ltr'><strong>jusquam</strong></span> <span class='ocrx_word' id='word_1_91' title='bbox 818 1345 1049 1400; x_wconf 82' lang='lat' dir='ltr'><strong>persona</strong></span> <span class='ocrx_word' id='word_1_92' title='bbox 1069 1328 1588 1400; x_wconf 69' lang='lat' dir='ltr'><strong>pmtermittendum</strong></span> <span class='ocrx_word' id='word_1_93' title='bbox 1620 1337 1732 1391; x_wconf 90' lang='lat' dir='ltr'><strong>est,</strong></span> <span class='ocrx_word' id='word_1_94' title='bbox 1765 1328 1909 1398; x_wconf 91' lang='lat' dir='ltr'><strong>quod</strong></span> <span class='ocrx_word' id='word_1_95' title='bbox 1936 1328 1990 1382; x_wconf 92' lang='lat' dir='ltr'><strong>in</strong></span> <span class='ocrx_word' id='word_1_96' title='bbox 2015 1336 2125 1383; x_wconf 90' lang='lat' dir='ltr'><strong>sta-</strong></span> 
     </span>
    </p>
   </div>
   <div class='ocr_carea' id='block_1_14' title="bbox 543 1420 2128 1491">
    <p class='ocr_par' dir='ltr' id='par_1_14' title="bbox 543 1420 2128 1491">
     <span class='ocr_line' id='line_1_14' title="bbox 543 1420 2128 1491; baseline -0.003 -13"><span class='ocrx_word' id='word_1_97' title='bbox 543 1423 675 1479; x_wconf 91' lang='lat' dir='ltr'><strong>tutis</strong></span> <span class='ocrx_word' id='word_1_98' title='bbox 700 1421 1039 1491; x_wconf 75' lang='lat' dir='ltr'><strong>generalibus</strong></span> <span class='ocrx_word' id='word_1_99' title='bbox 1061 1421 1392 1488; x_wconf 88' lang='lat' dir='ltr'><strong>continetur,</strong></span> <span class='ocrx_word' id='word_1_100' title='bbox 1424 1435 1522 1475; x_wconf 91' lang='lat' dir='ltr'><strong>nec</strong></span> <span class='ocrx_word' id='word_1_101' title='bbox 1544 1420 1813 1488; x_wconf 82' lang='lat' dir='ltr'><strong>putandus</strong></span> <span class='ocrx_word' id='word_1_102' title='bbox 1841 1427 1923 1474; x_wconf 91' lang='lat' dir='ltr'><strong>est</strong></span> <span class='ocrx_word' id='word_1_103' title='bbox 1952 1420 2128 1474; x_wconf 88' lang='lat' dir='ltr'><strong>honor</strong></span> 
     </span>
    </p>
   </div>
   <div class='ocr_carea' id='block_1_15' title="bbox 544 1511 2123 1581">
    <p class='ocr_par' dir='ltr' id='par_1_15' title="bbox 544 1511 2123 1581">
     <span class='ocr_line' id='line_1_15' title="bbox 544 1511 2123 1581; baseline -0.005 -10"><span class='ocrx_word' id='word_1_104' title='bbox 544 1513 633 1571; x_wconf 88' lang='lat' dir='ltr'><strong>ille</strong></span> <span class='ocrx_word' id='word_1_105' title='bbox 661 1512 1053 1581; x_wconf 86' lang='lat' dir='ltr'><strong>legitimus,qui</strong></span> <span class='ocrx_word' id='word_1_106' title='bbox 1076 1512 1237 1567; x_wconf 81' lang='lat' dir='ltr'><strong>fuerit</strong></span> <span class='ocrx_word' id='word_1_107' title='bbox 1264 1520 1450 1567; x_wconf 90' lang='lat' dir='ltr'><strong>contra</strong></span> <span class='ocrx_word' id='word_1_108' title='bbox 1475 1512 1665 1568; x_wconf 66' lang='lat' dir='ltr'><strong>divina:</strong></span> <span class='ocrx_word' id='word_1_109' title='bbox 1695 1511 1827 1580; x_wconf 83' lang='lat' dir='ltr'><strong>legis</strong></span> <span class='ocrx_word' id='word_1_110' title='bbox 1857 1518 2123 1581; x_wconf 55' lang='lat' dir='ltr'><strong>praecepta</strong></span> 
     </span>
    </p>
   </div>
   <div class='ocr_carea' id='block_1_16' title="bbox 542 1602 2123 1674">
    <p class='ocr_par' dir='ltr' id='par_1_16' title="bbox 542 1602 2123 1674">
     <span class='ocr_line' id='line_1_16' title="bbox 542 1602 2123 1674; baseline -0.003 -15"><span class='ocrx_word' id='word_1_111' title='bbox 542 1603 785 1660; x_wconf 87' lang='lat' dir='ltr'><strong>collatus.</strong></span> <span class='ocrx_word' id='word_1_112' title='bbox 821 1603 1042 1658; x_wconf 88' lang='lat' dir='ltr'><strong>Dicente</strong></span> <span class='ocrx_word' id='word_1_113' title='bbox 1065 1602 1208 1658; x_wconf 90' lang='lat' dir='ltr'><strong>enim</strong></span> <span class='ocrx_word' id='word_1_114' title='bbox 1256 1602 1539 1674; x_wconf 83' lang='lat' dir='ltr'><strong>Apostolo,</strong></span> <span class='ocrx_word' id='word_1_115' title='bbox 1574 1612 1632 1657; x_wconf 93' lang='lat' dir='ltr'><strong>ut</strong></span> <span class='ocrx_word' id='word_1_116' title='bbox 1665 1603 1805 1658; x_wconf 90' lang='lat' dir='ltr'><strong>inter</strong></span> <span class='ocrx_word' id='word_1_117' title='bbox 1850 1602 1983 1656; x_wconf 88' lang='lat' dir='ltr'><strong>alias</strong></span> <span class='ocrx_word' id='word_1_118' title='bbox 2010 1602 2123 1656; x_wconf 87' lang='lat' dir='ltr'><strong>ele-</strong></span> 
     </span>
    </p>
   </div>
   <div class='ocr_carea' id='block_1_17' title="bbox 544 1693 2124 1764">
    <p class='ocr_par' dir='ltr' id='par_1_17' title="bbox 544 1693 2124 1764">
     <span class='ocr_line' id='line_1_17' title="bbox 544 1693 2124 1764; baseline -0.002 -14"><span class='ocrx_word' id='word_1_119' title='bbox 544 1693 741 1750; x_wconf 90' lang='lat' dir='ltr'><strong>ctionis</strong></span> <span class='ocrx_word' id='word_1_120' title='bbox 770 1693 983 1763; x_wconf 84' lang='lat' dir='ltr'><strong>regulas</strong></span> <span class='ocrx_word' id='word_1_121' title='bbox 1013 1693 1059 1749; x_wconf 92' lang='lat' dir='ltr'><strong>is</strong></span> <span class='ocrx_word' id='word_1_122' title='bbox 1107 1694 1393 1764; x_wconf 89' lang='lat' dir='ltr'><strong>episcopus</strong></span> <span class='ocrx_word' id='word_1_123' title='bbox 1421 1693 1720 1758; x_wconf 84' lang='lat' dir='ltr'><strong>ordinetur,</strong></span> <span class='ocrx_word' id='word_1_124' title='bbox 1751 1708 1912 1762; x_wconf 84' lang='lat' dir='ltr'><strong>quem</strong></span> <span class='ocrx_word' id='word_1_125' title='bbox 1970 1693 2124 1747; x_wconf 87' lang='lat' dir='ltr'><strong>unius</strong></span> 
     </span>
    </p>
   </div>
   <div class='ocr_carea' id='block_1_18' title="bbox 2222 511 3801 585">
    <p class='ocr_par' dir='ltr' id='par_1_18' title="bbox 2222 511 3801 585">
     <span class='ocr_line' id='line_1_18' title="bbox 2222 511 3801 585; baseline 0.006 -21"><span class='ocrx_word' id='word_1_126' title='bbox 2222 518 2308 564; x_wconf 83' lang='lat' dir='ltr'><strong>est</strong></span> <span class='ocrx_word' id='word_1_127' title='bbox 2351 511 2680 581; x_wconf 79' lang='lat' dir='ltr'><strong>dispensatio</strong></span> <span class='ocrx_word' id='word_1_128' title='bbox 2724 513 3028 569; x_wconf 86' lang='lat' dir='ltr'><strong>divinorum</strong></span> <span class='ocrx_word' id='word_1_129' title='bbox 3059 531 3366 585; x_wconf 91' lang='lat' dir='ltr'><strong>munerum,</strong></span> <span class='ocrx_word' id='word_1_130' title='bbox 3402 524 3462 573; x_wconf 88' lang='lat' dir='ltr'><strong>et</strong></span> <span class='ocrx_word' id='word_1_131' title='bbox 3506 519 3801 575; x_wconf 70' lang='lat' dir='ltr'><strong>unlestium</strong></span> 
     </span>
    </p>
   </div>
   <div class='ocr_carea' id='block_1_19' title="bbox 2223 603 3806 677">
    <p class='ocr_par' dir='ltr' id='par_1_19' title="bbox 2223 603 3806 677">
     <span class='ocr_line' id='line_1_19' title="bbox 2223 603 3806 677; baseline 0.008 -22"><span class='ocrx_word' id='word_1_132' title='bbox 2223 603 2578 671; x_wconf 71' lang='lat' dir='ltr'><strong>dignitatum?</strong></span> <span class='ocrx_word' id='word_1_133' title='bbox 2651 604 2729 660; x_wconf 87' lang='lat' dir='ltr'><strong>Ne</strong></span> <span class='ocrx_word' id='word_1_134' title='bbox 2774 607 2825 659; x_wconf 92' lang='lat' dir='ltr'><strong>in</strong></span> <span class='ocrx_word' id='word_1_135' title='bbox 2874 607 3057 676; x_wconf 89' lang='lat' dir='ltr'><strong>aliquo</strong></span> <span class='ocrx_word' id='word_1_136' title='bbox 3100 610 3394 677; x_wconf 85' lang='lat' dir='ltr'><strong>apostolica</strong></span> <span class='ocrx_word' id='word_1_137' title='bbox 3437 619 3494 666; x_wconf 88' lang='lat' dir='ltr'><strong>et</strong></span> <span class='ocrx_word' id='word_1_138' title='bbox 3546 614 3806 667; x_wconf 61' lang='lat' dir='ltr'><strong>canonica</strong></span> 
     </span>
    </p>
   </div>
   <div class='ocr_carea' id='block_1_20' title="bbox 2224 694 3808 771">
    <p class='ocr_par' dir='ltr' id='par_1_20' title="bbox 2224 694 3808 771">
     <span class='ocr_line' id='line_1_20' title="bbox 2224 694 3808 771; baseline 0.005 -22"><span class='ocrx_word' id='word_1_139' title='bbox 2224 694 2442 749; x_wconf 85' lang='lat' dir='ltr'><strong>decreta</strong></span> <span class='ocrx_word' id='word_1_140' title='bbox 2480 696 2770 760; x_wconf 84' lang='lat' dir='ltr'><strong>violentur,</strong></span> <span class='ocrx_word' id='word_1_141' title='bbox 2802 707 2860 754; x_wconf 91' lang='lat' dir='ltr'><strong>et</strong></span> <span class='ocrx_word' id='word_1_142' title='bbox 2908 699 2992 755; x_wconf 88' lang='lat' dir='ltr'><strong>his</strong></span> <span class='ocrx_word' id='word_1_143' title='bbox 3036 699 3281 756; x_wconf 84' lang='lat' dir='ltr'><strong>Ecclesia</strong></span> <span class='ocrx_word' id='word_1_144' title='bbox 3336 703 3546 758; x_wconf 89' lang='lat' dir='ltr'><strong>Domini</strong></span> <span class='ocrx_word' id='word_1_145' title='bbox 3574 705 3808 771; x_wconf 84' lang='lat' dir='ltr'><strong>regenda</strong></span> 
     </span>
    </p>
   </div>
   <div class='ocr_carea' id='block_1_21' title="bbox 2225 783 3810 859">
    <p class='ocr_par' dir='ltr' id='par_1_21' title="bbox 2225 783 3810 859">
     <span class='ocr_line' id='line_1_21' title="bbox 2225 783 3810 859; baseline 0.009 -21"><span class='ocrx_word' id='word_1_146' title='bbox 2225 783 2498 848; x_wconf 85' lang='lat' dir='ltr'><strong>credatur,</strong></span> <span class='ocrx_word' id='word_1_147' title='bbox 2545 786 2639 853; x_wconf 88' lang='lat' dir='ltr'><strong>qui</strong></span> <span class='ocrx_word' id='word_1_148' title='bbox 2684 787 3043 856; x_wconf 88' lang='lat' dir='ltr'><strong>legitimarum</strong></span> <span class='ocrx_word' id='word_1_149' title='bbox 3096 791 3491 847; x_wconf 89' lang='lat' dir='ltr'><strong>institutionum</strong></span> <span class='ocrx_word' id='word_1_150' title='bbox 3532 796 3721 859; x_wconf 81' lang='lat' dir='ltr'><strong>nescii,</strong></span> <span class='ocrx_word' id='word_1_151' title='bbox 3756 806 3810 852; x_wconf 87' lang='lat' dir='ltr'><strong>et</strong></span> 
     </span>
    </p>
   </div>
   <div class='ocr_carea' id='block_1_22' title="bbox 2224 874 3813 947">
    <p class='ocr_par' dir='ltr' id='par_1_22' title="bbox 2224 874 3813 947">
     <span class='ocr_line' id='line_1_22' title="bbox 2224 874 3813 947; baseline 0.008 -21"><span class='ocrx_word' id='word_1_152' title='bbox 2224 874 2391 927; x_wconf 84' lang='lat' dir='ltr'><strong>totius</strong></span> <span class='ocrx_word' id='word_1_153' title='bbox 2417 874 2734 931; x_wconf 85' lang='lat' dir='ltr'><strong>humilitatis</strong></span> <span class='ocrx_word' id='word_1_154' title='bbox 2758 877 2927 947; x_wconf 88' lang='lat' dir='ltr'><strong>ignari</strong></span> <span class='ocrx_word' id='word_1_155' title='bbox 2948 894 3056 933; x_wconf 92' lang='lat' dir='ltr'><strong>non</strong></span> <span class='ocrx_word' id='word_1_156' title='bbox 3086 880 3154 934; x_wconf 92' lang='lat' dir='ltr'><strong>ab</strong></span> <span class='ocrx_word' id='word_1_157' title='bbox 3185 879 3380 935; x_wconf 87' lang='lat' dir='ltr'><strong>inlimis</strong></span> <span class='ocrx_word' id='word_1_158' title='bbox 3401 898 3615 938; x_wconf 84' lang='lat' dir='ltr'><strong>sumere</strong></span> <span class='ocrx_word' id='word_1_159' title='bbox 3642 883 3813 939; x_wconf 89' lang='lat' dir='ltr'><strong>incre-</strong></span> 
     </span>
    </p>
   </div>
   <div class='ocr_carea' id='block_1_23' title="bbox 2224 965 3811 1043">
    <p class='ocr_par' dir='ltr' id='par_1_23' title="bbox 2224 965 3811 1043">
     <span class='ocr_line' id='line_1_23' title="bbox 2224 965 3811 1043; baseline 0.006 -24"><span class='ocrx_word' id='word_1_160' title='bbox 2224 972 2485 1029; x_wconf 87' lang='lat' dir='ltr'><strong>mentum,</strong></span> <span class='ocrx_word' id='word_1_161' title='bbox 2513 965 2609 1020; x_wconf 90' lang='lat' dir='ltr'><strong>sed</strong></span> <span class='ocrx_word' id='word_1_162' title='bbox 2636 982 2665 1020; x_wconf 90' lang='lat' dir='ltr'><strong>a</strong></span> <span class='ocrx_word' id='word_1_163' title='bbox 2696 968 2921 1023; x_wconf 89' lang='lat' dir='ltr'><strong>summis</strong></span> <span class='ocrx_word' id='word_1_164' title='bbox 2968 969 3158 1024; x_wconf 90' lang='lat' dir='ltr'><strong>volunt</strong></span> <span class='ocrx_word' id='word_1_165' title='bbox 3208 970 3408 1027; x_wconf 89' lang='lat' dir='ltr'><strong>habere</strong></span> <span class='ocrx_word' id='word_1_166' title='bbox 3462 972 3811 1043; x_wconf 87' lang='lat' dir='ltr'><strong>principium,</strong></span> 
     </span>
    </p>
   </div>
   <div class='ocr_carea' id='block_1_24' title="bbox 2226 1055 3812 1133">
    <p class='ocr_par' dir='ltr' id='par_1_24' title="bbox 2226 1055 3812 1133">
     <span class='ocr_line' id='line_1_24' title="bbox 2226 1055 3812 1133; baseline 0.007 -25"><span class='ocrx_word' id='word_1_167' title='bbox 2226 1070 2348 1109; x_wconf 91' lang='lat' dir='ltr'><strong>cum</strong></span> <span class='ocrx_word' id='word_1_168' title='bbox 2387 1055 2549 1111; x_wconf 86' lang='lat' dir='ltr'><strong>valde</strong></span> <span class='ocrx_word' id='word_1_169' title='bbox 2597 1057 2838 1126; x_wconf 90' lang='lat' dir='ltr'><strong>iniquum</strong></span> <span class='ocrx_word' id='word_1_170' title='bbox 2886 1059 2975 1125; x_wconf 89' lang='lat' dir='ltr'><strong>sit,</strong></span> <span class='ocrx_word' id='word_1_171' title='bbox 3008 1072 3063 1115; x_wconf 92' lang='lat' dir='ltr'><strong>et</strong></span> <span class='ocrx_word' id='word_1_172' title='bbox 3108 1061 3423 1126; x_wconf 90' lang='lat' dir='ltr'><strong>absurdum,</strong></span> <span class='ocrx_word' id='word_1_173' title='bbox 3474 1071 3532 1117; x_wconf 91' lang='lat' dir='ltr'><strong>ut</strong></span> <span class='ocrx_word' id='word_1_174' title='bbox 3580 1065 3812 1133; x_wconf 90' lang='lat' dir='ltr'><strong>imperiti</strong></span> 
     </span>
    </p>
   </div>
   <div class='ocr_carea' id='block_1_25' title="bbox 2223 1148 3812 1226">
    <p class='ocr_par' dir='ltr' id='par_1_25' title="bbox 2223 1148 3812 1226">
     <span class='ocr_line' id='line_1_25' title="bbox 2223 1148 3812 1226; baseline 0.006 -24"><span class='ocrx_word' id='word_1_175' title='bbox 2223 1148 2515 1215; x_wconf 78' lang='lat' dir='ltr'><strong>magistris,</strong></span> <span class='ocrx_word' id='word_1_176' title='bbox 2569 1151 2693 1206; x_wconf 91' lang='lat' dir='ltr'><strong>novi</strong></span> <span class='ocrx_word' id='word_1_177' title='bbox 2720 1153 2986 1221; x_wconf 88' lang='lat' dir='ltr'><strong>antiquis,</strong></span> <span class='ocrx_word' id='word_1_178' title='bbox 3019 1161 3075 1207; x_wconf 89' lang='lat' dir='ltr'><strong>et</strong></span> <span class='ocrx_word' id='word_1_179' title='bbox 3102 1153 3261 1210; x_wconf 92' lang='lat' dir='ltr'><strong>rudes</strong></span> <span class='ocrx_word' id='word_1_180' title='bbox 3291 1155 3641 1226; x_wconf 63' lang='lat' dir='ltr'><strong>praeferantur</strong></span> <span class='ocrx_word' id='word_1_181' title='bbox 3666 1172 3812 1211; x_wconf 87' lang='lat' dir='ltr'><strong>eme-</strong></span> 
     </span>
    </p>
   </div>
   <div class='ocr_carea' id='block_1_26' title="bbox 2224 1238 3811 1318">
    <p class='ocr_par' dir='ltr' id='par_1_26' title="bbox 2224 1238 3811 1318">
     <span class='ocr_line' id='line_1_26' title="bbox 2224 1238 3811 1318; baseline 0.008 -26"><span class='ocrx_word' id='word_1_182' title='bbox 2224 1238 2360 1294; x_wconf 86' lang='lat' dir='ltr'><strong>ritis.</strong></span> <span class='ocrx_word' id='word_1_183' title='bbox 2389 1239 2447 1294; x_wconf 86' lang='lat' dir='ltr'><strong>In</strong></span> <span class='ocrx_word' id='word_1_184' title='bbox 2476 1240 2637 1295; x_wconf 90' lang='lat' dir='ltr'><strong>domo</strong></span> <span class='ocrx_word' id='word_1_185' title='bbox 2664 1242 2879 1310; x_wconf 80' lang='lat' dir='ltr'><strong>quidem</strong></span> <span class='ocrx_word' id='word_1_186' title='bbox 2910 1259 3124 1313; x_wconf 81' lang='lat' dir='ltr'><strong>magna,</strong></span> <span class='ocrx_word' id='word_1_187' title='bbox 3154 1248 3296 1301; x_wconf 89' lang='lat' dir='ltr'><strong>sicut</strong></span> <span class='ocrx_word' id='word_1_188' title='bbox 3320 1248 3611 1318; x_wconf 85' lang='lat' dir='ltr'><strong>Apostolus</strong></span> <span class='ocrx_word' id='word_1_189' title='bbox 3637 1249 3811 1305; x_wconf 82' lang='lat' dir='ltr'><strong>disse-</strong></span> 
     </span>
    </p>
   </div>
   <div class='ocr_carea' id='block_1_27' title="bbox 2224 1329 3810 1406">
    <p class='ocr_par' dir='ltr' id='par_1_27' title="bbox 2224 1329 3810 1406">
     <span class='ocr_line' id='line_1_27' title="bbox 2224 1329 3810 1406; baseline 0.007 -24"><span class='ocrx_word' id='word_1_190' title='bbox 2224 1329 2313 1394; x_wconf 90' lang='lat' dir='ltr'><strong>rit,</strong></span> <span class='ocrx_word' id='word_1_191' title='bbox 2340 1344 2562 1386; x_wconf 89' lang='lat' dir='ltr'><strong>necesse</strong></span> <span class='ocrx_word' id='word_1_192' title='bbox 2588 1339 2689 1398; x_wconf 89' lang='lat' dir='ltr'><strong>est,</strong></span> <span class='ocrx_word' id='word_1_193' title='bbox 2723 1342 2781 1387; x_wconf 90' lang='lat' dir='ltr'><strong>ut</strong></span> <span class='ocrx_word' id='word_1_194' title='bbox 2805 1349 2930 1389; x_wconf 89' lang='lat' dir='ltr'><strong>vasa</strong></span> <span class='ocrx_word' id='word_1_195' title='bbox 2959 1336 3169 1391; x_wconf 90' lang='lat' dir='ltr'><strong>diversa</strong></span> <span class='ocrx_word' id='word_1_196' title='bbox 3197 1338 3325 1402; x_wconf 90' lang='lat' dir='ltr'><strong>sint,</strong></span> <span class='ocrx_word' id='word_1_197' title='bbox 3351 1339 3593 1406; x_wconf 66' lang='lat' dir='ltr'><strong>qumdam</strong></span> <span class='ocrx_word' id='word_1_198' title='bbox 3623 1355 3810 1401; x_wconf 86' lang='lat' dir='ltr'><strong>aurea,</strong></span> 
     </span>
    </p>
   </div>
   <div class='ocr_carea' id='block_1_28' title="bbox 2224 1424 3811 1500">
    <p class='ocr_par' dir='ltr' id='par_1_28' title="bbox 2224 1424 3811 1500">
     <span class='ocr_line' id='line_1_28' title="bbox 2224 1424 3811 1500; baseline 0.009 -26"><span class='ocrx_word' id='word_1_199' title='bbox 2224 1429 2279 1475; x_wconf 89' lang='lat' dir='ltr'><strong>et</strong></span> <span class='ocrx_word' id='word_1_200' title='bbox 2305 1431 2579 1489; x_wconf 82' lang='lat' dir='ltr'><strong>argentea,</strong></span> <span class='ocrx_word' id='word_1_201' title='bbox 2610 1424 2852 1494; x_wconf 56' lang='lat' dir='ltr'><strong>quadam</strong></span> <span class='ocrx_word' id='word_1_202' title='bbox 2883 1443 3013 1482; x_wconf 88' lang='lat' dir='ltr'><strong>vero</strong></span> <span class='ocrx_word' id='word_1_203' title='bbox 3042 1429 3237 1498; x_wconf 85' lang='lat' dir='ltr'><strong>lignea,</strong></span> <span class='ocrx_word' id='word_1_204' title='bbox 3268 1440 3323 1485; x_wconf 87' lang='lat' dir='ltr'><strong>et</strong></span> <span class='ocrx_word' id='word_1_205' title='bbox 3354 1432 3562 1500; x_wconf 81' lang='lat' dir='ltr'><strong>ﬁctilia,</strong></span> <span class='ocrx_word' id='word_1_206' title='bbox 3592 1434 3687 1488; x_wconf 88' lang='lat' dir='ltr'><strong>sed</strong></span> <span class='ocrx_word' id='word_1_207' title='bbox 3716 1435 3811 1488; x_wconf 82' lang='lat' dir='ltr'><strong>bo-</strong></span> 
     </span>
    </p>
   </div>
   <div class='ocr_carea' id='block_1_29' title="bbox 2223 1514 3811 1593">
    <p class='ocr_par' dir='ltr' id='par_1_29' title="bbox 2223 1514 3811 1593">
     <span class='ocr_line' id='line_1_29' title="bbox 2223 1514 3811 1593; baseline 0.009 -27"><span class='ocrx_word' id='word_1_208' title='bbox 2223 1528 2341 1566; x_wconf 89' lang='lat' dir='ltr'><strong>rum</strong></span> <span class='ocrx_word' id='word_1_209' title='bbox 2370 1514 2725 1572; x_wconf 85' lang='lat' dir='ltr'><strong>miniSterium</strong></span> <span class='ocrx_word' id='word_1_210' title='bbox 2764 1533 2861 1587; x_wconf 90' lang='lat' dir='ltr'><strong>pro</strong></span> <span class='ocrx_word' id='word_1_211' title='bbox 2900 1522 3139 1576; x_wconf 76' lang='lat' dir='ltr'><strong>materia:</strong></span> <span class='ocrx_word' id='word_1_212' title='bbox 3166 1524 3426 1593; x_wconf 87' lang='lat' dir='ltr'><strong>qualitate</strong></span> <span class='ocrx_word' id='word_1_213' title='bbox 3461 1526 3811 1592; x_wconf 84' lang='lat' dir='ltr'><strong>discernitur,</strong></span> 
     </span>
    </p>
   </div>
   <div class='ocr_carea' id='block_1_30' title="bbox 2225 1608 3809 1678">
    <p class='ocr_par' dir='ltr' id='par_1_30' title="bbox 2225 1608 3809 1678">
     <span class='ocr_line' id='line_1_30' title="bbox 2225 1608 3809 1678; baseline 0.006 -20"><span class='ocrx_word' id='word_1_214' title='bbox 2225 1617 2325 1659; x_wconf 89' lang='lat' dir='ltr'><strong>nec</strong></span> <span class='ocrx_word' id='word_1_215' title='bbox 2350 1612 2432 1660; x_wconf 86' lang='lat' dir='ltr'><strong>est</strong></span> <span class='ocrx_word' id='word_1_216' title='bbox 2456 1608 2818 1675; x_wconf 89' lang='lat' dir='ltr'><strong>pretiosorum</strong></span> <span class='ocrx_word' id='word_1_217' title='bbox 2851 1611 2990 1665; x_wconf 92' lang='lat' dir='ltr'><strong>idem</strong></span> <span class='ocrx_word' id='word_1_218' title='bbox 3021 1621 3250 1678; x_wconf 92' lang='lat' dir='ltr'><strong>usus,et</strong></span> <span class='ocrx_word' id='word_1_219' title='bbox 3276 1614 3481 1669; x_wconf 82' lang='lat' dir='ltr'><strong>vilium.</strong></span> <span class='ocrx_word' id='word_1_220' title='bbox 3507 1614 3639 1669; x_wconf 86' lang='lat' dir='ltr'><strong>Nam</strong></span> <span class='ocrx_word' id='word_1_221' title='bbox 3674 1616 3809 1672; x_wconf 66' lang='lat' dir='ltr'><strong>inor.</strong></span> 
     </span>
    </p>
   </div>
   <div class='ocr_carea' id='block_1_31' title="bbox 2225 1694 3812 1775">
    <p class='ocr_par' dir='ltr' id='par_1_31' title="bbox 2225 1694 3812 1775">
     <span class='ocr_line' id='line_1_31' title="bbox 2225 1694 3812 1775; baseline 0.007 -26"><span class='ocrx_word' id='word_1_222' title='bbox 2225 1694 2407 1752; x_wconf 90' lang='lat' dir='ltr'><strong>dinata</strong></span> <span class='ocrx_word' id='word_1_223' title='bbox 2442 1707 2600 1752; x_wconf 90' lang='lat' dir='ltr'><strong>erunt</strong></span> <span class='ocrx_word' id='word_1_224' title='bbox 2635 1702 2835 1766; x_wconf 90' lang='lat' dir='ltr'><strong>omnia,</strong></span> <span class='ocrx_word' id='word_1_225' title='bbox 2870 1703 2915 1757; x_wconf 91' lang='lat' dir='ltr'><strong>si</strong></span> <span class='ocrx_word' id='word_1_226' title='bbox 2948 1703 3130 1757; x_wconf 89' lang='lat' dir='ltr'><strong>lictilia</strong></span> <span class='ocrx_word' id='word_1_227' title='bbox 3158 1705 3357 1768; x_wconf 91' lang='lat' dir='ltr'><strong>aureis,</strong></span> <span class='ocrx_word' id='word_1_228' title='bbox 3389 1714 3445 1760; x_wconf 88' lang='lat' dir='ltr'><strong>et</strong></span> <span class='ocrx_word' id='word_1_229' title='bbox 3478 1706 3652 1775; x_wconf 87' lang='lat' dir='ltr'><strong>lignea</strong></span> <span class='ocrx_word' id='word_1_230' title='bbox 3674 1722 3812 1775; x_wconf 69' lang='lat' dir='ltr'><strong>prm-</strong></span> 
     </span>
    </p>
   </div>
   <div class='ocr_carea' id='block_1_32' title="bbox 542 1781 3812 1865">
    <p class='ocr_par' dir='ltr' id='par_1_32' title="bbox 542 1781 3812 1865">
     <span class='ocr_line' id='line_1_32' title="bbox 542 1781 3812 1865; baseline 0.003 -24"><span class='ocrx_word' id='word_1_231' title='bbox 542 1785 725 1841; x_wconf 79' lang='lat' dir='ltr'><strong>uxoris</strong></span> <span class='ocrx_word' id='word_1_232' title='bbox 752 1785 925 1839; x_wconf 91' lang='lat' dir='ltr'><strong>virum</strong></span> <span class='ocrx_word' id='word_1_233' title='bbox 948 1785 1138 1853; x_wconf 90' lang='lat' dir='ltr'><strong>fuisse,</strong></span> <span class='ocrx_word' id='word_1_234' title='bbox 1160 1793 1252 1838; x_wconf 90' lang='lat' dir='ltr'><strong>aut</strong></span> <span class='ocrx_word' id='word_1_235' title='bbox 1280 1800 1400 1840; x_wconf 90' lang='lat' dir='ltr'><strong>esse</strong></span> <span class='ocrx_word' id='word_1_236' title='bbox 1424 1786 1726 1841; x_wconf 75' lang='lat' dir='ltr'><strong>consiterit</strong></span> <span class='ocrx_word' id='word_1_237' title='bbox 1751 1784 1817 1855; x_wconf 83' lang='lat'><strong>(1</strong></span> <span class='ocrx_word' id='word_1_238' title='bbox 1852 1785 1982 1839; x_wconf 89' lang='lat' dir='ltr'><strong>Tim.</strong></span> <span class='ocrx_word' id='word_1_239' title='bbox 2018 1781 2119 1853; x_wconf 91' lang='grc' dir='ltr'>ιιι),</span> <span class='ocrx_word' id='word_1_240' title='bbox 2159 1808 2199 1865; x_wconf 78' lang='grc' dir='ltr'><strong>η</strong></span> <span class='ocrx_word' id='word_1_241' title='bbox 2227 1784 2469 1841; x_wconf 84' lang='lat' dir='ltr'><strong>feruntur</strong></span> <span class='ocrx_word' id='word_1_242' title='bbox 2494 1791 2784 1857; x_wconf 81' lang='lat' dir='ltr'><strong>argenteis.</strong></span> <span class='ocrx_word' id='word_1_243' title='bbox 2817 1792 2969 1846; x_wconf 89' lang='lat' dir='ltr'><strong>Sicut</strong></span> <span class='ocrx_word' id='word_1_244' title='bbox 3010 1802 3186 1847; x_wconf 89' lang='lat' dir='ltr'><strong>autem</strong></span> <span class='ocrx_word' id='word_1_245' title='bbox 3216 1794 3267 1847; x_wconf 93' lang='lat' dir='ltr'><strong>in</strong></span> <span class='ocrx_word' id='word_1_246' title='bbox 3297 1794 3506 1862; x_wconf 79' lang='lat' dir='ltr'><strong>ligneis,</strong></span> <span class='ocrx_word' id='word_1_247' title='bbox 3548 1804 3603 1849; x_wconf 87' lang='lat' dir='ltr'><strong>et</strong></span> <span class='ocrx_word' id='word_1_248' title='bbox 3632 1797 3812 1851; x_wconf 71' lang='lat' dir='ltr'><strong>lictili~</strong></span> 
     </span>
    </p>
   </div>
   <div class='ocr_carea' id='block_1_33' title="bbox 541 1874 2123 1946">
    <p class='ocr_par' dir='ltr' id='par_1_33' title="bbox 541 1874 2123 1946">
     <span class='ocr_line' id='line_1_33' title="bbox 541 1874 2123 1946; baseline 0 -16"><span class='ocrx_word' id='word_1_249' title='bbox 541 1883 653 1930; x_wconf 84' lang='lat' dir='ltr'><strong>tam</strong></span> <span class='ocrx_word' id='word_1_250' title='bbox 706 1882 918 1931; x_wconf 87' lang='lat' dir='ltr'><strong>sacrata</strong></span> <span class='ocrx_word' id='word_1_251' title='bbox 959 1890 1175 1946; x_wconf 88' lang='lat' dir='ltr'><strong>semper</strong></span> <span class='ocrx_word' id='word_1_252' title='bbox 1220 1874 1401 1929; x_wconf 86' lang='lat' dir='ltr'><strong>habita</strong></span> <span class='ocrx_word' id='word_1_253' title='bbox 1440 1884 1524 1930; x_wconf 85' lang='lat' dir='ltr'><strong>est</strong></span> <span class='ocrx_word' id='word_1_254' title='bbox 1569 1876 1670 1931; x_wconf 89' lang='lat' dir='ltr'><strong>ista</strong></span> <span class='ocrx_word' id='word_1_255' title='bbox 1706 1876 2012 1945; x_wconf 68' lang='lat' dir='ltr'><strong>pneceptio,</strong></span> <span class='ocrx_word' id='word_1_256' title='bbox 2068 1886 2123 1930; x_wconf 87' lang='lat' dir='ltr'><strong>ut</strong></span> 
     </span>
    </p>
   </div>
   <div class='ocr_carea' id='block_1_34' title="bbox 542 1964 2122 2035">
    <p class='ocr_par' dir='ltr' id='par_1_34' title="bbox 542 1964 2122 2035">
     <span class='ocr_line' id='line_1_34' title="bbox 542 1964 2122 2035; baseline 0 -15"><span class='ocrx_word' id='word_1_257' title='bbox 542 1965 707 2021; x_wconf 90' lang='lat' dir='ltr'><strong>etiam</strong></span> <span class='ocrx_word' id='word_1_258' title='bbox 730 1964 797 2020; x_wconf 88' lang='lat' dir='ltr'><strong>de</strong></span> <span class='ocrx_word' id='word_1_259' title='bbox 840 1965 1066 2020; x_wconf 89' lang='lat' dir='ltr'><strong>muliere</strong></span> <span class='ocrx_word' id='word_1_260' title='bbox 1113 1966 1411 2021; x_wconf 88' lang='lat' dir='ltr'><strong>sacerdotis</strong></span> <span class='ocrx_word' id='word_1_261' title='bbox 1436 1966 1666 2035; x_wconf 80' lang='lat' dir='ltr'><strong>eligendi</strong></span> <span class='ocrx_word' id='word_1_262' title='bbox 1700 1968 1888 2021; x_wconf 90' lang='lat' dir='ltr'><strong>eadem</strong></span> <span class='ocrx_word' id='word_1_263' title='bbox 1922 1968 2122 2021; x_wconf 85' lang='lat' dir='ltr'><strong>intelli-</strong></span> 
     </span>
    </p>
   </div>
   <div class='ocr_carea' id='block_1_35' title="bbox 540 2056 2121 2128">
    <p class='ocr_par' dir='ltr' id='par_1_35' title="bbox 540 2056 2121 2128">
     <span class='ocr_line' id='line_1_35' title="bbox 540 2056 2121 2128; baseline 0.002 -18"><span class='ocrx_word' id='word_1_264' title='bbox 540 2060 761 2124; x_wconf 83' lang='lat' dir='ltr'><strong>geretur</strong></span> <span class='ocrx_word' id='word_1_265' title='bbox 777 2056 1040 2111; x_wconf 90' lang='lat' dir='ltr'><strong>servanda</strong></span> <span class='ocrx_word' id='word_1_266' title='bbox 1065 2056 1303 2112; x_wconf 90' lang='lat' dir='ltr'><strong>conditio</strong></span> <span class='ocrx_word' id='word_1_267' title='bbox 1335 2074 1348 2111; x_wconf 76' lang='grc' dir='ltr'>ε</span> <span class='ocrx_word' id='word_1_268' title='bbox 1378 2072 1447 2112; x_wconf 90' lang='lat' dir='ltr'><strong>ne</strong></span> <span class='ocrx_word' id='word_1_269' title='bbox 1476 2056 1617 2112; x_wconf 90' lang='lat' dir='ltr'><strong>forte</strong></span> <span class='ocrx_word' id='word_1_270' title='bbox 1660 2059 1769 2122; x_wconf 90' lang='lat' dir='ltr'><strong>illa,</strong></span> <span class='ocrx_word' id='word_1_271' title='bbox 1812 2060 2121 2128; x_wconf 84' lang='lat' dir='ltr'><strong>priusquam</strong></span> 
     </span>
    </p>
   </div>
   <div class='ocr_carea' id='block_1_36' title="bbox 542 2147 2124 2218">
    <p class='ocr_par' dir='ltr' id='par_1_36' title="bbox 542 2147 2124 2218">
     <span class='ocr_line' id='line_1_36' title="bbox 542 2147 2124 2218; baseline 0.001 -15"><span class='ocrx_word' id='word_1_272' title='bbox 542 2148 598 2203; x_wconf 85' lang='lat' dir='ltr'><strong>in</strong></span> <span class='ocrx_word' id='word_1_273' title='bbox 619 2148 1019 2203; x_wconf 90' lang='lat' dir='ltr'><strong>matrimonium</strong></span> <span class='ocrx_word' id='word_1_274' title='bbox 1046 2147 1165 2217; x_wconf 85' lang='lat' dir='ltr'><strong>ejus</strong></span> <span class='ocrx_word' id='word_1_275' title='bbox 1192 2150 1416 2213; x_wconf 88' lang='lat' dir='ltr'><strong>veniret,</strong></span> <span class='ocrx_word' id='word_1_276' title='bbox 1442 2150 1535 2218; x_wconf 88' lang='lat' dir='ltr'><strong>qui</strong></span> <span class='ocrx_word' id='word_1_277' title='bbox 1577 2149 1735 2203; x_wconf 89' lang='lat' dir='ltr'><strong>aliam</strong></span> <span class='ocrx_word' id='word_1_278' title='bbox 1766 2166 1873 2205; x_wconf 92' lang='lat' dir='ltr'><strong>non</strong></span> <span class='ocrx_word' id='word_1_279' title='bbox 1905 2152 2124 2205; x_wconf 86' lang='lat' dir='ltr'><strong>habuis-</strong></span> 
     </span>
    </p>
   </div>
   <div class='ocr_carea' id='block_1_37' title="bbox 542 2240 2119 2311">
    <p class='ocr_par' dir='ltr' id='par_1_37' title="bbox 542 2240 2119 2311">
     <span class='ocr_line' id='line_1_37' title="bbox 542 2240 2119 2311; baseline -0.002 -13"><span class='ocrx_word' id='word_1_280' title='bbox 542 2246 628 2298; x_wconf 81' lang='lat' dir='ltr'><strong>set</strong></span> <span class='ocrx_word' id='word_1_281' title='bbox 656 2255 901 2304; x_wconf 84' lang='lat' dir='ltr'><strong>uxorem,</strong></span> <span class='ocrx_word' id='word_1_282' title='bbox 932 2240 1154 2296; x_wconf 85' lang='lat' dir='ltr'><strong>alterius</strong></span> <span class='ocrx_word' id='word_1_283' title='bbox 1180 2241 1281 2295; x_wconf 92' lang='lat' dir='ltr'><strong>viri</strong></span> <span class='ocrx_word' id='word_1_284' title='bbox 1329 2250 1479 2297; x_wconf 86' lang='lat' dir='ltr'><strong>esset</strong></span> <span class='ocrx_word' id='word_1_285' title='bbox 1524 2250 1746 2311; x_wconf 81' lang='lat' dir='ltr'><strong>experta</strong></span> <span class='ocrx_word' id='word_1_286' title='bbox 1794 2242 2119 2310; x_wconf 81' lang='lat' dir='ltr'><strong>conjugium.</strong></span> 
     </span>
    </p>
   </div>
   <div class='ocr_carea' id='block_1_38' title="bbox 542 2331 2121 2405">
    <p class='ocr_par' dir='ltr' id='par_1_38' title="bbox 542 2331 2121 2405">
     <span class='ocr_line' id='line_1_38' title="bbox 542 2331 2121 2405; baseline 0.002 -18"><span class='ocrx_word' id='word_1_287' title='bbox 542 2331 675 2402; x_wconf 83' lang='lat' dir='ltr'><strong>Quis</strong></span> <span class='ocrx_word' id='word_1_288' title='bbox 696 2333 861 2404; x_wconf 84' lang='lat' dir='ltr'><strong>igitur</strong></span> <span class='ocrx_word' id='word_1_289' title='bbox 886 2335 1119 2388; x_wconf 90' lang='lat' dir='ltr'><strong>tolerare</strong></span> <span class='ocrx_word' id='word_1_290' title='bbox 1145 2335 1363 2403; x_wconf 81' lang='lat' dir='ltr'><strong>audeat,</strong></span> <span class='ocrx_word' id='word_1_291' title='bbox 1386 2334 1531 2405; x_wconf 91' lang='lat' dir='ltr'><strong>quod</strong></span> <span class='ocrx_word' id='word_1_292' title='bbox 1560 2337 1612 2390; x_wconf 91' lang='lat' dir='ltr'><strong>in</strong></span> <span class='ocrx_word' id='word_1_293' title='bbox 1639 2336 1771 2390; x_wconf 87' lang='lat' dir='ltr'><strong>tanti</strong></span> <span class='ocrx_word' id='word_1_294' title='bbox 1799 2337 2121 2390; x_wconf 78' lang='lat' dir='ltr'><strong>sacramenti</strong></span> 
     </span>
    </p>
   </div>
   <div class='ocr_carea' id='block_1_39' title="bbox 541 2424 2124 2497">
    <p class='ocr_par' dir='ltr' id='par_1_39' title="bbox 541 2424 2124 2497">
     <span class='ocr_line' id='line_1_39' title="bbox 541 2424 2124 2497; baseline 0.001 -18"><span class='ocrx_word' id='word_1_295' title='bbox 541 2433 889 2497; x_wconf 86' lang='lat' dir='ltr'><strong>perpetratur</strong></span> <span class='ocrx_word' id='word_1_296' title='bbox 914 2424 1162 2493; x_wconf 90' lang='lat' dir='ltr'><strong>injuriam</strong></span> <span class='ocrx_word' id='word_1_297' title='bbox 1182 2463 1197 2487; x_wconf 89' lang='lat'><strong>,</strong></span> <span class='ocrx_word' id='word_1_298' title='bbox 1244 2442 1364 2480; x_wconf 88' lang='lat' dir='ltr'><strong>cum</strong></span> <span class='ocrx_word' id='word_1_299' title='bbox 1414 2428 1537 2481; x_wconf 92' lang='lat' dir='ltr'><strong>huic</strong></span> <span class='ocrx_word' id='word_1_300' title='bbox 1565 2441 1761 2494; x_wconf 88' lang='lat' dir='ltr'><strong>magno</strong></span> <span class='ocrx_word' id='word_1_301' title='bbox 1790 2428 2124 2482; x_wconf 84' lang='lat' dir='ltr'><strong>venerando-</strong></span> 
     </span>
    </p>
   </div>
   <div class='ocr_carea' id='block_1_40' title="bbox 540 2518 2126 2589">
    <p class='ocr_par' dir='ltr' id='par_1_40' title="bbox 540 2518 2126 2589">
     <span class='ocr_line' id='line_1_40' title="bbox 540 2518 2126 2589; baseline 0.001 -17"><span class='ocrx_word' id='word_1_302' title='bbox 540 2530 649 2587; x_wconf 86' lang='lat' dir='ltr'><strong>que</strong></span> <span class='ocrx_word' id='word_1_303' title='bbox 698 2519 979 2589; x_wconf 84' lang='lat' dir='ltr'><strong>mysterio,</strong></span> <span class='ocrx_word' id='word_1_304' title='bbox 1013 2532 1112 2572; x_wconf 85' lang='lat' dir='ltr'><strong>nec</strong></span> <span class='ocrx_word' id='word_1_305' title='bbox 1138 2518 1331 2573; x_wconf 67' lang='lat' dir='ltr'><strong>divinae</strong></span> <span class='ocrx_word' id='word_1_306' title='bbox 1360 2519 1577 2588; x_wconf 87' lang='lat' dir='ltr'><strong>quidem</strong></span> <span class='ocrx_word' id='word_1_307' title='bbox 1608 2520 1740 2587; x_wconf 80' lang='lat' dir='ltr'><strong>legis</strong></span> <span class='ocrx_word' id='word_1_308' title='bbox 1783 2528 1983 2574; x_wconf 85' lang='lat' dir='ltr'><strong>statuta</strong></span> <span class='ocrx_word' id='word_1_309' title='bbox 2030 2520 2126 2574; x_wconf 90' lang='lat' dir='ltr'><strong>de-</strong></span> 
     </span>
    </p>
   </div>
   <div class='ocr_carea' id='block_1_41' title="bbox 544 2605 2121 2678">
    <p class='ocr_par' dir='ltr' id='par_1_41' title="bbox 544 2605 2121 2678">
     <span class='ocr_line' id='line_1_41' title="bbox 544 2605 2121 2678; baseline 0.001 -15"><span class='ocrx_word' id='word_1_310' title='bbox 544 2605 761 2674; x_wconf 79' lang='lat' dir='ltr'><strong>fuerint,</strong></span> <span class='ocrx_word' id='word_1_311' title='bbox 790 2608 982 2676; x_wconf 89' lang='lat' dir='ltr'><strong>quibus</strong></span> <span class='ocrx_word' id='word_1_312' title='bbox 1010 2608 1291 2664; x_wconf 90' lang='lat' dir='ltr'><strong>evidenter</strong></span> <span class='ocrx_word' id='word_1_313' title='bbox 1318 2618 1401 2665; x_wconf 93' lang='lat' dir='ltr'><strong>est</strong></span> <span class='ocrx_word' id='word_1_314' title='bbox 1436 2608 1737 2674; x_wconf 80' lang='lat' dir='ltr'><strong>deﬁnitum,</strong></span> <span class='ocrx_word' id='word_1_315' title='bbox 1778 2619 1832 2665; x_wconf 90' lang='lat' dir='ltr'><strong>ut</strong></span> <span class='ocrx_word' id='word_1_316' title='bbox 1862 2613 2121 2678; x_wconf 84' lang='lat' dir='ltr'><strong>virginem</strong></span> 
     </span>
    </p>
   </div>
   <div class='ocr_carea' id='block_1_42' title="bbox 542 2698 2117 2773">
    <p class='ocr_par' dir='ltr' id='par_1_42' title="bbox 542 2698 2117 2773">
     <span class='ocr_line' id='line_1_42' title="bbox 542 2698 2117 2773; baseline 0 -18"><span class='ocrx_word' id='word_1_317' title='bbox 542 2698 793 2755; x_wconf 84' lang='lat' dir='ltr'><strong>sacerdos</strong></span> <span class='ocrx_word' id='word_1_318' title='bbox 817 2700 1046 2770; x_wconf 90' lang='lat' dir='ltr'><strong>accipiat</strong></span> <span class='ocrx_word' id='word_1_319' title='bbox 1074 2716 1297 2755; x_wconf 85' lang='lat' dir='ltr'><strong>uxorem</strong></span> <span class='ocrx_word' id='word_1_320' title='bbox 1323 2700 1529 2773; x_wconf 61' lang='lat' dir='ltr'><strong>(Leuit,</strong></span> <span class='ocrx_word' id='word_1_321' title='bbox 1554 2718 1676 2767; x_wconf 75' lang='lat' dir='ltr'><strong>XXI;</strong></span> <span class='ocrx_word' id='word_1_322' title='bbox 1711 2701 1925 2770; x_wconf 78' lang='lat' dir='ltr'><strong>Ezeclt.,</strong></span> <span class='ocrx_word' id='word_1_323' title='bbox 1948 2705 2117 2771; x_wconf 81' lang='lat' dir='ltr'><strong>xuv),</strong></span> 
     </span>
    </p>
   </div>
   <div class='ocr_carea' id='block_1_43' title="bbox 543 2790 2118 2863">
    <p class='ocr_par' dir='ltr' id='par_1_43' title="bbox 543 2790 2118 2863">
     <span class='ocr_line' id='line_1_43' title="bbox 543 2790 2118 2863; baseline 0.003 -17"><span class='ocrx_word' id='word_1_324' title='bbox 543 2798 600 2846; x_wconf 85' lang='lat' dir='ltr'><strong>et</strong></span> <span class='ocrx_word' id='word_1_325' title='bbox 634 2790 855 2846; x_wconf 90' lang='lat' dir='ltr'><strong>alterius</strong></span> <span class='ocrx_word' id='word_1_326' title='bbox 894 2798 1068 2847; x_wconf 91' lang='lat' dir='ltr'><strong>torum</strong></span> <span class='ocrx_word' id='word_1_327' title='bbox 1098 2792 1305 2848; x_wconf 88' lang='lat' dir='ltr'><strong>nesciat</strong></span> <span class='ocrx_word' id='word_1_328' title='bbox 1332 2793 1592 2862; x_wconf 86' lang='lat' dir='ltr'><strong>conjugis,</strong></span> <span class='ocrx_word' id='word_1_329' title='bbox 1635 2808 1755 2863; x_wconf 75' lang='lat' dir='ltr'><strong>quae</strong></span> <span class='ocrx_word' id='word_1_330' title='bbox 1783 2810 1917 2850; x_wconf 81' lang='lat' dir='ltr'><strong>uxor</strong></span> <span class='ocrx_word' id='word_1_331' title='bbox 1938 2794 2118 2850; x_wconf 91' lang='lat' dir='ltr'><strong>futura</strong></span> 
     </span>
    </p>
   </div>
   <div class='ocr_carea' id='block_1_44' title="bbox 541 2881 2124 2964">
    <p class='ocr_par' dir='ltr' id='par_1_44' title="bbox 541 2881 2124 2964">
     <span class='ocr_line' id='line_1_44' title="bbox 541 2881 2124 2964; baseline 0.003 -27"><span class='ocrx_word' id='word_1_332' title='bbox 541 2889 625 2937; x_wconf 89' lang='lat' dir='ltr'><strong>est</strong></span> <span class='ocrx_word' id='word_1_333' title='bbox 646 2881 975 2938; x_wconf 75' lang='lat' dir='ltr'><strong>sacerdotis?</strong></span> <span class='ocrx_word' id='word_1_334' title='bbox 994 2881 1112 2964; x_wconf 79' lang='lat' dir='ltr'><strong>Jam</strong></span> <span class='ocrx_word' id='word_1_335' title='bbox 1142 2891 1252 2939; x_wconf 93' lang='lat' dir='ltr'><strong>tum</strong></span> <span class='ocrx_word' id='word_1_336' title='bbox 1275 2884 1418 2939; x_wconf 91' lang='lat' dir='ltr'><strong>enim</strong></span> <span class='ocrx_word' id='word_1_337' title='bbox 1450 2884 1502 2939; x_wconf 92' lang='lat' dir='ltr'><strong>in</strong></span> <span class='ocrx_word' id='word_1_338' title='bbox 1532 2885 1905 2940; x_wconf 86' lang='lat' dir='ltr'><strong>sacerdotibus</strong></span> <span class='ocrx_word' id='word_1_339' title='bbox 1937 2886 2124 2954; x_wconf 86' lang='lat' dir='ltr'><strong>ligura-</strong></span> 
     </span>
    </p>
   </div>
   <div class='ocr_carea' id='block_1_45' title="bbox 542 2971 2123 3048">
    <p class='ocr_par' dir='ltr' id='par_1_45' title="bbox 542 2971 2123 3048">
     <span class='ocr_line' id='line_1_45' title="bbox 542 2971 2123 3048; baseline 0.003 -20"><span class='ocrx_word' id='word_1_340' title='bbox 542 2974 701 3029; x_wconf 89' lang='lat' dir='ltr'><strong>batur</strong></span> <span class='ocrx_word' id='word_1_341' title='bbox 742 2971 941 3029; x_wconf 89' lang='lat' dir='ltr'><strong>Christi</strong></span> <span class='ocrx_word' id='word_1_342' title='bbox 980 2981 1035 3027; x_wconf 89' lang='lat' dir='ltr'><strong>et</strong></span> <span class='ocrx_word' id='word_1_343' title='bbox 1081 2972 1337 3029; x_wconf 64' lang='lat' dir='ltr'><strong>Ecclesia:</strong></span> <span class='ocrx_word' id='word_1_344' title='bbox 1384 2975 1623 3045; x_wconf 86' lang='lat' dir='ltr'><strong>spiritale</strong></span> <span class='ocrx_word' id='word_1_345' title='bbox 1674 2977 2012 3048; x_wconf 87' lang='lat' dir='ltr'><strong>conjugium,</strong></span> <span class='ocrx_word' id='word_1_346' title='bbox 2063 2986 2123 3033; x_wconf 91' lang='lat' dir='ltr'><strong>ut</strong></span> 
     </span>
    </p>
   </div>
   <div class='ocr_carea' id='block_1_46' title="bbox 538 3063 2123 3136">
    <p class='ocr_par' dir='ltr' id='par_1_46' title="bbox 538 3063 2123 3136">
     <span class='ocr_line' id='line_1_46' title="bbox 538 3063 2123 3136; baseline 0.003 -19"><span class='ocrx_word' id='word_1_347' title='bbox 538 3063 793 3133; x_wconf 87' lang='lat' dir='ltr'><strong>quoniam</strong></span> <span class='ocrx_word' id='word_1_348' title='bbox 820 3063 903 3118; x_wconf 88' lang='lat' dir='ltr'><strong>vir</strong></span> <span class='ocrx_word' id='word_1_349' title='bbox 937 3072 1101 3133; x_wconf 88' lang='lat' dir='ltr'><strong>caput</strong></span> <span class='ocrx_word' id='word_1_350' title='bbox 1127 3073 1209 3119; x_wconf 91' lang='lat' dir='ltr'><strong>est</strong></span> <span class='ocrx_word' id='word_1_351' title='bbox 1237 3064 1496 3131; x_wconf 90' lang='lat' dir='ltr'><strong>mulieris,</strong></span> <span class='ocrx_word' id='word_1_352' title='bbox 1525 3065 1699 3121; x_wconf 87' lang='lat' dir='ltr'><strong>discat</strong></span> <span class='ocrx_word' id='word_1_353' title='bbox 1738 3080 1932 3136; x_wconf 87' lang='lat' dir='ltr'><strong>sponsa</strong></span> <span class='ocrx_word' id='word_1_354' title='bbox 1960 3066 2123 3121; x_wconf 84' lang='lat' dir='ltr'><strong>Verbi</strong></span> 
     </span>
    </p>
   </div>
   <div class='ocr_carea' id='block_1_47' title="bbox 2228 1876 3813 1955">
    <p class='ocr_par' dir='ltr' id='par_1_47' title="bbox 2228 1876 3813 1955">
     <span class='ocr_line' id='line_1_47' title="bbox 2228 1876 3813 1955; baseline 0.006 -24"><span class='ocrx_word' id='word_1_355' title='bbox 2228 1876 2327 1932; x_wconf 90' lang='lat' dir='ltr'><strong>bus</strong></span> <span class='ocrx_word' id='word_1_356' title='bbox 2356 1893 2542 1933; x_wconf 91' lang='lat' dir='ltr'><strong>eorum</strong></span> <span class='ocrx_word' id='word_1_357' title='bbox 2570 1880 2846 1936; x_wconf 90' lang='lat' dir='ltr'><strong>hominum</strong></span> <span class='ocrx_word' id='word_1_358' title='bbox 2870 1884 3081 1953; x_wconf 83' lang='lat' dir='ltr'><strong>species</strong></span> <span class='ocrx_word' id='word_1_359' title='bbox 3110 1882 3383 1953; x_wconf 81' lang='lat' dir='ltr'><strong>ﬁguratur,</strong></span> <span class='ocrx_word' id='word_1_360' title='bbox 3414 1887 3505 1955; x_wconf 91' lang='lat' dir='ltr'><strong>qui</strong></span> <span class='ocrx_word' id='word_1_361' title='bbox 3535 1886 3694 1941; x_wconf 90' lang='lat' dir='ltr'><strong>nullis</strong></span> <span class='ocrx_word' id='word_1_362' title='bbox 3714 1887 3813 1941; x_wconf 83' lang='lat' dir='ltr'><strong>ad-</strong></span> 
     </span>
    </p>
   </div>
   <div class='ocr_carea' id='block_1_48' title="bbox 2229 1968 3814 2047">
    <p class='ocr_par' dir='ltr' id='par_1_48' title="bbox 2229 1968 3814 2047">
     <span class='ocr_line' id='line_1_48' title="bbox 2229 1968 3814 2047; baseline 0.008 -26"><span class='ocrx_word' id='word_1_363' title='bbox 2229 1968 2333 2023; x_wconf 87' lang='lat' dir='ltr'><strong>huc</strong></span> <span class='ocrx_word' id='word_1_364' title='bbox 2355 1970 2645 2025; x_wconf 74' lang='lat' dir='ltr'><strong>virtutibus</strong></span> <span class='ocrx_word' id='word_1_365' title='bbox 2674 1972 2877 2035; x_wconf 85' lang='lat' dir='ltr'><strong>nitent,</strong></span> <span class='ocrx_word' id='word_1_366' title='bbox 2925 1974 2997 2027; x_wconf 90' lang='lat' dir='ltr'><strong>ita</strong></span> <span class='ocrx_word' id='word_1_367' title='bbox 3048 1974 3102 2028; x_wconf 90' lang='lat' dir='ltr'><strong>in</strong></span> <span class='ocrx_word' id='word_1_368' title='bbox 3145 1976 3324 2030; x_wconf 89' lang='lat' dir='ltr'><strong>aureis</strong></span> <span class='ocrx_word' id='word_1_369' title='bbox 3352 1988 3407 2031; x_wconf 85' lang='lat' dir='ltr'><strong>et</strong></span> <span class='ocrx_word' id='word_1_370' title='bbox 3454 1979 3727 2047; x_wconf 82' lang='lat' dir='ltr'><strong>argenteis</strong></span> <span class='ocrx_word' id='word_1_371' title='bbox 3759 1980 3814 2033; x_wconf 81' lang='lat' dir='ltr'><strong>lii</strong></span> 
     </span>
    </p>
   </div>
   <div class='ocr_carea' id='block_1_49' title="bbox 2226 2060 3815 2137">
    <p class='ocr_par' dir='ltr' id='par_1_49' title="bbox 2226 2060 3815 2137">
     <span class='ocr_line' id='line_1_49' title="bbox 2226 2060 3815 2137; baseline 0.008 -23"><span class='ocrx_word' id='word_1_372' title='bbox 2226 2060 2341 2114; x_wconf 90' lang='lat' dir='ltr'><strong>sine</strong></span> <span class='ocrx_word' id='word_1_373' title='bbox 2371 2060 2534 2117; x_wconf 89' lang='lat' dir='ltr'><strong>dubio</strong></span> <span class='ocrx_word' id='word_1_374' title='bbox 2589 2063 2963 2131; x_wconf 88' lang='lat' dir='ltr'><strong>declarantur,</strong></span> <span class='ocrx_word' id='word_1_375' title='bbox 2998 2068 3088 2136; x_wconf 85' lang='lat' dir='ltr'><strong>qui</strong></span> <span class='ocrx_word' id='word_1_376' title='bbox 3134 2084 3229 2137; x_wconf 89' lang='lat' dir='ltr'><strong>per</strong></span> <span class='ocrx_word' id='word_1_377' title='bbox 3276 2069 3446 2136; x_wconf 75' lang='lat' dir='ltr'><strong>longa:</strong></span> <span class='ocrx_word' id='word_1_378' title='bbox 3495 2072 3815 2127; x_wconf 84' lang='lat' dir='ltr'><strong>eruditionis</strong></span> 
     </span>
    </p>
   </div>
   <div class='ocr_carea' id='block_1_50' title="bbox 2227 2148 3816 2221">
    <p class='ocr_par' dir='ltr' id='par_1_50' title="bbox 2227 2148 3816 2221">
     <span class='ocr_line' id='line_1_50' title="bbox 2227 2148 3816 2221; baseline 0.008 -20"><span class='ocrx_word' id='word_1_379' title='bbox 2227 2148 2425 2215; x_wconf 88' lang='lat' dir='ltr'><strong>ignem,</strong></span> <span class='ocrx_word' id='word_1_380' title='bbox 2452 2160 2506 2205; x_wconf 90' lang='lat' dir='ltr'><strong>et</strong></span> <span class='ocrx_word' id='word_1_381' title='bbox 2536 2168 2631 2221; x_wconf 91' lang='lat' dir='ltr'><strong>per</strong></span> <span class='ocrx_word' id='word_1_382' title='bbox 2660 2154 2931 2209; x_wconf 82' lang='lat' dir='ltr'><strong>fornacem</strong></span> <span class='ocrx_word' id='word_1_383' title='bbox 2978 2155 3219 2211; x_wconf 88' lang='lat' dir='ltr'><strong>diuturni</strong></span> <span class='ocrx_word' id='word_1_384' title='bbox 3250 2158 3448 2212; x_wconf 88' lang='lat' dir='ltr'><strong>laboris</strong></span> <span class='ocrx_word' id='word_1_385' title='bbox 3478 2162 3693 2215; x_wconf 78' lang='lat' dir='ltr'><strong>excocti</strong></span> <span class='ocrx_word' id='word_1_386' title='bbox 3719 2177 3816 2215; x_wconf 81' lang='lat' dir='ltr'><strong>an-</strong></span> 
     </span>
    </p>
   </div>
   <div class='ocr_carea' id='block_1_51' title="bbox 2226 2242 3811 2317">
    <p class='ocr_par' dir='ltr' id='par_1_51' title="bbox 2226 2242 3811 2317">
     <span class='ocr_line' id='line_1_51' title="bbox 2226 2242 3811 2317; baseline 0.009 -25"><span class='ocrx_word' id='word_1_387' title='bbox 2226 2255 2341 2294; x_wconf 90' lang='lat' dir='ltr'><strong>rum</strong></span> <span class='ocrx_word' id='word_1_388' title='bbox 2372 2242 2679 2312; x_wconf 89' lang='lat' dir='ltr'><strong>probatum,</strong></span> <span class='ocrx_word' id='word_1_389' title='bbox 2710 2253 2764 2298; x_wconf 91' lang='lat' dir='ltr'><strong>ct</strong></span> <span class='ocrx_word' id='word_1_390' title='bbox 2792 2257 3074 2315; x_wconf 85' lang='lat' dir='ltr'><strong>argentum</strong></span> <span class='ocrx_word' id='word_1_391' title='bbox 3112 2265 3304 2317; x_wconf 92' lang='lat' dir='ltr'><strong>purum</strong></span> <span class='ocrx_word' id='word_1_392' title='bbox 3330 2265 3449 2305; x_wconf 89' lang='lat' dir='ltr'><strong>esse</strong></span> <span class='ocrx_word' id='word_1_393' title='bbox 3471 2262 3811 2307; x_wconf 86' lang='lat' dir='ltr'><strong>meruerunt.</strong></span> 
     </span>
    </p>
   </div>
   <div class='ocr_carea' id='block_1_52' title="bbox 2226 2330 3816 2408">
    <p class='ocr_par' dir='ltr' id='par_1_52' title="bbox 2226 2330 3816 2408">
     <span class='ocr_line' id='line_1_52' title="bbox 2226 2330 3816 2408; baseline 0.01 -26"><span class='ocrx_word' id='word_1_394' title='bbox 2226 2330 2428 2395; x_wconf 85' lang='lat' dir='ltr'><strong>Quibus</strong></span> <span class='ocrx_word' id='word_1_395' title='bbox 2454 2336 2496 2385; x_wconf 89' lang='lat' dir='ltr'><strong>si</strong></span> <span class='ocrx_word' id='word_1_396' title='bbox 2523 2350 2727 2389; x_wconf 86' lang='lat' dir='ltr'><strong>merces</strong></span> <span class='ocrx_word' id='word_1_397' title='bbox 2757 2350 2853 2403; x_wconf 91' lang='lat' dir='ltr'><strong>pro</strong></span> <span class='ocrx_word' id='word_1_398' title='bbox 2881 2337 3169 2393; x_wconf 87' lang='lat' dir='ltr'><strong>devotione</strong></span> <span class='ocrx_word' id='word_1_399' title='bbox 3211 2356 3315 2394; x_wconf 91' lang='lat' dir='ltr'><strong>non</strong></span> <span class='ocrx_word' id='word_1_400' title='bbox 3346 2341 3604 2408; x_wconf 87' lang='lat' dir='ltr'><strong>redditur,</strong></span> <span class='ocrx_word' id='word_1_401' title='bbox 3634 2346 3816 2398; x_wconf 89' lang='lat' dir='ltr'><strong>omnis</strong></span> 
     </span>
    </p>
   </div>
   <div class='ocr_carea' id='block_1_53' title="bbox 2225 2421 3816 2493">
    <p class='ocr_par' dir='ltr' id='par_1_53' title="bbox 2225 2421 3816 2493">
     <span class='ocr_line' id='line_1_53' title="bbox 2225 2421 3816 2493; baseline 0.009 -21"><span class='ocrx_word' id='word_1_402' title='bbox 2225 2421 2585 2477; x_wconf 84' lang='lat' dir='ltr'><strong>ecclesiastica</strong></span> <span class='ocrx_word' id='word_1_403' title='bbox 2616 2424 2899 2493; x_wconf 82' lang='lat' dir='ltr'><strong>disciplina</strong></span> <span class='ocrx_word' id='word_1_404' title='bbox 2924 2428 3211 2483; x_wconf 86' lang='lat' dir='ltr'><strong>resolvitur</strong></span> <span class='ocrx_word' id='word_1_405' title='bbox 3235 2448 3247 2482; x_wconf 90' lang='lat'><strong>:</strong></span> <span class='ocrx_word' id='word_1_406' title='bbox 3274 2432 3447 2483; x_wconf 89' lang='lat' dir='ltr'><strong>omnis</strong></span> <span class='ocrx_word' id='word_1_407' title='bbox 3475 2432 3610 2485; x_wconf 89' lang='lat' dir='ltr'><strong>ordo</strong></span> <span class='ocrx_word' id='word_1_408' title='bbox 3634 2432 3816 2486; x_wconf 77' lang='lat' dir='ltr'><strong>turba-</strong></span> 
     </span>
    </p>
   </div>
   <div class='ocr_carea' id='block_1_54' title="bbox 2225 2511 3814 2586">
    <p class='ocr_par' dir='ltr' id='par_1_54' title="bbox 2225 2511 3814 2586">
     <span class='ocr_line' id='line_1_54' title="bbox 2225 2511 3814 2586; baseline 0.009 -23"><span class='ocrx_word' id='word_1_409' title='bbox 2225 2518 2331 2577; x_wconf 90' lang='lat' dir='ltr'><strong>tur,</strong></span> <span class='ocrx_word' id='word_1_410' title='bbox 2359 2511 2483 2566; x_wconf 88' lang='lat' dir='ltr'><strong>dmn</strong></span> <span class='ocrx_word' id='word_1_411' title='bbox 2519 2514 2568 2567; x_wconf 93' lang='lat' dir='ltr'><strong>in</strong></span> <span class='ocrx_word' id='word_1_412' title='bbox 2601 2513 2861 2581; x_wconf 84' lang='lat' dir='ltr'><strong>Ecclesia,</strong></span> <span class='ocrx_word' id='word_1_413' title='bbox 2893 2518 2983 2586; x_wconf 91' lang='lat' dir='ltr'><strong>qui</strong></span> <span class='ocrx_word' id='word_1_414' title='bbox 3027 2520 3229 2574; x_wconf 91' lang='lat' dir='ltr'><strong>nullum</strong></span> <span class='ocrx_word' id='word_1_415' title='bbox 3260 2522 3537 2576; x_wconf 90' lang='lat' dir='ltr'><strong>subierunt</strong></span> <span class='ocrx_word' id='word_1_416' title='bbox 3567 2522 3814 2578; x_wconf 81' lang='lat' dir='ltr'><strong>ministe-</strong></span> 
     </span>
    </p>
   </div>
   <div class='ocr_carea' id='block_1_55' title="bbox 2224 2600 3813 2675">
    <p class='ocr_par' dir='ltr' id='par_1_55' title="bbox 2224 2600 3813 2675">
     <span class='ocr_line' id='line_1_55' title="bbox 2224 2600 3813 2675; baseline 0.008 -22"><span class='ocrx_word' id='word_1_417' title='bbox 2224 2600 2651 2671; x_wconf 87' lang='lat' dir='ltr'><strong>rium,pervcrso</strong></span> <span class='ocrx_word' id='word_1_418' title='bbox 2675 2605 2985 2672; x_wconf 82' lang='lat' dir='ltr'><strong>eligentium</strong></span> <span class='ocrx_word' id='word_1_419' title='bbox 3008 2607 3211 2675; x_wconf 89' lang='lat' dir='ltr'><strong>judicio</strong></span> <span class='ocrx_word' id='word_1_420' title='bbox 3239 2609 3534 2665; x_wconf 88' lang='lat' dir='ltr'><strong>indebitum</strong></span> <span class='ocrx_word' id='word_1_421' title='bbox 3558 2613 3813 2667; x_wconf 88' lang='lat' dir='ltr'><strong>obtinent</strong></span> 
     </span>
    </p>
   </div>
   <div class='ocr_carea' id='block_1_56' title="bbox 2224 2693 3814 2768">
    <p class='ocr_par' dir='ltr' id='par_1_56' title="bbox 2224 2693 3814 2768">
     <span class='ocr_line' id='line_1_56' title="bbox 2224 2693 3814 2768; baseline 0.01 -24"><span class='ocrx_word' id='word_1_422' title='bbox 2224 2693 2602 2763; x_wconf 89' lang='lat' dir='ltr'><strong>principatum.</strong></span> <span class='ocrx_word' id='word_1_423' title='bbox 2634 2694 2766 2751; x_wconf 92' lang='lat' dir='ltr'><strong>Cum</strong></span> <span class='ocrx_word' id='word_1_424' title='bbox 2819 2713 2949 2768; x_wconf 87' lang='lat' dir='ltr'><strong>ergo</strong></span> <span class='ocrx_word' id='word_1_425' title='bbox 2993 2701 3133 2755; x_wconf 91' lang='lat' dir='ltr'><strong>inter</strong></span> <span class='ocrx_word' id='word_1_426' title='bbox 3165 2718 3263 2757; x_wconf 91' lang='lat' dir='ltr'><strong>vos</strong></span> <span class='ocrx_word' id='word_1_427' title='bbox 3306 2711 3513 2757; x_wconf 90' lang='lat' dir='ltr'><strong>tantum</strong></span> <span class='ocrx_word' id='word_1_428' title='bbox 3543 2705 3814 2760; x_wconf 86' lang='lat' dir='ltr'><strong>valuerint</strong></span> 
     </span>
    </p>
   </div>
   <div class='ocr_carea' id='block_1_57' title="bbox 2224 2786 3815 2865">
    <p class='ocr_par' dir='ltr' id='par_1_57' title="bbox 2224 2786 3815 2865">
     <span class='ocr_line' id='line_1_57' title="bbox 2224 2786 3815 2865; baseline 0.009 -27"><span class='ocrx_word' id='word_1_429' title='bbox 2224 2794 2317 2839; x_wconf 91' lang='lat' dir='ltr'><strong>aut</strong></span> <span class='ocrx_word' id='word_1_430' title='bbox 2344 2786 2520 2844; x_wconf 87' lang='lat' dir='ltr'><strong>studia</strong></span> <span class='ocrx_word' id='word_1_431' title='bbox 2549 2789 2894 2860; x_wconf 90' lang='lat' dir='ltr'><strong>populorum,</strong></span> <span class='ocrx_word' id='word_1_432' title='bbox 2928 2802 3020 2847; x_wconf 88' lang='lat' dir='ltr'><strong>aut</strong></span> <span class='ocrx_word' id='word_1_433' title='bbox 3050 2794 3285 2849; x_wconf 90' lang='lat' dir='ltr'><strong>ambitus</strong></span> <span class='ocrx_word' id='word_1_434' title='bbox 3314 2796 3672 2865; x_wconf 89' lang='lat' dir='ltr'><strong>superborum</strong></span> <span class='ocrx_word' id='word_1_435' title='bbox 3704 2815 3718 2849; x_wconf 88' lang='lat'><strong>:</strong></span> <span class='ocrx_word' id='word_1_436' title='bbox 3752 2808 3815 2852; x_wconf 90' lang='lat' dir='ltr'><strong>ut</strong></span> 
     </span>
    </p>
   </div>
   <div class='ocr_carea' id='block_1_58' title="bbox 2224 2876 3815 2944">
    <p class='ocr_par' dir='ltr' id='par_1_58' title="bbox 2224 2876 3815 2944">
     <span class='ocr_line' id='line_1_58' title="bbox 2224 2876 3815 2944; baseline 0.008 -15"><span class='ocrx_word' id='word_1_437' title='bbox 2224 2891 2332 2930; x_wconf 91' lang='lat' dir='ltr'><strong>non</strong></span> <span class='ocrx_word' id='word_1_438' title='bbox 2360 2876 2532 2931; x_wconf 92' lang='lat' dir='ltr'><strong>solum</strong></span> <span class='ocrx_word' id='word_1_439' title='bbox 2557 2878 2742 2944; x_wconf 89' lang='lat' dir='ltr'><strong>laicos,</strong></span> <span class='ocrx_word' id='word_1_440' title='bbox 2772 2883 2864 2937; x_wconf 84' lang='lat' dir='ltr'><strong>sed</strong></span> <span class='ocrx_word' id='word_1_441' title='bbox 2895 2884 3056 2937; x_wconf 91' lang='lat' dir='ltr'><strong>etiam</strong></span> <span class='ocrx_word' id='word_1_442' title='bbox 3085 2885 3440 2940; x_wconf 86' lang='lat' dir='ltr'><strong>secundarum</strong></span> <span class='ocrx_word' id='word_1_443' title='bbox 3474 2904 3704 2942; x_wconf 80' lang='lat' dir='ltr'><strong>uxorum</strong></span> <span class='ocrx_word' id='word_1_444' title='bbox 3728 2890 3815 2942; x_wconf 81' lang='lat' dir='ltr'><strong>vi-</strong></span> 
     </span>
    </p>
   </div>
   <div class='ocr_carea' id='block_1_59' title="bbox 2223 2969 3813 3046">
    <p class='ocr_par' dir='ltr' id='par_1_59' title="bbox 2223 2969 3813 3046">
     <span class='ocr_line' id='line_1_59' title="bbox 2223 2969 3813 3046; baseline 0.006 -24"><span class='ocrx_word' id='word_1_445' title='bbox 2223 2982 2333 3033; x_wconf 90' lang='lat' dir='ltr'><strong>ros,</strong></span> <span class='ocrx_word' id='word_1_446' title='bbox 2381 2977 2472 3023; x_wconf 90' lang='lat' dir='ltr'><strong>aut</strong></span> <span class='ocrx_word' id='word_1_447' title='bbox 2498 2969 2776 3025; x_wconf 89' lang='lat' dir='ltr'><strong>viduarum</strong></span> <span class='ocrx_word' id='word_1_448' title='bbox 2808 2974 3031 3028; x_wconf 88' lang='lat' dir='ltr'><strong>maritos</strong></span> <span class='ocrx_word' id='word_1_449' title='bbox 3060 2974 3126 3028; x_wconf 90' lang='lat' dir='ltr'><strong>ad</strong></span> <span class='ocrx_word' id='word_1_450' title='bbox 3156 2974 3386 3030; x_wconf 83' lang='lat' dir='ltr'><strong>ofﬁcium</strong></span> <span class='ocrx_word' id='word_1_451' title='bbox 3417 2992 3813 3046; x_wconf 86' lang='lat' dir='ltr'><strong>cognoscamus</strong></span> 
     </span>
    </p>
   </div>
   <div class='ocr_carea' id='block_1_60' title="bbox 2225 3060 3814 3135">
    <p class='ocr_par' dir='ltr' id='par_1_60' title="bbox 2225 3060 3814 3135">
     <span class='ocr_line' id='line_1_60' title="bbox 2225 3060 3814 3135; baseline 0.006 -23"><span class='ocrx_word' id='word_1_452' title='bbox 2225 3060 2497 3128; x_wconf 89' lang='lat' dir='ltr'><strong>pastorale</strong></span> <span class='ocrx_word' id='word_1_453' title='bbox 2543 3071 2826 3131; x_wconf 90' lang='lat' dir='ltr'><strong>provectos</strong></span> <span class='ocrx_word' id='word_1_454' title='bbox 2879 3081 2893 3117; x_wconf 90' lang='lat'><strong>:</strong></span> <span class='ocrx_word' id='word_1_455' title='bbox 2960 3080 3137 3119; x_wconf 91' lang='lat' dir='ltr'><strong>nonne</strong></span> <span class='ocrx_word' id='word_1_456' title='bbox 3186 3067 3539 3134; x_wconf 73' lang='lat' dir='ltr'><strong>apertissima:</strong></span> <span class='ocrx_word' id='word_1_457' title='bbox 3589 3068 3814 3135; x_wconf 81' lang='lat' dir='ltr'><strong>exigunt</strong></span> 
     </span>
    </p>
   </div>
   <div class='ocr_carea' id='block_1_61' title="bbox 541 3150 3812 3237">
    <p class='ocr_par' dir='ltr' id='par_1_61' title="bbox 541 3150 3812 3237">
     <span class='ocr_line' id='line_1_61' title="bbox 541 3150 3812 3237; baseline 0.003 -35"><span class='ocrx_word' id='word_1_458' title='bbox 541 3170 650 3210; x_wconf 79' lang='lat' dir='ltr'><strong>non</strong></span> <span class='ocrx_word' id='word_1_459' title='bbox 680 3155 845 3210; x_wconf 82' lang='lat' dir='ltr'><strong>alium</strong></span> <span class='ocrx_word' id='word_1_460' title='bbox 874 3156 1048 3211; x_wconf 76' lang='lat' dir='ltr'><strong>virum</strong></span> <span class='ocrx_word' id='word_1_461' title='bbox 1077 3172 1259 3221; x_wconf 74' lang='lat' dir='ltr'><strong>nosse,</strong></span> <span class='ocrx_word' id='word_1_462' title='bbox 1292 3173 1453 3227; x_wconf 75' lang='lat' dir='ltr'><strong>quam</strong></span> <span class='ocrx_word' id='word_1_463' title='bbox 1499 3157 1772 3213; x_wconf 58' lang='lat' dir='ltr'><strong>Christum</strong></span> <span class='ocrx_word' id='word_1_464' title='bbox 1803 3158 2018 3231; x_wconf 73' lang='grc' dir='ltr'>(Εριιεε,</span> <span class='ocrx_word' id='word_1_465' title='bbox 2053 3176 2116 3225; x_wconf 69' lang='lat' dir='ltr'><strong>v;</strong></span> <span class='ocrx_word' id='word_1_466' title='bbox 2151 3177 2193 3237; x_wconf 58' lang='grc' dir='ltr'><strong>Β</strong></span> <span class='ocrx_word' id='word_1_467' title='bbox 2226 3164 2420 3214; x_wconf 59' lang='lat' dir='ltr'><strong>causae,</strong></span> <span class='ocrx_word' id='word_1_468' title='bbox 2454 3158 2510 3204; x_wconf 91' lang='lat' dir='ltr'><strong>ut</strong></span> <span class='ocrx_word' id='word_1_469' title='bbox 2562 3150 2813 3206; x_wconf 72' lang='lat' dir='ltr'><strong>Ecclesize</strong></span> <span class='ocrx_word' id='word_1_470' title='bbox 2866 3154 2918 3208; x_wconf 93' lang='lat' dir='ltr'><strong>in</strong></span> <span class='ocrx_word' id='word_1_471' title='bbox 2948 3155 3140 3223; x_wconf 89' lang='lat' dir='ltr'><strong>quibus</strong></span> <span class='ocrx_word' id='word_1_472' title='bbox 3169 3156 3268 3210; x_wconf 89' lang='lat' dir='ltr'><strong>ista</strong></span> <span class='ocrx_word' id='word_1_473' title='bbox 3318 3158 3605 3211; x_wconf 87' lang='lat' dir='ltr'><strong>commissa</strong></span> <span class='ocrx_word' id='word_1_474' title='bbox 3660 3165 3812 3223; x_wconf 88' lang='lat' dir='ltr'><strong>sunt,</strong></span> 
     </span>
    </p>
   </div>
   <div class='ocr_carea' id='block_1_62' title="bbox 536 3243 2123 3318">
    <p class='ocr_par' dir='ltr' id='par_1_62' title="bbox 536 3243 2123 3318">
     <span class='ocr_line' id='line_1_62' title="bbox 536 3243 2123 3318; baseline 0.003 -20"><span class='ocrx_word' id='word_1_475' title='bbox 536 3243 571 3297; x_wconf 83' lang='grc'><strong>-1</strong></span> <span class='ocrx_word' id='word_1_476' title='bbox 599 3243 720 3299; x_wconf 81' lang='lat' dir='ltr'><strong>Cor.</strong></span> <span class='ocrx_word' id='word_1_477' title='bbox 751 3246 853 3316; x_wconf 74' lang='lat' dir='ltr'><strong>XI).</strong></span> <span class='ocrx_word' id='word_1_478' title='bbox 909 3246 1010 3313; x_wconf 85' lang='lat' dir='ltr'><strong>Qui</strong></span> <span class='ocrx_word' id='word_1_479' title='bbox 1031 3248 1229 3302; x_wconf 91' lang='lat' dir='ltr'><strong>merito</strong></span> <span class='ocrx_word' id='word_1_480' title='bbox 1252 3263 1414 3302; x_wconf 89' lang='lat' dir='ltr'><strong>unam</strong></span> <span class='ocrx_word' id='word_1_481' title='bbox 1452 3248 1634 3318; x_wconf 87' lang='lat' dir='ltr'><strong>elegit,</strong></span> <span class='ocrx_word' id='word_1_482' title='bbox 1665 3265 1822 3303; x_wconf 89' lang='lat' dir='ltr'><strong>unam</strong></span> <span class='ocrx_word' id='word_1_483' title='bbox 1851 3249 2040 3317; x_wconf 84' lang='lat' dir='ltr'><strong>diligit,</strong></span> <span class='ocrx_word' id='word_1_484' title='bbox 2068 3259 2123 3304; x_wconf 91' lang='lat' dir='ltr'><strong>et</strong></span> 
     </span>
    </p>
   </div>
   <div class='ocr_carea' id='block_1_63' title="bbox 536 3336 2121 3410">
    <p class='ocr_par' dir='ltr' id='par_1_63' title="bbox 536 3336 2121 3410">
     <span class='ocr_line' id='line_1_63' title="bbox 536 3336 2121 3410; baseline 0.003 -19"><span class='ocrx_word' id='word_1_485' title='bbox 536 3336 699 3391; x_wconf 78' lang='lat' dir='ltr'><strong>aliam</strong></span> <span class='ocrx_word' id='word_1_486' title='bbox 728 3345 925 3406; x_wconf 74' lang='lat' dir='ltr'><strong>prteter</strong></span> <span class='ocrx_word' id='word_1_487' title='bbox 952 3339 1123 3407; x_wconf 82' lang='lat' dir='ltr'><strong>ipsam</strong></span> <span class='ocrx_word' id='word_1_488' title='bbox 1170 3355 1268 3394; x_wconf 92' lang='lat' dir='ltr'><strong>suo</strong></span> <span class='ocrx_word' id='word_1_489' title='bbox 1305 3342 1581 3395; x_wconf 90' lang='lat' dir='ltr'><strong>consortio</strong></span> <span class='ocrx_word' id='word_1_490' title='bbox 1628 3356 1735 3395; x_wconf 93' lang='lat' dir='ltr'><strong>non</strong></span> <span class='ocrx_word' id='word_1_491' title='bbox 1774 3340 2030 3410; x_wconf 90' lang='lat' dir='ltr'><strong>adjungit.</strong></span> <span class='ocrx_word' id='word_1_492' title='bbox 2064 3340 2121 3395; x_wconf 89' lang='lat' dir='ltr'><strong>Si</strong></span> 
     </span>
    </p>
   </div>
   <div class='ocr_carea' id='block_1_64' title="bbox 542 3425 2121 3495">
    <p class='ocr_par' dir='ltr' id='par_1_64' title="bbox 542 3425 2121 3495">
     <span class='ocr_line' id='line_1_64' title="bbox 542 3425 2121 3495; baseline 0.003 -15"><span class='ocrx_word' id='word_1_493' title='bbox 542 3440 673 3495; x_wconf 88' lang='lat' dir='ltr'><strong>ergo</strong></span> <span class='ocrx_word' id='word_1_494' title='bbox 695 3426 858 3480; x_wconf 91' lang='lat' dir='ltr'><strong>etiam</strong></span> <span class='ocrx_word' id='word_1_495' title='bbox 880 3426 931 3480; x_wconf 90' lang='lat' dir='ltr'><strong>in</strong></span> <span class='ocrx_word' id='word_1_496' title='bbox 964 3425 1143 3482; x_wconf 89' lang='lat' dir='ltr'><strong>Veteri</strong></span> <span class='ocrx_word' id='word_1_497' title='bbox 1174 3427 1522 3483; x_wconf 89' lang='lat' dir='ltr'><strong>Testamento</strong></span> <span class='ocrx_word' id='word_1_498' title='bbox 1560 3431 1674 3485; x_wconf 63' lang='lat' dir='ltr'><strong>haec</strong></span> <span class='ocrx_word' id='word_1_499' title='bbox 1701 3430 2121 3486; x_wconf 88' lang='lat' dir='ltr'><strong>sacerdotalimn</strong></span> 
     </span>
    </p>
   </div>
   <div class='ocr_carea' id='block_1_65' title="bbox 540 3513 2123 3590">
    <p class='ocr_par' dir='ltr' id='par_1_65' title="bbox 540 3513 2123 3590">
     <span class='ocr_line' id='line_1_65' title="bbox 540 3513 2123 3590; baseline 0.005 -22"><span class='ocrx_word' id='word_1_500' title='bbox 540 3513 908 3585; x_wconf 85' lang='lat' dir='ltr'><strong>conjugiorum</strong></span> <span class='ocrx_word' id='word_1_501' title='bbox 956 3515 1128 3570; x_wconf 88' lang='lat' dir='ltr'><strong>forma</strong></span> <span class='ocrx_word' id='word_1_502' title='bbox 1176 3527 1390 3572; x_wconf 85' lang='lat' dir='ltr'><strong>servata</strong></span> <span class='ocrx_word' id='word_1_503' title='bbox 1436 3528 1555 3574; x_wconf 88' lang='lat' dir='ltr'><strong>est:</strong></span> <span class='ocrx_word' id='word_1_504' title='bbox 1589 3530 1789 3590; x_wconf 92' lang='lat' dir='ltr'><strong>quanto</strong></span> <span class='ocrx_word' id='word_1_505' title='bbox 1833 3522 2000 3590; x_wconf 88' lang='lat' dir='ltr'><strong>magis</strong></span> <span class='ocrx_word' id='word_1_506' title='bbox 2023 3523 2123 3576; x_wconf 90' lang='lat' dir='ltr'><strong>sub</strong></span> 
     </span>
    </p>
   </div>
   <div class='ocr_carea' id='block_1_66' title="bbox 545 3604 2123 3682">
    <p class='ocr_par' dir='ltr' id='par_1_66' title="bbox 545 3604 2123 3682">
     <span class='ocr_line' id='line_1_66' title="bbox 545 3604 2123 3682; baseline 0.006 -22"><span class='ocrx_word' id='word_1_507' title='bbox 545 3604 819 3677; x_wconf 86' lang='lat' dir='ltr'><strong>Evangelii</strong></span> <span class='ocrx_word' id='word_1_508' title='bbox 847 3608 1019 3677; x_wconf 89' lang='lat' dir='ltr'><strong>gratia</strong></span> <span class='ocrx_word' id='word_1_509' title='bbox 1068 3610 1345 3665; x_wconf 89' lang='lat' dir='ltr'><strong>constituti</strong></span> <span class='ocrx_word' id='word_1_510' title='bbox 1375 3612 1686 3682; x_wconf 92' lang='lat' dir='ltr'><strong>apostolicis</strong></span> <span class='ocrx_word' id='word_1_511' title='bbox 1724 3614 1983 3670; x_wconf 89' lang='lat' dir='ltr'><strong>debemus</strong></span> <span class='ocrx_word' id='word_1_512' title='bbox 2011 3631 2123 3669; x_wconf 89' lang='lat' dir='ltr'><strong>ser-</strong></span> 
     </span>
    </p>
   </div>
   <div class='ocr_carea' id='block_1_67' title="bbox 542 3696 2125 3773">
    <p class='ocr_par' dir='ltr' id='par_1_67' title="bbox 542 3696 2125 3773">
     <span class='ocr_line' id='line_1_67' title="bbox 542 3696 2125 3773; baseline 0.006 -22"><span class='ocrx_word' id='word_1_513' title='bbox 542 3696 660 3753; x_wconf 86' lang='lat' dir='ltr'><strong>vire</strong></span> <span class='ocrx_word' id='word_1_514' title='bbox 713 3699 1040 3769; x_wconf 65' lang='lat' dir='ltr'><strong>praeceptis?</strong></span> <span class='ocrx_word' id='word_1_515' title='bbox 1071 3698 1140 3755; x_wconf 86' lang='lat' dir='ltr'><strong>Ut</strong></span> <span class='ocrx_word' id='word_1_516' title='bbox 1178 3701 1475 3770; x_wconf 82' lang='lat' dir='ltr'><strong>quamlibet</strong></span> <span class='ocrx_word' id='word_1_517' title='bbox 1515 3703 1635 3773; x_wconf 91' lang='lat' dir='ltr'><strong>quis</strong></span> <span class='ocrx_word' id='word_1_518' title='bbox 1682 3704 1839 3759; x_wconf 91' lang='lat' dir='ltr'><strong>bonis</strong></span> <span class='ocrx_word' id='word_1_519' title='bbox 1887 3706 2125 3761; x_wconf 86' lang='lat' dir='ltr'><strong>moribus</strong></span> 
     </span>
    </p>
   </div>
   <div class='ocr_carea' id='block_1_68' title="bbox 540 3787 2126 3870">
    <p class='ocr_par' dir='ltr' id='par_1_68' title="bbox 540 3787 2126 3870">
     <span class='ocr_line' id='line_1_68' title="bbox 540 3787 2126 3870; baseline 0.008 -29"><span class='ocrx_word' id='word_1_520' title='bbox 540 3787 813 3858; x_wconf 75' lang='lat' dir='ltr'><strong>prmditus,</strong></span> <span class='ocrx_word' id='word_1_521' title='bbox 838 3798 893 3843; x_wconf 91' lang='lat' dir='ltr'><strong>et</strong></span> <span class='ocrx_word' id='word_1_522' title='bbox 922 3792 1123 3846; x_wconf 89' lang='lat' dir='ltr'><strong>sanctis</strong></span> <span class='ocrx_word' id='word_1_523' title='bbox 1149 3793 1403 3870; x_wconf 88' lang='lat' dir='ltr'><strong>operibus</strong></span> <span class='ocrx_word' id='word_1_524' title='bbox 1433 3794 1735 3849; x_wconf 79' lang='lat' dir='ltr'><strong>inveniatur</strong></span> <span class='ocrx_word' id='word_1_525' title='bbox 1758 3806 1997 3862; x_wconf 90' lang='lat' dir='ltr'><strong>ornatus,</strong></span> <span class='ocrx_word' id='word_1_526' title='bbox 2031 3815 2126 3854; x_wconf 82' lang='lat' dir='ltr'><strong>ne-</strong></span> 
     </span>
    </p>
   </div>
   <div class='ocr_carea' id='block_1_69' title="bbox 543 3881 2124 3958">
    <p class='ocr_par' dir='ltr' id='par_1_69' title="bbox 543 3881 2124 3958">
     <span class='ocr_line' id='line_1_69' title="bbox 543 3881 2124 3958; baseline 0.008 -27"><span class='ocrx_word' id='word_1_527' title='bbox 543 3892 813 3947; x_wconf 82' lang='lat' dir='ltr'><strong>quaquam</strong></span> <span class='ocrx_word' id='word_1_528' title='bbox 836 3887 1015 3935; x_wconf 82' lang='lat' dir='ltr'><strong>tamcu</strong></span> <span class='ocrx_word' id='word_1_529' title='bbox 1038 3882 1124 3937; x_wconf 88' lang='lat' dir='ltr'><strong>vel</strong></span> <span class='ocrx_word' id='word_1_530' title='bbox 1149 3881 1216 3936; x_wconf 92' lang='lat' dir='ltr'><strong>ad</strong></span> <span class='ocrx_word' id='word_1_531' title='bbox 1245 3882 1456 3939; x_wconf 89' lang='lat' dir='ltr'><strong>diaconi</strong></span> <span class='ocrx_word' id='word_1_532' title='bbox 1479 3884 1723 3953; x_wconf 86' lang='lat' dir='ltr'><strong>gradum,</strong></span> <span class='ocrx_word' id='word_1_533' title='bbox 1760 3886 1845 3941; x_wconf 90' lang='lat' dir='ltr'><strong>vel</strong></span> <span class='ocrx_word' id='word_1_534' title='bbox 1883 3888 1949 3941; x_wconf 90' lang='lat' dir='ltr'><strong>ad</strong></span> <span class='ocrx_word' id='word_1_535' title='bbox 1973 3904 2124 3958; x_wconf 88' lang='lat' dir='ltr'><strong>pres-</strong></span> 
     </span>
    </p>
   </div>
   <div class='ocr_carea' id='block_1_70' title="bbox 532 3969 2121 4045">
    <p class='ocr_par' dir='ltr' id='par_1_70' title="bbox 532 3969 2121 4045">
     <span class='ocr_line' id='line_1_70' title="bbox 532 3969 2121 4045; baseline 0.006 -23"><span class='ocrx_word' id='word_1_536' title='bbox 532 3969 733 4039; x_wconf 76' lang='lat' dir='ltr'><strong>byterii</strong></span> <span class='ocrx_word' id='word_1_537' title='bbox 756 3969 1038 4037; x_wconf 90' lang='lat' dir='ltr'><strong>honorem,</strong></span> <span class='ocrx_word' id='word_1_538' title='bbox 1059 3972 1144 4027; x_wconf 91' lang='lat' dir='ltr'><strong>vel</strong></span> <span class='ocrx_word' id='word_1_539' title='bbox 1167 3972 1231 4027; x_wconf 88' lang='lat' dir='ltr'><strong>ad</strong></span> <span class='ocrx_word' id='word_1_540' title='bbox 1256 3974 1598 4045; x_wconf 79' lang='lat' dir='ltr'><strong>episcOpatus</strong></span> <span class='ocrx_word' id='word_1_541' title='bbox 1613 3975 1823 4031; x_wconf 91' lang='lat' dir='ltr'><strong>culmen</strong></span> <span class='ocrx_word' id='word_1_542' title='bbox 1846 3979 2121 4033; x_wconf 87' lang='lat' dir='ltr'><strong>ascendat:</strong></span> 
     </span>
    </p>
   </div>
   <div class='ocr_carea' id='block_1_71' title="bbox 537 4062 2123 4135">
    <p class='ocr_par' dir='ltr' id='par_1_71' title="bbox 537 4062 2123 4135">
     <span class='ocr_line' id='line_1_71' title="bbox 537 4062 2123 4135; baseline 0.004 -16"><span class='ocrx_word' id='word_1_543' title='bbox 537 4062 588 4119; x_wconf 79' lang='lat' dir='ltr'><strong>si</strong></span> <span class='ocrx_word' id='word_1_544' title='bbox 630 4069 723 4118; x_wconf 87' lang='lat' dir='ltr'><strong>aut</strong></span> <span class='ocrx_word' id='word_1_545' title='bbox 760 4063 932 4135; x_wconf 85' lang='lat' dir='ltr'><strong>ipsum</strong></span> <span class='ocrx_word' id='word_1_546' title='bbox 979 4080 1086 4121; x_wconf 90' lang='lat' dir='ltr'><strong>non</strong></span> <span class='ocrx_word' id='word_1_547' title='bbox 1116 4067 1275 4121; x_wconf 89' lang='lat' dir='ltr'><strong>unius</strong></span> <span class='ocrx_word' id='word_1_548' title='bbox 1324 4067 1505 4122; x_wconf 78' lang='lat' dir='ltr'><strong>uxoris</strong></span> <span class='ocrx_word' id='word_1_549' title='bbox 1534 4068 1724 4133; x_wconf 88' lang='lat' dir='ltr'><strong>virum,</strong></span> <span class='ocrx_word' id='word_1_550' title='bbox 1753 4076 1847 4123; x_wconf 89' lang='lat' dir='ltr'><strong>aut</strong></span> <span class='ocrx_word' id='word_1_551' title='bbox 1899 4084 2123 4126; x_wconf 79' lang='lat' dir='ltr'><strong>uxorem</strong></span> 
     </span>
    </p>
   </div>
   <div class='ocr_carea' id='block_1_72' title="bbox 530 4151 2124 4221">
    <p class='ocr_par' dir='ltr' id='par_1_72' title="bbox 530 4151 2124 4221">
     <span class='ocr_line' id='line_1_72' title="bbox 530 4151 2124 4221; baseline 0.006 -14"><span class='ocrx_word' id='word_1_552' title='bbox 530 4151 659 4221; x_wconf 82' lang='lat' dir='ltr'><strong>ejus</strong></span> <span class='ocrx_word' id='word_1_553' title='bbox 701 4169 809 4209; x_wconf 92' lang='lat' dir='ltr'><strong>non</strong></span> <span class='ocrx_word' id='word_1_554' title='bbox 860 4155 1017 4211; x_wconf 82' lang='lat' dir='ltr'><strong>unius</strong></span> <span class='ocrx_word' id='word_1_555' title='bbox 1041 4156 1143 4212; x_wconf 88' lang='lat' dir='ltr'><strong>viri</strong></span> <span class='ocrx_word' id='word_1_556' title='bbox 1186 4156 1348 4213; x_wconf 89' lang='lat' dir='ltr'><strong>fuisse</strong></span> <span class='ocrx_word' id='word_1_557' title='bbox 1391 4158 1680 4213; x_wconf 85' lang='lat' dir='ltr'><strong>claruerit?</strong></span> <span class='ocrx_word' id='word_1_558' title='bbox 1702 4156 1955 4214; x_wconf 78' lang='lat' dir='ltr'><strong>Monente</strong></span> <span class='ocrx_word' id='word_1_559' title='bbox 1995 4174 2124 4216; x_wconf 90' lang='lat' dir='ltr'><strong>vero</strong></span> 
     </span>
    </p>
   </div>
   <div class='ocr_carea' id='block_1_73' title="bbox 528 4246 2122 4323">
    <p class='ocr_par' dir='ltr' id='par_1_73' title="bbox 528 4246 2122 4323">
     <span class='ocr_line' id='line_1_73' title="bbox 528 4246 2122 4323; baseline 0.005 -24"><span class='ocrx_word' id='word_1_560' title='bbox 528 4246 821 4316; x_wconf 46' lang='lat' dir='ltr'><strong>.Apostolo,</strong></span> <span class='ocrx_word' id='word_1_561' title='bbox 849 4255 1011 4318; x_wconf 88' lang='lat' dir='ltr'><strong>atque</strong></span> <span class='ocrx_word' id='word_1_562' title='bbox 1032 4247 1245 4323; x_wconf 81' lang='lat' dir='ltr'><strong>dicente</strong></span> <span class='ocrx_word' id='word_1_563' title='bbox 1271 4269 1283 4303; x_wconf 93' lang='lat'>:</span> <span class='ocrx_word' id='word_1_564' title='bbox 1310 4249 1377 4303; x_wconf 83' lang='lat' dir='ltr'><strong>Et</strong></span> <span class='ocrx_word' id='word_1_565' title='bbox 1399 4251 1451 4305; x_wconf 92' lang='lat' dir='ltr'><strong>hi</strong></span> <span class='ocrx_word' id='word_1_566' title='bbox 1479 4259 1659 4306; x_wconf 91' lang='lat' dir='ltr'><strong>autem</strong></span> <span class='ocrx_word' id='word_1_567' title='bbox 1686 4251 1986 4321; x_wconf 90' lang='lat' dir='ltr'><strong>probentur</strong></span> <span class='ocrx_word' id='word_1_568' title='bbox 2007 4254 2122 4323; x_wconf 90' lang='lat' dir='ltr'><strong>pri-</strong></span> 
     </span>
    </p>
   </div>
   <div class='ocr_carea' id='block_1_74' title="bbox 528 4319 2125 4412">
    <p class='ocr_par' dir='ltr' id='par_1_74' title="bbox 528 4319 2125 4412">
     <span class='ocr_line' id='line_1_74' title="bbox 528 4319 2125 4412; baseline 0.006 -25"><span class='ocrx_word' id='word_1_569' title='bbox 528 4351 708 4403; x_wconf 81' lang='lat' dir='ltr'><strong>mum,</strong></span> <span class='ocrx_word' id='word_1_570' title='bbox 739 4345 796 4393; x_wconf 87' lang='lat' dir='ltr'><strong>et</strong></span> <span class='ocrx_word' id='word_1_571' title='bbox 816 4338 895 4395; x_wconf 91' lang='lat' dir='ltr'><strong>sic</strong></span> <span class='ocrx_word' id='word_1_572' title='bbox 922 4319 1224 4395; x_wconf 76' lang='lat' dir='ltr'><strong>ministrent</strong></span> <span class='ocrx_word' id='word_1_573' title='bbox 1246 4338 1300 4412; x_wconf 89' lang='grc'><strong>(1</strong></span> <span class='ocrx_word' id='word_1_574' title='bbox 1333 4341 1466 4395; x_wconf 85' lang='lat' dir='ltr'><strong>Tim.</strong></span> <span class='ocrx_word' id='word_1_575' title='bbox 1498 4340 1598 4412; x_wconf 86' lang='grc' dir='ltr'>ιιι),</span> <span class='ocrx_word' id='word_1_576' title='bbox 1644 4319 1773 4411; x_wconf 83' lang='lat' dir='ltr'><strong>quid</strong></span> <span class='ocrx_word' id='word_1_577' title='bbox 1802 4341 1945 4396; x_wconf 89' lang='lat' dir='ltr'><strong>aliud</strong></span> <span class='ocrx_word' id='word_1_578' title='bbox 1968 4319 2125 4397; x_wconf 80' lang='lat' dir='ltr'><strong>intel-</strong></span> 
     </span>
    </p>
   </div>
   <div class='ocr_carea' id='block_1_75' title="bbox 528 4427 2122 4502">
    <p class='ocr_par' dir='ltr' id='par_1_75' title="bbox 528 4427 2122 4502">
     <span class='ocr_line' id='line_1_75' title="bbox 528 4427 2122 4502; baseline 0.003 -19"><span class='ocrx_word' id='word_1_579' title='bbox 528 4427 811 4497; x_wconf 68' lang='lat' dir='ltr'><strong>ﬁgendum</strong></span> <span class='ocrx_word' id='word_1_580' title='bbox 852 4439 1123 4500; x_wconf 87' lang='lat' dir='ltr'><strong>putamus,</strong></span> <span class='ocrx_word' id='word_1_581' title='bbox 1148 4433 1248 4486; x_wconf 91' lang='lat' dir='ltr'><strong>nisi</strong></span> <span class='ocrx_word' id='word_1_582' title='bbox 1278 4440 1335 4486; x_wconf 89' lang='lat' dir='ltr'><strong>ut</strong></span> <span class='ocrx_word' id='word_1_583' title='bbox 1360 4432 1412 4485; x_wconf 91' lang='lat' dir='ltr'><strong>in</strong></span> <span class='ocrx_word' id='word_1_584' title='bbox 1438 4434 1520 4488; x_wconf 88' lang='lat' dir='ltr'><strong>his</strong></span> <span class='ocrx_word' id='word_1_585' title='bbox 1549 4433 1985 4502; x_wconf 89' lang='lat' dir='ltr'><strong>provectiouibus</strong></span> <span class='ocrx_word' id='word_1_586' title='bbox 2015 4449 2122 4487; x_wconf 93' lang='lat' dir='ltr'><strong>non</strong></span> 
     </span>
    </p>
   </div>
   <div class='ocr_carea' id='block_1_76' title="bbox 2220 3238 3813 3313">
    <p class='ocr_par' dir='ltr' id='par_1_76' title="bbox 2220 3238 3813 3313">
     <span class='ocr_line' id='line_1_76' title="bbox 2220 3238 3813 3313; baseline 0.005 -21"><span class='ocrx_word' id='word_1_587' title='bbox 2220 3238 2420 3307; x_wconf 87' lang='lat' dir='ltr'><strong>judicio</strong></span> <span class='ocrx_word' id='word_1_588' title='bbox 2465 3242 2739 3297; x_wconf 87' lang='lat' dir='ltr'><strong>severiore</strong></span> <span class='ocrx_word' id='word_1_589' title='bbox 2771 3255 3082 3313; x_wconf 87' lang='lat' dir='ltr'><strong>purgentur,</strong></span> <span class='ocrx_word' id='word_1_590' title='bbox 3116 3254 3171 3299; x_wconf 91' lang='lat' dir='ltr'><strong>et</strong></span> <span class='ocrx_word' id='word_1_591' title='bbox 3208 3260 3316 3300; x_wconf 91' lang='lat' dir='ltr'><strong>non</strong></span> <span class='ocrx_word' id='word_1_592' title='bbox 3365 3246 3540 3299; x_wconf 89' lang='lat' dir='ltr'><strong>solum</strong></span> <span class='ocrx_word' id='word_1_593' title='bbox 3587 3247 3641 3300; x_wconf 90' lang='lat' dir='ltr'><strong>in</strong></span> <span class='ocrx_word' id='word_1_594' title='bbox 3673 3247 3813 3302; x_wconf 84' lang='lat' dir='ltr'><strong>tales</strong></span> 
     </span>
    </p>
   </div>
   <div class='ocr_carea' id='block_1_77' title="bbox 2225 3331 3813 3401">
    <p class='ocr_par' dir='ltr' id='par_1_77' title="bbox 2225 3331 3813 3401">
     <span class='ocr_line' id='line_1_77' title="bbox 2225 3331 3813 3401; baseline 0.005 -17"><span class='ocrx_word' id='word_1_595' title='bbox 2225 3331 2499 3401; x_wconf 74' lang='lat' dir='ltr'><strong>prmsules,</strong></span> <span class='ocrx_word' id='word_1_596' title='bbox 2529 3333 2622 3387; x_wconf 90' lang='lat' dir='ltr'><strong>sed</strong></span> <span class='ocrx_word' id='word_1_597' title='bbox 2654 3335 2813 3388; x_wconf 82' lang='lat' dir='ltr'><strong>etiam</strong></span> <span class='ocrx_word' id='word_1_598' title='bbox 2849 3335 2899 3389; x_wconf 92' lang='lat' dir='ltr'><strong>in</strong></span> <span class='ocrx_word' id='word_1_599' title='bbox 2924 3336 3261 3391; x_wconf 88' lang='lat' dir='ltr'><strong>ordinatores</strong></span> <span class='ocrx_word' id='word_1_600' title='bbox 3290 3351 3479 3390; x_wconf 90' lang='lat' dir='ltr'><strong>eorum</strong></span> <span class='ocrx_word' id='word_1_601' title='bbox 3504 3336 3635 3391; x_wconf 91' lang='lat' dir='ltr'><strong>ultio</strong></span> <span class='ocrx_word' id='word_1_602' title='bbox 3661 3353 3813 3391; x_wconf 56' lang='lat' dir='ltr'><strong>com-</strong></span> 
     </span>
    </p>
   </div>
   <div class='ocr_carea' id='block_1_78' title="bbox 2225 3424 3814 3493">
    <p class='ocr_par' dir='ltr' id='par_1_78' title="bbox 2225 3424 3814 3493">
     <span class='ocr_line' id='line_1_78' title="bbox 2225 3424 3814 3493; baseline 0.003 -17"><span class='ocrx_word' id='word_1_603' title='bbox 2225 3430 2415 3491; x_wconf 87' lang='lat' dir='ltr'><strong>petens</strong></span> <span class='ocrx_word' id='word_1_604' title='bbox 2445 3424 2783 3493; x_wconf 85' lang='lat' dir='ltr'><strong>proferatur?</strong></span> <span class='ocrx_word' id='word_1_605' title='bbox 2824 3425 2928 3479; x_wconf 90' lang='lat' dir='ltr'><strong>Sed</strong></span> <span class='ocrx_word' id='word_1_606' title='bbox 2974 3426 3325 3481; x_wconf 90' lang='lat' dir='ltr'><strong>circumstant</strong></span> <span class='ocrx_word' id='word_1_607' title='bbox 3373 3442 3471 3482; x_wconf 91' lang='lat' dir='ltr'><strong>nos</strong></span> <span class='ocrx_word' id='word_1_608' title='bbox 3509 3427 3636 3482; x_wconf 91' lang='lat' dir='ltr'><strong>hinc</strong></span> <span class='ocrx_word' id='word_1_609' title='bbox 3666 3443 3814 3481; x_wconf 83' lang='lat' dir='ltr'><strong>man-</strong></span> 
     </span>
    </p>
   </div>
   <div class='ocr_carea' id='block_1_79' title="bbox 2226 3514 3813 3589">
    <p class='ocr_par' dir='ltr' id='par_1_79' title="bbox 2226 3514 3813 3589">
     <span class='ocr_line' id='line_1_79' title="bbox 2226 3514 3813 3589; baseline 0.004 -22"><span class='ocrx_word' id='word_1_610' title='bbox 2226 3514 2453 3567; x_wconf 90' lang='lat' dir='ltr'><strong>suetudo</strong></span> <span class='ocrx_word' id='word_1_611' title='bbox 2480 3515 2799 3581; x_wconf 65' lang='lat' dir='ltr'><strong>clementiae,</strong></span> <span class='ocrx_word' id='word_1_612' title='bbox 2832 3516 2957 3571; x_wconf 90' lang='lat' dir='ltr'><strong>hinc</strong></span> <span class='ocrx_word' id='word_1_613' title='bbox 3008 3532 3233 3572; x_wconf 89' lang='lat' dir='ltr'><strong>censura</strong></span> <span class='ocrx_word' id='word_1_614' title='bbox 3278 3518 3500 3587; x_wconf 77' lang='lat' dir='ltr'><strong>justitia:</strong></span> <span class='ocrx_word' id='word_1_615' title='bbox 3530 3536 3543 3571; x_wconf 90' lang='lat'><strong>:</strong></span> <span class='ocrx_word' id='word_1_616' title='bbox 3600 3528 3655 3573; x_wconf 85' lang='lat' dir='ltr'><strong>et</strong></span> <span class='ocrx_word' id='word_1_617' title='bbox 3684 3520 3813 3589; x_wconf 87' lang='lat' dir='ltr'><strong>quia</strong></span> 
     </span>
    </p>
   </div>
   <div class='ocr_carea' id='block_1_80' title="bbox 2228 3605 3812 3678">
    <p class='ocr_par' dir='ltr' id='par_1_80' title="bbox 2228 3605 3812 3678">
     <span class='ocr_line' id='line_1_80' title="bbox 2228 3605 3812 3678; baseline 0.003 -21"><span class='ocrx_word' id='word_1_618' title='bbox 2228 3605 2490 3659; x_wconf 73' lang='lat' dir='ltr'><strong>universa:</strong></span> <span class='ocrx_word' id='word_1_619' title='bbox 2519 3606 2663 3659; x_wconf 88' lang='lat' dir='ltr'><strong>sedis</strong></span> <span class='ocrx_word' id='word_1_620' title='bbox 2707 3607 3015 3675; x_wconf 67' lang='lat' dir='ltr'><strong>apostolica:</strong></span> <span class='ocrx_word' id='word_1_621' title='bbox 3068 3607 3270 3677; x_wconf 86' lang='lat' dir='ltr'><strong>pietate</strong></span> <span class='ocrx_word' id='word_1_622' title='bbox 3316 3608 3695 3678; x_wconf 89' lang='lat' dir='ltr'><strong>compellimur</strong></span> <span class='ocrx_word' id='word_1_623' title='bbox 3736 3610 3812 3663; x_wconf 81' lang='lat' dir='ltr'><strong>ita</strong></span> 
     </span>
    </p>
   </div>
   <div class='ocr_carea' id='block_1_81' title="bbox 2227 3699 3815 3770">
    <p class='ocr_par' dir='ltr' id='par_1_81' title="bbox 2227 3699 3815 3770">
     <span class='ocr_line' id='line_1_81' title="bbox 2227 3699 3815 3770; baseline 0.005 -22"><span class='ocrx_word' id='word_1_624' title='bbox 2227 3704 2465 3750; x_wconf 86' lang='lat' dir='ltr'><strong>nostram</strong></span> <span class='ocrx_word' id='word_1_625' title='bbox 2500 3705 2802 3767; x_wconf 84' lang='lat' dir='ltr'><strong>temperare</strong></span> <span class='ocrx_word' id='word_1_626' title='bbox 2832 3699 3184 3764; x_wconf 83' lang='lat' dir='ltr'><strong>sententiam,</strong></span> <span class='ocrx_word' id='word_1_627' title='bbox 3210 3708 3267 3753; x_wconf 91' lang='lat' dir='ltr'><strong>ut</strong></span> <span class='ocrx_word' id='word_1_628' title='bbox 3290 3700 3547 3754; x_wconf 89' lang='lat' dir='ltr'><strong>trutinato</strong></span> <span class='ocrx_word' id='word_1_629' title='bbox 3568 3700 3815 3770; x_wconf 76' lang='lat' dir='ltr'><strong>pondere</strong></span> 
     </span>
    </p>
   </div>
   <div class='ocr_carea' id='block_1_82' title="bbox 2227 3786 3807 3859">
    <p class='ocr_par' dir='ltr' id='par_1_82' title="bbox 2227 3786 3807 3859">
     <span class='ocr_line' id='line_1_82' title="bbox 2227 3786 3807 3859; baseline 0.004 -20"><span class='ocrx_word' id='word_1_630' title='bbox 2227 3786 2566 3851; x_wconf 85' lang='lat' dir='ltr'><strong>delictorum,</strong></span> <span class='ocrx_word' id='word_1_631' title='bbox 2598 3803 2825 3858; x_wconf 88' lang='lat' dir='ltr'><strong>quorum</strong></span> <span class='ocrx_word' id='word_1_632' title='bbox 2875 3795 3059 3859; x_wconf 79' lang='lat' dir='ltr'><strong>utique</strong></span> <span class='ocrx_word' id='word_1_633' title='bbox 3106 3806 3213 3845; x_wconf 91' lang='lat' dir='ltr'><strong>non</strong></span> <span class='ocrx_word' id='word_1_634' title='bbox 3247 3805 3348 3844; x_wconf 85' lang='lat' dir='ltr'><strong>una</strong></span> <span class='ocrx_word' id='word_1_635' title='bbox 3406 3806 3656 3846; x_wconf 89' lang='lat' dir='ltr'><strong>mensura</strong></span> <span class='ocrx_word' id='word_1_636' title='bbox 3700 3801 3807 3857; x_wconf 92' lang='lat' dir='ltr'><strong>est,</strong></span> 
     </span>
    </p>
   </div>
   <div class='ocr_carea' id='block_1_83' title="bbox 2226 3878 3814 3952">
    <p class='ocr_par' dir='ltr' id='par_1_83' title="bbox 2226 3878 3814 3952">
     <span class='ocr_line' id='line_1_83' title="bbox 2226 3878 3814 3952; baseline 0.004 -21"><span class='ocrx_word' id='word_1_637' title='bbox 2226 3879 2469 3946; x_wconf 67' lang='lat' dir='ltr'><strong>quaedam</strong></span> <span class='ocrx_word' id='word_1_638' title='bbox 2491 3878 2772 3935; x_wconf 90' lang='lat' dir='ltr'><strong>credamus</strong></span> <span class='ocrx_word' id='word_1_639' title='bbox 2799 3889 3068 3950; x_wconf 86' lang='lat' dir='ltr'><strong>utcunque</strong></span> <span class='ocrx_word' id='word_1_640' title='bbox 3085 3881 3383 3948; x_wconf 87' lang='lat' dir='ltr'><strong>toleranda,</strong></span> <span class='ocrx_word' id='word_1_641' title='bbox 3408 3884 3654 3952; x_wconf 65' lang='lat' dir='ltr'><strong>quaedam</strong></span> <span class='ocrx_word' id='word_1_642' title='bbox 3676 3898 3814 3939; x_wconf 83' lang='lat' dir='ltr'><strong>vero</strong></span> 
     </span>
    </p>
   </div>
   <div class='ocr_carea' id='block_1_84' title="bbox 2227 3969 3811 4044">
    <p class='ocr_par' dir='ltr' id='par_1_84' title="bbox 2227 3969 3811 4044">
     <span class='ocr_line' id='line_1_84' title="bbox 2227 3969 3811 4044; baseline 0.002 -20"><span class='ocrx_word' id='word_1_643' title='bbox 2227 3969 2439 4039; x_wconf 89' lang='lat' dir='ltr'><strong>penitus</strong></span> <span class='ocrx_word' id='word_1_644' title='bbox 2482 3972 2826 4041; x_wconf 89' lang='lat' dir='ltr'><strong>amputanda.</strong></span> <span class='ocrx_word' id='word_1_645' title='bbox 2859 3970 2967 4027; x_wconf 88' lang='lat' dir='ltr'><strong>Eos</strong></span> <span class='ocrx_word' id='word_1_646' title='bbox 2996 3974 3139 4027; x_wconf 89' lang='lat' dir='ltr'><strong>enim</strong></span> <span class='ocrx_word' id='word_1_647' title='bbox 3166 3974 3258 4044; x_wconf 91' lang='lat' dir='ltr'><strong>qui</strong></span> <span class='ocrx_word' id='word_1_648' title='bbox 3287 3973 3374 4028; x_wconf 89' lang='lat' dir='ltr'><strong>vel</strong></span> <span class='ocrx_word' id='word_1_649' title='bbox 3414 3974 3680 4029; x_wconf 85' lang='lat' dir='ltr'><strong>secundas</strong></span> <span class='ocrx_word' id='word_1_650' title='bbox 3709 3990 3811 4028; x_wconf 69' lang='lat' dir='ltr'><strong>nu~</strong></span> 
     </span>
    </p>
   </div>
   <div class='ocr_carea' id='block_1_85' title="bbox 2227 4060 3809 4133">
    <p class='ocr_par' dir='ltr' id='par_1_85' title="bbox 2227 4060 3809 4133">
     <span class='ocr_line' id='line_1_85' title="bbox 2227 4060 3809 4133; baseline 0.001 -20"><span class='ocrx_word' id='word_1_651' title='bbox 2227 4061 2368 4130; x_wconf 91' lang='lat' dir='ltr'><strong>ptias</strong></span> <span class='ocrx_word' id='word_1_652' title='bbox 2395 4060 2663 4127; x_wconf 91' lang='lat' dir='ltr'><strong>inierunt,</strong></span> <span class='ocrx_word' id='word_1_653' title='bbox 2701 4063 2785 4117; x_wconf 90' lang='lat' dir='ltr'><strong>vel</strong></span> <span class='ocrx_word' id='word_1_654' title='bbox 2828 4062 3107 4118; x_wconf 90' lang='lat' dir='ltr'><strong>viduarum</strong></span> <span class='ocrx_word' id='word_1_655' title='bbox 3136 4072 3194 4120; x_wconf 87' lang='lat' dir='ltr'><strong>se</strong></span> <span class='ocrx_word' id='word_1_656' title='bbox 3232 4062 3482 4133; x_wconf 84' lang='lat' dir='ltr'><strong>conjugio</strong></span> <span class='ocrx_word' id='word_1_657' title='bbox 3513 4064 3809 4125; x_wconf 84' lang='lat' dir='ltr'><strong>sociarum,</strong></span> 
     </span>
    </p>
   </div>
   <div class='ocr_carea' id='block_1_86' title="bbox 2227 4152 3809 4224">
    <p class='ocr_par' dir='ltr' id='par_1_86' title="bbox 2227 4152 3809 4224">
     <span class='ocr_line' id='line_1_86' title="bbox 2227 4152 3809 4224; baseline 0.001 -19"><span class='ocrx_word' id='word_1_658' title='bbox 2227 4166 2327 4207; x_wconf 92' lang='lat' dir='ltr'><strong>nec</strong></span> <span class='ocrx_word' id='word_1_659' title='bbox 2353 4153 2675 4221; x_wconf 89' lang='lat' dir='ltr'><strong>apostolica,</strong></span> <span class='ocrx_word' id='word_1_660' title='bbox 2721 4168 2822 4209; x_wconf 92' lang='lat' dir='ltr'><strong>nec</strong></span> <span class='ocrx_word' id='word_1_661' title='bbox 2869 4154 3057 4224; x_wconf 88' lang='lat' dir='ltr'><strong>legalis</strong></span> <span class='ocrx_word' id='word_1_662' title='bbox 3104 4155 3399 4209; x_wconf 90' lang='lat' dir='ltr'><strong>auctoritas</strong></span> <span class='ocrx_word' id='word_1_663' title='bbox 3448 4152 3809 4208; x_wconf 86' lang='lat' dir='ltr'><strong>sacerdotium</strong></span> 
     </span>
    </p>
   </div>
   <div class='ocr_carea' id='block_1_87' title="bbox 2224 4242 3809 4314">
    <p class='ocr_par' dir='ltr' id='par_1_87' title="bbox 2224 4242 3809 4314">
     <span class='ocr_line' id='line_1_87' title="bbox 2224 4242 3809 4314; baseline -0.001 -15"><span class='ocrx_word' id='word_1_664' title='bbox 2224 4242 2522 4299; x_wconf 90' lang='lat' dir='ltr'><strong>obtendere</strong></span> <span class='ocrx_word' id='word_1_665' title='bbox 2544 4244 2826 4314; x_wconf 85' lang='lat' dir='ltr'><strong>permittit.</strong></span> <span class='ocrx_word' id='word_1_666' title='bbox 2872 4242 2940 4297; x_wconf 86' lang='lat' dir='ltr'><strong>Et</strong></span> <span class='ocrx_word' id='word_1_667' title='bbox 2969 4244 3139 4300; x_wconf 90' lang='lat' dir='ltr'><strong>multo</strong></span> <span class='ocrx_word' id='word_1_668' title='bbox 3179 4245 3348 4311; x_wconf 86' lang='lat' dir='ltr'><strong>magis</strong></span> <span class='ocrx_word' id='word_1_669' title='bbox 3378 4243 3549 4307; x_wconf 91' lang='lat' dir='ltr'><strong>illum,</strong></span> <span class='ocrx_word' id='word_1_670' title='bbox 3576 4244 3623 4298; x_wconf 90' lang='lat' dir='ltr'><strong>si</strong></span> <span class='ocrx_word' id='word_1_671' title='bbox 3653 4242 3809 4297; x_wconf 89' lang='lat' dir='ltr'><strong>fuerit</strong></span> 
     </span>
    </p>
   </div>
   <div class='ocr_carea' id='block_1_88' title="bbox 2226 4334 3808 4406">
    <p class='ocr_par' dir='ltr' id='par_1_88' title="bbox 2226 4334 3808 4406">
     <span class='ocr_line' id='line_1_88' title="bbox 2226 4334 3808 4406; baseline 0 -18"><span class='ocrx_word' id='word_1_672' title='bbox 2226 4335 2278 4389; x_wconf 92' lang='lat' dir='ltr'><strong>in</strong></span> <span class='ocrx_word' id='word_1_673' title='bbox 2330 4344 2507 4391; x_wconf 90' lang='lat' dir='ltr'><strong>vestro</strong></span> <span class='ocrx_word' id='word_1_674' title='bbox 2533 4335 2735 4405; x_wconf 89' lang='lat' dir='ltr'><strong>judicio</strong></span> <span class='ocrx_word' id='word_1_675' title='bbox 2765 4334 3091 4403; x_wconf 90' lang='lat' dir='ltr'><strong>c0nfutatus,</strong></span> <span class='ocrx_word' id='word_1_676' title='bbox 3124 4338 3234 4406; x_wconf 93' lang='lat' dir='ltr'><strong>qui,</strong></span> <span class='ocrx_word' id='word_1_677' title='bbox 3268 4338 3409 4392; x_wconf 88' lang='lat' dir='ltr'><strong>sicut</strong></span> <span class='ocrx_word' id='word_1_678' title='bbox 3444 4337 3511 4391; x_wconf 90' lang='lat' dir='ltr'><strong>ad</strong></span> <span class='ocrx_word' id='word_1_679' title='bbox 3544 4352 3644 4391; x_wconf 90' lang='lat' dir='ltr'><strong>nos</strong></span> <span class='ocrx_word' id='word_1_680' title='bbox 3668 4335 3808 4390; x_wconf 87' lang='lat' dir='ltr'><strong>rela-</strong></span> 
     </span>
    </p>
   </div>
   <div class='ocr_carea' id='block_1_89' title="bbox 2227 4424 3808 4492">
    <p class='ocr_par' dir='ltr' id='par_1_89' title="bbox 2227 4424 3808 4492">
     <span class='ocr_line' id='line_1_89' title="bbox 2227 4424 3808 4492; baseline 0.001 -14"><span class='ocrx_word' id='word_1_681' title='bbox 2227 4432 2337 4478; x_wconf 90' lang='lat' dir='ltr'><strong>tum</strong></span> <span class='ocrx_word' id='word_1_682' title='bbox 2368 4433 2469 4490; x_wconf 88' lang='lat' dir='ltr'><strong>est,</strong></span> <span class='ocrx_word' id='word_1_683' title='bbox 2500 4426 2725 4480; x_wconf 89' lang='lat' dir='ltr'><strong>duarum</strong></span> <span class='ocrx_word' id='word_1_684' title='bbox 2754 4426 2912 4481; x_wconf 86' lang='lat' dir='ltr'><strong>simul</strong></span> <span class='ocrx_word' id='word_1_685' title='bbox 2953 4436 3037 4481; x_wconf 89' lang='lat' dir='ltr'><strong>est</strong></span> <span class='ocrx_word' id='word_1_686' title='bbox 3084 4428 3312 4481; x_wconf 88' lang='lat' dir='ltr'><strong>maritus</strong></span> <span class='ocrx_word' id='word_1_687' title='bbox 3341 4442 3593 4492; x_wconf 75' lang='lat' dir='ltr'><strong>uxorum,</strong></span> <span class='ocrx_word' id='word_1_688' title='bbox 3636 4426 3719 4479; x_wconf 89' lang='lat' dir='ltr'><strong>vel</strong></span> <span class='ocrx_word' id='word_1_689' title='bbox 3746 4424 3808 4479; x_wconf 89' lang='lat' dir='ltr'><strong>il—</strong></span> 
     </span>
    </p>
   </div>
   <div class='ocr_carea' id='block_1_90' title="bbox 524 4517 3807 4599">
    <p class='ocr_par' dir='ltr' id='par_1_90' title="bbox 524 4517 3807 4599">
     <span class='ocr_line' id='line_1_90' title="bbox 524 4517 3807 4599; baseline 0 -23"><span class='ocrx_word' id='word_1_690' title='bbox 524 4518 715 4576; x_wconf 37' lang='lat' dir='ltr'><strong>vsolum</strong></span> <span class='ocrx_word' id='word_1_691' title='bbox 735 4522 1199 4579; x_wconf 89' lang='lat' dir='ltr'><strong>matrimoniorum</strong></span> <span class='ocrx_word' id='word_1_692' title='bbox 1222 4526 1611 4585; x_wconf 79' lang='lat' dir='ltr'><strong>castimoniam,</strong></span> <span class='ocrx_word' id='word_1_693' title='bbox 1643 4523 1739 4578; x_wconf 87' lang='lat' dir='ltr'><strong>sed</strong></span> <span class='ocrx_word' id='word_1_694' title='bbox 1768 4524 1932 4578; x_wconf 89' lang='lat' dir='ltr'><strong>etiam</strong></span> <span class='ocrx_word' id='word_1_695' title='bbox 1971 4524 2124 4579; x_wconf 89' lang='lat' dir='ltr'><strong>labo-</strong></span> <span class='ocrx_word' id='word_1_696' title='bbox 2154 4542 2197 4599; x_wconf 79' lang='grc' dir='ltr'><strong><em>υ</em></strong></span> <span class='ocrx_word' id='word_1_697' title='bbox 2226 4518 2335 4571; x_wconf 84' lang='lat' dir='ltr'><strong>lum</strong></span> <span class='ocrx_word' id='word_1_698' title='bbox 2365 4518 2455 4586; x_wconf 85' lang='lat' dir='ltr'><strong>qui</strong></span> <span class='ocrx_word' id='word_1_699' title='bbox 2479 4517 2546 4573; x_wconf 85' lang='lat' dir='ltr'><strong>ab</strong></span> <span class='ocrx_word' id='word_1_700' title='bbox 2576 4534 2745 4574; x_wconf 81' lang='lat' dir='ltr'><strong>uxore</strong></span> <span class='ocrx_word' id='word_1_701' title='bbox 2770 4518 3041 4585; x_wconf 86' lang='lat' dir='ltr'><strong>dimissus,</strong></span> <span class='ocrx_word' id='word_1_702' title='bbox 3072 4521 3297 4574; x_wconf 85' lang='lat' dir='ltr'><strong>alteram</strong></span> <span class='ocrx_word' id='word_1_703' title='bbox 3320 4519 3538 4573; x_wconf 81' lang='lat' dir='ltr'><strong>duxisse</strong></span> <span class='ocrx_word' id='word_1_704' title='bbox 3562 4517 3807 4587; x_wconf 83' lang='lat' dir='ltr'><strong>perhibe-</strong></span> 
     </span>
    </p>
   </div>
   <div class='ocr_carea' id='block_1_91' title="bbox 540 4613 2119 4685">
    <p class='ocr_par' dir='ltr' id='par_1_91' title="bbox 540 4613 2119 4685">
     <span class='ocr_line' id='line_1_91' title="bbox 540 4613 2119 4685; baseline 0.003 -19"><span class='ocrx_word' id='word_1_705' title='bbox 540 4625 663 4666; x_wconf 89' lang='lat' dir='ltr'><strong>rum</strong></span> <span class='ocrx_word' id='word_1_706' title='bbox 691 4613 881 4667; x_wconf 90' lang='lat' dir='ltr'><strong>merita</strong></span> <span class='ocrx_word' id='word_1_707' title='bbox 912 4615 1228 4683; x_wconf 88' lang='lat' dir='ltr'><strong>cogitemus,</strong></span> <span class='ocrx_word' id='word_1_708' title='bbox 1271 4629 1341 4668; x_wconf 88' lang='lat' dir='ltr'><strong>ne</strong></span> <span class='ocrx_word' id='word_1_709' title='bbox 1363 4624 1457 4667; x_wconf 86' lang='lat' dir='ltr'><strong>aut</strong></span> <span class='ocrx_word' id='word_1_710' title='bbox 1500 4630 1530 4667; x_wconf 94' lang='lat' dir='ltr'><strong>a</strong></span> <span class='ocrx_word' id='word_1_711' title='bbox 1554 4615 1824 4685; x_wconf 89' lang='lat' dir='ltr'><strong>baptismo</strong></span> <span class='ocrx_word' id='word_1_712' title='bbox 1873 4615 2119 4681; x_wconf 91' lang='lat' dir='ltr'><strong>novellis,</strong></span> 
     </span>
    </p>
   </div>
   <div class='ocr_carea' id='block_1_92' title="bbox 530 4703 2126 4775">
    <p class='ocr_par' dir='ltr' id='par_1_92' title="bbox 530 4703 2126 4775">
     <span class='ocr_line' id='line_1_92' title="bbox 530 4703 2126 4775; baseline 0.004 -20"><span class='ocrx_word' id='word_1_713' title='bbox 530 4708 635 4756; x_wconf 71' lang='lat' dir='ltr'><strong>aut</strong></span> <span class='ocrx_word' id='word_1_714' title='bbox 661 4717 693 4757; x_wconf 88' lang='lat' dir='ltr'><strong>a</strong></span> <span class='ocrx_word' id='word_1_715' title='bbox 714 4703 957 4759; x_wconf 71' lang='lat' dir='ltr'><strong>smculari</strong></span> <span class='ocrx_word' id='word_1_716' title='bbox 984 4713 1106 4773; x_wconf 77' lang='lat' dir='ltr'><strong>actu</strong></span> <span class='ocrx_word' id='word_1_717' title='bbox 1131 4713 1356 4774; x_wconf 89' lang='lat' dir='ltr'><strong>repente</strong></span> <span class='ocrx_word' id='word_1_718' title='bbox 1377 4707 1650 4761; x_wconf 88' lang='lat' dir='ltr'><strong>conversis</strong></span> <span class='ocrx_word' id='word_1_719' title='bbox 1679 4705 1918 4760; x_wconf 89' lang='lat' dir='ltr'><strong>oflicium</strong></span> <span class='ocrx_word' id='word_1_720' title='bbox 1946 4716 2126 4775; x_wconf 89' lang='lat' dir='ltr'><strong>pasto-</strong></span> 
     </span>
    </p>
   </div>
   <div class='ocr_carea' id='block_1_93' title="bbox 528 4792 2121 4864">
    <p class='ocr_par' dir='ltr' id='par_1_93' title="bbox 528 4792 2121 4864">
     <span class='ocr_line' id='line_1_93' title="bbox 528 4792 2121 4864; baseline 0.004 -18"><span class='ocrx_word' id='word_1_721' title='bbox 528 4792 658 4849; x_wconf 79' lang='lat' dir='ltr'><strong>rale</strong></span> <span class='ocrx_word' id='word_1_722' title='bbox 680 4794 964 4849; x_wconf 87' lang='lat' dir='ltr'><strong>credatur?</strong></span> <span class='ocrx_word' id='word_1_723' title='bbox 999 4792 1132 4854; x_wconf 86' lang='lat' dir='ltr'><strong>Cum</strong></span> <span class='ocrx_word' id='word_1_724' title='bbox 1157 4809 1256 4864; x_wconf 90' lang='lat' dir='ltr'><strong>per</strong></span> <span class='ocrx_word' id='word_1_725' title='bbox 1283 4809 1471 4849; x_wconf 91' lang='lat' dir='ltr'><strong>omnes</strong></span> <span class='ocrx_word' id='word_1_726' title='bbox 1498 4796 1697 4864; x_wconf 92' lang='lat' dir='ltr'><strong>gradus</strong></span> <span class='ocrx_word' id='word_1_727' title='bbox 1726 4797 1928 4852; x_wconf 86' lang='lat' dir='ltr'><strong>militiae</strong></span> <span class='ocrx_word' id='word_1_728' title='bbox 1967 4796 2121 4852; x_wconf 89' lang='lat' dir='ltr'><strong>Chri-</strong></span> 
     </span>
    </p>
   </div>
   <div class='ocr_carea' id='block_1_94' title="bbox 539 4883 2117 4954">
    <p class='ocr_par' dir='ltr' id='par_1_94' title="bbox 539 4883 2117 4954">
     <span class='ocr_line' id='line_1_94' title="bbox 539 4883 2117 4954; baseline 0.003 -16"><span class='ocrx_word' id='word_1_729' title='bbox 539 4883 731 4939; x_wconf 73' lang='lat' dir='ltr'><strong>stianae</strong></span> <span class='ocrx_word' id='word_1_730' title='bbox 760 4883 827 4939; x_wconf 90' lang='lat' dir='ltr'><strong>de</strong></span> <span class='ocrx_word' id='word_1_731' title='bbox 851 4884 1198 4939; x_wconf 89' lang='lat' dir='ltr'><strong>incrementis</strong></span> <span class='ocrx_word' id='word_1_732' title='bbox 1221 4883 1554 4954; x_wconf 86' lang='lat' dir='ltr'><strong>profectuum</strong></span> <span class='ocrx_word' id='word_1_733' title='bbox 1583 4885 1815 4942; x_wconf 89' lang='lat' dir='ltr'><strong>debeant</strong></span> <span class='ocrx_word' id='word_1_734' title='bbox 1845 4888 2117 4953; x_wconf 88' lang='lat' dir='ltr'><strong>aestimari,</strong></span> 
     </span>
    </p>
   </div>
   <div class='ocr_carea' id='block_1_95' title="bbox 518 4976 2123 5047">
    <p class='ocr_par' dir='ltr' id='par_1_95' title="bbox 518 4976 2123 5047">
     <span class='ocr_line' id='line_1_95' title="bbox 518 4976 2123 5047; baseline 0.005 -16"><span class='ocrx_word' id='word_1_735' title='bbox 518 4992 610 5032; x_wconf 82' lang='lat' dir='ltr'><strong>.an</strong></span> <span class='ocrx_word' id='word_1_736' title='bbox 660 4976 868 5047; x_wconf 90' lang='lat' dir='ltr'><strong>possint</strong></span> <span class='ocrx_word' id='word_1_737' title='bbox 890 4977 1140 5046; x_wconf 90' lang='lat' dir='ltr'><strong>cuiquam</strong></span> <span class='ocrx_word' id='word_1_738' title='bbox 1168 4976 1373 5047; x_wconf 89' lang='lat' dir='ltr'><strong>majora</strong></span> <span class='ocrx_word' id='word_1_739' title='bbox 1403 4980 1685 5047; x_wconf 91' lang='lat' dir='ltr'><strong>committi,</strong></span> <span class='ocrx_word' id='word_1_740' title='bbox 1712 4982 1909 5038; x_wconf 90' lang='lat' dir='ltr'><strong>merito</strong></span> <span class='ocrx_word' id='word_1_741' title='bbox 1939 4983 2123 5039; x_wconf 86' lang='lat' dir='ltr'><strong>beato-</strong></span> 
     </span>
    </p>
   </div>
   <div class='ocr_carea' id='block_1_96' title="bbox 540 5067 2123 5139">
    <p class='ocr_par' dir='ltr' id='par_1_96' title="bbox 540 5067 2123 5139">
     <span class='ocr_line' id='line_1_96' title="bbox 540 5067 2123 5139; baseline 0.005 -16"><span class='ocrx_word' id='word_1_742' title='bbox 540 5084 660 5125; x_wconf 89' lang='lat' dir='ltr'><strong>rum</strong></span> <span class='ocrx_word' id='word_1_743' title='bbox 688 5067 907 5123; x_wconf 87' lang='lat' dir='ltr'><strong>Patrum</strong></span> <span class='ocrx_word' id='word_1_744' title='bbox 932 5070 1267 5126; x_wconf 86' lang='lat' dir='ltr'><strong>venerabiles</strong></span> <span class='ocrx_word' id='word_1_745' title='bbox 1307 5073 1631 5139; x_wconf 86' lang='lat' dir='ltr'><strong>sanctiones,</strong></span> <span class='ocrx_word' id='word_1_746' title='bbox 1680 5090 1801 5131; x_wconf 91' lang='lat' dir='ltr'><strong>cum</strong></span> <span class='ocrx_word' id='word_1_747' title='bbox 1846 5076 1914 5131; x_wconf 89' lang='lat' dir='ltr'><strong>de</strong></span> <span class='ocrx_word' id='word_1_748' title='bbox 1944 5091 2123 5132; x_wconf 89' lang='lat' dir='ltr'><strong>sacer-</strong></span> 
     </span>
    </p>
   </div>
   <div class='ocr_carea' id='block_1_97' title="bbox 541 5159 2117 5233">
    <p class='ocr_par' dir='ltr' id='par_1_97' title="bbox 541 5159 2117 5233">
     <span class='ocr_line' id='line_1_97' title="bbox 541 5159 2117 5233; baseline 0.006 -19"><span class='ocrx_word' id='word_1_749' title='bbox 541 5159 731 5215; x_wconf 91' lang='lat' dir='ltr'><strong>dotum</strong></span> <span class='ocrx_word' id='word_1_750' title='bbox 760 5161 1026 5217; x_wconf 90' lang='lat' dir='ltr'><strong>electione</strong></span> <span class='ocrx_word' id='word_1_751' title='bbox 1045 5162 1413 5233; x_wconf 90' lang='lat' dir='ltr'><strong>loquerentur,</strong></span> <span class='ocrx_word' id='word_1_752' title='bbox 1437 5166 1655 5222; x_wconf 89' lang='lat' dir='ltr'><strong>eosdem</strong></span> <span class='ocrx_word' id='word_1_753' title='bbox 1686 5176 1746 5223; x_wconf 94' lang='lat' dir='ltr'><strong>ut</strong></span> <span class='ocrx_word' id='word_1_754' title='bbox 1775 5169 1999 5225; x_wconf 91' lang='lat' dir='ltr'><strong>idoneos</strong></span> <span class='ocrx_word' id='word_1_755' title='bbox 2028 5186 2117 5224; x_wconf 90' lang='lat' dir='ltr'><strong>sa-</strong></span> 
     </span>
    </p>
   </div>
   <div class='ocr_carea' id='block_1_98' title="bbox 538 5249 2123 5329">
    <p class='ocr_par' dir='ltr' id='par_1_98' title="bbox 538 5249 2123 5329">
     <span class='ocr_line' id='line_1_98' title="bbox 538 5249 2123 5329; baseline 0.007 -25"><span class='ocrx_word' id='word_1_756' title='bbox 538 5249 648 5305; x_wconf 85' lang='lat' dir='ltr'><strong>cris</strong></span> <span class='ocrx_word' id='word_1_757' title='bbox 682 5250 1231 5311; x_wconf 89' lang='lat' dir='ltr'><strong>administrationibus</strong></span> <span class='ocrx_word' id='word_1_758' title='bbox 1269 5258 1604 5323; x_wconf 88' lang='lat' dir='ltr'><strong>censuerint,</strong></span> <span class='ocrx_word' id='word_1_759' title='bbox 1642 5258 1734 5329; x_wconf 91' lang='lat' dir='ltr'><strong>qui</strong></span> <span class='ocrx_word' id='word_1_760' title='bbox 1774 5260 1944 5314; x_wconf 91' lang='lat' dir='ltr'><strong>multo</strong></span> <span class='ocrx_word' id='word_1_761' title='bbox 1986 5268 2123 5315; x_wconf 88' lang='lat' dir='ltr'><strong>tem-</strong></span> 
     </span>
    </p>
   </div>
   <div class='ocr_carea' id='block_1_99' title="bbox 540 5342 2118 5420">
    <p class='ocr_par' dir='ltr' id='par_1_99' title="bbox 540 5342 2118 5420">
     <span class='ocr_line' id='line_1_99' title="bbox 540 5342 2118 5420; baseline 0.008 -27"><span class='ocrx_word' id='word_1_762' title='bbox 540 5352 676 5409; x_wconf 84' lang='lat' dir='ltr'><strong>pore</strong></span> <span class='ocrx_word' id='word_1_763' title='bbox 698 5355 798 5411; x_wconf 90' lang='lat' dir='ltr'><strong>per</strong></span> <span class='ocrx_word' id='word_1_764' title='bbox 822 5342 1062 5413; x_wconf 88' lang='lat' dir='ltr'><strong>singulos</strong></span> <span class='ocrx_word' id='word_1_765' title='bbox 1098 5345 1398 5403; x_wconf 84' lang='lat' dir='ltr'><strong>olliciorum</strong></span> <span class='ocrx_word' id='word_1_766' title='bbox 1430 5348 1627 5417; x_wconf 90' lang='lat' dir='ltr'><strong>gradus</strong></span> <span class='ocrx_word' id='word_1_767' title='bbox 1656 5351 1919 5419; x_wconf 89' lang='lat' dir='ltr'><strong>provecti,</strong></span> <span class='ocrx_word' id='word_1_768' title='bbox 1951 5366 2118 5420; x_wconf 77' lang='lat' dir='ltr'><strong>expe-</strong></span> 
     </span>
    </p>
   </div>
   <div class='ocr_carea' id='block_1_100' title="bbox 538 5427 2120 5506">
    <p class='ocr_par' dir='ltr' id='par_1_100' title="bbox 538 5427 2120 5506">
     <span class='ocr_line' id='line_1_100' title="bbox 538 5427 2120 5506; baseline 0.006 -23"><span class='ocrx_word' id='word_1_769' title='bbox 538 5427 827 5486; x_wconf 86' lang='lat' dir='ltr'><strong>rimentum</strong></span> <span class='ocrx_word' id='word_1_770' title='bbox 854 5433 937 5488; x_wconf 89' lang='lat' dir='ltr'><strong>sui</strong></span> <span class='ocrx_word' id='word_1_771' title='bbox 974 5435 1252 5503; x_wconf 85' lang='lat' dir='ltr'><strong>probabile</strong></span> <span class='ocrx_word' id='word_1_772' title='bbox 1296 5438 1669 5506; x_wconf 70' lang='lat' dir='ltr'><strong>praebuissent,</strong></span> <span class='ocrx_word' id='word_1_773' title='bbox 1721 5448 1780 5493; x_wconf 91' lang='lat' dir='ltr'><strong>ut</strong></span> <span class='ocrx_word' id='word_1_774' title='bbox 1835 5440 2120 5506; x_wconf 90' lang='lat' dir='ltr'><strong>unicuique</strong></span> 
     </span>
    </p>
   </div>
   <div class='ocr_carea' id='block_1_101' title="bbox 538 5521 2123 5601">
    <p class='ocr_par' dir='ltr' id='par_1_101' title="bbox 538 5521 2123 5601">
     <span class='ocr_line' id='line_1_101' title="bbox 538 5521 2123 5601; baseline 0.006 -24"><span class='ocrx_word' id='word_1_775' title='bbox 538 5521 907 5579; x_wconf 87' lang='lat' dir='ltr'><strong>testimonium</strong></span> <span class='ocrx_word' id='word_1_776' title='bbox 933 5526 1061 5583; x_wconf 71' lang='lat' dir='ltr'><strong>vita:</strong></span> <span class='ocrx_word' id='word_1_777' title='bbox 1086 5544 1194 5584; x_wconf 71' lang='lat' dir='ltr'><strong>sum</strong></span> <span class='ocrx_word' id='word_1_778' title='bbox 1215 5538 1430 5585; x_wconf 91' lang='lat' dir='ltr'><strong>actuum</strong></span> <span class='ocrx_word' id='word_1_779' title='bbox 1458 5546 1676 5587; x_wconf 89' lang='lat' dir='ltr'><strong>suorum</strong></span> <span class='ocrx_word' id='word_1_780' title='bbox 1706 5533 1844 5586; x_wconf 88' lang='lat' dir='ltr'><strong>ratio</strong></span> <span class='ocrx_word' id='word_1_781' title='bbox 1872 5532 2123 5601; x_wconf 87' lang='lat' dir='ltr'><strong>perhibe-</strong></span> 
     </span>
    </p>
   </div>
   <div class='ocr_carea' id='block_1_102' title="bbox 538 5612 2121 5691">
    <p class='ocr_par' dir='ltr' id='par_1_102' title="bbox 538 5612 2121 5691">
     <span class='ocr_line' id='line_1_102' title="bbox 538 5612 2121 5691; baseline 0.005 -23"><span class='ocrx_word' id='word_1_782' title='bbox 538 5620 642 5669; x_wconf 82' lang='lat' dir='ltr'><strong>ret.</strong></span> <span class='ocrx_word' id='word_1_783' title='bbox 671 5612 729 5671; x_wconf 91' lang='lat' dir='ltr'><strong>Si</strong></span> <span class='ocrx_word' id='word_1_784' title='bbox 748 5616 892 5672; x_wconf 88' lang='lat' dir='ltr'><strong>enim</strong></span> <span class='ocrx_word' id='word_1_785' title='bbox 922 5617 991 5673; x_wconf 89' lang='lat' dir='ltr'><strong>ad</strong></span> <span class='ocrx_word' id='word_1_786' title='bbox 1019 5619 1255 5676; x_wconf 90' lang='lat' dir='ltr'><strong>honores</strong></span> <span class='ocrx_word' id='word_1_787' title='bbox 1276 5622 1459 5677; x_wconf 91' lang='lat' dir='ltr'><strong>mundi</strong></span> <span class='ocrx_word' id='word_1_788' title='bbox 1482 5624 1599 5678; x_wconf 88' lang='lat' dir='ltr'><strong>sine</strong></span> <span class='ocrx_word' id='word_1_789' title='bbox 1626 5622 1881 5691; x_wconf 80' lang='lat' dir='ltr'><strong>sulfragio</strong></span> <span class='ocrx_word' id='word_1_790' title='bbox 1913 5630 2121 5691; x_wconf 85' lang='lat' dir='ltr'><strong>tempo-</strong></span> 
     </span>
    </p>
   </div>
   <div class='ocr_carea' id='block_1_103' title="bbox 540 5701 2119 5781">
    <p class='ocr_par' dir='ltr' id='par_1_103' title="bbox 540 5701 2119 5781">
     <span class='ocr_line' id='line_1_103' title="bbox 540 5701 2119 5781; baseline 0.003 -22"><span class='ocrx_word' id='word_1_791' title='bbox 540 5701 637 5768; x_wconf 83' lang='lat' dir='ltr'><strong>ris.</strong></span> <span class='ocrx_word' id='word_1_792' title='bbox 666 5704 784 5762; x_wconf 79' lang='lat' dir='ltr'><strong>sine</strong></span> <span class='ocrx_word' id='word_1_793' title='bbox 828 5707 1023 5764; x_wconf 86' lang='lat' dir='ltr'><strong>merito</strong></span> <span class='ocrx_word' id='word_1_794' title='bbox 1045 5707 1249 5766; x_wconf 86' lang='lat' dir='ltr'><strong>laboris</strong></span> <span class='ocrx_word' id='word_1_795' title='bbox 1296 5710 1569 5781; x_wconf 87' lang='lat' dir='ltr'><strong>indignum</strong></span> <span class='ocrx_word' id='word_1_796' title='bbox 1615 5720 1699 5767; x_wconf 91' lang='lat' dir='ltr'><strong>est</strong></span> <span class='ocrx_word' id='word_1_797' title='bbox 1729 5710 2031 5781; x_wconf 87' lang='lat' dir='ltr'><strong>pervenire,</strong></span> <span class='ocrx_word' id='word_1_798' title='bbox 2065 5720 2119 5765; x_wconf 89' lang='lat' dir='ltr'><strong>et</strong></span> 
     </span>
    </p>
   </div>
   <div class='ocr_carea' id='block_1_104' title="bbox 540 5795 2116 5871">
    <p class='ocr_par' dir='ltr' id='par_1_104' title="bbox 540 5795 2116 5871">
     <span class='ocr_line' id='line_1_104' title="bbox 540 5795 2116 5871; baseline 0.005 -23"><span class='ocrx_word' id='word_1_799' title='bbox 540 5795 716 5852; x_wconf 85' lang='lat' dir='ltr'><strong>notari</strong></span> <span class='ocrx_word' id='word_1_800' title='bbox 743 5798 977 5856; x_wconf 87' lang='lat' dir='ltr'><strong>ambitus</strong></span> <span class='ocrx_word' id='word_1_801' title='bbox 996 5799 1189 5867; x_wconf 88' lang='lat' dir='ltr'><strong>solent,</strong></span> <span class='ocrx_word' id='word_1_802' title='bbox 1210 5815 1348 5871; x_wconf 90' lang='lat' dir='ltr'><strong>quos</strong></span> <span class='ocrx_word' id='word_1_803' title='bbox 1362 5802 1643 5870; x_wconf 87' lang='lat' dir='ltr'><strong>probitatis</strong></span> <span class='ocrx_word' id='word_1_804' title='bbox 1662 5802 1983 5857; x_wconf 89' lang='lat' dir='ltr'><strong>documenta</strong></span> <span class='ocrx_word' id='word_1_805' title='bbox 2011 5817 2116 5858; x_wconf 92' lang='lat' dir='ltr'><strong>non</strong></span> 
     </span>
    </p>
   </div>
   <div class='ocr_carea' id='block_1_105' title="bbox 2228 4607 3810 4679">
    <p class='ocr_par' dir='ltr' id='par_1_105' title="bbox 2228 4607 3810 4679">
     <span class='ocr_line' id='line_1_105' title="bbox 2228 4607 3810 4679; baseline 0 -17"><span class='ocrx_word' id='word_1_806' title='bbox 2228 4617 2331 4663; x_wconf 91' lang='lat' dir='ltr'><strong>tur.</strong></span> <span class='ocrx_word' id='word_1_807' title='bbox 2357 4607 2594 4665; x_wconf 64' lang='lat' dir='ltr'><strong>Caeteros</strong></span> <span class='ocrx_word' id='word_1_808' title='bbox 2620 4624 2768 4675; x_wconf 87' lang='lat' dir='ltr'><strong>vero,</strong></span> <span class='ocrx_word' id='word_1_809' title='bbox 2800 4626 3032 4679; x_wconf 91' lang='lat' dir='ltr'><strong>quorum</strong></span> <span class='ocrx_word' id='word_1_810' title='bbox 3057 4611 3337 4679; x_wconf 86' lang='lat' dir='ltr'><strong>provectio</strong></span> <span class='ocrx_word' id='word_1_811' title='bbox 3366 4611 3473 4666; x_wconf 89' lang='lat' dir='ltr'><strong>hoc</strong></span> <span class='ocrx_word' id='word_1_812' title='bbox 3499 4618 3707 4664; x_wconf 88' lang='lat' dir='ltr'><strong>tantum</strong></span> <span class='ocrx_word' id='word_1_813' title='bbox 3734 4624 3810 4662; x_wconf 84' lang='lat' dir='ltr'><strong>re-</strong></span> 
     </span>
    </p>
   </div>
   <div class='ocr_carea' id='block_1_106' title="bbox 2227 4698 3809 4769">
    <p class='ocr_par' dir='ltr' id='par_1_106' title="bbox 2227 4698 3809 4769">
     <span class='ocr_line' id='line_1_106' title="bbox 2227 4698 3809 4769; baseline 0 -16"><span class='ocrx_word' id='word_1_814' title='bbox 2227 4698 2601 4769; x_wconf 87' lang='lat' dir='ltr'><strong>prehensionis</strong></span> <span class='ocrx_word' id='word_1_815' title='bbox 2630 4700 2870 4765; x_wconf 90' lang='lat' dir='ltr'><strong>incurrit,</strong></span> <span class='ocrx_word' id='word_1_816' title='bbox 2903 4699 3048 4769; x_wconf 88' lang='lat' dir='ltr'><strong>quod</strong></span> <span class='ocrx_word' id='word_1_817' title='bbox 3077 4716 3142 4755; x_wconf 80' lang='lat' dir='ltr'><strong>ex</strong></span> <span class='ocrx_word' id='word_1_818' title='bbox 3168 4701 3318 4756; x_wconf 89' lang='lat' dir='ltr'><strong>laicis</strong></span> <span class='ocrx_word' id='word_1_819' title='bbox 3346 4702 3411 4754; x_wconf 91' lang='lat' dir='ltr'><strong>ad</strong></span> <span class='ocrx_word' id='word_1_820' title='bbox 3431 4698 3669 4755; x_wconf 83' lang='lat' dir='ltr'><strong>oliicium</strong></span> <span class='ocrx_word' id='word_1_821' title='bbox 3693 4700 3809 4769; x_wconf 76' lang='lat' dir='ltr'><strong>epi-</strong></span> 
     </span>
    </p>
   </div>
   <div class='ocr_carea' id='block_1_107' title="bbox 2223 4790 3810 4861">
    <p class='ocr_par' dir='ltr' id='par_1_107' title="bbox 2223 4790 3810 4861">
     <span class='ocr_line' id='line_1_107' title="bbox 2223 4790 3810 4861; baseline -0.001 -16"><span class='ocrx_word' id='word_1_822' title='bbox 2223 4790 2444 4860; x_wconf 89' lang='lat' dir='ltr'><strong>scopale</strong></span> <span class='ocrx_word' id='word_1_823' title='bbox 2463 4790 2659 4846; x_wconf 90' lang='lat' dir='ltr'><strong>delecti</strong></span> <span class='ocrx_word' id='word_1_824' title='bbox 2688 4800 2832 4857; x_wconf 86' lang='lat' dir='ltr'><strong>sunt,</strong></span> <span class='ocrx_word' id='word_1_825' title='bbox 2866 4807 3039 4859; x_wconf 85' lang='lat' dir='ltr'><strong>neque</strong></span> <span class='ocrx_word' id='word_1_826' title='bbox 3062 4807 3128 4846; x_wconf 78' lang='lat' dir='ltr'><strong>ex</strong></span> <span class='ocrx_word' id='word_1_827' title='bbox 3159 4792 3282 4856; x_wconf 92' lang='lat' dir='ltr'><strong>hoc,</strong></span> <span class='ocrx_word' id='word_1_828' title='bbox 3310 4792 3454 4861; x_wconf 82' lang='lat' dir='ltr'><strong>quod</strong></span> <span class='ocrx_word' id='word_1_829' title='bbox 3487 4806 3687 4845; x_wconf 81' lang='lat' dir='ltr'><strong>uxores</strong></span> <span class='ocrx_word' id='word_1_830' title='bbox 3716 4791 3810 4844; x_wconf 82' lang='lat' dir='ltr'><strong>ha-</strong></span> 
     </span>
    </p>
   </div>
   <div class='ocr_carea' id='block_1_108' title="bbox 2225 4872 3810 4955">
    <p class='ocr_par' dir='ltr' id='par_1_108' title="bbox 2225 4872 3810 4955">
     <span class='ocr_line' id='line_1_108' title="bbox 2225 4872 3810 4955; baseline 0.001 -17"><span class='ocrx_word' id='word_1_831' title='bbox 2225 4884 2611 4953; x_wconf 89' lang='lat' dir='ltr'><strong>bent,possunt</strong></span> <span class='ocrx_word' id='word_1_832' title='bbox 2635 4900 2754 4940; x_wconf 90' lang='lat' dir='ltr'><strong>esse</strong></span> <span class='ocrx_word' id='word_1_833' title='bbox 2776 4885 3090 4955; x_wconf 89' lang='lat' dir='ltr'><strong>culpabiles,</strong></span> <span class='ocrx_word' id='word_1_834' title='bbox 3114 4894 3421 4955; x_wconf 91' lang='lat' dir='ltr'><strong>susceptum</strong></span> <span class='ocrx_word' id='word_1_835' title='bbox 3450 4872 3810 4940; x_wconf 81' lang='lat' dir='ltr'><strong>sacerdotium</strong></span> 
     </span>
    </p>
   </div>
   <div class='ocr_carea' id='block_1_109' title="bbox 2228 4974 3866 5045">
    <p class='ocr_par' dir='ltr' id='par_1_109' title="bbox 2228 4974 3866 5045">
     <span class='ocr_line' id='line_1_109' title="bbox 2228 4974 3866 5045; baseline 0.001 -17"><span class='ocrx_word' id='word_1_836' title='bbox 2228 4983 2413 5029; x_wconf 89' lang='lat' dir='ltr'><strong>tenere</strong></span> <span class='ocrx_word' id='word_1_837' title='bbox 2463 4976 2843 5045; x_wconf 89' lang='lat' dir='ltr'><strong>permittimus,</strong></span> <span class='ocrx_word' id='word_1_838' title='bbox 2878 4991 2985 5029; x_wconf 91' lang='lat' dir='ltr'><strong>non</strong></span> <span class='ocrx_word' id='word_1_839' title='bbox 3041 4975 3453 5045; x_wconf 77' lang='lat' dir='ltr'><strong>prmjudicantes</strong></span> <span class='ocrx_word' id='word_1_840' title='bbox 3500 4974 3811 5043; x_wconf 66' lang='lat' dir='ltr'><strong>apostolicre</strong></span> <span class='ocrx_word' id='word_1_841' title='bbox 3859 5027 3866 5037; x_wconf 85' lang='grc'><strong>,</strong></span> 
     </span>
    </p>
   </div>
   <div class='ocr_carea' id='block_1_110' title="bbox 2226 5052 3867 5135">
    <p class='ocr_par' dir='ltr' id='par_1_110' title="bbox 2226 5052 3867 5135">
     <span class='ocr_line' id='line_1_110' title="bbox 2226 5052 3867 5135; baseline 0.001 -15"><span class='ocrx_word' id='word_1_842' title='bbox 2226 5066 2368 5122; x_wconf 87' lang='lat' dir='ltr'><strong>sedis</strong></span> <span class='ocrx_word' id='word_1_843' title='bbox 2394 5067 2635 5133; x_wconf 87' lang='lat' dir='ltr'><strong>statutis,</strong></span> <span class='ocrx_word' id='word_1_844' title='bbox 2678 5082 2779 5121; x_wconf 88' lang='lat' dir='ltr'><strong>nec</strong></span> <span class='ocrx_word' id='word_1_845' title='bbox 2808 5067 3092 5121; x_wconf 90' lang='lat' dir='ltr'><strong>beatorum</strong></span> <span class='ocrx_word' id='word_1_846' title='bbox 3121 5066 3340 5121; x_wconf 84' lang='lat' dir='ltr'><strong>Patrum</strong></span> <span class='ocrx_word' id='word_1_847' title='bbox 3376 5065 3592 5135; x_wconf 88' lang='lat' dir='ltr'><strong>regulas</strong></span> <span class='ocrx_word' id='word_1_848' title='bbox 3642 5067 3812 5121; x_wconf 83' lang='lat' dir='ltr'><strong>resol-</strong></span> <span class='ocrx_word' id='word_1_849' title='bbox 3858 5052 3867 5072; x_wconf 32' lang='grc' dir='ltr'>ἶ</span> 
     </span>
    </p>
   </div>
   <div class='ocr_carea' id='block_1_111' title="bbox 2224 5157 3813 5227">
    <p class='ocr_par' dir='ltr' id='par_1_111' title="bbox 2224 5157 3813 5227">
     <span class='ocr_line' id='line_1_111' title="bbox 2224 5157 3813 5227; baseline -0.001 -16"><span class='ocrx_word' id='word_1_850' title='bbox 2224 5166 2433 5221; x_wconf 87' lang='lat' dir='ltr'><strong>ventes,</strong></span> <span class='ocrx_word' id='word_1_851' title='bbox 2472 5158 2667 5226; x_wconf 91' lang='lat' dir='ltr'><strong>quibus</strong></span> <span class='ocrx_word' id='word_1_852' title='bbox 2716 5157 3004 5212; x_wconf 90' lang='lat' dir='ltr'><strong>salubriter</strong></span> <span class='ocrx_word' id='word_1_853' title='bbox 3059 5158 3413 5212; x_wconf 89' lang='lat' dir='ltr'><strong>constitutum</strong></span> <span class='ocrx_word' id='word_1_854' title='bbox 3440 5166 3544 5223; x_wconf 86' lang='lat' dir='ltr'><strong>est,</strong></span> <span class='ocrx_word' id='word_1_855' title='bbox 3596 5172 3667 5211; x_wconf 93' lang='lat' dir='ltr'><strong>ne</strong></span> <span class='ocrx_word' id='word_1_856' title='bbox 3707 5158 3813 5227; x_wconf 73' lang='lat' dir='ltr'><strong>pri~</strong></span> 
     </span>
    </p>
   </div>
   <div class='ocr_carea' id='block_1_112' title="bbox 2225 5248 3849 5317">
    <p class='ocr_par' dir='ltr' id='par_1_112' title="bbox 2225 5248 3849 5317">
     <span class='ocr_line' id='line_1_112' title="bbox 2225 5248 3849 5317; baseline -0.002 -13"><span class='ocrx_word' id='word_1_857' title='bbox 2225 5265 2393 5315; x_wconf 91' lang='lat' dir='ltr'><strong>mum,</strong></span> <span class='ocrx_word' id='word_1_858' title='bbox 2421 5259 2513 5304; x_wconf 91' lang='lat' dir='ltr'><strong>aut</strong></span> <span class='ocrx_word' id='word_1_859' title='bbox 2539 5249 2854 5315; x_wconf 88' lang='lat' dir='ltr'><strong>secundum,</strong></span> <span class='ocrx_word' id='word_1_860' title='bbox 2880 5260 2975 5305; x_wconf 91' lang='lat' dir='ltr'><strong>aut</strong></span> <span class='ocrx_word' id='word_1_861' title='bbox 2999 5252 3213 5306; x_wconf 91' lang='lat' dir='ltr'><strong>tertium</strong></span> <span class='ocrx_word' id='word_1_862' title='bbox 3244 5251 3297 5304; x_wconf 92' lang='lat' dir='ltr'><strong>in</strong></span> <span class='ocrx_word' id='word_1_863' title='bbox 3320 5249 3562 5305; x_wconf 88' lang='lat' dir='ltr'><strong>Ecclesia</strong></span> <span class='ocrx_word' id='word_1_864' title='bbox 3589 5249 3812 5317; x_wconf 88' lang='lat' dir='ltr'><strong>gradum</strong></span> <span class='ocrx_word' id='word_1_865' title='bbox 3844 5248 3849 5251; x_wconf 84' lang='grc'><em>’</em></span> 
     </span>
    </p>
   </div>
   <div class='ocr_carea' id='block_1_113' title="bbox 2224 5338 3812 5410">
    <p class='ocr_par' dir='ltr' id='par_1_113' title="bbox 2224 5338 3812 5410">
     <span class='ocr_line' id='line_1_113' title="bbox 2224 5338 3812 5410; baseline -0.003 -16"><span class='ocrx_word' id='word_1_866' title='bbox 2224 5342 2506 5409; x_wconf 62' lang='lat' dir='ltr'><strong>quisquam</strong></span> <span class='ocrx_word' id='word_1_867' title='bbox 2538 5340 2818 5404; x_wconf 86' lang='lat' dir='ltr'><strong>laicorum,</strong></span> <span class='ocrx_word' id='word_1_868' title='bbox 2852 5341 3181 5410; x_wconf 85' lang='lat' dir='ltr'><strong>quibuslibet</strong></span> <span class='ocrx_word' id='word_1_869' title='bbox 3208 5338 3476 5409; x_wconf 76' lang='lat' dir='ltr'><strong>suffragiis</strong></span> <span class='ocrx_word' id='word_1_870' title='bbox 3513 5339 3682 5393; x_wconf 88' lang='lat' dir='ltr'><strong>fultus</strong></span> <span class='ocrx_word' id='word_1_871' title='bbox 3731 5352 3812 5390; x_wconf 54' lang='lat' dir='ltr'><strong>asa</strong></span> 
     </span>
    </p>
   </div>
   <div class='ocr_carea' id='block_1_114' title="bbox 2212 5429 3809 5500">
    <p class='ocr_par' dir='ltr' id='par_1_114' title="bbox 2212 5429 3809 5500">
     <span class='ocr_line' id='line_1_114' title="bbox 2212 5429 3809 5500; baseline -0.002 -16"><span class='ocrx_word' id='word_1_872' title='bbox 2212 5430 2442 5496; x_wconf 86' lang='lat' dir='ltr'><strong>cendat,</strong></span> <span class='ocrx_word' id='word_1_873' title='bbox 2462 5430 2774 5499; x_wconf 89' lang='lat' dir='ltr'><strong>priusquam</strong></span> <span class='ocrx_word' id='word_1_874' title='bbox 2798 5432 2866 5484; x_wconf 88' lang='lat' dir='ltr'><strong>ad</strong></span> <span class='ocrx_word' id='word_1_875' title='bbox 2895 5431 2999 5485; x_wconf 90' lang='lat' dir='ltr'><strong>hoc</strong></span> <span class='ocrx_word' id='word_1_876' title='bbox 3020 5431 3272 5485; x_wconf 90' lang='lat' dir='ltr'><strong>meritum</strong></span> <span class='ocrx_word' id='word_1_877' title='bbox 3291 5446 3387 5500; x_wconf 89' lang='lat' dir='ltr'><strong>per</strong></span> <span class='ocrx_word' id='word_1_878' title='bbox 3415 5429 3654 5499; x_wconf 89' lang='lat' dir='ltr'><strong>legitima</strong></span> <span class='ocrx_word' id='word_1_879' title='bbox 3685 5442 3809 5495; x_wconf 82' lang='lat' dir='ltr'><strong>aug-</strong></span> 
     </span>
    </p>
   </div>
   <div class='ocr_carea' id='block_1_115' title="bbox 2224 5523 3807 5594">
    <p class='ocr_par' dir='ltr' id='par_1_115' title="bbox 2224 5523 3807 5594">
     <span class='ocr_line' id='line_1_115' title="bbox 2224 5523 3807 5594; baseline -0.003 -16"><span class='ocrx_word' id='word_1_880' title='bbox 2224 5534 2403 5579; x_wconf 84' lang='lat' dir='ltr'><strong>menta</strong></span> <span class='ocrx_word' id='word_1_881' title='bbox 2427 5528 2722 5594; x_wconf 89' lang='lat' dir='ltr'><strong>perveniat.</strong></span> <span class='ocrx_word' id='word_1_882' title='bbox 2753 5524 2907 5590; x_wconf 85' lang='lat' dir='ltr'><strong>Quod</strong></span> <span class='ocrx_word' id='word_1_883' title='bbox 2932 5525 3073 5579; x_wconf 90' lang='lat' dir='ltr'><strong>enim</strong></span> <span class='ocrx_word' id='word_1_884' title='bbox 3105 5539 3248 5581; x_wconf 92' lang='lat' dir='ltr'><strong>nunc</strong></span> <span class='ocrx_word' id='word_1_885' title='bbox 3275 5533 3552 5593; x_wconf 88' lang='lat' dir='ltr'><strong>utcunque</strong></span> <span class='ocrx_word' id='word_1_886' title='bbox 3577 5523 3807 5594; x_wconf 80' lang='lat' dir='ltr'><strong>patimur</strong></span> 
     </span>
    </p>
   </div>
   <div class='ocr_carea' id='block_1_116' title="bbox 2223 5614 3805 5686">
    <p class='ocr_par' dir='ltr' id='par_1_116' title="bbox 2223 5614 3805 5686">
     <span class='ocr_line' id='line_1_116' title="bbox 2223 5614 3805 5686; baseline -0.003 -14"><span class='ocrx_word' id='word_1_887' title='bbox 2223 5631 2343 5672; x_wconf 89' lang='lat' dir='ltr'><strong>esse</strong></span> <span class='ocrx_word' id='word_1_888' title='bbox 2370 5617 2597 5682; x_wconf 88' lang='lat' dir='ltr'><strong>veniale,</strong></span> <span class='ocrx_word' id='word_1_889' title='bbox 2634 5616 2862 5671; x_wconf 91' lang='lat' dir='ltr'><strong>inultum</strong></span> <span class='ocrx_word' id='word_1_890' title='bbox 2906 5616 3253 5685; x_wconf 89' lang='lat' dir='ltr'><strong>postmodum</strong></span> <span class='ocrx_word' id='word_1_891' title='bbox 3300 5632 3419 5672; x_wconf 90' lang='lat' dir='ltr'><strong>esse</strong></span> <span class='ocrx_word' id='word_1_892' title='bbox 3448 5632 3555 5672; x_wconf 93' lang='lat' dir='ltr'><strong>non</strong></span> <span class='ocrx_word' id='word_1_893' title='bbox 3585 5614 3805 5686; x_wconf 89' lang='lat' dir='ltr'><strong>poterit,</strong></span> 
     </span>
    </p>
   </div>
   <div class='ocr_carea' id='block_1_117' title="bbox 2222 5704 3803 5780">
    <p class='ocr_par' dir='ltr' id='par_1_117' title="bbox 2222 5704 3803 5780">
     <span class='ocr_line' id='line_1_117' title="bbox 2222 5704 3803 5780; baseline -0.004 -17"><span class='ocrx_word' id='word_1_894' title='bbox 2222 5710 2265 5763; x_wconf 90' lang='lat' dir='ltr'><strong>si</strong></span> <span class='ocrx_word' id='word_1_895' title='bbox 2293 5710 2573 5780; x_wconf 89' lang='lat' dir='ltr'><strong>quisquam</strong></span> <span class='ocrx_word' id='word_1_896' title='bbox 2600 5708 2653 5764; x_wconf 89' lang='lat' dir='ltr'><strong>id</strong></span> <span class='ocrx_word' id='word_1_897' title='bbox 2676 5707 2819 5777; x_wconf 90' lang='lat' dir='ltr'><strong>quod</strong></span> <span class='ocrx_word' id='word_1_898' title='bbox 2853 5708 3075 5764; x_wconf 90' lang='lat' dir='ltr'><strong>omnino</strong></span> <span class='ocrx_word' id='word_1_899' title='bbox 3114 5706 3485 5764; x_wconf 90' lang='lat' dir='ltr'><strong>interdicimus</strong></span> <span class='ocrx_word' id='word_1_900' title='bbox 3511 5704 3803 5776; x_wconf 88' lang='lat' dir='ltr'><strong>usurparit.</strong></span> 
     </span>
    </p>
   </div>
   <div class='ocr_carea' id='block_1_118' title="bbox 2222 5792 3802 5869">
    <p class='ocr_par' dir='ltr' id='par_1_118' title="bbox 2222 5792 3802 5869">
     <span class='ocr_line' id='line_1_118' title="bbox 2222 5792 3802 5869; baseline 0.002 -14"><span class='ocrx_word' id='word_1_901' title='bbox 2222 5800 2357 5866; x_wconf 82' lang='lat' dir='ltr'><strong>Quia</strong></span> <span class='ocrx_word' id='word_1_902' title='bbox 2386 5800 2633 5856; x_wconf 83' lang='lat' dir='ltr'><strong>remissio</strong></span> <span class='ocrx_word' id='word_1_903' title='bbox 2654 5798 2861 5869; x_wconf 88' lang='lat' dir='ltr'><strong>peccati</strong></span> <span class='ocrx_word' id='word_1_904' title='bbox 2894 5813 3002 5856; x_wconf 91' lang='lat' dir='ltr'><strong>non</strong></span> <span class='ocrx_word' id='word_1_905' title='bbox 3022 5798 3115 5855; x_wconf 86' lang='lat' dir='ltr'><strong>dat</strong></span> <span class='ocrx_word' id='word_1_906' title='bbox 3143 5798 3420 5857; x_wconf 82' lang='lat' dir='ltr'><strong>licentiam</strong></span> <span class='ocrx_word' id='word_1_907' title='bbox 3437 5792 3802 5863; x_wconf 76' lang='lat' dir='ltr'><strong>delinquendi.</strong></span> 
     </span>
    </p>
   </div>
  </div>
