4092 6348
284 331 385 387 δοι

1320 322 1696 383 COLLECTIO
1736 324 2203 382 BEGRETORUM
2246 325 2350 384 PP.
2393 326 2511 382 RR.

3465 332 3569 389 502

284 458 462 515 neque
510 439 653 510 quod
682 440 860 511 potuit
908 440 1086 512 aliqua
1116 442 1326 497 ratione
1354 442 1614 511 concedi,
1668 442 1746 496 fas
1776 441 1880 496 erit
1906 444 1957 502 Α
1984 440 2274 511 episcopus
2303 440 2503 497 factum
2532 457 2651 498 esse
2680 452 2930 500 causatus
2959 450 3058 510 est,
3093 451 3151 499 et
3178 442 3572 499 rationabiliter

286 535 517 605 amplius
546 534 766 603 impune
797 535 1080 589 committi.
1112 533 1247 589 Cum
1294 534 1477 604 itaque
1516 534 1582 589 de
1622 534 1873 590 omnibus

288 625 423 690 fere,
453 638 573 693 qua:
627 624 809 680 fratris
836 627 1004 679 nostri
1032 624 1267 680 Potentii
1317 626 1510 680 relatio
1539 624 1868 683 continebat,

291 717 604 790 plenissime
633 716 973 771 dilectionem
1004 727 1240 771 vestram
1290 733 1389 787 per
1429 717 1596 770 David
1653 717 1872 769 fratrem

290 818 345 866 et
372 810 757 878 coepiSCOpum
814 816 1090 873 nostrum,
1122 809 1211 876 qui
1244 817 1299 862 et
1343 807 1627 862 sacerdotii
1684 806 1877 859 merito

295 904 456 960 nobis
485 912 565 957 est
594 904 870 971 probatus,
920 910 976 955 ct
1006 902 1247 956 moribus
1274 900 1501 955 videatis
1535 901 1873 961 instructum,

290 1003 561 1066 superest,
597 993 811 1061 fratres,
845 1005 903 1047 ut
928 994 1267 1048 concorditer
1287 1002 1341 1047 et
1366 993 1607 1047 salubres
1629 991 1879 1059 suscipia-

296 1074 367 1143 tis
396 1088 667 1151 hortatus,
694 1095 749 1140 et
794 1087 926 1140 nihil
956 1101 1054 1155 per
1092 1086 1491 1141 contentionem
1522 1094 1760 1154 agentes,
1784 1082 1880 1136 sed

296 1179 366 1235 ad
421 1194 585 1234 omne
633 1179 866 1233 studium
918 1179 1220 1233 devotionis
1264 1180 1541 1233 unanimes
1597 1177 1790 1231 divinis
1828 1186 1884 1231 et

296 1269 611 1341 apostolicis
642 1270 1118 1341 constitutionibus
1145 1269 1401 1339 parcatis,
1433 1278 1487 1323 et
1518 1270 1572 1323 in
1618 1269 1763 1322 nullo
1788 1286 1882 1338 par

295 1363 503 1417 tiamini
562 1362 1033 1433 providentissima
1082 1379 1350 1417 canonum
1396 1363 1614 1417 decreta
1669 1361 1878 1415 violari.

295 1455 426 1523 Quae
476 1455 617 1511 enim
649 1463 923 1535 certarum‘
949 1455 1251 1509 remisimus
1280 1453 1713 1509 consideratione
1749 1467 1880 1506 cau-

296 1561 500 1610 sarum,
533 1547 766 1616 antiquis
812 1547 1066 1618 deinceps
1104 1547 1456 1603 custodienda
1507 1554 1633 1600 sunt
1660 1544 1878 1612 regulis,

294 1652 363 1692 ne
392 1637 538 1704 quod
566 1636 633 1690 ad
679 1645 889 1705 tempus
937 1638 1023 1706 pia
1053 1638 1275 1691 lenitate
1317 1637 1700 1697 concessimus,
1738 1634 1883 1703 justa

295 1726 661 1796 postulatione
682 1725 999 1795 plectamus,
1033 1726 1084 1779 in
1114 1742 1209 1781 eos
1242 1727 1526 1795 specialius
1556 1732 1611 1779 et
1651 1739 1883 1793 propen-

1980 531 2289 602 postulavit,
2315 538 2374 586 ut
2422 533 2466 587 si
2514 534 2753 604 episcopi
2782 550 2970 590 eorum
2998 535 3262 601 locorum,
3302 535 3353 588 in
3378 537 3575 605 quibus

1978 638 2089 679 non
2112 624 2412 680 debuerant
2438 627 2697 692 ordinari,
2720 628 2954 682 humana
2981 629 3292 684 conditione
3323 628 3575 683 decessru

1979 714 2109 776 rint,
2134 714 2255 770 loca
2305 717 2416 786 ipsa
2468 717 2531 770 ad
2558 717 2646 786 jus
2676 718 2791 786 ejus
2838 720 3093 775 antistitis
3140 721 3387 787 redeant,
3419 721 3579 789 cujus

1982 801 2181 859 fuerint
2227 814 2353 859 ante
2400 807 2619 877 priora:
2653 815 2709 861 et
2739 808 2926 862 inutile
2966 795 3067 877 est,
3128 818 3186 864 ut
3222 812 3583 866 sacerdotali.

1984 894 2213 962 dignitas
2244 896 2640 952 inconsiderata
2670 898 2983 955 ordinandis
3013 899 3269 957 facilitate
3299 904 3568 973 superflua

1984 985 2432 1055 multiplicatione
2455 989 2743 1043 minuatur.

2058 1077 2133 1131 De
2164 1076 2247 1131 his
2277 1088 2486 1144 autem,
2520 1094 2638 1149 qum
2670 1081 2722 1132 in
2754 1095 2908 1134 sacro
2938 1080 3261 1149 virginitatis
3288 1087 3569 1153 proposito

1985 1168 2289 1223 constitutae
2315 1169 2653 1225 barbaricam
2683 1172 2953 1241 pertulere
2984 1172 3317 1239 violentiam,
3352 1183 3406 1229 et
3428 1177 3507 1229 int
3544 1206 3570 1217 -

1986 1262 2236 1329 gritatem
2259 1262 2480 1332 pudoris
2497 1280 2603 1317 non
2626 1264 2933 1331 animo,sed
2954 1280 3181 1335 corpore
3204 1267 3568 1335 perdiderunt,

1988 1370 2049 1406 ea
2083 1354 2235 1409 nobis
2259 1355 2472 1409 videtur
2525 1356 2787 1410 servanda
2836 1355 3155 1424 moderatio,
3180 1368 3266 1412 .ut
3317 1375 3492 1429 neque
3522 1364 3570 1413 in

1988 1447 2264 1500 viduarum
2288 1446 2610 1516 dejiciantur
2634 1449 2823 1516 gradu,
2856 1464 2955 1503 nec
2979 1449 3030 1503 in
3060 1466 3353 1517 sacrarum,
3380 1459 3433 1505 et
3459 1468 3575 1521 per-

1987 1538 2350 1592 severantium
2381 1539 2648 1607 virginum
2681 1554 2907 1595 numero
2939 1550 3261 1595 censeantur
3288 1560 3300 1594 :
3356 1543 3570 1611 quibus.

1987 1629 2031 1683 si
2062 1629 2114 1682 in
2146 1629 2394 1683 omnibus
2416 1630 2763 1697 virginalibus
2786 1641 3154 1701 perseverant,
3175 1634 3574 1687 etcastimonia:

1987 1718 2313 1774 soliditatem
2346 1729 2524 1775 mente
2571 1723 2898 1789 custodiunt,
2950 1734 3411 1780 sacramentorum
3467 1744 3573 1781 non

295 1823 405 1875 sius
426 1820 820 1887 commovendi,
846 1820 935 1889 qui
967 1820 1018 1872 in
1044 1817 1310 1887 episcopis
1341 1815 1649 1870 ordinandis
1670 1822 1886 1873 sancto-
1917 1823 1963 1882 Β
1990 1822 2073 1864 est
2098 1811 2342 1879 neganda
2375 1814 2703 1879 communio,
2738 1815 2863 1884 quia
2894 1814 3150 1884 injustum
3175 1823 3256 1871 est
3284 1816 3401 1872 illas
3424 1818 3479 1871 in
3508 1833 3574 1872 eo

294 1928 413 1967 rum
445 1911 663 1966 Patrum
694 1921 893 1966 statuta
943 1911 1321 1978 neglexerunt,
1373 1916 1427 1962 et
1479 1924 1616 1978 quos
1645 1906 1881 1960 refutare

293 2003 602 2069 debuerint,
634 2002 1090 2057 consecraverint.
1129 1999 1281 2054 Unde
1312 1999 1355 2053 si
1386 1999 1479 2067 qui
1522 1998 1762 2068 episcopi
1802 2006 1884 2051 ta-

293 2093 401 2149 lem
436 2095 867 2149 consecraverint
890 2093 1249 2157 sacerdotem,
1283 2092 1497 2159 qualem
1528 2105 1649 2144 esse
1675 2106 1779 2143 non
1813 2089 1878 2142 li-

294 2194 435 2252 ceat,
460 2186 669 2240 etiamsi
712 2185 893 2255 aliquo
941 2184 1103 2238 modo
1151 2182 1402 2236 damnum
1433 2180 1634 2251 proprii
1662 2180 1884 2234 honoris

292 2277 584 2342 evaserint,
617 2276 971 2331 ordinationis
997 2284 1176 2328 tamen
1211 2274 1300 2341 jus
1323 2273 1547 2327 ulterius
1576 2286 1682 2325 non
1714 2271 1882 2325 habe-

294 2365 444 2428 bunt,
481 2379 579 2419 nec
628 2381 863 2433 unquam
896 2364 943 2418 ei
977 2372 1317 2419 sacramento
1368 2363 1705 2426 intererunt,
1739 2359 1882 2428 quod

294 2456 542 2524 neglecto
574 2454 757 2510 divino
780 2455 983 2522 judicio
1033 2454 1302 2509 immerito
1327 2455 1714 2523 prmstiterunt.
1746 2451 1881 2506 Illud

294 2561 448 2612 sane,
474 2547 615 2615 quod
646 2546 713 2599 ad
743 2545 1133 2600 sacerdotalem
1176 2546 1409 2615 pertinet
1436 2545 1770 2611 dignitatem,
1798 2543 1880 2599 in-

295 2646 380 2693 ter
404 2638 582 2693 omnia
607 2638 858 2693 volumus
887 2653 1153 2691 canonum
1176 2644 1375 2690 statuta
1400 2636 1602 2693 servari
1635 2654 1648 2689 :
1684 2644 1743 2690 ut
1774 2651 1882 2690 non

295 2729 351 2787 in
379 2729 708 2798 quibuslibet
731 2730 887 2792 locis,
916 2745 1087 2798 neque
1114 2730 1167 2782 in
1191 2730 1598 2800 quibuscunque
1627 2728 1881 2793 castellis,

295 2830 353 2876 et
376 2822 462 2876 ubi
493 2830 619 2877 ante
641 2837 746 2876 non
778 2819 991 2876 fuerunt
1019 2823 1277 2892 episcopi,
1304 2831 1687 2877 consecrentur
1721 2840 1732 2874 :
1761 2839 1882 2883 eum

297 2914 389 2969 ubi
440 2915 679 2968 minores
731 2921 858 2967 sunt
910 2913 1115 2982 plebes,
1172 2914 1516 2981 minoresque
1564 2922 1879 2979 conventus,

298 3006 736 3077 presbyterorum
766 3020 893 3059 cura
933 3004 1185 3069 sufliciat,
1216 3004 1542 3074 episcopalia
1580 3013 1758 3058 autem
1787 3018 1885 3071 gu-

296 3095 585 3151 bernacula
610 3112 717 3149 non
746 3096 847 3151 nisi
878 3096 1171 3165 majoribus
1201 3095 1441 3166 populis,
1474 3102 1528 3149 et
1549 3094 1882 3163 frequentio-

1987 1904 2070 1959 vel
2092 1904 2263 1973 argui,
2292 1906 2376 1959 vel
2400 1906 2595 1969 notari,
2622 1906 2767 1975 quod
2798 1924 2904 1962 non
2953 1909 3203 1964 voluntas
3229 1910 3449 1976 amittit,
3479 1912 3576 1964 sel

1988 1996 2065 2051 vis
2094 1997 2300 2052 hostilis
2322 1998 2536 2067 eripuit.
2570 1998 2797 2054 Causam
2820 2016 3035 2071 quoque
3060 2000 3303 2073 Lupicini
3327 2004 3571 2073 episcopi

1986 2086 2095 2141 illic
2119 2086 2366 2155 jubemus
2389 2089 2584 2180 audiri,
2626 2091 2710 2144 cui
2735 2091 2960 2145 multum
2988 2101 3042 2146 et
3062 2094 3255 2162 saepius
3280 2095 3575 2165 postulanti

1985 2178 2417 2233 communionem
2450 2195 2513 2233 ac
2539 2178 2804 2235 rationem
2849 2181 3139 2248 reddimus,
3170 2186 3426 2253 quoniam
3449 2202 3571 2241 cum

1987 2267 2052 2321 ad
2085 2274 2328 2322 nostmm
2382 2269 2643 2337 judicium
2700 2279 3071 2340 provocasset,
3125 2273 3394 2329 immerito
3449 2290 3571 2329 eum

1987 2361 2251 2431 pendente
2279 2363 2516 2431 negotio,
2550 2378 2581 2417 a
2610 2364 2993 2419 communione
3036 2364 3350 2420 videbamus
3406 2364 3573 2422 fuisse

1986 2468 2325 2521 suspensum.
2357 2453 2639 2522 Adjectum
2670 2454 2832 2508 etiam
2862 2453 2988 2508 illud
3020 2463 3121 2520 est,
3154 2456 3298 2525 quod
3328 2454 3455 2510 huic
3495 2465 3573 2510 te-

1986 2559 2136 2598 mere
2164 2544 2611 2613 superordinatus
2642 2561 2761 2601 esse
2789 2548 3152 2614 cognoscitur,
3198 2548 3289 2616 qui
3320 2564 3426 2602 non
3475 2549 3572 2604 de-

1986 2633 2103 2688 buit
2124 2636 2383 2701 ordinari,
2417 2644 2704 2706 antequam
2757 2635 3045 2707 Lupicinus
3074 2638 3127 2690 in
3156 2638 3406 2706 przcscnti
3428 2634 3575 2708 posi-

1988 2734 2094 2791 tus,
2140 2734 2233 2781 aut
2260 2725 2585 2792 confutatus,
2613 2735 2705 2780 aut
2732 2735 2880 2780 certe
2910 2725 3188 2782 confessus
3222 2727 3379 2796 justa:
3403 2729 3574 2797 possit

1986 2817 2265 2885 subjacere
2297 2817 2597 2881 sententias,
2641 2824 2702 2869 ut
2730 2824 3008 2870 vacantem
3060 2816 3259 2879 locum,
3309 2815 3571 2886 quemad-

1985 2911 2200 2964 modum
2225 2909 2507 2975 disciplina
2537 2906 2901 2963 ecclesiastica
2930 2909 3125 2977 exigit,
3160 2908 3222 2974 is,
3255 2909 3346 2977 qui
3377 2924 3571 2963 consc-

1986 3000 2254 3063 crabatur,
2310 3000 2598 3068 acciperet.
2634 2998 2689 3052 Si
2745 3014 2865 3067 qua:
2906 3014 3037 3053 vero
3088 3000 3203 3053 alia:
3255 3002 3573 3054 emerserint

1987 3105 2179 3153 causae,
2197 3104 2316 3158 qua:
2338 3089 2403 3143 ad
2433 3096 2632 3143 statum
2654 3088 3029 3158 Ecclesiarum,
3049 3098 3104 3145 et
3131 3090 3197 3144 ad
3225 3092 3569 3146 concordiam

297 3186 445 3242 ribus
474 3189 781 3243 civitatibus
828 3197 1079 3259 oporteat
1126 3189 1435 3260 prmsidere,
1468 3204 1537 3243 ne
1584 3189 1727 3257 quod
1756 3206 1883 3245 san-
1909 3201 1951 3261 ρ
1988 3182 2293 3252 pertineant
2320 3181 2680 3248 sacerdotum,
2708 3181 2817 3237 illic
2840 3181 2939 3236 sub
2964 3182 3156 3237 timore
3180 3181 3389 3235 Domini
3420 3182 3573 3235 volu-

297 3284 510 3331 ctorum
540 3276 750 3332 Patrum
772 3278 1027 3335 divinitus
1050 3279 1304 3349 inspirata
1328 3280 1546 3334 decreta
1570 3288 1879 3350 vetuerunt,

299 3368 512 3436 viculis,
542 3376 596 3422 et
642 3370 1072 3438 possessionibus
1118 3370 1203 3423 vel
1234 3370 1503 3432 obscuris,
1532 3377 1587 3423 et
1627 3369 1882 3424 solitariis

299 3461 602 3531 municipiis
629 3463 894 3517 tribuatur
921 3462 1260 3517 sacerdotale
1284 3461 1573 3531 fastigium,
1607 3472 1662 3519 et
1683 3466 1876 3530 honor,

299 3552 384 3606 cui
414 3551 615 3607 debent
642 3554 1023 3607 excellentiora
1054 3553 1337 3618 committi,
1374 3555 1485 3623 ipsa
1514 3555 1593 3608 sui
1629 3571 1881 3609 numero-

302 3643 459 3699 sitate
481 3644 721 3701 vilescat.
747 3645 899 3711 Quod
931 3661 1073 3699 nunc
1102 3646 1155 3699 in
1186 3662 1281 3701 sua
1312 3646 1531 3701 dimccsi
1585 3646 1883 3703 Restitutus

1986 3291 2105 3330 mus
2149 3275 2351 3343 judicio
2392 3274 2747 3341 ventilentur,
2778 3284 2832 3329 et
2886 3274 2952 3330 de
2983 3273 3373 3344 componendis
3414 3284 3574 3343 atque

1987 3367 2301 3436 compositis
2328 3366 2579 3421 omnibus
2606 3364 2672 3420 ad
2703 3382 2801 3420 nos
2847 3366 3040 3421 relatio
3071 3366 3228 3435 plena
3276 3365 3522 3419 mittatur
3560 3383 3570 3417 :

1988 3472 2047 3515 ut
2073 3475 2137 3515 ea
2161 3499 2174 3522 ,
2215 3475 2334 3529 qua:
2357 3460 2509 3528 juxta
2541 3459 2963 3515 ecclesiasticum
2996 3473 3199 3513 morem
3229 3458 3374 3527 juste
3403 3466 3457 3513 et
3479 3473 3567 3510 ra-

1988 3552 2322 3607 tionabiliter
2338 3549 2536 3604 fuerint
2557 3549 2795 3616 dellnita,
2848 3557 3032 3605 nostra
3063 3563 3280 3619 quoque
3307 3548 3575 3603 sententia

1987 3644 2332 3699 roborentur.
2366 3642 2499 3697 Data
2537 3658 2589 3697 IV
2612 3641 2689 3695 Id.
2724 3642 2968 3710 Augusti.

321 3794 3573 3826 mm

1433 3911 1793 3971 DECRETA
1844 3912 2153 3972 GELASII
2200 3909 2449 3973 PAPJE.

306 4138 383 4194 De
407 4138 696 4193 constitutis
725 4136 1082 4258 ecclesias‘tlicis
1112 4154 1205 4258 1:er
1239 4139 1479 4207 temporis
1501 4136 1747 4205 qualitate
1779 4153 1889 4190 mo-

999 4224 1119 4258 eram
1167 4224 1226 4258 l8.

999 4224 1226 4260 eranats.

374 4300 415 4354 l.
440 4298 686 4356 Gelasius
715 4299 968 4352 fratribus
996 4299 1261 4353 universis
1290 4298 1556 4370 episcopis
1586 4315 1682 4369 per
1711 4298 1884 4353 Luca-

305 4394 451 4449 niam
500 4401 557 4447 et
583 4392 815 4458 Brutios,
848 4400 904 4445 et
937 4391 1174 4444 Siciliam
1207 4392 1530 4447 constitutis.
1575 4391 1889 4446 Necessaria

303 4497 487 4537 rerum
514 4481 915 4550 dispensatione
969 4481 1411 4547 constringimur,
1471 4489 1527 4535 et
1574 4482 1889 4551 apostolicze

302 4573 449 4628 sedis
476 4572 840 4627 moderamine
868 4572 1235 4633 convenimur,
1267 4572 1345 4627 sic
1391 4588 1658 4627 canonum
1704 4583 1888 4642 pater-

302 4680 501 4720 norum
538 4664 756 4719 decreta
786 4663 1013 4730 librare,
1043 4672 1097 4717 et
1127 4675 1272 4719 retro
1309 4666 1593 4734 prmsulum
1634 4664 1888 4721 decesso-

302 4771 531 4826 rumque
582 4764 888 4812 nostrorum
920 4764 1185 4826 praecepta
1216 4756 1412 4822 metiri,
1474 4767 1531 4810 ut
1577 4772 1695 4826 quae
1751 4772 1889 4826 pra:-

304 4850 540 4905 sentium
568 4850 863 4905 necessitas
888 4855 1190 4917 temporum
1220 4848 1584 4903 reslaurandis
1636 4847 1891 4905 Ecclesiis

304 4937 598 4992 relaxanda
627 4937 888 5007 deposcit,
913 4938 1147 4993 adhibita
1170 4937 1605 4993 consideratione
1625 4939 1886 5007 diligenti,

302 5034 564 5095 quantum
597 5034 775 5094 potest
806 5026 940 5091 fieri,
970 5036 1350 5096 temperemus,
1376 5044 1485 5097 quo
1513 5044 1612 5083 nec
1639 5029 1691 5082 in
1718 5036 1891 5083 totum

303 5116 534 5167 formam
565 5125 805 5170 veterum
847 5117 1125 5171 videamur
1153 5118 1417 5173 excedere
1473 5120 1802 5188 regularum,
1835 5129 1891 5175 et

303 5205 619 5272 reparandis
650 5207 849 5260 militiae
872 5209 1136 5263 clericalis
1157 5210 1367 5279 ciliciis,
1389 5226 1508 5279 qua:
1538 5227 1634 5281 per
1653 5213 1893 5267 diversas

304 5292 467 5346 Italia:
498 5304 679 5365 partes
704 5298 777 5351 ita
808 5299 930 5351 belli
987 5298 1247 5367 famisque
1276 5305 1606 5373 consumpsit
1634 5304 1889 5369 incursio,

304 5392 367 5440 ut
392 5386 445 5440 in
478 5388 660 5442 multis
688 5387 943 5444 Ecelesiis
973 5392 1131 5460 (sicut
1161 5392 1340 5446 fratris
1365 5402 1417 5447 et
1446 5396 1753 5465 cocpiscopi
1786 5413 1887 5450 no—

301 5477 399 5532 atri
414 5473 658 5541 Joannis,
679 5477 1004 5534 Ravennatis
1027 5478 1275 5535 Ecclesia:
1291 5483 1603 5547 sacerdotis,
1625 5486 1888 5553 frequenti

304 5563 568 5621 relatione
612 5569 1007 5642 comperimus)
1045 5587 1427 5641 usquequaque
1456 5572 1742 5628 deficiente
1771 5591 1888 5629 ser-

300 5656 435 5709 vitio
465 5657 855 5723 ministrorum,
888 5662 991 5715 nisi
1034 5662 1355 5717 remittendo
1403 5664 1675 5732 paulisper
1721 5666 1890 5720 eccle-

300 5745 533 5800 siasticis
562 5749 994 5816 promotionibus
1018 5752 1312 5820 antiquitus
1344 5751 1623 5806 intervalla
1646 5750 1881 5821 praefixa,

304 5849 622 5895 remaneant
651 5841 785 5912 (sine
801 5844 991 5911 quibus
1016 5843 1375 5899 administrari
1407 5843 1694 5913 nequeant)
1724 5845 1891 5901 sacris

1994 4137 2273 4193 ordinibus
2294 4134 2550 4191 Ecclesia:
2588 4132 2826 4189 funditus
2855 4133 3147 4203 destitutae,
3178 4143 3340 4206 atque
3365 4137 3420 4193 in
3458 4138 3580 4209 plu-

1998 4225 2150 4281 rimis
2181 4225 2314 4279 locis
2344 4239 2439 4295 per
2466 4223 2704 4293 inopiam
2749 4224 3107 4293 competentis
3136 4225 3321 4279 auxilii
3348 4227 3583 4283 salutem

1993 4318 2285 4375 subsidium
2340 4316 2772 4373 redimendarum
2826 4315 2965 4371 desit
3018 4316 3339 4382 animarum,
3370 4334 3577 4387 nosque

1995 4426 2190 4480 magno
2220 4420 2396 4478 reatu,
2444 4410 2488 4466 si
2520 4417 2673 4464 tanto
2705 4416 3016 4465 coarctante
3047 4409 3310 4480 periculo,
3340 4426 3447 4467 non
3477 4413 3575 4467 ali-

1922 4550 1967 4608 D
1996 4512 2261 4573 quatenus
2290 4501 2656 4568 consulemus,
2688 4502 2903 4558 invecti.

2000 4612 2067 4667 Ut
2089 4615 2176 4667 ubi
2204 4614 2347 4667 nulla
2376 4622 2613 4683 perurget
2667 4612 2974 4683 necessitas,
3032 4613 3313 4668 constituta
3361 4613 3582 4667 Patrum

2065 4684 2316 4738 inviolata
2339 4682 2621 4739 serventur.
2653 4683 2729 4737 vel
2752 4698 2865 4735 cum
2889 4682 3147 4743 defuerint
3174 4684 3365 4750 clerici,
3392 4685 3454 4739 de
3484 4703 3585 4740 tuo.

2069 4757 2249 4808 naclu's
2280 4755 2556 4824 eligantur.

2068 4843 2132 4900 Il.
2186 4844 2382 4899 Priscis
2424 4846 2584 4915 igitur
2628 4860 2729 4914 pro
2769 4843 2850 4899 sui
2894 4846 3199 4901 reverentia
3245 4846 3585 4902 manentibus

1998 4938 2323 5003 constitutis,
2353 4951 2473 5005 quae
2513 4936 2602 4990 ubi
2633 4937 2777 4990 nulla
2806 4937 2890 4991 vel
2929 4954 3131 5004 rerum,
3161 4939 3247 4993 vel
3276 4948 3581 5008 temporum

1996 5038 2251 5100 perurget
2271 5029 2536 5096 angustia,
2563 5029 2881 5097 regulariter
2904 5033 3157 5087 convenit
3185 5032 3458 5096 custodiri,
3486 5048 3581 5085 ca-

1998 5131 2156 5175 tenus
2196 5119 2475 5185 Ecclesiis,
2508 5136 2626 5188 qua:
2656 5122 2739 5175 vel
2766 5124 2977 5179 cunctis
3007 5131 3130 5178 sunt
3176 5124 3395 5193 privata:
3426 5124 3585 5177 mini-

1994 5211 2145 5277 stris,
2176 5211 2263 5264 vel
2282 5210 2671 5265 sufﬁcientibus
2713 5228 2883 5280 usque
2910 5212 3045 5266 adeo
3076 5212 3377 5284 d?spoliatm
3413 5213 3587 5267 servi-

1998 5301 2106 5368 tiis,
2135 5310 2193 5355 ut
2240 5301 2485 5369 plebibus
2514 5301 2581 5355 ad
2628 5316 2688 5355 se
2713 5303 3103 5371 pertinentibus
3148 5302 3327 5356 divina
3356 5318 3583 5359 munera

2000 5394 2252 5463 supplere
2285 5410 2388 5446 non
2411 5394 2643 5457 valeant,
2680 5402 2787 5447 tam
2818 5392 3151 5459 instituendi,
3182 5410 3342 5465 quam
3373 5412 3587 5467 promo~

1995 5484 2155 5538 vcndi
2177 5484 2441 5540 clericalis
2466 5485 2626 5539 oflicii
2658 5485 2734 5539 sic
2782 5486 2953 5553 spatia
3000 5486 3358 5556 dispensanda
3389 5506 3586 5545 conce-

2000 5574 2195 5640 dimus,
2227 5584 2284 5628 ut
2312 5576 2355 5629 si
2386 5576 2504 5644 quis
2532 5577 2693 5629 etiam
2715 5575 2781 5629 de
2802 5576 3052 5645 religioso
3076 5580 3373 5650 proposito,
3399 5590 3455 5635 et
3474 5581 3587 5635 dis-

1999 5666 2212 5737 ciplinis
2239 5666 2705 5721 monasterialibus
2730 5667 2967 5722 eruditus
3006 5668 3073 5723 ad
3112 5670 3364 5726 clericale
3391 5687 3586 5724 munus

1995 5754 2240 5818 accedat,
2275 5756 2534 5824 imprimis
2585 5755 2700 5823 ejus
2728 5757 2837 5811 vita
2865 5760 3150 5826 prmtcritis
3182 5768 3302 5815 acta
3332 5761 3588 5827 tempori-

1995 5845 2094 5904 bus
2124 5846 2440 5915 inquiratur,
2480 5846 2561 5902 vel
2590 5848 2633 5902 si
2660 5850 2805 5903 nullo
2857 5849 3003 5919 gravi
3046 5847 3281 5905 facinore
3328 5849 3588 5919 probatur
