4092 6348
522 316 629 375 505
1816 315 2172 372 DIONYSIUS
2213 316 2532 374 EXIGUUS.
3718 318 3813 374 ξω

520 436 768 499 infectus,
801 434 846 490 si
874 434 1166 491 secundam
1192 449 1300 489 non
1340 432 1529 489 habuit
1570 432 1817 491 fortassis
1846 448 2098 500 uxorem,
2137 438 2185 496 Α
2212 435 2387 491 aliena
2409 434 2707 506 pervadere
2736 434 2941 507 absque
2972 433 3117 491 sedis
3162 433 3497 506 apostolica:
3520 431 3671 503 justa
3712 434 3811 493 dis-

520 542 623 583 nee
643 542 675 583 a
704 526 899 582 marito
928 527 1171 584 relictam
1217 527 1441 582 sortitus
1492 526 1821 593 ostenditur,
1851 528 1896 581 si
1930 528 2107 598 pumi-

520 619 747 675 tentiam
773 617 1039 689 publicam
1071 617 1312 674 fortassis
1339 634 1445 673 non
1473 619 1676 688 gessit,
1726 634 1829 675 nec
1856 619 1964 674 ulla
1988 635 2111 674 cor-

523 712 670 783 poris
699 718 850 783 parte
879 710 1096 766 vitiatus
1126 717 1367 781 apparet,
1393 708 1437 763 si
1466 709 1669 777 servili,
1693 718 1785 764 aut
1806 709 2111 778 originaria:

534 820 643 859 non
690 812 773 858 est
797 801 1090 857 conditioni
1139 802 1426 865 obnoxius,
1460 800 1503 856 si
1530 801 1693 857 curiae
1712 800 1824 871 jam
1853 801 2113 871 probatur

528 894 755 951 nexibus
775 894 1070 959 absolutus,
1103 894 1149 948 si
1176 902 1450 948 assecutus
1474 900 1557 948 est
1578 892 1805 956 litteras,
1833 892 1949 948 siue
1993 892 2113 961 qui-

527 987 626 1041 bus
654 984 744 1039 vix
771 983 1014 1038 fortassis
1042 983 1250 1038 ostiarii
1280 985 1451 1054 possit
1480 983 1703 1053 implere
1732 984 2110 1049 ministerium,

528 1084 585 1131 ut
612 1076 658 1131 si
683 1074 769 1131 his
806 1074 1077 1143 omnibus,
1114 1089 1232 1143 quae
1258 1083 1381 1128 sunt
1408 1073 1689 1146 przedicta,
1720 1072 1955 1138 fulcitur,
1982 1091 2113 1131 con-

529 1167 680 1222 tiuuo
706 1166 899 1231 lector,
922 1164 1008 1219 vel
1036 1166 1300 1229 notarius,
1321 1174 1415 1218 aut
1437 1172 1586 1219 certe
1612 1163 1864 1219 defensor
1893 1165 2113 1220 effectus

528 1268 652 1329 post
676 1270 785 1314 tres
828 1273 1038 1312 menses
1085 1257 1281 1312 existat
1308 1256 1607 1328 acolythus,
1639 1258 1872 1312 maxime
1916 1259 1961 1313 si
1992 1258 2115 1313 huic

530 1359 661 1406 setas
698 1350 861 1405 etiam
891 1348 1233 1417 suffragatur,
1260 1356 1417 1403 sexto
1465 1363 1650 1404 mense
1678 1348 1993 1403 subdiaconi
2017 1366 2116 1403 no-

533 1463 656 1504 men
685 1446 931 1518 accipiat,
959 1461 1022 1501 ac
1043 1445 1087 1500 si
1111 1446 1365 1501 modesta:
1384 1444 1831 1512 conversationis,
1856 1444 2120 1501 honestae-

537 1554 647 1610 que
699 1538 995 1593 voluntatis
1048 1537 1250 1603 existit,
1310 1552 1454 1592 nono
1506 1552 1692 1591 mense
1738 1537 1808 1591 sit
1836 1536 2117 1601 diaconus,

535 1630 909 1703 completoque
936 1643 1077 1683 anno
1098 1628 1169 1683 sit
1197 1628 1499 1700 presbyter,
1532 1627 1617 1683 cui
1648 1635 1826 1682 tamen
1856 1627 1999 1697 quod
2022 1643 2118 1695 an:

536 1734 727 1775 uorum
758 1717 972 1773 fuerant
1021 1718 1309 1772 interstitia
1340 1717 1623 1785 collatura,
1654 1718 1826 1772 sancti
1857 1718 2116 1788 propositi

536 1816 726 1879 sponte
753 1816 1003 1881 suscepta
1032 1807 1293 1864 doceatur
1321 1808 1636 1879 pnestitisse
1666 1808 1903 1863 devotio.

540 1987 609 2043 Ut
637 1990 682 2042 si
722 1989 805 2052 qui
834 1987 896 2041 de
924 1988 1071 2042 laicis
1099 1988 1359 2058 eliguntur
1387 1988 1455 2041 ad
1482 1988 1697 2053 clerum,
1727 1989 1888 2043 multo
1929 1990 2125 2043 sollici-

607 2060 708 2111 tius
736 2059 789 2111 in
822 2060 923 2123 his,
946 2075 1006 2112 ea
1034 2075 1146 2129 qua:
1188 2058 1249 2111 de
1298 2059 1564 2111 monac/tis
1611 2060 1749 2113 dicta
1778 2070 1917 2124 sunt,
1952 2061 2126 2131 inqui-

608 2138 814 2181 rantur.

609 2265 693 2324 lll.
728 2267 784 2323 Si
808 2284 934 2323 vero
961 2269 1027 2325 de
1056 2269 1205 2325 laicis
1224 2269 1489 2341 quispiam
1516 2270 1897 2329 ecclesiasticis
1923 2281 2006 2327 est
2034 2287 2127 2341 ag-

538 2358 841 2428 gregandus
871 2358 1079 2423 officiis,
1112 2367 1264 2415 tanto
1318 2360 1601 2417 sollicitius
1650 2362 1702 2415 in
1734 2363 1976 2431 singulis,
2008 2379 2126 2433 quae

538 2449 785 2522 superius
811 2450 1204 2520 comprehensa
1235 2460 1381 2521 sunt,
1409 2452 1715 2522 hujusmodi
1745 2453 1901 2509 decet
1922 2456 2126 2510 exami-

540 2544 658 2599 nari
698 2559 1009 2615 personam,
1042 2555 1302 2613 quantum
1352 2546 1492 2601 inter
1530 2546 1855 2601 mundanam
1912 2548 2128 2617 religio-

540 2651 765 2708 samque
794 2636 958 2691 vitam
987 2645 1199 2692 constat
1244 2653 1365 2695 esse
1388 2638 1734 2708 discriminis,
1766 2641 1892 2709 quia
1942 2642 2127 2713 utique

542 2727 917 2785 convenientia
941 2727 1197 2785 Ecclesiae
1227 2730 1522 2785 ministeria
1546 2731 1844 2802 reparanda
1872 2740 1999 2789 sunt
2020 2750 2125 2788 non

542 2822 1047 2880 ineonvenientibus
1075 2824 1279 2879 meritis
1302 2825 1597 2893 ingerendi.
1630 2826 1914 2896 Tantoque
1937 2829 2124 2895 magis,

543 2914 687 2989 quod
732 2915 901 2989 sacris
928 2922 1113 2991 aptum
1156 2916 1329 2987 possit
1378 2932 1498 2973 esse
1542 2918 1798 2984 servitiis,
1847 2920 1899 2974 in
1941 2934 2127 2975 eorum

544 3008 887 3081 quaerendum
916 3016 999 3065 est
1025 3008 1305 3077 institutis,
1336 3020 1597 3082 quantum
1617 3010 1686 3067 de
1726 3020 1992 3084 tempore,
2018 3029 2128 3082 quo

544 3100 755 3156 fuerant
778 3099 893 3155 haec
921 3099 1273 3170 assequenda,
1303 3100 1615 3172 decerpitur
1634 3120 1659 3157 7:
1693 3111 1752 3157 ut
1788 3119 2002 3160 morum
2032 3104 2128 3158 ha-

545 3192 672 3247 bere
693 3191 953 3247 doceatur
982 3191 1085 3247 hoc
1130 3192 1388 3263 probitas,
1418 3192 1565 3264 quod
1592 3193 1856 3263 prolixior
1892 3209 2125 3249 consue-
2157 3182 2202 3242 C

546 3282 674 3338 tudo
700 3298 807 3337 non
835 3283 1083 3348 contulit,
1108 3298 1176 3338 ne
1198 3298 1295 3354 per
1319 3284 1664 3338 occasionem
1691 3284 2003 3353 supplenda:
2034 3301 2127 3354 pe-

548 3373 711 3429 nuria:
738 3373 1003 3429 clericalis
1037 3374 1164 3429 vitia
1189 3375 1368 3444 potius
1398 3372 1595 3429 divinis
1619 3373 1853 3429 cultibus
1884 3375 2128 3431 intulisse

546 3462 863 3532 iudicemur,
911 3478 1016 3517 non
1046 3464 1297 3533 legitima:
1326 3464 1540 3519 familiae
1566 3463 1909 3521 confutemur
1931 3482 2127 3537 procu-

548 3573 695 3613 rasse
721 3558 1041 3628 compendia
1072 3575 1085 3611 :
1112 3573 1338 3627 quorum
1361 3559 1793 3629 promotionibus
1813 3576 1978 3631 super
2004 3562 2129 3617 anni

464 3674 469 3679 -
548 3657 720 3705 metas
739 3664 834 3704 sex
856 3664 1069 3705 menses
1090 3649 1438 3704 nihilominus
1452 3650 1820 3718 subrogamus.
1842 3650 2128 3718 Quoniam,

548 3742 684 3798 sicut
737 3740 937 3797 dictum
991 3752 1096 3810 est,
1122 3741 1322 3797 distare
1368 3743 1621 3797 convenit
1673 3743 1816 3800 inter
1844 3761 2129 3816 personam

548 3834 730 3889 divino
759 3833 926 3888 cultui
955 3832 1211 3898 deditam,
1244 3831 1387 3888 etde
1416 3832 1674 3889 laicorum
1718 3836 2131 3892 conversatione

552 3924 874 3979 venientem.
908 3922 1037 3990 Quae
1078 3931 1260 3978 tamen
1289 3932 1516 3979 eatenus
1546 3924 1868 3994 indulgendo
1897 3927 2130 3983 credidi—

551 4030 687 4080 mus,
714 4023 773 4069 ut
803 4014 906 4068 illis
951 4012 1232 4080 Ecclesiis,
1262 4014 1457 4083 quibus
1493 4012 1837 4071 infestatione
1867 4015 2132 4071 bellorum

552 4104 637 4161 vel
665 4103 809 4160 nulla
832 4103 1062 4175 penitus,
1091 4102 1173 4157 vel
1196 4104 1389 4171 exigua
1411 4112 1789 4160 remanserunt
1814 4104 2165 4175 ministeria,’

551 4202 897 4251 renoventur.
930 4191 1208 4261 Quatenus
1254 4194 1337 4250 his
1365 4194 1477 4252 Deo
1513 4197 1748 4266 propitio
1794 4198 2057 4255 restitutis
2081 4200 2134 4255 in

552 4287 926 4345 ecclesiasticis
954 4285 1212 4357 gradibus
1240 4287 1619 4356 subrogandis,
1648 4304 1917 4344 canonum
1950 4299 2133 4360 pater-

552 4396 741 4437 norum
770 4389 928 4436 vetus
950 4379 1120 4435 forma
1144 4386 1406 4445 sanetur,
1442 4394 1541 4435 nec
1569 4388 1756 4435 contra
1786 4396 1882 4436 eos
1912 4382 2019 4436 ulla
2050 4398 2136 4436 ra-

550 4473 697 4529 tione
723 4471 1030 4542 praevaleat,
1058 4471 1203 4541 quod
1231 4486 1327 4539 pro
1355 4470 1664 4527 accedentis
1693 4471 1935 4529 defectus
1956 4490 2135 4529 reme-

552 4563 641 4620 dio
667 4562 1003 4634 providetur,
1050 4577 1159 4615 non
1216 4560 1472 4617 adversus
1519 4563 1655 4618 scita
1684 4563 1951 4633 majorum
1995 4582 2132 4622 nova
2167 4567 2214 4625 Ι)

552 4653 673 4725 lege
692 4652 1032 4723 proponitur,
1063 4652 1273 4705 caeteris
1301 4650 1557 4707 Ecclesiis
1593 4654 1661 4708 ab
1702 4655 1803 4710 hac
1847 4657 2134 4713 occasione

552 4743 905 4806 cessantibus,
931 4756 1064 4812 quas
1093 4755 1201 4796 non
1230 4741 1390 4797 simili
1410 4742 1564 4799 clade
1594 4754 1830 4800 vastatas
1854 4746 2135 4815 pristinam

553 4832 811 4891 faciendis
837 4832 1264 4888 ordinationibus
1291 4834 1544 4888 convenit
1574 4844 1761 4891 tenere
1788 4839 2132 4903 sententiam,

552 4944 662 5002 quo
690 4926 857 4995 magis
885 4925 988 4979 hac
1028 4924 1431 4995 opportunitate
1476 4927 1793 4982 commoniti
1832 4928 2135 4983 observan-

555 5020 686 5075 tiam
705 5014 1131 5072 venerandorum
1153 5030 1423 5070 canonum
1453 5019 1771 5088 propensius
1803 5018 2135 5089 delegamus,

553 5111 885 5182 singulorum
911 5107 1170 5179 graduum
1195 5107 1555 5166 conscientias
1594 5108 1963 5176 admonentes,
1993 5127 2061 5166 ne
2084 5113 2137 5167 in

557 5205 773 5262 illicitos
793 5218 1147 5277 prorumpere
1170 5202 1460 5258 moliantur
1480 5217 1753 5258 excessus.
1777 5203 1887 5259 Nec
1910 5203 1989 5261 fas
2018 5221 2143 5262 esse

555 5298 790 5355 confidat
816 5297 1043 5368 quisque
1087 5296 1401 5369 pontificum
1454 5296 1719 5365 bigamos,
1753 5304 1846 5352 aut
1884 5289 2135 5368 conjugia

555 5388 847 5443 sortientes
872 5387 940 5442 ab
970 5386 1090 5443 aliis
1116 5386 1391 5451 derelicta,
1432 5387 1549 5442 sive
1580 5389 1850 5457 quoslibet
1877 5399 2001 5461 post
2029 5406 2137 5460 pte-

556 5478 855 5541 nitentiam,
889 5478 974 5531 vel
1002 5478 1120 5531 sine
1156 5478 1371 5546 litteris,
1400 5478 1486 5532 vel
1521 5493 1751 5548 corpore
1779 5478 2017 5543 vitiatos,
2049 5479 2135 5534 vel

553 5566 1002 5635 eonditionarios,
1022 5574 1115 5620 aut
1135 5568 1314 5633 curiae,
1339 5566 1780 5635 publicarumque
1799 5580 1977 5620 rerum
1992 5568 2137 5621 nexi—

555 5657 660 5715 bus
688 5657 1010 5728 implicatos,
1040 5663 1131 5711 aut
1160 5657 1357 5726 passim
1386 5656 1531 5711 nulla
1558 5656 1818 5727 temporis
1843 5670 2134 5725 congruen-

557 5750 630 5806 tis
653 5746 1062 5820 exspectatione
1106 5746 1379 5804 discussos
1409 5747 1601 5803 divinis
1649 5747 1948 5803 servituros
1970 5747 2135 5817 appli-

558 5856 684 5898 care
709 5837 995 5910 mysteriis,
1044 5850 1219 5905 neque
1262 5851 1361 5909 pro
1410 5850 1507 5893 suo
1558 5836 1709 5891 libito
1735 5835 1853 5907 jura
1884 5835 2139 5894 studeant

2212 526 2484 597 positione
2505 528 2811 580 mandante.

2220 638 2285 695 Ut
2314 640 2377 694 ab
2402 642 2677 711 episcopis,
2701 639 3218 763 pracejétiicoezemqapa
3234 678 3253 705 ,
3286 652 3447 694 nocte
3471 636 3705 715 basilice
3732 637 3816 694 de-

2282 800 2373 857 lV.
2425 800 2680 859 Basilicas
2732 803 2945 857 noviter
3004 800 3311 865 institutas,
3369 815 3488 855 non
3532 799 3714 869 petitis
3755 816 3818 859 ex

2216 910 2367 952 more
2413 894 2887 967 prmceptionibus,
2945 892 3196 949 dedicare
3243 907 3362 946 non
3410 890 3671 955 audeant,
3719 908 3818 948 non

2216 986 2455 1041 ambiant
2480 985 2696 1040 sibimet
2726 983 2999 1039 vindicare
3026 981 3252 1037 clericos
3280 980 3587 1051 potestatis
3619 980 3813 1036 aliena.

2222 1099 2305 1175 Ut
2331 1098 2659 1175 nulla-pretia
2682 1096 3101 1175 deabap‘tisandis
3128 1094 3623 1175 ronsignandisque
3655 1093 3818 1175 fideli-

2288 1170 2379 1223 bus
2402 1169 2695 1239 exigantur.
2726 1164 2875 1231 Quod
2896 1169 2942 1222 si
2965 1168 3051 1239 qui
3072 1168 3165 1220 hoc
3191 1164 3635 1238 perpetrauerint,
3666 1164 3813 1218 Itono-

2289 1242 2363 1293 ris
2392 1240 2473 1293 sui
2492 1238 2728 1310 periculo
2748 1238 3100 1309 subjucebunt.

2294 1352 2355 1406 V.
2420 1349 2761 1420 Baptizandis
2821 1348 3313 1419 consign‘andisque
3366 1346 3626 1403 fidelibus
3663 1346 3818 1417 pretia

2223 1446 2367 1500 nulla
2397 1440 2695 1513 praahgant,
2722 1458 2821 1498 nec
2842 1442 3175 1497 illationibus
3196 1441 3548 1510 quibuslibet
3575 1439 3821 1510 impositis

2222 1540 2502 1609 exagitare
2520 1536 2741 1606 cupiant
2767 1544 3143 1600 reuascentes,
3168 1534 3442 1603 quoniam
3498 1531 3647 1602 quod
3675 1532 3822 1602 gratis

2223 1630 2538 1700 accipimus,
2570 1628 2735 1696 gratis
2766 1628 2896 1683 dare
2925 1628 3241 1682 mandamur
3262 1625 3497 1697 (Matth.
3518 1625 3602 1695 x).
3627 1622 3691 1677 Et
3717 1624 3822 1678 ideo

2230 1720 2363 1774 nihil
2392 1734 2422 1774 a
2454 1719 2722 1790 prmdictis
2743 1733 2963 1789 prorsus
2994 1720 3211 1785 exigere
3251 1718 3589 1780 moliantur,
3617 1728 3722 1784 quo
3750 1713 3821 1766 vel

2230 1818 2544 1883 paupertate
2564 1818 2791 1880 cogente
2804 1809 3066 1873 deterriti,
3093 1808 3176 1863 vel
3200 1808 3589 1877 indignatione
3604 1805 3823 1861 revocati

2230 1900 2612 1971 redemptionis
2666 1898 2749 1955 sui
2799 1915 2991 1955 causas
3033 1898 3181 1953 adire
3232 1896 3557 1968 despiciant
3590 1914 3602 1949 :
3635 1902 3822 1950 certum

2229 1990 2520 2057 habentes,
2547 1990 2691 2059 quod
2717 1990 2808 2059 qui
2847 1990 3116 2061 prohibita
3145 1988 3487 2059 deprehensi
3524 1987 3719 2045 fuerint
3747 1986 3817 2039 ad-

2229 2079 2461 2147 misisse,
2487 2079 2573 2134 vel
2600 2078 2883 2133 commissa
2914 2094 3020 2133 non
3051 2077 3227 2149 potius
3241 2092 3346 2132 sua
3370 2086 3576 2148 sponte
3600 2088 3820 2132 correxe-

2228 2170 2354 2237 rint,
2387 2171 2685 2242 periculum
2708 2170 2937 2226 subituri
2972 2171 3175 2241 proprii
3200 2169 3317 2225 sint
3342 2169 3599 2225 honoris.

2234 2284 2301 2338 Ut
2347 2285 2629 2354 presbyteri
2678 2284 2885 2337 modum
2927 2282 3153 2337 debitum
3196 2292 3431 2346 servent,
3477 2298 3585 2336 non
3614 2280 3817 2354 chrisma

2298 2348 2598 2423 conﬁciant,
2633 2371 2733 2408 non
2783 2356 3243 2425 consignent,-nec
3299 2362 3569 2425 prmsente
3617 2348 3814 2425 quolibet

2302 2427 2557 2495 episcopo,
2592 2426 2693 2478 nisi
2726 2424 3094 2497 jubeantur-ab
3130 2425 3265 2497 ipso,
3323 2424 3405 2497 vel
3428 2441 3610 2497 orare,
3650 2424 3720 2474 vel
3745 2437 3791 2473 se

2302 2492 2422 2549 dere
2463 2492 2797 2565 prwsumaut,
2833 2510 2923 2548 nec
2968 2494 3282 2565 acolythum,
3325 2496 3406 2549 ret
3460 2492 3813 2548 subdiaconum

2278 2616 2281 2619 .
2304 2568 2518 2639 faciant.

2308 2674 2390 2730 VI.
2436 2674 2548 2731 Nec
2574 2676 2750 2731 minus
2777 2676 2939 2730 etiam
2975 2675 3323 2746 presbyteros
3356 2676 3503 2730 ultra
3543 2688 3693 2731 suum
3713 2685 3813 2725 ino-

2230 2767 2355 2821 dum
2384 2768 2608 2823 tendere
2631 2768 2996 2838 prohibemus,
3033 2782 3132 2823 nec
3161 2767 3469 2838 episcopali
3501 2765 3709 2834 fastigio
3732 2762 3810 2817 de-

2230 2856 2364 2922 bita,
2418 2856 2633 2911 sibimet
2677 2856 2935 2911 audacter
2990 2872 3265 2911 assumere
3302 2874 3318 2909 :
3355 2873 3467 2911 non
3518 2850 3811 2912 conficiendi

2231 2946 2553 3012 chrismatis,
2583 2962 2691 3001 non
2714 2946 3135 3015 consignationis
3157 2944 3496 3015 pontificalis
3519 2943 3810 3000 adhibendas

2232 3037 2448 3092 sibimet
2477 3037 2719 3107 arripere
2745 3038 3058 3092 facultatem
3093 3054 3105 3089 :
3136 3052 3243 3091 non
3286 3046 3567 3106 prmsente
3593 3034 3809 3105 quolibet

2233 3128 2492 3192 antistite,
2522 3128 2624 3181 nisi
2671 3126 2898 3182 fortasse
2941 3127 3254 3196 jubeantur,
3288 3128 3379 3183 vel
3430 3126 3706 3190 orationis,
3736 3122 3807 3177 vel

2233 3217 2461 3271 actionis
2486 3231 2652 3271 sacra:
2699 3224 2987 3286 suppetere
3034 3216 3132 3271 sibi
3163 3224 3503 3286 prmsumant
3526 3215 3804 3274 licentiam,

2235 3324 2407 3378 neque
2432 3308 2531 3365 sub
2552 3308 2667 3377 ejus
2715 3316 2955 3378 aspectu,
2986 3308 3088 3363 nisi
3133 3308 3441 3381 jubeantur
3461 3352 3477 3377 ,
3527 3315 3617 3361 aut
3644 3304 3808 3361 sedero

2232 3406 2575 3469 praesumant,
2605 3406 2697 3453 aut
2734 3398 3063 3455 venerabilia
3113 3407 3356 3457 tractare
3403 3398 3683 3472 mysteria,
3724 3406 3807 3449 nec

2232 3490 2333 3544 sibi
2379 3490 2723 3546 meminerint
2748 3490 2854 3544 ulla
2904 3490 3115 3545 ratione
3164 3492 3419 3557 concedi,
3451 3492 3570 3547 sine
3621 3499 3805 3543 summo

2232 3583 2507 3654 pontifice,
2557 3583 2969 3647 subdiaconum,
3004 3583 3089 3637 vel
3138 3582 3457 3653 acolythum
3502 3582 3591 3652 jus
3630 3579 3806 3634 habere

2233 3673 2487 3741 faciendi;
2522 3690 2622 3731 nec
2675 3690 2898 3745 prorsus
2950 3673 3287 3740 addubitent,
3345 3675 3394 3729 si
3425 3673 3709 3745 quidquam
3750 3663 3805 3719 ad

2233 3766 2542 3837 episcopale
2558 3767 2914 3821 ministerium
2930 3765 3233 3835 specialiter
3259 3767 3547 3835 pertinens
3567 3776 3661 3818 suo
3677 3763 3805 3812 motu

2234 3858 2541 3931 putaverint
2592 3856 3020 3927 exsequendum,
3070 3855 3327 3911 continuo
3389 3870 3450 3910 se
3506 3843 3799 3925 presbyterii

2235 3950 2496 4020 dignitate
2525 3958 2580 4006 et
2629 3965 2783 4006 sacra
2825 3949 3203 4005 communione
3247 3948 3475 4019 privari.
3534 3941 3680 4013 Quod
3706 3933 3804 3991 ﬁeri

2235 4056 2457 4096 necesse
2478 4049 2581 4105 est,
2611 4055 2931 4096 censeamus
2949 4082 2963 4107 ,
2994 4041 3039 4095 si
3068 4056 3253 4096 eorum
3278 4040 3515 4110 prmsule
3537 4035 3802 4109 deferente.

2236 4131 2540 4201 hujusmodi
2564 4131 2721 4188 fuerit
2748 4132 3121 4203 praevaricatio
3152 4133 3540 4201 comprobata,
3572 4139 3668 4181 nec
3703 4122 3803 4191 ipso

2239 4223 2718 4293 eorum-episcopo
2749 4222 2953 4292 aculpa
2982 4221 3360 4285 conniventiae,
3410 4228 3466 4275 et
3498 4216 3695 4272 ultione
3720 4221 3800 4261 va-

2237 4321 2445 4377 caturo,
2476 4313 2521 4368 si
2548 4312 2897 4367 immoderata
2928 4311 3186 4367 facientes
3215 4307 3635 4367 dissimulaverit
3662 4296 3800 4355 vindi-

2238 4418 2381 4459 care.

2241 4515 2489 4570 Similiter
2508 4524 2562 4569 ut
2583 4516 2791 4570 diaconi
2814 4534 3106 4571 mensuram
3135 4517 3398 4585 propriam
3417 4516 3572 4587 juxta
3593 4508 3787 4564 Patrum

2766 4588 2972 4641 decreta
2997 4587 3309 4641 custodiant.

2314 4702 2424 4759 Vll.
2449 4704 2718 4760 Diaconos
2744 4717 2959 4772 quoque
2984 4701 3258 4771 propriam
3302 4698 3672 4756 constituimus
3699 4702 3799 4746 ser-

2243 4809 2371 4848 vare
2392 4809 2723 4859 mensuram,
2756 4808 2857 4847 nec
2878 4792 3015 4846 ultra
3048 4801 3289 4846 tenorem
3332 4788 3574 4861 paternis
3600 4776 3797 4839 canoni-

2244 4884 2344 4939 bus
2373 4885 2683 4953 deputatum
2714 4883 2988 4952 quidpiam
3036 4892 3247 4938 tentare
3291 4880 3663 4953 permittimus,
3685 4865 3797 4925 nihil

2248 4991 2434 5031 eorum
2477 4991 2576 5031 suo
2601 4974 2901 5029 ministerio
2926 4975 3141 5043 penitus
3169 4974 3458 5045 applicare,
3485 4984 3601 5040 qua:
3636 4958 3798 5034 primis

2245 5067 2524 5121 ordinibus
2569 5066 2786 5136 proprie
2823 5065 3065 5120 decrevit
3094 5066 3407 5135 antiquitas,
3459 5063 3657 5128 absque
3700 5048 3798 5119 ep“

2244 5172 2431 5226 scopo,
2448 5156 2532 5211 vel
2546 5157 2859 5225 presbytero
2882 5157 3153 5225 baptizare
3171 5171 3279 5211 non
3300 5156 3549 5215 audeant,
3566 5145 3661 5204 nisi
3682 5152 3797 5211 ιππσ

2244 5247 2400 5301 dictis
2425 5246 2669 5301 fortassis
2720 5244 2912 5301 officiis
2940 5247 3153 5315 longius
3183 5246 3489 5302 constitutis
3530 5231 3797 5295 necessitas

2240 5346 2484 5394 extrema
2524 5337 2830 5407 compellat,
2858 5338 3003 5409 quod
3029 5346 3085 5395 et
3132 5338 3282 5394 laicis
3308 5331 3616 5393 Christianis
3641 5325 3797 5380 facere

2243 5430 2560 5501 plerumque
2582 5429 2913 5485 conceditur.

2246 5538 2397 5604 Quod
2425 5539 2633 5596 diaconi
2664 5542 2717 5595 in
2754 5540 3070 5612 presbyterio
3113 5542 3338 5597 residere
3366 5555 3467 5596 non
3490 5532 3793 5612 ροεάηῖν,¹ἷῗ⁶

2315 5627 2430 5664 cum
2453 5620 2701 5665 tractatus
2733 5606 2947 5665 turbetur
2978 5612 3383 5677 ecclesiasticus,
3426 5606 3516 5664 nec
3542 5606 3671 5658 sacri
3694 5606 3785 5677 cor:

2314 5683 2457 5754 poris
2486 5683 2918 5754 pratrogationem
2948 5681 3291 5753 praesentibus
3317 5674 3530 5736 debeant
3569 5674 3786 5735 mutila"

2314 5752 2642 5823 presbyteris.

2316 5841 2446 5898 Vill.
2476 5841 2592 5899 Non
2623 5844 2675 5900 in
2697 5844 3035 5908 presbvterio
3080 5844 3336 5915 residere.
3362 5856 3480 5900 cum
3517 5833 3681 5892 divina
3708 5832 3783 5875 CC-

3972 4448 3983 4503 ἢ
