4092 6348
292 282 398 337 ὖηῦ

1334 279 1716 335 COLLECTIO
1755 252 2359 337 nscurzronuurr.
2404 285 2516 340 nn.

3446 270 3551 343 sos

293 398 589 461 lebrantur,
621 398 706 454 vel
745 398 1140 454 ecclesiaSticus
1168 397 1397 451 habetur
1434 397 1741 465 quicunque
1766 404 1874 449 tra-
1902 404 1947 457 Α
1980 400 2031 451 in
2055 413 2161 467 quo
2190 400 2483 455 verendum
2513 408 2596 453 est
2619 442 2632 464 ,
2676 415 2744 454 ne
2774 400 2945 454 morbi
2989 406 3265 454 crescente
3309 400 3551 468 periculo
3620 412 3623 418 '

294 498 489 553 ctatus,
514 489 652 544 sacri
682 490 925 561 corporis
956 488 1401 559 prterogationem
1432 487 1530 541 sub
1578 495 1873 556 conspectu

295 579 566 650 pontiﬁcis
592 594 684 633 seu
713 579 1032 650 presbyteri,
1067 579 1165 633 nisi
1187 578 1269 631 his
1298 577 1735 645 abscntibus,jus
1764 592 1873 631 non

295 672 532 727 habeant
560 672 868 727 exercendi.
903 671 1036 726 Cum
1067 671 1210 725 enim
1240 669 1456 724 decreta
1488 670 1873 724 venerabilium

286 763 635 827 rsauctionum
678 776 779 816 nos
805 776 1021 831 quoque
1046 774 1371 829 magnopere
1411 759 1683 815 custodire
1737 759 1875 814 nita-

295 872 440 923 mur,
471 871 535 911 ac
563 856 681 911 sine
728 871 916 911 eorum
942 856 1222 925 dispendio
1264 855 1429 911 etiam
1473 855 1585 920 illa,
1612 871 1732 924 quae
1776 871 1874 925 pro

294 946 521 1015 alicujus
586 947 833 1003 utilitatis
915 948 1141 1003 fortasse
1216 947 1535 1019 compendio
1596 948 1878 1003 videantur

297 1037 553 1105 laxanda,
575 1038 876 1093 credamus.

301 1145 455 1213 Quod
475 1149 757 1219 apostolica
784 1166 930 1205 senes
952 1160 1192 1221 paternos
1225 1168 1450 1207 canones
1480 1153 1566 1223 pio
1591 1151 1761 1206 studio
1790 1152 1878 1205 de-

835 1230 1049 1293 uotoque
1073 1224 1349 1276 custodiat.

374 1306 466 1361 1X.
498 1305 739 1378 Cumque
781 1311 937 1365 nobis
966 1319 1152 1367 contra
1179 1311 1493 1367 salutarium
1521 1312 1879 1368 reverentiam

297 1400 605 1468 regularum
630 1402 909 1472 cupiamus
937 1411 1143 1458 temere
1171 1404 1303 1458 nihil
1331 1404 1494 1460 licere
1512 1447 1526 1470 ,
1555 1413 1609 1458 et
1645 1420 1767 1459 cum
1790 1420 1879 1459 se-

299 1491 402 1545 des
447 1492 742 1561 apostolica
773 1509 935 1563 super
963 1494 1045 1547 his
1074 1495 1322 1550 omnibus
1369 1494 1581 1551 favente
1633 1495 1880 1563 Domino,

298 1595 422 1649 qua:
449 1582 686 1649 paternis
710 1584 1005 1639 canouibus
1033 1593 1157 1639 sunt
1179 1585 1418 1653 praefixa,
1471 1587 1559 1656 pio
1581 1585 1883 1656 devotoque

299 1671 516 1726 studeat
544 1680 731 1728 tenere
751 1675 1048 1742 proposito,
1075 1676 1207 1730 satis
1252 1675 1526 1744 indignum
1569 1685 1652 1732 est
1698 1693 1884 1746 quem-

1977 489 2092 544 sine
2116 491 2359 544 remedio
2388 490 2609 545 salutari
2655 491 2900 547 fortassis
2925 500 3192 560 mgrotans
3220 488 3382 546 exitio
3415 502 3527 559 pm

1974 588 2165 634 ventus
2191 579 2461 634 abscedat.
2554 608 2572 617 —

1978 686 2404 758 Presbyterorum
2428 697 2475 741 et
2502 690 2834 744 diaconorum
2863 690 3217 746 ordinationes
3243 690 3393 744 certis
3418 676 3552 745 cele-

2408 758 2552 812 brari
2590 777 2737 829 posse
2775 761 3103 830 temporibus.

2052 848 2144 905 Xl.
2205 848 2585 906 Ordinationes
2615 853 2777 907 etiam
2824 851 3262 923 presbyterorum
3302 850 3556 906 diacono-

1972 958 2209 1011 .rumque
2257 943 2358 999 nisi
2388 945 2550 998 certis
2599 944 2930 1014 temporibus
2965 951 3022 999 et
3062 942 3253 997 diebus
3298 944 3555 998 exercere

1980 1049 2087 1088 non
2111 1032 2362 1097 debeant,
2395 1034 2446 1088 id
2492 1043 2574 1089 est
2598 1034 2753 1105 primi
2799 1043 2853 1089 et
2879 1032 3056 1103 quarti
3094 1033 3293 1088 mensis
3329 1032 3554 1101 jejunio,

1982 1124 2194 1193 septimi
2224 1134 2279 1179 et
2306 1124 2498 1180 decimi
2530 1144 2540 1177 :
2571 1126 2663 1179 sed
2693 1126 2855 1179 etiam
2884 1122 3361 1193 quadragesimalis
3383 1122 3552 1185 initii.

1983 1227 2047 1267 ac
2076 1212 2322 1267 mediana
2349 1212 2782 1282 Quadragesimae
2820 1215 2925 1279 die,
2951 1213 3159 1269 sabbati
3185 1212 3387 1282 jejunio
3416 1211 3558 1266 circa

1982 1315 2264 1369 vesperam
2314 1303 2526 1357 noverit
2552 1302 2920 1357 celebrandas.
2950 1302 3059 1357 Nec
3102 1302 3391 1371 cujuslibet
3415 1300 3561 1354 utili-

1985 1392 2300 1471 tatis_causa
2330 1410 2424 1449 seu
2455 1395 2825 1466 presbyterum
2842 1437 2858 1462 ,
2880 1411 2975 1450 seu
2998 1395 3284 1450 diaconum
3312 1394 3396 1450 bis
3420 1407 3561 1463 pra:-

1985 1481 2147 1550 ferre,
2176 1483 2267 1551 qui
2296 1492 2421 1539 ante
2443 1486 2588 1555 ipsos
2616 1483 2815 1540 fuerint
2839 1485 3091 1540 ordinati.

2169 1595 2237 1650 Ut
2258 1598 2492 1667 prce/iris
2516 1596 2691 1652 diebus
2713 1599 2936 1669 virgines
2958 1613 3122 1653 sacra-3
3141 1597 3385 1651 velentur.

2060 1686 2172 1741 ΧΠ.
2204 1687 2423 1743 Devotis
2461 1703 2675 1759 quoque
2726 1689 3036 1757 virginibus,
3068 1688 3171 1742 nisi
3198 1697 3290 1742 aut
3334 1688 3387 1742 in
3435 1685 3562 1758 Epi-

298 1775 464 1829 quam
490 1761 572 1815 vel
605 1761 913 1831 pontiﬁcum
938 1765 1020 1820 vel
1042 1765 1287 1820 ordinum
1306 1767 1725 1836 subsequentur“
1749 1768 1886 1824 hanc
1922 1773 1962 1831 Β
1990 1778 2327 1846 phaniorum,
2359 1786 2453 1832 aut
2474 1778 2528 1831 in
2557 1777 2693 1833 albis
2736 1777 3103 1843 Paschalibus,
3134 1785 3225 1831 aut
3252 1777 3305 1831 in
3330 1776 3564 1847 Aposto-

301 1850 701 1905 observantiam
748 1851 1002 1919 refutare,
1044 1870 1204 1924 quam
1246 1854 1392 1910 beati
1417 1854 1560 1911 Petri
1602 1857 1785 1912 sedem
1830 1866 1885 1913 et

302 1940 461 2007 sequi
489 1940 688 2007 videat,
730 1950 786 1997 et
812 1942 1006 1998 docere
1036 1962 1048 1997 :
1081 1947 1321 2016 satisque
1350 1948 1677 2002 conveniens
1706 1949 1796 2016 sit,
1827 1960 1886 2002 ut

302 2043 478 2090 totum
507 2052 703 2106 corpus
734 2037 987 2093 Ecclesize
1028 2039 1080 2094 in
1122 2040 1224 2094 hac
1252 2040 1466 2096 sibimet
1509 2041 1885 2097 observatione

300 2130 619 2196 concordet,
643 2128 803 2200 quam
835 2132 944 2187 illic
973 2132 1154 2202 vigere
1179 2134 1494 2203 conspiciat,
1521 2134 1609 2187 ubi
1633 2132 1886 2188 Dominus

301 2220 559 2278 Ecclesia:
586 2224 751 2280 totius
780 2225 959 2294 posuit
997 2226 1382 2295 principatum.
1427 2226 1648 2282 Dicente
1702 2236 1881 2281 autem

301 2316 604 2385 Scriptura,
640 2317 895 2371 Ordinate
922 2320 978 2373 in
1003 2335 1084 2372 me
1106 2319 1430 2385 charitatem,
1453 2328 1508 2374 et
1525 2321 1672 2385 item,
1696 2319 1888 2374 Omnia

305 2423 425 2459 cum
451 2407 634 2460 ordine
663 2409 795 2477 ﬁant
819 2407 873 2480 (l
897 2407 1095 2463 Corint.
1128 2412 1275 2477 xrv);
1304 2420 1465 2479 atque
1508 2410 1701 2464 iterum
1736 2410 1887 2465 Psal-

302 2497 467 2550 tnista
491 2499 832 2567 praedicante,
864 2498 1191 2555 Circumdale
1220 2501 1351 2555 Sion
1372 2542 1388 2566 ,
1413 2511 1463 2554 et
1491 2502 1888 2568 complectimini

303 2606 441 2649 eam,
468 2599 679 2643 narrate
706 2592 761 2645 in
809 2591 1034 2646 turribus
1063 2593 1175 2663 ejus
1196 2635 1210 2659 ,
1233 2593 1409 2661 ponite
1447 2592 1605 2646 corda
1638 2603 1806 2646 vestra
1831 2594 1887 2647 in

305 2682 493 2734 rirtute
522 2681 652 2751 ejus,
675 2692 724 2735 et
754 2683 1045 2737 distribuite
1068 2684 1258 2755 gradus
1289 2686 1427 2753 ejus,
1458 2692 1514 2736 ut
1558 2684 1808 2738 enarretis
1833 2686 1886 2738 in

305 2774 552 2843 progenie
580 2776 763 2839 altera,
791 2777 1035 2845 quoniam
1077 2777 1156 2829 hic
1182 2785 1258 2830 cst
1283 2775 1422 2830 Deus
1440 2817 1455 2841 ,
1480 2775 1617 2831 Deus
1640 2787 1814 2831 noster
1832 2780 1888 2832 in

308 2875 591 2928 teternum,
620 2876 670 2921 et
718 2869 827 2937 ipse
854 2876 993 2939 reget
1022 2885 1118 2922 nos
1163 2870 1217 2922 in
1260 2871 1449 2923 stewla
1501 2869 1671 2934 (Psal.
1699 2869 1884 2941 xnvu),

308 2956 401 3011 hic
448 2957 636 3027 procul
676 2957 869 3023 dubio,
900 2959 992 3028 qui
1021 2959 1075 3013 in
1127 2959 1609 3014 ecclesiasticarum
1642 2968 1891 3015 narratur

309 3048 589 3105 altitudine
628 3050 968 3119 dignitatum,
1002 3061 1057 3107 et
1085 3053 1135 3106 in
1164 3053 1316 3121 cujus
1358 3053 1557 3120 virtute
1585 3054 1736 3108 bonis
1759 3071 1888 3125 ope-

1988 1868 2161 1921 lorum
2185 1868 2450 1922 natalibus
2477 1870 2690 1923 Sacrum
2724 1870 2943 1923 minime
2968 1868 3213 1924 velamen
3244 1868 3520 1938 imponant
3548 1886 3560 1919 :

1988 1957 2087 2011 nisi
2116 1956 2363 2021 forsitan,
2395 1959 2533 2013 sicut
2562 1958 2628 2013 de
2671 1958 2994 2028 baptismate
3019 1958 3222 2013 dictum
3277 1967 3387 2024 est,
3417 1957 3564 2025 gravi

1987 2048 2247 2115 languore
2273 2048 2553 2119 correptis,
2587 2065 2655 2104 ne
2705 2051 2821 2104 sine
2869 2050 2972 2104 hoc
3015 2062 3238 2105 munere
3274 2046 3341 2103 de
3368 2046 3564 2102 smculu

1987 2147 2203 2206 exeant,
2232 2138 2645 2210 implorantibus
2673 2155 2778 2194 non
2810 2149 3054 2209 negetur.

2455 2250 2524 2305 Ut
2547 2250 2711 2306 vidua:
2733 2268 2835 2305 non
2859 2251 3103 2305 velentur.

2060 2340 2195 2396 XIII.
2224 2342 2424 2398 Viduas
2444 2352 2625 2397 autem
2650 2343 2828 2397 velare
2854 2342 3166 2412 pontiﬁcum
3190 2341 3367 2399 nullus
3393 2351 3539 2397 atten

1990 2439 2068 2486 tet
2098 2449 2111 2485 :
2144 2431 2285 2501 quod
2308 2446 2409 2486 nec
2448 2433 2743 2487 auctoritas
2768 2432 2950 2486 divina
2996 2432 3227 2501 delegat,
3271 2448 3373 2487 nec
3401 2449 3540 2488 cano

1992 2538 2121 2577 num
2148 2522 2321 2577 forma
2350 2522 2653 2592 praestituit.
2685 2522 2803 2578 Non
2854 2531 2938 2579 est
2992 2537 3122 2592 ergo
3170 2524 3385 2593 penitus
3414 2539 3567 2578 usur-

1990 2616 2244 2687 pandum,
2269 2615 2453 2684 eisque
2481 2615 2559 2670 sic
2587 2616 2949 2670 ecclesiast'ca
2986 2622 3110 2670 sunt
3136 2613 3409 2671 inferenda
3438 2630 3567 2686 prce

1990 2706 2155 2772 sidia,
2188 2715 2245 2760 ut
2277 2706 2407 2760 nihil
2433 2706 2801 2760 committatur
2828 2706 3095 2760 illicitum.

1996 2818 2065 2873 Ut
2085 2816 2256 2871 nullus
2286 2815 2476 2887 prcesul
2503 2814 2582 2869 vel
2606 2813 2995 2887 Ecclesiae,‘vel
3022 2815 3320 2887 monasterii
3344 2830 3564 2887 servum,

2064 2897 2154 2942 aut
2180 2884 2520 2957 orig'inarium
2542 2884 2830 2957 nolentibus
2866 2885 3091 2938 dominis
3129 2884 3567 2957 subjuominejre-

2063 2960 2247 3028 tigioso
2261 2954 2553 3028 defendat;
2586 2956 2797 3028 [tenoris
2818 2966 2867 3008 et
2894 2954 3567 3028 coinnutnionispericulum

2063 3025 2573 3097 subiturus'quisquis
2599 3025 2693 3078 hoc
2714 3035 3010 3095 perpetrare
3037 3025 3327 3079 tentaverit.

310 3139 460 3193 ribus
486 3139 647 3193 corda
675 3114 919 3209 ponenda
946 3114 1088 3203 sunt,
1114 3114 1362 3211 gradibus
1390 3114 1571 3213 utique
1592 3114 1887 3200 distributis
1914 3151 1957 3211 C
2066 3117 2204 3174 xw°
2232 3115 2511 3173 cenemus
2537 3116 2697 3213 etiam
2720 3116 2954 3187 querela:
2974 3114 3189 3213 vitam]?
3217 3114 3566 3213 Ρηδξδωηρξὶο

310 3232 523 3289 cunctis
550 3232 693 3288 Deus
721 3242 924 3300 noster,
959 3243 1014 3289 et
1055 3244 1234 3289 rector
1281 3236 1494 3306 p0pulis
1524 3233 1890 3305 pnedicandus

314 3331 402 3377 est
439 3320 783 3391 Christianis,
818 3325 906 3380 ubi
956 3341 1117 3381 nemo
1146 3326 1361 3382 sibimet
1413 3328 1614 3397 aliquid
1662 3330 1894 3385 aestimet

313 3414 651 3469 imminutum
686 3435 699 3471 :
728 3433 848 3472 cum
879 3426 934 3473 et
967 3418 1034 3472 de
1077 3419 1493 3488 uniuscujusque
1521 3419 1717 3488 gradus
1764 3436 1891 3492 per-

314 3504 548 3560 fertione
573 3506 645 3560 nil
665 3507 897 3576 deperit,
923 3517 977 3563 et
1003 3510 1389 3563 convenienter
1411 3509 1719 3575 retinendo,
1750 3512 1894 3580 quod

314 3596 520 3651 cmlesti
550 3597 953 3667 dispensatione
999 3600 1255 3655 collatum
1284 3610 1384 3668 est,
1418 3603 1621 3674 pariter
1648 3605 1803 3658 nobis
1840 3612 1896 3659 et

314 3691 731 3757 cognoscibilem
763 3691 930 3746 Deum
962 3693 1097 3757 fieri,
1126 3704 1181 3748 et
1209 3695 1393 3749 tribuit
1434 3710 1556 3752 esse
1603 3706 1891 3754 rectorem.

313 3776 447 3833 Nam
478 3789 528 3833 et
572 3781 616 3835 si
658 3781 787 3849 quid
818 3782 1123 3852 indulgetur
1152 3785 1219 3839 de
1252 3793 1552 3855 temporum
1598 3790 1896 3856 quantitate

313 3872 554 3927 moribus
578 3882 865 3942 aggregata
888 3875 1207 3930 strenuitate
1239 3886 1500 3945 pensatur
1524 3896 1537 3930 :
1570 3878 1616 3933 si
1644 3880 1766 3934 vitae
1782 3879 1895 3948 jam

312 3964 595 4032 proposito
644 3966 971 4029 continetur,
1001 3966 1144 4036 quod
1193 3969 1459 4037 protelata
1516 3969 1693 4025 fuerat
1736 3980 1897 4027 astate

313 4053 638 4120 curandum,
665 4054 955 4112 dummodo
977 4056 1065 4111 illa
1088 4056 1392 4112 nullatenus
1416 4058 1748 4114 dissimulata
1772 4062 1897 4115 sub.

312 4144 515 4213 ripiant
547 4163 559 4199 :
592 4161 819 4215 quorum
850 4148 1125 4219 quodlibet
1165 4148 1219 4201 in
1274 4162 1394 4203 esse
1422 4148 1677 4204 claruerit
1704 4152 1897 4207 merito

314 4234 652 4289 clcricalibns
674 4235 854 4291 infulis
877 4237 1267 4307 reprobabilem
1297 4239 1582 4294 convincat
1623 4254 1742 4295 esse
1768 4255 1898 4310 per-

314 4342 524 4380 sonam.
571 4326 679 4383 Etsi
709 4328 797 4382 illa
846 4344 1229 4399 nonnunquam
1260 4330 1482 4385 sinenda
1528 4340 1672 4395 sunt,
1705 4347 1824 4402 qua:
1851 4332 1899 4387 si

316 4425 636 4472 exterarum
684 4426 895 4474 constet
946 4420 1225 4489 integritas
1249 4462 1265 4488 ,
1292 4420 1406 4475 sola
1436 4436 1633 4475 nocere
1659 4437 1771 4477 non
1800 4437 1896 4477 va-

1994 3223 2075 3268 est
2100 3255 2112 3278 ,
2157 3226 2262 3282 qua
2311 3206 2707 3281 propemodum
2754 3218 3045 3264 causantur
3085 3208 3319 3263 universi
3368 3208 3568 3279 passim

1993 3323 2201 3373 servos,
2226 3316 2281 3361 et
2309 3304 2628 3374 originarios
2647 3304 2985 3360 dominorum
3001 3302 3124 3373 jura
3153 3301 3571 3373 possessionem-

1992 3420 2098 3476 que
2126 3404 2393 3473 fugientes
2444 3401 2543 3457 sub
2570 3401 2835 3470 religiosa:
2890 3402 3320 3457 conversationis
3347 3400 3569 3457 obtentu

1994 3498 2076 3551 vel
2124 3496 2191 3552 ad
2220 3496 2546 3551 monasteria
2576 3510 2696 3551 sese
2747 3493 3013 3560 conferre,
3045 3493 3128 3549 vel
3155 3494 3221 3549 ad
3251 3493 3572 3549 ecclesiasti-

1994 3602 2114 3642 cum
2144 3585 2479 3651 famulatum,
2512 3585 2885 3641 cohibentibus
2911 3599 3128 3655 quoque
3157 3583 3470 3655 praesulibus
3491 3584 3570 3638 iu-

1995 3677 2305 3733 diﬂ‘erenter
2336 3678 2563 3733 admitti.
2598 3675 2726 3745 Qua:
2774 3677 2948 3732 modis
2999 3677 3250 3733 omnibus
3294 3686 3375 3732 est
3421 3692 3576 3732 auto-

1996 3769 2167 3824 venda
2218 3770 2487 3839 pernicies
2514 3788 2526 3823 :
2554 3785 2621 3825 ne
2656 3785 2754 3839 per
2779 3769 3070 3824 Christiani
3100 3770 3332 3826 nominis
3360 3767 3575 3823 institu-

1997 3870 2109 3915 tum
2138 3871 2230 3916 aut
2259 3862 2433 3916 aliena
2476 3861 2718 3933 pervadi,
2751 3869 2843 3916 aut
2870 3861 3084 3931 publica
3128 3860 3373 3917 videatur
3411 3859 3571 3917 disci-

1997 3955 2141 4025 plina
2183 3954 2441 4009 subverti.
2472 3952 2743 4023 Pmecipue
2770 3996 2785 4020 ,
2816 3968 2937 4008 cum
2965 3968 3065 4009 nec
3095 3953 3264 4023 ipsam
3292 3953 3571 4009 ministerii

1997 4044 2262 4100 clericalis
2286 4044 2389 4099 hac
2417 4044 2743 4117 obligatione
2780 4042 2984 4097 ‘fuscari
3014 4044 3301 4099 conveniat
3345 4042 3572 4111 dignita-

1998 4147 2128 4205 tem,
2158 4146 2489 4205 cogaturque
2516 4150 2615 4206 pro
2659 4142 2805 4189 statu
2848 4135 3190 4189 militantium
3220 4134 3319 4191 sibi
3337 4175 3351 4198 ,
3380 4134 3573 4190 condio

1998 4232 2252 4305 tioneque
2270 4229 2495 4299 jurgari,
2519 4236 2612 4283 aut
2633 4227 2801 4283 videri
2828 4226 2995 4299 (quod
3022 4227 3180 4300 absit)
3203 4226 3435 4283 obnoxia
3453 4228 3576 4297 qui-

1998 4329 2101 4383 bus
2135 4327 2367 4383 sollicita
2423 4331 2793 4397 competenter
2844 4322 3223 4379 interdictione
3270 4322 3573 4395 prohibitis.

2002 4418 2253 4492 Quisquis
2293 4418 2595 4489 episcopus,
2627 4415 2926 4487 presbyter,
2956 4415 3237 4482 diaconus,
3268 4416 3355 4472 vel
3383 4430 3569 4472 eorun‘

313 4507 501 4561 leant:
534 4508 623 4563 illa
654 4517 830 4564 tamen
854 4518 980 4564 sunt
1006 4526 1335 4582 magnopere
1363 4512 1747 4584 praecavenda,
1777 4528 1897 4583 quas
1929 4534 1970 4590 υ
2002 4512 2093 4581 qui
2120 4508 2463 4565 monasteriis
2488 4521 2722 4578 prreesse
2765 4515 3079 4568 noscuntur.
3106 4506 3410 4577 bujusmodi
3456 4521 3581 4580 per-

314 4598 483 4669 recipi
510 4599 627 4654 sine
666 4598 946 4655 manifesta
978 4599 1384 4657 decoloratione
1411 4618 1519 4657 non
1548 4612 1789 4674 possunt.
1821 4606 1898 4661 Ac

312 4687 360 4742 si
384 4703 447 4743 ea
471 4689 603 4758 ipsa,
621 4704 741 4759 qua:
763 4691 910 4745 nullo
930 4691 1254 4747 detrimento
1277 4693 1562 4761 aliquoties
1582 4693 1901 4762 indulgenda

314 4777 643 4842 creduntur,
686 4779 771 4833 vel
800 4795 980 4834 rerum
1021 4789 1435 4850 temporumque
1465 4784 1611 4850 cogit
1654 4783 1898 4846 intuitus,

316 4867 408 4920 vel
431 4868 745 4923 accelerate
766 4872 1090 4939 provisionis
1112 4880 1389 4941 respectus
1417 4880 1642 4926 excusat
1664 4889 1676 4925 :
1702 4880 1903 4941 quanto

318 4959 494 5027 magis
523 4960 610 5013 illa
660 4963 967 5018 nullatenus
1011 4963 1302 5017 mutilanda
1348 4970 1492 5027 sunt,
1524 4977 1642 5031 qua:
1671 4978 1770 5030 nec
1798 4962 1901 5017 ulla

320 5049 641 5117 necessitas,
682 5068 783 5108 nec
812 5053 1175 5110 ecclesiastica
1203 5068 1424 5125 prorsus
1472 5061 1759 5121 extorquet
1800 5055 1904 5108 uti-

315 5143 481 5198 litas?

316 5254 387 5312 Ut
419 5266 608 5327 prwter
627 5258 872 5329 paschale
913 5267 1133 5328 tempus,
1157 5258 1234 5311 vel
1257 5257 1595 5311 I’entecosten
1630 5274 1779 5311 nemo
1804 5258 1898 5329 ba-

386 5330 588 5397 ptizare
611 5328 911 5399 praesumat,
938 5330 1038 5382 nisi
1060 5344 1234 5382 omnes
1267 5338 1464 5381 tantum
1493 5344 1619 5397 quos
1649 5328 1901 5399 (egritudo

387 5410 619 5453 extrema
647 5400 974 5469 compulerit.

390 5510 458 5567 Χ.
505 5510 816 5584 Baptizandi
868 5513 968 5567 sibi
1012 5513 1276 5583 quispiam
1335 5512 1531 5583 passim
1584 5525 1906 5580 quocunque

315 5613 564 5672 tempore
590 5605 790 5660 nullam
824 5600 1006 5659 credat
1037 5605 1212 5659 inesse
1254 5603 1527 5669 fiduciam,
1578 5611 1777 5672 praeter
1808 5600 1907 5655 Pa-

316 5695 506 5751 schale
537 5695 758 5760 festum,
802 5705 856 5751 et
884 5692 1239 5750 Pentecosten
1269 5694 1573 5749 venerabile
1602 5708 1909 5748 sacramen-

320 5798 459 5859 tum,
487 5796 720 5860 excepto
748 5787 1009 5845 duntaxat
1036 5786 1333 5857 gravissimi
1362 5785 1634 5853 languoris
1663 5784 1907 5846 incursu,

2002 4618 2165 4658 sonas
2207 4600 2350 4672 apud
2381 4615 2439 4655 se
2470 4607 2718 4655 tenentes
2755 4613 2863 4653 non
2910 4597 3269 4654 restituendas
3316 4600 3577 4669 patronis,

2005 4700 2096 4748 aut
2124 4692 2378 4761 deinceps
2406 4691 2489 4745 vel
2519 4690 2900 4746 ecclesiasticae
2922 4691 3187 4759 servituti,
3208 4690 3292 4747 vel
3319 4691 3581 4761 religiosis

2004 4780 2513 4852 congregationibus
2540 4780 2847 4850 putaverint
2875 4780 3238 4850 applicandas,
3269 4781 3371 4836 nisi
3401 4781 3582 4836 volun-

2009 4882 2118 4928 tate
2149 4873 2373 4928 forsitan
2420 4871 2760 4925 dominorum
2791 4871 2887 4925 sub
2936 4871 3225 4942 Scriptum
3273 4874 3581 4926 testimonio

2008 4965 2254 5036 primitus
2282 4962 2574 5023 absolutas,
2599 4969 2692 5015 aut
2717 4960 2952 5028 legitima
2980 4962 3341 5017 transactione
3367 4976 3585 5015 conces-

2010 5071 2139 5111 sas:
2175 5055 2471 5125 perieulum
2502 5068 2560 5109 se
2613 5054 2836 5108 honoris
2879 5054 3085 5122 proprii
3129 5069 3234 5107 non
3288 5054 3582 5121 ambigant,

2008 5146 2511 5213 conununionisque
2553 5144 2852 5211 subituros,
2877 5145 2922 5198 si
2970 5159 3134 5214 super
3164 5146 3263 5198 hac
3292 5158 3353 5198 re
3404 5143 3585 5211 cujus-

2009 5253 2169 5307 quam
2193 5252 2359 5292 verax
2411 5251 2509 5290 nos
2557 5236 2777 5305 querela
2807 5230 3117 5304 pulsaverit.
3156 5232 3359 5299 Magnis
3387 5233 3586 5303 quippe

2010 5328 2199 5382 studiis
2247 5324 2541 5381 secundum
2569 5325 2786 5380 beatum
2816 5321 3132 5393 Apostolum
3175 5320 3582 5391 praecavendum

2011 5425 2122 5482 est,
2154 5432 2222 5472 ne
2271 5414 2424 5479 fides.
2475 5422 2533 5470 et
2580 5412 2866 5482 disciplina
2922 5409 3136 5466 Domini
3186 5409 3579 5481 blasphemetur

2013 5508 2191 5581 (Rom.
2222 5524 2342 5572 xiv;
2368 5506 2393 5560 Ι
2420 5506 2551 5559 Tim.
2578 5505 2675 5573 vr).

2018 5619 2085 5675 Ut
2131 5620 2305 5675 clerici
2353 5618 2523 5672 nullas
2567 5616 2941 5685 negotiationes
2980 5614 3281 5670 inhonestus
3314 5619 3366 5669 et
3413 5616 3587 5686 turpia

2336 5698 2339 5699 '
2576 5690 2719 5740 lucra
2746 5694 3023 5741 sectentur.

2086 5779 2199 5837 XV.
2224 5778 2572 5848 Consequens
2617 5775 2749 5842 fuit,
2774 5784 2832 5833 ut
2878 5776 2964 5832 illa
2995 5792 3230 5849 quoque,
3257 5790 3377 5848 qua:
3405 5775 3472 5833 de
3501 5774 3559 5831 Pi
