4092 6348
496 296 600 357 507

1773 277 2128 337 DIONYSIUS
2168 272 2485 331 EXIGUUS.

3653 256 3763 314 ’ἀρε

499 410 615 468 coni
638 392 879 480 partibus
916 421 1089 477 nuper
1108 404 1175 460 ad
1204 419 1302 459 nos
1348 400 1511 456 missa
1540 398 1734 454 relatio
1779 394 2068 456 nuntiavit,
2104 398 2147 451 Λ
2180 404 2340 457 quam
2390 400 2557 441 sacrte
2611 379 2961 453 professionis
3020 377 3249 441 oblitos,
3289 373 3771 446 prtevaricatores-

500 518 607 557 non
637 500 1007 570 praetereunda
1038 505 1378 569 putaremus,
1412 492 1464 547 id
1492 499 1575 547 est
1615 490 1875 560 plurimos
1913 485 2077 541 cleri-

503 608 692 648 corum
718 588 1176 659 negotiationibus
1207 584 1538 648 inhonestis,
1568 591 1621 635 et
1650 580 1815 635 lucris
1837 576 2082 646 turpibus

507 684 815 750 imminere,
857 681 1005 737 nullo
1058 678 1266 749 pudore
1294 683 1576 731 cernentes
1605 671 1967 740 evangelicum
2008 668 2083 721 le-

512 776 771 839 etionem,
800 774 927 843 quia
983 771 1097 841 ipse
1127 770 1383 823 Dominus
1436 766 1802 835 negotiatores
1831 778 1861 816 e
1885 760 2086 829 templo

510 868 825 923 verberatos
859 864 1087 932 ﬂagellis
1117 862 1375 916 asseritur
1404 860 1672 929 expulisse
1701 854 1917 926 (Matth.
1941 869 2084 917 xxu;

511 958 669 1013 Joan.
701 956 782 1026 ιι).
810 955 918 1010 Nec
948 952 1196 1022 Apostoli
1219 957 1379 1005 verba
1410 949 1730 1011 recolentes,
1749 945 1943 1013 quibus
1972 943 2047 996 ait
2073 959 2085 994 :

514 1048 685 1102 Nemo
711 1047 950 1101 militans
984 1044 1095 1097 Deo
1135 1042 1373 1111 implicat
1402 1055 1461 1094 se
1488 1038 1719 1105 negotiis
1748 1033 2093 1089 saecularibus

518 1137 607 1206 (II
640 1137 772 1191 Tim.
798 1139 878 1203 ιι).
911 1134 1249 1188 Psalnristaru
1277 1146 1491 1202 quoque
1540 1128 1707 1183 David
1748 1126 1907 1180 surda
1938 1123 2095 1178 dissi—

518 1228 784 1281 mulantes
805 1241 935 1279 aure
959 1232 1265 1279 cantantem
1293 1241 1304 1273 :
1329 1220 1593 1287 Quoniam
1626 1234 1732 1272 non
1761 1216 1987 1285 cognovi
2011 1228 2099 1268 ne-

521 1317 866 1386 gotiationes,
893 1316 1123 1369 iutroibo
1151 1315 1203 1367 in
1222 1313 1490 1383 potentias
1510 1309 1719 1363 Domini
1746 1306 1917 1377 (Psal.
1945 1304 2095 1374 Lxx);

525 1407 756 1476 proinde
786 1405 1086 1475 huiusmodi
1118 1413 1211 1458 aut
1240 1404 1307 1457 ab
1356 1402 1586 1468 indignis
1632 1399 1854 1468 posthac
1881 1393 2101 1463 qumsti-

525 1500 623 1553 bus
650 1498 903 1553 noverint
943 1495 1336 1559 abstinendum,
1364 1502 1420 1549 et
1440 1494 1508 1546 ab
1537 1492 1785 1547 omnibus
1814 1486 2103 1555 cujuslibet

525 1590 909 1660 negotiationis
958 1589 1184 1658 ingeniis
1213 1628 1228 1653 ,
1288 1586 1688 1656 cupiditateque
1734 1578 2055 1635 cessandum
2085 1615 2101 1642 ,

526 1686 690 1740 autin
712 1700 1033 1755 quocunque
1064 1682 1229 1751 gradu
1277 1682 1385 1735 sint
1412 1680 1593 1749 positi,
1627 1692 1751 1731 mox
1782 1691 1811 1728 a
1835 1671 2105 1729 clericali-

2180 492 2284 545 que
2323 476 2495 530 sancti
2536 472 2798 544 propositi
2838 468 3023 540 procul
3065 466 3227 521 dubio
3271 463 3684 521 submovendas.

2183 586 2336 652 Quod
2364 587 2632 642 dwmoniis
2658 585 2875 651 aliisque
2896 578 3221 652 passionibus
3241 579 3453 632 irretitis
3474 575 3767 632 ministeria

2590 670 2741 709 sacra
2780 650 3005 706 tractare
3043 666 3145 704 non
3177 650 3345 703 liceat.

2256 748 2400 803 XIX.
2431 745 2612 816 Usque
2655 744 2791 799 adeo
2820 757 2951 797 sane
2979 742 3340 810 comperimus
3388 738 3575 794 illicita
3621 752 3772 804 mrte-

2189 855 2295 910 que
2322 850 2699 908 prorumpere,
2724 842 2785 887 ut
2806 832 3082 887 daemoniis
3108 830 3476 897 similibusque
3502 827 3774 897 passioni-

2190 933 2289 987 bus
2328 929 2548 985 irretitis
2595 925 2891 981 ministeria
2920 930 3262 979 sacrosancta
3294 928 3523 974 tractare
3565 918 3777 971 tribua-

2194 1032 2297 1085 tur,
2324 1020 2518 1089 quibus
2544 1018 2589 1073 si
2630 1019 2682 1071 in
2712 1018 2817 1071 hoc
2845 1030 3011 1085 opere
3056 1012 3245 1083 positis
3286 1010 3487 1079 aliquid
3536 1008 3777 1079 propria:

2196 1112 2532 1169 necessitatis
2552 1117 2820 1171 occurrat,
2845 1108 2965 1175 quis
2986 1105 3054 1161 de
3073 1120 3169 1160 sua
3192 1104 3423 1158 ﬁdelium
3451 1102 3625 1156 salute
3646 1115 3784 1155 eon-

2199 1204 2345 1269 Iidat,
2382 1203 2469 1257 ubi
2517 1201 2793 1255 ministros
2837 1198 2982 1275 ipsos
3010 1194 3579 1252 curationis'humanae
3627 1200 3782 1244 tanta

2198 1294 2536 1365 perspexerit
2564 1292 2871 1347 calamitate
2900 1289 3125 1343 vexari?
3168 1286 3344 1356 Atque
3371 1284 3493 1339 ideo
3524 1299 3785 1338 necessa-

2201 1390 2283 1442 rio
2340 1385 2652 1441 removendi
2702 1392 2857 1448 sunt,
2910 1398 2980 1437 ne
3027 1379 3392 1450 quibuslibet,
3438 1392 3538 1446 pro
3587 1375 3789 1444 quibus

2202 1481 2447 1537 Christus
2469 1488 2552 1535 est
2572 1486 2836 1542 mortuus,
2865 1475 3179 1530 scandalum
3219 1478 3506 1540 generetur
3534 1465 3791 1522 inﬁrmis.

2206 1576 2488 1631 Postremo
2529 1572 2575 1627 si
2615 1584 2843 1640 corpore
2880 1566 3177 1623 sarrciatum
3222 1562 3477 1621 fortassis,
3510 1566 3605 1613 aut
3631 1557 3793 1613 debi-

2209 1667 2312 1722 lem
2337 1678 2676 1734 nequaquam
2706 1668 2891 1714 sancta
2921 1658 3234 1724 contingere
3262 1653 3349 1708 lex
3378 1652 3557 1706 divina
3580 1649 3792 1719 permi-

527 1779 626 1833 lius
671 1739 863 1833 olliciis
889 1739 1163 1831 abstinere
1192 1739 1471 1841 cogantur,
1505 1739 1761 1840 quoniam
1789 1766 1981 1819 domus
2011 1762 2103 1816 Dei
2136 1769 2183 1827 Β
2208 1759 2278 1812 sit
2327 1756 2505 1821 (Rom.
2554 1769 2673 1818 xtv;
2710 1750 2737 1805 1
2768 1750 2967 1804 Corint.
3010 1762 3132 1811 vui;
3171 1743 3335 1799 Levit.
3378 1739 3508 1810 xxu)
3539 1757 3552 1792 :
3583 1746 3795 1807 quanto

529 1867 719 1921 domus
766 1866 1031 1920 orationis
1060 1874 1113 1918 et
1141 1878 1259 1919 esse
1303 1863 1495 1925 debet,
1535 1870 1591 1913 et
1619 1858 1721 1912 dici
1749 1874 1761 1909 :
1794 1870 1862 1909 ne
1892 1852 2107 1907 ofﬁcina

532 1957 929 2024 negotiationis,
961 1965 1015 2010 et
1042 1955 1298 2025 spelunca
1319 1952 1499 2023 potius
1526 1950 1596 2004 sit
1635 1948 1907 2002 latronum
1952 1942 2106 2014 (Luc.

535 2063 648 2113 XIX;
683 2046 815 2101 Isai.
843 2048 970 2117 ινι).

538 2160 605 2214 Ut
626 2177 772 2216 nemo
802 2162 1001 2214 litteras
1031 2158 1283 2223 nesciens,
1302 2157 1378 2211 vel
1399 2157 1571 2221 aliqua
1600 2161 1747 2223 parte
1763 2150 1994 2222 corporis
2015 2149 2113 2201 im-

854 2231 1079 2284 minutus
1098 2238 1457 2299 promoveatur
1481 2226 1550 2278 ad
1578 2233 1791 2280 clerum.

614 2344 748 2401 XVI.
768 2344 1081 2398 lllitteratos
1106 2356 1339 2411 quoque,
1369 2348 1424 2394 et
1444 2338 1701 2393 nonnulla
1730 2344 1885 2406 parte
1914 2349 2117 2404 corpo-

543 2441 616 2493 ris
650 2438 961 2491 imminutos
984 2435 1099 2488 sine
1135 2434 1245 2488 ullo
1296 2439 1543 2501 respectu
1573 2429 1641 2483 ad
1688 2426 2117 2483 ecclesiasticum

544 2528 825 2583 didicimus
854 2526 1036 2581 venire
1057 2525 1353 2587 servitium,
1385 2522 1530 2591 quod
1559 2521 1716 2576 simul
1765 2520 1984 2589 antiqua
2010 2526 2120 2571 tra—

544 2619 699 2682 ditio,
723 2626 777 2671 et
816 2616 1125 2686 apostolicm
1154 2614 1296 2670 sedis
1323 2622 1478 2667 vetus
1528 2612 1697 2666 forma
1751 2626 1859 2665 non
1903 2608 2117 2679 recipit,

546 2710 668 2777 quia
691 2724 792 2763 nec
814 2709 1004 2762 litteris
1032 2722 1224 2763 carens
1252 2707 1419 2761 sacris
1455 2720 1574 2760 esse
1610 2710 1790 2773 potest
1817 2710 1973 2772 aptus
2002 2700 2122 2755 offi-

547 2802 662 2864 riis,
687 2800 1007 2855 etvitiosum
1033 2799 1166 2853 nihil
1196 2797 1307 2853 Deo
1334 2812 1553 2867 prorsus
1579 2794 1760 2850 ollerri
1790 2795 1977 2863 legalra
1996 2808 2126 2863 prte-

548 2902 699 2964 cepta
724 2900 1021 2947 sanxerunt
1052 2889 1235 2956 (Levit.
1262 2891 1397 2959 xxt).
1430 2888 1615 2956 Itaque
1640 2887 1708 2940 de
1733 2895 1928 2939 uetere
1950 2882 2125 2937 modis

548 2984 798 3038 omnibus
824 2984 940 3037 haec
976 2983 1242 3045 vitentur,
1274 2995 1375 3035 nec
1403 2980 1685 3049 quisquam
1712 2977 1835 3031 talis
1862 2976 2124 3045 suscipia-

552 3086 637 3129 tur
662 3076 713 3129 in
760 3076 982 3130 clerum.
1016 3072 1072 3129 Si
1102 3090 1192 3141 qm
1239 3086 1369 3126 vero
1398 3072 1485 3126 vel
1529 3070 1839 3124 temeritate
1882 3067 2119 3137 propria,

553 3170 635 3222 vel
663 3169 866 3222 incuria
893 3166 1291 3236 praesidentium
1318 3165 1452 3218 tales
1482 3174 1606 3218 ante
1646 3164 1877 3231 suscepti
1900 3169 2042 3224 sunt,
2074 3161 2126 3214 in
2157 3146 2201 3206 Β

555 3261 636 3314 his
664 3260 855 3328 quibus
883 3257 1161 3312 constituti
1189 3265 1313 3310 sunt
1336 3256 1467 3309 locis
1490 3264 1713 3310 eatenus
1741 3260 2089 3324 perseverent
2115 3270 2128 3306 :

557 3360 614 3403 ut
640 3350 771 3403 nihil
812 3366 1043 3419 unquam
1065 3349 1432 3428 promotionis
1462 3347 1750 3417 arripiant,
1776 3347 2009 3414 satisque
2037 3346 2135 3399 ha-

558 3441 736 3505 beant,
765 3440 869 3495 lroc
899 3440 1070 3509 ipsum
1119 3439 1220 3493 sibi
1270 3454 1368 3508 pro
1416 3438 1577 3492 nimia
1623 3437 1967 3491 miseratione
2012 3452 2135 3507 per-

561 3547 797 3587 nussum.

922 3646 994 3698 De
1019 3646 1097 3699 Itis
1121 3646 1205 3715 qui
1232 3662 1425 3716 serpsos
1450 3644 1776 3698 abscindunt.

635 3760 791 3813 XVII.
826 3761 898 3815 Dc
930 3760 1011 3814 Iris
1034 3768 1209 3813 autem
1232 3759 1323 3828 qui
1354 3759 1673 3828 semetipsos
1702 3759 2028 3814 absciderint
2050 3774 2141 3829 pa-

565 3854 951 3909 ternicanones
974 3852 1252 3907 evidenter
1272 3851 1543 3920 sequenda
1565 3860 1883 3921 posuerunt,
1911 3867 2139 3921 quorum

566 3955 806 3999 tenorem
834 3941 1063 3998 sufficiet
1088 3943 1362 3997 indidisse.
1393 3942 1583 3997 Dicunt
1612 3942 1754 3996 eninr
1788 3944 1912 3996 talia
1948 3958 2144 4012 perpe~

570 4043 785 4098 trantes,
830 4051 956 4090 mox
1008 4042 1063 4089 ut
1106 4035 1268 4102 agniti
1325 4034 1550 4099 iuerint,
1580 4049 1608 4087 a
1641 4049 1862 4087 munere
1908 4033 2145 4088 clericali

567 4132 763 4185 debere
805 4131 1028 4197 secludi,
1058 4130 1199 4199 quod
1240 4129 1417 4184 modis
1443 4129 1693 4185 orrmibus
1737 4127 2007 4183 custodire
2047 4143 2145 4181 nos

569 4221 851 4291 convenit,
890 4223 1014 4291 quia
1074 4220 1154 4275 las
1213 4237 1332 4276 esse
1388 4220 1519 4274 nulli
1575 4220 1901 4289 suppeditat,
1952 4230 2148 4289 prmter

569 4318 656 4369 illa
720 4316 1009 4386 quidquam
1068 4329 1186 4385 quae
1253 4313 1618 4368 memorabilis
1664 4312 1903 4367 decrevit
1952 4310 2147 4380 forma,

570 4423 811 4461 CCHSBI‘C.

2213 1853 2381 1920 magis
2401 1848 2529 1905 doni
2551 1845 2785 1903 etelestis
2810 1843 3210 1911 dispensatores
3230 1850 3347 1891 esse
3368 1849 3477 1889 non
3500 1830 3760 1887 convenit
3781 1872 3797 1896 ,

2213 1942 2356 2012 quod
2386 1949 2471 1995 est
2489 1937 2745 2000 deterius,
2777 1941 2958 1989 mente
2988 1928 3314 2001 perculsos?

2219 2050 2369 2116 Quod
2394 2051 2444 2104 Iri
2474 2051 2559 2117 qui
2581 2066 2635 2102 se
2660 2047 2822 2101 sacris
2850 2041 3131 2117 virginibus
3159 2040 3379 2102 sociant,
3407 2044 3456 2091 et
3486 2034 3684 2117 {edere
3714 2034 3801 2115 in:

2292 2133 2432 2175 cesta
2461 2104 2810 2179 commiscent,
2852 2104 3231 2173 communicare
3277 2127 3379 2164 non
3432 2104 3665 2177 possint,
3696 2104 3803 2157 nisi

2292 2195 2422 2263 forte
2449 2190 2705 2262 publicam
2729 2186 3079 2259 paenitentiam
3102 2183 3375 2254 gesserint.

2291 2283 2409 2340 XX.
2441 2281 2750 2352 Virginibus
2778 2277 2946 2333 sacris
2978 2284 3182 2331 temere
3220 2289 3279 2329 se
3306 2270 3569 2342 quosdam
3588 2269 3805 2325 sociare

2221 2373 2593 2442 cognovimus,
2624 2378 2678 2424 et
2701 2376 2823 2439 post
2842 2367 3078 2422 dicatum
3105 2363 3217 2418 Deo
3242 2361 3573 2431 prepositum
3597 2359 3805 2414 incesta

2221 2462 2424 2519 lmdera
2449 2461 2816 2529 sacrilegaque
2864 2456 3113 2521 miscere,
3144 2468 3278 2523 quos
3307 2452 3558 2521 protinus
3587 2463 3805 2518 mquam

2152 2602 2156 2607 λ
2223 2564 2309 2610 est
2336 2570 2365 2609 a
2396 2568 2546 2608 sacra
2590 2549 2970 2607 communione
2998 2543 3232 2609 detrudi,
3265 2550 3321 2597 et
3372 2541 3474 2596 nisi
3501 2554 3600 2609 per
3630 2536 3808 2607 publi-

2223 2661 2340 2702 cam
2384 2647 2772 2715 probatamque
2816 2636 3187 2709 pmniteutiam
3216 2632 3435 2687 omrriuo
3476 2645 3582 2685 non
3611 2626 3811 2697 recipi,

2225 2746 2317 2791 aut
2339 2736 2421 2789 his
2442 2742 2591 2789 certe
2613 2732 2869 2784 viaticum
2899 2727 2965 2781 de
2994 2725 3190 2781 sacculo
3212 2719 3637 2784 transeuntibus,
3666 2718 3712 2773 si
3735 2728 3809 2771 ta-

2225 2842 2347 2881 men
2379 2822 2744 2896 poenituerint,
2780 2834 2886 2873 non
2911 2824 3154 2886 negetur.

2231 2936 2383 3001 Quod
2411 2935 2601 2997 vidum,
2634 2940 2690 2985 ut
2736 2947 2893 3000 supra
2925 2928 3117 2981 dictum
3157 2932 3251 3001 est,
3281 2939 3384 2977 non
3409 2922 3659 3001 velentur,
3691 2929 3738 2973 et
3767 2922 3813 2973 si

2299 2991 2983 3078 professum.continentiam
3030 2997 3288 3078 proposito
3329 3004 3525 3074 mutato
3576 2991 3811 3072 falcatae.

2304 3063 2426 3138 riut',
2458 3078 2583 3145 ipsre
2618 3090 2709 3143 pro
2738 3089 2792 3125 se
2836 3063 3091 3124 rationem
3126 3063 3245 3120 ‘Deo
3274 3082 3366 3137 pro
3410 3065 3516 3117 suis
3546 3063 3651 3116 sint
3679 3063 3812 3113 aeti-

2302 3148 2394 3200 bus
2420 3147 2717 3199 redcl‘iturar.

2303 3236 2444 3290 XXI.
2470 3236 2600 3289 Nam
2635 3235 2702 3287 de
2728 3232 2904 3286 viduis
2933 3230 3031 3286 sub
3061 3228 3201 3283 nulla
3227 3224 3602 3280 benedictione
3627 3222 3813 3277 velan-

2232 3330 2332 3393 dis,
2364 3329 2609 3398 superius
2635 3326 2742 3379 late
2767 3325 3018 3379 duximus
3043 3319 3435 3381 disserendum,
3461 3331 3579 3387 qua:
3618 3315 3663 3368 si
3684 3330 3813 3383 pro«

2234 3423 2348 3492 pria
2372 3420 2651 3473 voluntate
2673 3415 2968 3486 professam
3003 3412 3213 3483 pristini
3245 3408 3477 3478 conjugii
3508 3408 3817 3461 castitatem

2236 3511 2480 3567 mutabili
2511 3516 2691 3562 mente
2720 3502 3303 3572 calcaverint,periculi
3334 3516 3518 3555 earum
3547 3498 3819 3564 intererit,

2238 3604 2379 3675 quali
2406 3603 2571 3656 Deum
2589 3600 2820 3654 debeant
2841 3596 3206 3651 satisfactione
3227 3593 3459 3663 placare.
3478 3590 3629 3645 Sicut
3650 3591 3820 3654 enim,

2240 3696 2283 3750 si
2333 3710 2391 3749 se
2440 3691 2661 3746 forsitan
2715 3687 2994 3742 continere
3042 3700 3150 3738 non
3199 3690 3491 3752 poterant,
3524 3679 3820 3735 secundum

2242 3784 2561 3856 Apsstolum
2592 3780 2645 3852 (Ι
2677 3779 2863 3833 Timot.
2898 3777 2953 3846 v)
2984 3775 3289 3829 nullatenus
3316 3772 3519 3826 nubere
3558 3768 3821 3824 vetaban~

2245 3888 2330 3933 tur
2357 3897 2368 3931 :
2399 3878 2476 3931 sic
2498 3875 2678 3929 habita
2709 3886 2890 3926 secum
2921 3867 3307 3924 deliberatione
3349 3863 3666 3934 promissam
3708 3860 3823 3913 Deo

2246 3970 2516 4042 pulicitire
2539 3967 2695 4022 Iidem
2716 3964 3016 4019 debuerunt
3036 3959 3321 4013 custodire.
3348 3957 3457 4013 Nos
3486 3965 3663 4009 autem
3705 3952 3824 4006 nul-

2248 4066 2355 4119 lum
2384 4060 2577 4115 talibus
2600 4059 2847 4126 laqueum
2877 4054 3135 4108 debemus
3159 4050 3398 4119 injicere,
3424 4047 3518 4103 sed
3554 4045 3697 4101 solas
3726 4043 3825 4097 ad-

2249 4154 2590 4211 hortationes
2616 4148 2822 4219 prtemii
2844 4143 3176 4214 sempiterni,
3204 4154 3498 4211 poenasque
3521 4149 3825 4208 proponere

2250 4246 2414 4301 divini
2441 4241 2665 4312 judicii:
2700 4246 2759 4293 ut
2782 4245 2963 4292 nostra
3004 4236 3072 4289 sit
3099 4234 3341 4308 absoluta
3389 4228 3739 4291 conscientia,
3769 4232 3826 4280 et

2253 4339 2464 4394 illarum
2489 4351 2586 4405 pro
2616 4348 2674 4387 se
2697 4331 2958 4386 rationem
2995 4329 3107 4382 Deo
3136 4326 3323 4381 reddat
3353 4324 3598 4378 intentio.
3625 4321 3828 4377 Caven-

2261 4430 2386 4482 dum
2413 4435 2496 4480 est
2542 4424 2760 4494 quippe,
2790 4436 2907 4489 qua:
2949 4419 3015 4473 de
3044 4433 3228 4472 earum
3259 4415 3495 4468 moribus
3520 4413 3830 4479 actibusque

574 4515 723 4579 Quod
752 4516 820 4568 ad
846 4518 1038 4569 clerum
1084 4515 1355 4584 criminosi
1378 4524 1631 4584 nequeant
1670 4515 1989 4582 promoveri.
2023 4523 2071 4565 et
2096 4517 2151 4568 in
2184 4515 2229 4573 D
2255 4520 2447 4573 beatus
2475 4517 2672 4572 Paulus
2694 4525 2921 4569 testatur
2945 4512 3219 4583 apostolus
3243 4508 3509 4578 (Ibidem),
3554 4504 3696 4576 quod
3720 4504 3831 4574 pla-

643 4585 778 4637 ειμι-ο
805 4585 978 4654 positi,
1008 4586 1051 4636 si
1096 4586 1149 4637 iu
1177 4583 1431 4651 aliquibus
1456 4583 1657 4652 fuerint
1697 4584 1887 4635 inventi
1918 4585 2149 4637 crimini-

646 4655 755 4719 bus,
781 4672 809 4707 (ι
842 4656 947 4707 suis
978 4655 1156 4719 oﬂiciis
1179 4664 1473 4706 arceantur.

644 4764 825 4820 XVIII.
863 4765 1238 4837 Comperimus
1291 4766 1451 4819 etiam
1509 4763 1789 4819 horrendis
1837 4765 2152 4835 quibusdam

577 4860 887 4916 criminibus
916 4859 1233 4929 implicatos,
1269 4866 1379 4911 tota
1407 4857 1730 4912 discretione
1759 4857 2022 4921 submota,
2046 4873 2154 4911 nott

579 4954 749 5007 solum
781 4951 849 5006 de
890 4949 1041 5005 factis
1080 4950 1353 5004 atrocibus
1383 4948 1740 5003 necessariam
1769 4949 2156 5018 paenitudinem

580 5062 689 5099 non
715 5044 912 5098 habere
931 5084 943 5103 ,
976 5042 1071 5097 sed
1100 5056 1201 5096 nec
1227 5041 1407 5109 aliqua
1433 5040 1772 5110 correptione
1798 5041 2010 5111 penitus
2038 5055 2159 5094 suc-

584 5134 810 5190 tredente
855 5132 921 5187 ad
951 5132 1190 5187 divirutm
1242 5131 1598 5186 ministerium
1630 5132 1999 5205 honoremque
2031 5147 2161 5186 corr-

586 5226 825 5281 tenderc.
856 5225 1154 5280 Nonuullos
1178 5233 1359 5280 autem
1390 5223 1443 5278 in
1483 5225 1614 5294 ipsis
1644 5226 1924 5280 ordinibus
1958 5224 2161 5279 conslia

589 5326 732 5371 tutos
757 5317 1008 5387 gravibus
1036 5317 1406 5385 delinquentes
1436 5316 1764 5371 facinoribus
1786 5332 1891 5370 non
1922 5316 2108 5385 repelli
2144 5333 2157 5369 :

587 5423 707 5460 cum
754 5416 811 5463 et
855 5407 1147 5477 Apostolus
1193 5407 1388 5462 clamet
1419 5406 1473 5478 (Ι
1500 5406 1630 5460 Tim.
1666 5408 1744 5475 v),
1794 5406 2005 5461 Nemini
2054 5407 2163 5460 cito

590 5515 781 5554 manus
810 5500 1176 5570 irnponcndas,
1201 5515 1373 5569 neque
1396 5498 1898 5555 communicandum
1930 5497 2166 5565 peccatis

592 5593 780 5646 alienis
809 5610 821 5643 :
856 5599 909 5645 et
947 5590 1211 5660 majorum
1258 5591 1564 5648 veneranda
1594 5590 1885 5644 constituta
1930 5603 2168 5655 pronun-

597 5685 749 5749 tieut,
801 5682 1145 5751 huiusmodi,
1177 5684 1386 5737 etiamsi
1435 5682 1572 5737 forte
1628 5681 2029 5747 subrepserint,
2062 5687 2168 5731 tam

597 5777 687 5848 qui
734 5786 858 5832 ante
913 5778 1291 5848 peccaverint,
1347 5777 1589 5831 delectos
1638 5780 1892 5843 oportere
1937 5771 2133 5841 depelli

2260 4613 2378 4667 nius
2404 4623 2675 4679 exponere
2703 4606 3059 4676 prmtcriutus,
3095 4618 3160 4657 ne
3208 4616 3366 4656 sexus
3417 4598 3680 4653 instabilis
3726 4612 3832 4650 non

2257 4713 2366 4756 tam
2394 4699 2656 4755 deterreri
2683 4713 2842 4767 quam
2872 4695 3147 4750 admoneri
3179 4694 3442 4748 videatur.

2261 4813 2409 4881 Quod
2431 4811 2656 4867 secunda
2678 4810 2919 4881 conjugia
2940 4807 3273 4881 sa’cularibtts
3301 4821 3403 4859 non
3427 4812 3695 4881 negentur,
3724 4801 3836 4879 qui-

2330 4872 2419 4937 bus
2448 4894 2616 4936 tamen
2648 4881 2714 4934 ad
2763 4872 2951 4933 ile-rum
2975 4896 3067 4949 pro
3098 4878 3190 4932 hoc
3233 4880 3368 4947 facta
3407 4872 3615 4928 minime
3671 4873 3835 4926 venire

2334 4956 2648 5010 :ouceditur.

2336 5066 2497 5121 XXII.
2548 5063 2825 5121 Secundus
2875 5071 3093 5132 nuptias
3133 5060 3271 5114 sicut
3313 5054 3657 5112 szecularibus
3707 5050 3840 5106 inire

2264 5158 2601 5224 (‘tollcetllltll‘,
2626 5156 2697 5208 ita
2728 5162 2850 5224 post
2878 5170 2969 5208 eas
2989 5153 3165 5207 nullus
3185 5148 3250 5203 ad
3273 5148 3518 5203 clericale
3544 5146 3736 5200 sinitur
3756 5156 3840 5195 ve-

2266 5251 2381 5302 nire
2411 5247 2713 5313 collegium.
2747 5245 2863 5298 Alia
2893 5252 2975 5298 est
3010 5244 3150 5297 enim
3184 5243 3428 5294 humana:
3456 5234 3729 5305 fragilitati
3753 5248 3840 5302 ge-

2267 5337 2524 5392 neraliter
2549 5350 2804 5389 coucessa
2836 5334 3070 5397 licentia,
3100 5331 3201 5385 alia
3232 5330 3391 5384 debet
3422 5342 3537 5381 esse
3564 5326 3673 5379 vita
3706 5321 3841 5378 divi-

2270 5442 2456 5481 narum
2486 5441 2666 5480 rerum
2689 5426 2909 5479 servitio
2938 5424 3183 5478 dedicata
3218 5420 3268 5493 (1
3293 5419 3412 5474 Cor.
3445 5420 3563 5489 vri).

2275 5535 2341 5589 Ut
2362 5537 2407 5589 si
2434 5537 2546 5605 quis
2574 5536 2851 5605 susceperit
2876 5534 3125 5587 Ecclesia:
3165 5534 3390 5603 propria:
3431 5530 3772 5605 desertorem,
3799 5536 3842 5605 et

2342 5608 2395 5687 in
2418 5597 2591 5676 aliqua
2621 5597 2909 5675 provexerit
2930 5605 2983 5657 di
2990 5597 3205 5687 gnitttte,
3229 5597 3429 5675 utrique
3450 5601 3722 5656 sententia:
3741 5597 3840 5653 sub-

2336 5679 2549 5747 jaceaut
2571 5693 2723 5747 quam
2751 5692 2972 5729 canones
2997 5676 3355 5745 pne/ﬁxerunt.

2355 5767 2540 5823 XXIII.
2571 5766 2822 5837 Quisquis
2850 5767 3083 5839 propria:
3124 5766 3368 5822 desertor
3396 5763 3674 5835 Ecclesiae,
3696 5760 3842 5818 nullis
