4092 6348
287 310 393 365 $09

1331 303 1714 359 COLLECTIO
1750 301 2221 359 DECRETORUN
2257 302 2362 357 PP.
2405 304 2518 358 RB.

3447 308 3551 364 310

289 424 647 478 existentibus
674 425 871 491 causis,
890 422 955 478 ad
977 423 1135 477 aliam
1166 418 1437 490 putaverit
1464 416 1866 483 transeundum,
1897 422 1944 480 Α
1971 414 2242 483 mandem,
2274 415 2366 484 qui
2405 415 2678 470 immensis
2725 429 2788 469 ac
2815 414 3195 486 multiplicibus
3222 414 3547 484 pravitatum

290 524 604 583 temereque
632 522 914 583 susceptus
934 513 1113 575 fuerit,
1136 518 1192 565 et
1215 515 1515 579 promotus,
1544 505 1872 562 reverenda-

290 617 409 656 rum
439 618 731 671 canonum,
759 604 848 658 vel
878 604 990 673 ipse
1019 602 1103 655 vel
1126 608 1375 669 receptor
1396 598 1527 667 ejus,
1561 606 1721 667 atque
1746 614 1874 668 pro-

291 704 499 761 vector,
526 697 819 750 constituta
848 711 955 750 non
1002 693 1222 761 effugiet
1251 706 1370 761 quae
1407 690 1475 745 de
1504 688 1873 759 hujuscemodi

290 786 771 855 praesumptoribus
798 784 1079 855 praeﬁxere
1099 780 1385 838 servanda.

290 898 446 964 Quod
468 900 512 954 si
533 902 618 971 qui
645 917 709 954 ex
738 899 1000 954 monac/tis
1018 969 1026 971 _
1047 907 1103 971 et
1126 896 1273 950 laicis
1308 895 1371 948 de
1398 892 1577 971 quibus
1608 910 1765 971 supra
1796 894 1877 946 di-

363 982 500 1023 ctum
545 964 641 1034 est,
672 972 930 1040 eligantur
960 969 1027 1021 ad
1058 968 1277 1040 clerum,
1310 980 1421 1040 cum
1452 964 1591 1017 nulla
1624 965 1756 1040 cogit
1786 980 1878 1040 tte-

364 1042 596 1103 cessitas,
624 1032 836 1110 iamiam.
862 1041 924 1092 de
943 1040 1017 1093 eis
1037 1036 1218 1110 debent
1240 1038 1472 1089 instituta
1488 1032 1715 1110 seruari;
1741 1032 1877 1104 quod

362 1112 409 1163 si
432 1111 712 1178 probentur
738 1105 940 1163 iacram
975 1108 1189 1162 mercati
1229 1124 1340 1159 esse
1368 1106 1530 1175 pretio
1552 1105 1873 1178 dignitatem,

364 1175 614 1249 abs/licio
642 1180 997 1248 deponantur,
1031 1194 1153 1231 nam
1196 1184 1405 1231 dantem
1441 1184 1490 1229 et
1543 1175 1877 1243 accipientem

369 1248 599 1303 Simbnis
630 1248 775 1320 Magi
798 1250 993 1302 crimen
1020 1249 1257 1301 involvit.

367 1336 555 1392 XXIV.
582 1338 657 1392 De
697 1338 977 1392 monachis
1005 1337 1267 1403 laicisque
1311 1338 1363 1390 in
1412 1337 1581 1407 prima
1608 1333 1880 1403 copiosius

295 1430 675 1499 praeceptionis
697 1429 856 1498 hujus
876 1437 1027 1499 parte
1048 1429 1254 1495 digesta
1277 1436 1422 1494 sunt,
1444 1442 1561 1495 qua:
1582 1425 1666 1479 vel
1691 1432 1881 1495 quate-

297 1535 400 1574 nus
426 1536 524 1592 pro
564 1535 742 1575 rerum
788 1528 1200 1588 temporumque
1255 1517 1577 1571 necessitate
1625 1528 1880 1570 concessa

298 1612 427 1677 sint,
473 1610 920 1680 quemadmodum
961 1610 1051 1663 ubi
1093 1608 1289 1662 nullius
1319 1607 1443 1661 facti
1484 1605 1778 1660 necessitas
1807 1606 1879 1656 in-

298 1710 506 1757 teresse
535 1702 880 1771 probabitur,
910 1716 1018 1754 non
1062 1700 1163 1754 nisi
1187 1706 1340 1752 vetus
1390 1697 1653 1751 institutio
1689 1695 1883 1749 debeat

1973 507 2203 561 molibus
2224 506 2471 575 occupati
2494 506 2761 574 ingentem
2785 505 2992 560 ruinam
3015 502 3341 560 multimodis
3363 505 3557 574 impul-

1976 598 2223 652 sionibns
2267 596 2573 662 ediderunt,
2597 610 2715 666 qua:
2761 610 2871 650 non
2899 596 3073 651 solum
3120 597 3264 666 ipsos
3310 596 3557 653 videatur

1974 689 2224 753 obruere,
2254 687 2348 742 sed
2389 686 2645 743 Ecclesiis
2689 688 2953 742 universis
2980 688 3334 754 mortiferam,
3367 687 3411 743 si
3442 702 3552 743 non

1974 786 2247 840 sanentur,
2282 777 2480 832 inferre
2521 777 2835 846 perniciem.
2865 776 2975 832 Nec
3002 778 3292 846 ambigant,
3324 777 3416 848 qui
3442 778 3561 833 btet:

1977 882 2232 923 exercere
2260 876 2386 923 sunt
2434 865 2573 933 ausi,
2601 866 2694 921 sed
2742 867 2904 921 etiam
2934 868 3026 936 qui
3054 869 3319 924 hactenus
3344 867 3557 935 cognita

1977 960 2259 1024 siluerunt,
2291 958 2389 1013 sub
2410 957 2632 1012 honoris
2658 956 2861 1026 proprii
2887 972 2946 1011 se
2969 958 3150 1027 jacere
3171 957 3453 1029 dispendio
3472 997 3489 1024 ,
3512 957 3557 1013 si

1979 1065 2086 1103 non
2127 1056 2275 1102 tanta
2306 1062 2411 1117 qua
2441 1054 2670 1117 possunt
2712 1046 2987 1103 celeritate
3018 1046 3269 1104 festinent
3298 1057 3356 1104 ut
3383 1050 3559 1106 letha-

1980 1138 2049 1191 lia
2083 1136 2300 1191 vulnera
2348 1136 2674 1205 competenti
2716 1135 3076 1192 medicatione
3121 1147 3397 1195 curentur.
3439 1137 3559 1207 Quo

1980 1229 2124 1283 enim
2152 1243 2304 1283 more
2351 1236 2569 1283 teneant
2593 1226 2713 1296 jura
2743 1226 3087 1297 pontificum,
3117 1229 3209 1299 qui
3237 1228 3561 1299 pontificali-

1981 1318 2080 1374 bus
2107 1318 2348 1374 excubiis
2377 1327 2600 1374 eatenus
2628 1317 2869 1388 injuncta
2898 1318 3252 1386 dissimulant,
3271 1328 3329 1375 ut
3348 1329 3564 1375 contra-

1984 1413 2064 1465 ria
2120 1410 2301 1465 domui
2350 1410 2470 1478 Dei,
2519 1410 2605 1465 cui
2654 1408 2962 1481 praesident,
3010 1411 3191 1481 potius
3238 1410 3565 1481 operentur?

1934 1546 1939 1551 .
1983 1500 2360 1569 Quantumque
2407 1500 2545 1570 apud
2571 1501 2738 1556 Deum
2767 1509 3021 1571 possent,
3044 1501 3089 1557 si
3119 1503 3334 1557 nonnisi
3365 1518 3565 1558 conve-

1986 1594 2187 1647 nientia
2238 1601 2608 1662 procurarent,
2642 1600 2849 1645 tantum
2896 1592 3024 1662 quid
3072 1602 3384 1649 mereantur
3423 1594 3565 1663 aspi-

1985 1683 2149 1747 ciant,
2179 1698 2302 1737 cum
2356 1682 2677 1737 exsecrabili
2721 1682 2900 1737 studio
2941 1691 3215 1738 sectentur
3244 1681 3491 1751 adversa,
3512 1691 3566 1739 et

300 1790 581 1847 custodiri.
607 1790 753 1857 Quos
781 1805 909 1845 vero
939 1788 1246 1845 constiterit
1288 1786 1536 1855 indignos
1561 1785 1767 1840 meritis
1796 1800 1882 1837 sa-
1914 1796 1958 1855 Β
1988 1772 2140 1842 quasi
2167 1772 2335 1840 magis
2357 1772 2470 1826 hinc
2491 1772 2675 1840 1‘68"“
2704 1771 2795 1837 δίίν
2836 1787 2940 1841 qua
2966 1771 3209 1827 E00195”
3249 1771 3445 1828 debeat
3471 1787 3566 1843 δυ’

301 1900 451 1941 cram
506 1894 777 1939 mercatos
828 1899 949 1939 esse
996 1883 1172 1953 pretio
1222 1881 1556 1950 dignitatem,
1607 1879 1883 1934 convictos

302 1987 522 2049 oportet
550 1978 742 2044 arceri,
773 1994 880 2032 non
911 1977 1025 2033 sine
1049 1974 1288 2047 pericqu
1312 1973 1515 2028 facinus
1539 1971 1645 2026 tale
1665 1980 1882 2041 patran-

302 2078 405 2134 tes,
453 2070 579 2138 quia
606 2069 823 2124 dantem
874 2067 1078 2139 pariter
1105 2065 1567 2135 accipientemque
1609 2062 1883 2117 damnatio

302 2157 559 2224 Simonis,
588 2173 749 2230 quam
778 2173 931 2214 sacra
980 2158 1141 2213 lectio
1184 2163 1413 2211 testatur
1461 2156 1597 2225 (Act.
1631 2152 1766 2224 vtn),
1799 2152 1882 2206 in-

306 2250 497 2304 volvit.

308 2390 602 2468 De__sacris
652 2391 1019 2468 locis-naviter
1072 2390 1324 2443 institutis
1365 2388 1604 2468 quamvis
1652 2386 1884 2468 superius

379 2462 569 2513 dictum
621 2464 725 2519 sit,
777 2461 870 2512 hoc
899 2476 1035 2512 nunc
1084 2470 1250 2513 tamen
1307 2456 1592 2528 adjicitur,
1642 2466 1698 2508 ut
1742 2456 1887 2528 nulla

378 2531 592 2584 basilica
622 2532 713 2584 sub
752 2532 1112 2601 defunctorum
1160 2526 1453 2585 constructa
1494 2528 1697 2582 nomine
1735 2526 1885 2579 dedi-

380 2613 537 2654 cetur.

381 2710 546 2766 XXV.
572 2712 649 2767 De
673 2712 914 2767 locorum
942 2713 1353 2768 consecratione
1370 2722 1677 2768 sanctorum
1709 2725 1890 2781 quam-

312 2806 396 2857 vis
424 2804 674 2873 superius
722 2803 948 2857 strictim
999 2800 1159 2857 fuerit
1204 2803 1653 2873 comprehensum
1688 2820 1700 2855 :
1733 2801 1889 2857 nobis

312 2908 524 2962 quoque
555 2892 880 2963 patefactum
905 2903 1006 2958 est,
1038 2893 1180 2962 quod
1210 2894 1413 2963 absque
1455 2902 1722 2964 prmcepto
1747 2893 1890 2947 sedis

312 2984 625 3052 apostolicm
647 2983 883 3037 nonnulli
917 2984 1084 3038 factas
1113 2984 1387 3053 ecclesias,
1409 2985 1495 3041 vel
1534 2985 1770 3039 oratoria
1800 3000 1887 3038 sa-

312 3089 466 3129 crare
496 3083 844 3145 prtesumant,
873 3075 979 3131 hoc
1007 3091 1192 3131 sumus
1221 3083 1398 3131 tamen
1428 3076 1623 3131 iudicio
1652 3076 1890 3129 detesta-

313 3167 492 3223 biliori
514 3169 761 3236 permoti,
788 3168 931 3237 quod
956 3170 1007 3223 in
1030 3184 1352 3238 quocunque
1372 3170 1588 3225 nomine
1610 3169 1890 3225 defuncto-

315 3272 459 3323 rum,
490 3268 545 3312 et
572 3269 827 3328 quantum
858 3238 1074 3323 dicitur,
1108 3276 1209 3316 nec
1236 3262 1455 3316 omnino
1488 3262 1721 3317 fidelium
1769 3278 1893 3317 con-

318 3350 644 3403 structiones
668 3348 958 3405 tedificatas
991 3352 1157 3405 sacris
1189 3353 1612 3423 professionibus
1641 3353 1893 3409 audacter

319 3442 601 3496 instituere
653 3453 1039 3509 memorantur,
1072 3461 1190 3515 quae
1237 3447 1490 3514 quoniam
1522 3454 1630 3500 tam
1677 3447 1890 3511 acerba,

319 3544 428 3588 tatu
458 3534 589 3589 dura
618 3544 764 3602 sunt,
797 3543 853 3589 ut
881 3535 1069 3590 eadem
1097 3538 1184 3591 vix
1216 3548 1399 3592 noster
1427 3538 1566 3593 ferre
1595 3538 1767 3608 possit
1800 3555 1896 3593 au-

318 3625 463 3679 ditus
493 3642 506 3677 :
538 3626 582 3679 si
606 3640 793 3680 revera
814 3624 1233 3682 Christianitatis
1254 3627 1479 3683 affectus
1511 3629 1561 3683 iu
1594 3630 1696 3685 illis
1720 3632 1897 3700 regio-

321 3717 478 3771 nibus
507 3725 686 3772 certus
723 3726 778 3771 et
806 3717 941 3773 fixus
972 3728 1074 3787 est,
1107 3729 1162 3775 et
1189 3721 1484 3775 districtius
1520 3722 1619 3776 ista
1651 3737 1897 3791 quaeran-

320 3816 429 3873 tur,
453 3815 550 3861 eta
574 3808 767 3875 quibus
797 3806 991 3861 fuerint
1012 3817 1158 3876 gesta
1180 3810 1493 3878 prodantur,
1517 3812 1769 3878 quoniam
1792 3811 1900 3865 sic-

320 3909 378 3952 ut
408 3899 697 3953 latentibus
733 3900 783 3952 in
809 3900 908 3954 hac
932 3901 1213 3954 atrocitate
1242 3902 1566 3967 nominibus,
1594 3918 1700 3956 non
1726 3910 1900 3957 exstat

321 3994 375 4045 in
405 4008 564 4060 quem
600 3994 867 4047 sententia
897 3991 1075 4048 debita
1119 3993 1441 4063 proferatur,
1475 3995 1546 4048 ita
1576 4011 1696 4049 cum
1727 3996 1899 4049 maui-

322 4083 474 4136 festis
497 4083 654 4137 fuerit
676 4083 1012 4138 documentis
1025 4084 1324 4153 expositus,
1341 4101 1502 4154 quam
1527 4086 1742 4139 sceleris
1764 4087 1898 4141 tanti

321 4175 496 4243 poscit
522 4175 844 4239 immanitas,
880 4190 984 4229 non
1016 4173 1233 4242 effugiet
1260 4175 1526 4229 ullatenus
1551 4176 1830 4232 ultionem.

325 4286 478 4372 Quod
502 4290 649 4372 nefas
670 4292 741 4372 sit.
763 4290 984 4372 feminas
1007 4290 1170 4371 sacris
1199 4288 1449 4343 altaribus
1451 4289 1799 4372 litinistrare,
1824 4290 1901 4345 vel

397 4360 591 4430 aliquid
620 4377 683 4412 ea:
722 4360 801 4413 Itis
832 4376 946 4431 quae
978 4361 1203 4414 virorum
1249 4369 1369 4414 sunt
1406 4360 1585 4429 aniciis
1626 4360 1899 4430 deputata,

396 4447 562 4498 prtcsu
569 4446 724 4483 ntere.

396 4538 583 4593 XXV’I.
617 4540 972 4596 Nihilominus
999 4541 1340 4611 impatienter
1368 4540 1667 4595 audivimus
1697 4548 1901 4595 tantum
1935 4538 1983 4597 D

323 4630 627 4685 divinarum
656 4647 836 4685 rerum
869 4632 1077 4689 subisse
1105 4632 1438 4701 despectum,
1469 4640 1527 4685 ut
1556 4632 1763 4687 feminae
1811 4649 1899 4687 sa-

323 4722 433 4775 cris
454 4722 709 4777 altaribus
728 4724 1032 4778 ministrare
1053 4723 1348 4788 firmentur,
1370 4731 1669 4794 cunctaque
1691 4724 1902 4779 nonnisi

326 4814 567 4866 virorum
597 4812 874 4869 famulatui
906 4814 1163 4884 deputata
1193 4830 1403 4883 sexum,
1432 4816 1516 4869 cui
1545 4832 1651 4871 non
1685 4832 1901 4887 compe-

330 4905 416 4967 tit,
450 4903 727 4959 exhihere.
780 4904 891 4959 Nisi
939 4905 1082 4974 quod
1130 4906 1368 4960 omnium
1418 4906 1757 4971 delictorum,
1786 4921 1904 4977 qua:

329 4994 640 5060 singillatim
672 4996 1103 5065 perstrinximus,
1128 4998 1412 5053 noxiorum
1442 5006 1621 5051 reatus
1641 4998 1833 5063 omnis,
1854 5007 1909 5053 et

329 5086 536 5140 crimen
579 5098 675 5141 eos
704 5088 927 5158 respicit
954 5089 1283 5158 sacerdotes,
1313 5091 1405 5162 qui
1432 5091 1516 5145 vel
1540 5091 1641 5145 ista
1663 5093 1907 5146 commit-

329 5184 472 5243 tunt,
516 5176 603 5231 \el
658 5180 1062 5234 committentes
1114 5181 1334 5237 minime
1381 5182 1703 5251 publicando
1732 5182 1909 5252 pravis

323 5268 642 5322 excessibus
670 5284 728 5324 se
758 5268 942 5324 favere
981 5268 1281 5339 significant
1313 5289 1327 5325 :
1358 5272 1403 5327 si
1448 5280 1627 5328 tamen
1653 5273 1904 5328 sacerdo-

325 5371 438 5413 tum
489 5359 599 5430 jam
631 5361 739 5416 sint
766 5362 1029 5418 vocabulo
1061 5362 1424 5432 nuncupandi,
1463 5365 1555 5433 qui
1605 5364 1907 5432 delegatum

322 5452 424 5504 :ibi
464 5452 736 5521 religionis
773 5453 1006 5508 officium
1032 5453 1111 5509 sic
1135 5461 1478 5525 prosternere
1509 5456 1819 5520 moliuntur,
1851 5462 1909 5508 ut

326 5545 378 5593 in
415 5559 667 5613 perversa
702 5558 929 5613 qumque
968 5544 1301 5614 profanaque
1348 5542 1585 5600 declivcs
1634 5546 1751 5600 sine
1800 5544 1908 5599 ullo

329 5643 581 5705 respectu
604 5636 798 5705 regula:
818 5634 1133 5690 Christiana:
1155 5635 1444 5705 praecipitia
1468 5635 1672 5691 funesta
1698 5644 1911 5691 secten-

331 5736 438 5779 tur.
465 5725 707 5798 Cumquc
755 5727 1009 5795 scriptum
1064 5726 1131 5779 sit
1163 5725 1350 5797 (Eccli.
1386 5724 1497 5795 xix)
1527 5743 1540 5778 :
1573 5724 1788 5780 Minima
1817 5728 1908 5795 qui

332 5817 558 5888 spernit,
585 5817 843 5887 paulatim
866 5817 1083 5887 decidit,
1139 5818 1265 5888 quid
1320 5826 1399 5875 est
1429 5816 1494 5875 de
1544 5816 1737 5874 talibus
1766 5818 1905 5875 msti-

1986 1868 2240 1933 bernari,
2288 1868 2366 1923 sic
2408 1866 2669 1936 quidquid
2723 1874 2806 1921 est
2862 1867 3246 1922 ecclesiasticis
3295 1866 3566 1921 inimicum

1986 1960 2203 2028 regulis,
2234 1966 2575 2028 perpetratur
2607 1974 2619 2011 :
2653 1972 2774 2012 cum
2809 1965 2865 2011 et
2903 1958 2950 2012 si
2977 1958 3222 2025 cognitos
3264 1956 3452 2011 habuit
3479 1971 3568 2011 ca-

1988 2066 2157 2105 nones
2178 2049 2544 2117 unusquisque
2589 2046 2901 2118 pontificum
2922 2086 2937 2110 ,
2976 2047 3293 2102 intemerata
3324 2046 3569 2102 debuerit

1988 2148 2173 2194 tenere
2214 2137 2476 2203 custodia,
2505 2145 2561 2193 et
2601 2137 2647 2193 si
2687 2136 2912 2193 forsitan
2960 2138 3257 2201 nesciebat,
3289 2136 3570 2192 consulere

1986 2229 2218 2286 fidenter
2263 2230 2565 2301 Oportuerit
2592 2229 2879 2286 scientem.
2928 2226 3046 2295 Quo
3076 2228 3245 2297 magis
3298 2229 3570 2284 excusatio

1990 2322 2134 2375 nulla
2182 2320 2451 2375 succurrit
2489 2318 2792 2374 errantibus
2821 2336 2834 2372 :
2866 2318 2993 2387 quia
3019 2320 3265 2374 nesciens
3295 2317 3570 2389 proltdsuit

1988 2426 2210 2467 servare
2238 2409 2384 2481 quod
2433 2418 2687 2475 noverat,
2714 2424 2814 2464 uec
2860 2408 3115 2478 ignorans
3165 2408 3375 2464 curavit
3415 2423 3572 2464 nosse

1989 2501 2133 2572 quod
2162 2505 2395 2571 gereret.

1992 2642 2142 2708 Quod
2193 2645 2247 2697 in
2294 2639 2881 2714 unaquaqueAEcclesia
2921 2642 3003 2714 cui
3050 2640 3319 2714 episcopus
3360 2648 3572 2714 prteest.

2061 2722 2280 2784 quatuor
2303 2710 2423 2784 tam
2443 2710 2741 2766 tie-redditu
2791 2728 2941 2783 quam
2969 2712 3031 2764 de
3052 2711 3311 2784 oblatione
3339 2710 3571 2784 ﬁdelium

2065 2780 2179 2853 ﬁeri
2227 2782 2447 2836 debeant
2492 2784 2754 2853 portiones
2786 2780 2881 2835 {ut
2905 2799 3006 2835 una
3037 2782 3103 2834 sit
3130 2780 3382 2853 episcopi,
3410 2780 3573 2853 altera

2062 2851 2385 2919 clericorum,
2410 2851 2562 2906 tertia
2598 2866 2903 2923 pauperum,
2927 2861 2975 2905 et
3022 2860 3206 2923 quarta
3238 2851 3449 2921 {altricis
3491 2865 3573 2905 ec-

2063 2924 2367 2977 clesiasticis
2388 2924 2695 2993 applicetur.

2064 3034 2273 3090 XXVII.
2287 3033 2529 3101 Quatuor
2540 3044 2720 3090 autem
2736 3045 2846 3090 tam
2862 3035 2928 3091 de
2942 3035 3152 3090 redditu
3165 3050 3325 3104 quam
3340 3034 3407 3090 de
3423 3034 3576 3090 obla-

1919 3164 1963 3227 Ο
1995 3126 3140 3197 ttouefidelium,proutcujuslibetEcclesiae
3157 3126 3575 3182 facultasadmit-

1998 3221 2061 3273 tit
2078 3220 2234 3289 (sicut
2257 3218 2453 3272 dudum
2475 3218 2867 3273 rationabiliter
2888 3226 2971 3273 est
2997 3217 3297 3285 decretum)
3328 3216 3576 3271 convenit

1996 3313 2112 3367 ﬁeri
2159 3312 2472 3382 portiones,
2520 3325 2747 3379 quarum
2797 3310 2869 3365 sit
2919 3323 3025 3364 una
3055 3306 3372 3379 pontificis,
3409 3306 3579 3363 altera

1994 3405 2335 3468 clericorum,
2366 3416 2660 3472 pauperum
2689 3403 2867 3467 tertia,
2894 3407 3089 3470 quarta
3144 3399 3359 3454 fabricis
3407 3396 3579 3467 appli-

1996 3495 2190 3550 canda.
2222 3495 2297 3548 De
2324 3494 2538 3564 quibus,
2568 3494 2708 3548 sicut
2734 3493 3028 3548 sacerdotis
3051 3491 3293 3547 intererit
3318 3490 3579 3557 integram

1997 3586 2254 3643 ministris
2279 3585 2532 3639 Ecclesia:
2580 3593 2933 3639 memoratam
2981 3583 3287 3653 dependere
3315 3581 3580 3652 quantita-

1998 3686 2127 3741 tem,
2157 3678 2237 3732 sic
2263 3676 2439 3731 clerus
2486 3676 2627 3731 ultra
2666 3676 2966 3744 delegatam
3008 3675 3109 3730 sibi
3155 3688 3425 3729 summam
3448 3671 3580 3729 nihil

2000 3769 2293 3823 insolenter
2319 3766 2530 3822 noverit
2553 3766 2930 3837 expetendum.
2963 3764 3039 3819 Ea
3067 3779 3197 3820 vero
3247 3778 3375 3834 quur
3406 3763 3581 3819 eccle-

1998 3859 2227 3914 siasticis
2253 3857 2492 3913 :edificiis
2515 3857 2773 3911 attributa
2798 3863 2946 3918 sunt,
2974 3855 3099 3909 huic
3140 3854 3291 3924 operi
3315 3853 3582 3908 veraciter

2000 3958 2327 4021 prorogata,
2383 3950 2627 4004 locorum
2682 3947 2880 4003 doceat
2932 3947 3250 4002 instauratio
3301 3944 3581 4001 manifesta

2000 4050 2332 4109 sanctorum,
2359 4040 2485 4111 quia
2516 4040 2663 4094 nefas
2685 4048 2785 4104 est,
2811 4039 2857 4093 si
2884 4040 3051 4093 sacris
3078 4038 3284 4093 tedibus
3312 4034 3582 4092 destitutis

2004 4135 2056 4188 in
2077 4134 2283 4189 lucrum
2305 4148 2459 4188 suum
2481 4130 2674 4201 praesul
2701 4129 2973 4200 impendia
3016 4130 3100 4185 Itis
3142 4128 3422 4197 designata
3449 4141 3582 4182 con-

2002 4233 2179 4280 vertat
2210 4242 2223 4278 :
2254 4224 2424 4294 ipsam
2447 4223 2793 4278 nihilominus
2808 4222 3094 4291 ascriptam
3118 4220 3441 4291 pauperibus
3458 4232 3582 4288 por-

2004 4319 2224 4380 tionem,
2274 4314 2515 4384 quamvis
2562 4312 2754 4368 divinis
2799 4311 3097 4367 rationibus
3142 4326 3201 4367 se
3248 4310 3583 4380 dispcnsasso

2006 4413 2398 4462 monstraturus
2414 4420 2531 4462 esse
2544 4404 2803 4471 videatur,
2820 4402 3159 4472 tamenjuxta
3172 4401 3314 4473 quod
3327 4402 3581 4472 scriptum

2007 4506 2107 4564 est,
2139 4496 2207 4553 Ut
2234 4498 2442 4552 videant
2485 4514 2642 4568 opera
2682 4506 2850 4551 vestra
2880 4494 3043 4561 bona,
3074 4504 3124 4548 et
3152 4494 3443 4567 gloriﬁcent
3470 4493 3576 4548 Pa-

2008 4602 2134 4645 trem
2185 4600 2433 4654 vestrum,
2476 4591 2562 4661 qui
2616 4591 2671 4643 in
2715 4588 2854 4643 cazlis
2907 4596 2984 4642 est
3033 4585 3245 4658 (Matth.
3279 4588 3342 4655 ι),
3373 4593 3584 4656 oportet

2009 4682 2170 4736 etiam
2194 4682 2443 4752 przesenti
2474 4679 2837 4735 testificationi
2864 4677 3145 4749 prte'dicari
3173 4687 3227 4735 et
3255 4678 3412 4735 bona:
3432 4677 3584 4733 fama:

2009 4774 2290 4844 prteconiis
2313 4788 2418 4827 non
2449 4772 2631 4827 taceri.

2015 4880 2163 4944 Quod
2196 4884 2486 4953 episcopus,
2514 4882 2799 4952 presbyter,
2827 4891 2877 4935 et
2925 4883 3194 4947 diaconus,
3218 4900 3251 4936 a
3291 4899 3587 4953 quocunque

2082 4954 2266 5005 clerico
2295 4954 2537 5005 veraciter
2572 4954 2724 5022 fuerit
2772 4964 3061 5013 accusatus,
3093 4954 3213 5022 quia
3259 4964 3439 5007 contra
3479 4954 3587 5006 hcc

2080 5023 2357 5075 constituta
2387 5022 2604 5092 fecerit:
2629 5030 2793 5091 potest
2831 5023 2941 5076 sine
2996 5022 3314 5077 dubitatione
3357 5022 3587 5092 percelli,

2080 5094 2160 5145 sui
2201 5093 2355 5145 etiam
2388 5090 2930 5163 Vlto‘noris’episcopus
2978 5094 3263 5162 perieulum
3305 5090 3586 5155 subiturus,

2079 5163 2123 5215 si
2145 5166 2251 5215 Ittec
2273 5162 2412 5215 omni
2431 5160 2960 5217 Ecclesitenoscenda
2979 5160 3227 5216 tacuerit.

2081 5273 2313 5329 XXVIII.
2344 5272 2685 5345 Quapropter
2729 5289 2799 5329 ne
2854 5274 3171 5329 clericorum
3218 5272 3500 5343 quisquam
3528 5287 3588 5328 se

2012 5368 2170 5437 hujus
2198 5366 2414 5423 offensui
2467 5366 2703 5423 futurum
2749 5366 2987 5423 conﬁdat
3014 5366 3324 5432 immunem,
3347 5366 3394 5421 si
3422 5366 3475 5421 in
3504 5367 3589 5424 his

2013 5473 2133 5527 quze
2160 5457 2445 5513 salubriter
2472 5456 2743 5527 sequenda
2769 5455 3224 5526 deprompsimus,
3246 5456 3358 5511 sive
3380 5457 3590 5527 episco-

2015 5561 2161 5617 pum,
2192 5545 2304 5601 sive
2333 5545 2729 5615 presbyterum,
2763 5558 2858 5598 seu
2886 5544 3173 5601 diaconum
3204 5544 3398 5600 viderit
3425 5560 3587 5601 exce-

2012 5636 2251 5702 dentem,
2283 5651 2389 5690 non
2420 5635 2665 5706 protinus
2711 5634 2779 5689 ad
2819 5650 2978 5691 aures
3020 5643 3231 5691 nostras
3259 5635 3469 5692 deferre
3496 5652 3589 5693 cu-

2016 5728 2233 5793 raverit,
2264 5724 2671 5797 probationibus
2700 5725 2962 5781 duntaxat
2988 5735 3357 5789 competenter
3380 5726 3587 5782 exhibi-

2016 5820 2102 5886 tis,
2139 5827 2195 5874 ut
2216 5816 2623 5889 transgressoris
2654 5817 2784 5878 ultio
2810 5818 2928 5888 fiat,
2964 5828 3016 5876 et
3046 5820 3253 5876 caeteris
3282 5815 3585 5875 interdictio
