4092 6348
523 280 623 339 ιιι

1799 279 2155 337 DIONYSIUS
2188 280 2507 339 EXIGUUS.

3684 274 3791 335 312

523 391 883 463 delinquendi.
914 391 1009 449 Sui
1031 408 1160 450 vero
1182 394 1356 450 modis
1401 395 1650 452 omnibus
1682 396 1788 451 erit
1814 397 2103 468 unusquis-
2131 401 2181 464 Α
2206 398 2478 470 putaverit
2531 394 2934 472 supprimenda.
2990 394 3185 453 Datum
3226 411 3258 451 v
3290 394 3408 451 idus
3454 394 3787 460 ﬂartiarutn,

522 498 629 552 que
675 482 986 555 pontiﬁcqu
1032 484 1255 548 ordinis,
1283 494 1340 541 et
1381 486 1604 542 honoris
1656 487 1859 543 elisor:
1891 488 1937 542 si
1982 488 2100 542 cui-

525 592 686 647 quam
735 578 1073 644 clericorum,
1102 578 1187 633 vel
1235 578 1492 635 Ecclesiae
1544 580 1709 635 totius
1756 579 1960 634 auditui
1987 580 2105 635 haec

2208 488 2422 546 Asteria
2458 498 2513 546 et
2540 489 2794 545 Praesidio
2823 505 2911 544 vv.
2941 504 3023 545 ce.
3049 504 3229 546 conss.
3262 488 3384 561 (An.
3417 485 3611 542 Christi
3638 484 3789 557 494.)

1601 777 1965 838 DECRETA
2010 777 2429 839 ANASTASII
2474 779 2721 841 ΡΑΡᾸΞ.

593 990 996 1049 Gloriosissimo
1063 1000 1120 1046 et
1176 988 1593 1044 clementissimo
1670 985 1779 1041 ﬁlio
1830 985 2115 1040 Anastasio

527 1084 789 1153 Augusto,
814 1083 1127 1139 Anastasius
1156 1083 1460 1152 episcopus.

598 1174 892 1231 Exordium
920 1174 1264 1246 pontiﬁcatus
1292 1174 1397 1227 mei
1425 1173 1670 1243 primitus
1700 1172 1879 1227 oblata
1902 1171 2118 1242 populis

528 1278 663 1337 pace
689 1267 1002 1337 pronuntio,
1032 1276 1422 1336 consequenter
1445 1281 1543 1334 pro
1593 1262 1695 1319 ﬁde
1722 1265 1991 1319 catholica
2013 1264 2116 1318 hu-

535 1362 679 1418 milis
730 1361 916 1431 pietati
959 1368 1060 1415 tum
1115 1370 1364 1430 precator
1392 1376 1640 1424 occurro,
1674 1360 1725 1413 in
1747 1375 1975 1428 quorum
2004 1360 2118 1430 pri-

536 1468 685 1509 mum
739 1452 866 1505 mihi
919 1450 1155 1505 divinum
1186 1450 1420 1505 favorem
1452 1452 1839 1521 propinquasse
1882 1450 2117 1517 conﬁdo,

536 1542 679 1611 quod
710 1543 1061 1595 consonantia
1088 1543 1141 1595 in
1179 1558 1287 1607 me,
1319 1549 1372 1597 et
1402 1542 1759 1610 augustissimi
1784 1542 2015 1597 nominis
2044 1542 2121 1596 tui

534 1648 642 1687 non
688 1631 907 1685 dubium
958 1640 1178 1701 priestat
1224 1633 1502 1699 auxilium,
1534 1641 1590 1686 ut
1628 1633 1767 1688 sicut
1806 1633 2121 1703 praecelsum

533 1726 852 1781 vocabulum
896 1725 1114 1795 pietatis
1162 1734 1266 1779 tua:
1319 1741 1415 1795 per
1466 1726 1742 1780 universas
1790 1734 1977 1794 gentes
2007 1732 2123 1778 toto

2217 1003 2324 1057 que
2375 988 2739 1059 unusquisque
2795 998 3038 1044 nostrum
3089 1004 3187 1060 pro
3218 1004 3277 1044 se
3321 988 3588 1043 rationem
3612 988 3806 1045 reddet

2219 1077 2352 1131 Deo.
2378 1078 2493 1133 Non
2521 1094 2649 1147 ergo
2697 1079 2927 1148 amplius
2975 1080 3201 1134 invicem
3225 1078 3546 1147 jndicemus,
3576 1077 3676 1133 sed
3703 1080 3807 1134 hoc

2215 1168 2451 1237 judicate
2480 1171 2669 1237 magis,
2699 1184 2767 1225 ne
2806 1170 3021 1240 ponatis
3066 1168 3447 1225 oﬁ‘endiculum
3502 1169 3676 1231 fratri,
3720 1171 3807 1224 vel

2221 1261 2553 1315 scandalum.
2582 1262 2763 1316 Monet
2790 1262 2951 1330 igitur
2972 1262 3161 1316 beatus
3190 1259 3502 1329 Apostolus,
3535 1276 3601 1315 ne
3626 1260 3693 1314 de
3723 1260 3808 1313 his

2222 1349 2377 1403 nobis
2403 1351 2773 1419 praesumendo
2798 1350 3056 1419 judicium
3079 1390 3094 1415 ,
3125 1349 3192 1403 de
3224 1349 3416 1418 quibus
3440 1363 3597 1401 netuo
3628 1356 3811 1416 potest

2223 1424 2403 1497 verius
2455 1443 2540 1496 vel
2592 1443 2781 1495 melius
2825 1442 3068 1511 judicare
3106 1456 3265 1509 quam
3300 1440 3460 1507 Deus,
3491 1439 3543 1492 in
3575 1440 3678 1493 hoc
3706 1439 3809 1492 sibi

2224 1532 2485 1601 quispiam
2523 1532 2839 1587 temerarios
2888 1547 3047 1587 ausus
3096 1539 3337 1599 usurpet,
3362 1539 3413 1583 et
3456 1539 3678 1598 propter
3707 1530 3812 1584 hoc

2224 1636 2328 1690 pax
2381 1631 2539 1689 atque
2587 1622 2763 1675 unitas
2815 1619 3065 1675 Ecclesiae
3105 1619 3409 1690 dissipetur.
3465 1618 3596 1673 Nam
3646 1627 3702 1672 et
3758 1620 3813 1672 in

2228 1710 2529 1779 Regnorum
2563 1712 2696 1767 libro
2726 1713 2922 1766 dicitur
2946 1711 3030 1781 (Il
3056 1711 3181 1782 Reg.
3213 1712 3323 1779 xvi)
3360 1729 3371 1763 :
3400 1710 3515 1763 Non
3537 1711 3813 1779 quomodo

535 1816 669 1872 orbe
695 1814 993 1888 praefulget,
1025 1816 1099 1870 ita
1130 1832 1226 1886 per
1254 1817 1773 1883 ministeriuuunem
1802 1815 2123 1869 humilitatis
2154 1804 2200 1863 Β
2224 1802 2371 1857 Videl
2401 1802 2582 1867 homo.
2609 1803 2756 1857 Videl-
2810 1803 2969 1867 θευε,
3003 1803 3129 1872 (tuia
3180 1802 3345 1856 homo
3398 1802 3541 1856 "Mei
3569 1802 3619 1854 ίη
3652 1800 3813 1865 ίιιοῖε.

535 1909 693 1965 sedes
720 1908 1015 1963 beatissimi
1067 1906 1213 1962 Petri
1265 1908 1318 1962 in
1369 1908 1659 1961 universali
1690 1906 1931 1961 Ecclesia
1964 1906 2125 1977 (sicut

538 2016 753 2070 semper
774 2001 876 2069 est)
908 2001 1237 2069 assignatum
1283 2000 1387 2053 sibi
1433 2014 1463 2053 a
1512 1998 1739 2054 Domino
1781 1998 1892 2053 Dco
1949 2005 2128 2053 teneat

539 2091 917 2162 principatum,
948 2106 1048 2146 nec
1075 2098 1295 2161 propter
1326 2106 1489 2145 unum
1518 2100 1787 2146 mortuum
1818 2089 2019 2145 diutius
2046 2096 2130 2143 tu-

542 2182 662 2237 nica
694 2182 780 2234 illa
802 2181 1052 2235 salutaris
1077 2181 1587 2251 desuper'contexta
1617 2196 1714 2250 per
1742 2188 1911 2235 totum
1945 2179 2126 2250 (Joan.

541 2273 679 2340 xxx),
704 2272 859 2327 malae
887 2273 1048 2327 sortis
1068 2274 1302 2342 patiatur
1330 2274 1595 2327 incertum
1623 2290 1634 2325 :
1660 2287 1777 2341 qua:
1803 2274 1915 2327 sola
1939 2273 1993 2327 in
2021 2272 2131 2327 dis-

542 2363 826 2417 cissionem
880 2378 977 2432 pro
1032 2360 1285 2418 ﬁrmitate
1327 2364 1409 2418 sui
1457 2365 1640 2419 venire
1670 2380 1776 2419 non
1806 2364 1999 2435 potuit.
2032 2362 2130 2417 Cui

543 2456 705 2508 etiam
738 2456 790 2509 in
820 2455 1026 2525 privata
1053 2456 1159 2509 vita
1190 2464 1397 2509 tantum
1425 2457 1571 2511 circa
1598 2458 1827 2511 sincera:
1856 2456 2129 2524 religionis

544 2544 777 2599 studium
833 2544 932 2599 fuit
979 2554 1057 2613 ut,
1089 2546 1228 2601 sicut
1272 2546 1413 2601 fama
1464 2548 1764 2603 certissima
1813 2547 2126 2611 celebravit,

544 2652 706 2691 nemo
734 2637 906 2704 magis
936 2638 1020 2693 vel
1049 2639 1190 2693 inter
1217 2639 1516 2709 prmcipuos
1544 2639 1856 2695 sacerdotes
1885 2638 2130 2709 praefixas

546 2741 576 2779 a
600 2727 800 2781 sanctis
830 2726 1075 2783 Patribus
1103 2729 1314 2797 regulas
1355 2728 1612 2787 Ecclesia:
1654 2729 1953 2785 custodisse
1981 2728 2130 2785 dica-

549 2825 651 2883 tur,
679 2815 821 2885 quod
850 2826 1091 2872 sanctum
1140 2818 1370 2874 studium
1425 2834 1546 2875 cum
1602 2819 1886 2889 majestate
1920 2820 2130 2892 imperii

549 2908 782 2965 crevisse
811 2909 1148 2967 conﬁdimus.

551 3020 701 3084 Quod
749 3038 843 3092 pro
885 3022 1089 3078 Christo
1139 3026 1388 3099 fungatu_r
1429 3027 1703 3099 legatione,
1738 3027 1857 3081 dum
1879 3043 1972 3098 pro
2004 3044 2133 3099 pace

1067 3094 1306 3165 precatur
1334 3094 1604 3152 Ecclésiw.

620 3203 661 3257 Ι.
688 3202 980 3274 Legatione
1025 3206 1205 3274 itaque
1258 3204 1526 3275 fungimur
1564 3223 1663 3277 pro
1692 3208 1923 3272 Christo,
1954 3223 2021 3263 ne
2042 3223 2137 3264 eos
2164 3176 2208 3236 Ω

553 3302 776 3363 propter
796 3294 1167 3359 offensionem,
1192 3296 1275 3350 vel
1296 3296 1604 3351 scandalum
1626 3298 1905 3367 patiamini
1928 3300 2137 3369 publice

554 3385 822 3439 nominari
860 3403 873 3439 :
925 3402 1152 3456 quorum
1200 3388 1412 3452 merita,
1441 3388 1526 3442 vel
1555 3395 1707 3443 actus
1735 3388 1881 3442 illum
1901 3389 2136 3458 judicem

552 3476 726 3530 latere
774 3491 882 3531 non
926 3487 1174 3546 possunt,
1207 3480 1261 3533 in
1292 3479 1443 3548 cujus
1486 3479 1599 3549 jam
1638 3480 1977 3551 suntjudicio
2008 3498 2139 3539 con-

551 3568 746 3629 stituti,
780 3582 881 3623 nec
907 3568 1016 3623 illic
1035 3584 1094 3625 se
1121 3578 1304 3638 potest
1331 3571 1651 3626 interserere
1668 3572 1719 3625 in
1739 3587 1966 3642 corpore
1994 3589 2140 3629 mor-

554 3658 651 3713 tali
681 3657 857 3714 adhue
890 3660 1174 3714 temeraria
1205 3663 1573 3731 praesumptio,
1596 3662 1650 3716 in
1695 3676 1803 3732 quo
1825 3678 1932 3719 non
1962 3664 2138 3719 solutn

554 3750 821 3806 confessio
849 3748 977 3805 facit
1004 3760 1192 3820 aperta
1221 3752 1409 3807 merita
1448 3753 1778 3821 singulorum
1806 3772 1817 3807 :
1850 3754 1946 3809 sed
1967 3756 2129 3810 etiam

552 3840 753 3896 silentii
805 3841 971 3911 ipsius
1001 3857 1107 3897 non
1146 3850 1326 3912 potest
1364 3842 1533 3898 latere
1578 3852 1866 3898 secretum.
1898 3844 2138 3915 Namque

555 3940 613 3985 et
663 3930 1028 4000 praedecessor
1066 3944 1250 3989 noster
1298 3948 1436 4003 papa
1464 3933 1636 4000 Felix,
1681 3935 1776 3991 sed
1807 3936 1969 3990 etiam
1997 3935 2137 3991 Aea-

556 4021 665 4074 tius
692 4020 800 4075 illic
821 4021 1007 4090 procul
1028 4022 1188 4077 dubio
1211 4031 1355 4091 sunt,
1372 4023 1462 4078 ubi
1485 4025 1849 4094 unusquisque
1868 4024 1969 4081 sub
1990 4034 2139 4080 tanto

558 4112 736 4178 judice
762 4128 870 4168 non
900 4124 1079 4185 potest
1104 4116 1329 4185 perdere
1358 4117 1441 4173 sui
1463 4116 1641 4173 meriti
1663 4118 1997 4188 qualitatem.

559 4254 709 4327 Quod
738 4272 839 4309 non
870 4258 939 4311 sit
981 4265 1167 4331 temere
1206 4259 1547 4329 judicandum
1585 4260 1647 4314 de
1690 4260 1769 4314 his
1819 4261 1905 4330 qui
1926 4260 2040 4331 jam
2070 4262 2139 4313 ad

1085 4325 1250 4382 Deuin
1271 4331 1635 4402 migrauerunt.

632 4437 695 4501 ll.
726 4437 910 4510 Itaque
932 4449 1185 4495 monente
1215 4457 1313 4495 nos
1334 4442 1644 4498 beatissimo
1674 4441 1841 4498 Paulo
1870 4443 2135 4513 apostolo,

558 4543 627 4585 ne
674 4530 817 4597 quod
864 4531 933 4585 sit
978 4532 1031 4586 in
1074 4532 1177 4588 hoc
1225 4532 1601 4588 oﬁendiculum
1642 4535 1694 4588 in
1724 4533 1981 4599 Ecclesia,
2012 4535 2137 4589 dum
2169 4552 2216 4611 ο

558 4618 704 4687 quod
734 4618 909 4675 facere
932 4637 1037 4675 non
1063 4638 1364 4699 possumus,
1389 4623 1554 4678 dehis
1575 4624 1664 4691 qui
1683 4622 1792 4691 jam
1812 4624 2139 4679 transierunt

528 4710 798 4781 [judicare
827 4730 1104 4781 conemur,
1123 4716 1515 4771 observandum
1537 4730 1655 4770 esse
1673 4717 2027 4786 tranquillitas
2048 4726 2137 4772 tua

558 4813 867 4870 cognoscat.
899 4806 989 4859 Ait
1015 4807 1157 4860 enim
1187 4806 1256 4861 de
1284 4806 1369 4861 his
1395 4807 1485 4876 qui
1518 4805 1587 4860 de
1613 4806 1843 4861 rebusad
1868 4807 2031 4863 Deum
2059 4824 2142 4865 so-

561 4893 671 4946 lum
700 4896 1093 4963 pertinentibus
1131 4896 1373 4965 judicare
1402 4905 1735 4966 praesumunt
1763 4897 1939 4969 (Rom.
1976 4900 2085 4971 xxv)
2122 4920 2135 4955 :

559 4982 729 5040 Nemo
749 4988 892 5041 enim
919 4996 1161 5042 nostrum
1192 4987 1293 5043 sibi
1314 4987 1462 5051 vivit,
1487 4996 1542 5042 et
1568 5004 1725 5044 nemo
1749 4990 1849 5045 sibi
1874 4992 2134 5047 moritur:

559 5089 677 5131 snve
697 5077 839 5131 enim
864 5077 1112 5146 vivimus,
1144 5076 1373 5132 Domino
1418 5078 1675 5145 vivimus;
1706 5082 1819 5136 sive
1863 5083 2141 5147 morimur,

560 5168 791 5225 Domino
811 5170 1073 5225 morimur
1106 5189 1118 5224 :
1147 5171 1261 5226 sive
1283 5171 1425 5225 enim
1448 5173 1695 5237 vivimus,
1724 5174 1837 5230 sive
1866 5176 2145 5241 morimur,

561 5259 778 5316 Domini
803 5276 1007 5317 sumus.
1050 5261 1108 5316 ln
1160 5263 1266 5319 hoc
1319 5264 1483 5333 enim,
1512 5264 1755 5320 Christus
1794 5267 2090 5322 resurrexit
2115 5283 2146 5322 a

560 5353 811 5417 mortuis,
842 5360 896 5407 ut
924 5361 981 5407 et
1008 5354 1247 5409 vivorum
1274 5364 1332 5409 et
1359 5365 1691 5413 mortuorum
1719 5357 2059 5425 dominetur;
2090 5368 2148 5415 tu

566 5447 747 5495 autem
799 5441 927 5510 quid
965 5443 1174 5512 judicas
1228 5444 1447 5501 fratrem
1500 5448 1831 5503 tuum?Aut
1884 5458 1939 5504 tu
1979 5464 2147 5517 quare

566 5533 776 5601 spernis
844 5532 1065 5591 fratrem
1150 5540 1335 5593 tuum?
1405 5537 1603 5595 Omnes
1669 5542 1813 5596 enim
1890 5543 2150 5597 stabimus

567 5632 693 5677 ante
747 5625 977 5680 tribunal
1007 5627 1121 5683 Dei.
1178 5629 1444 5699 Scriptum
1472 5640 1555 5685 est
1601 5633 1743 5686 enim
1785 5631 1938 5701 (Isai.
1982 5631 2144 5699 va):

568 5709 706 5768 \‘ivo
760 5727 885 5782 ego,
915 5714 1046 5773 dicit
1098 5717 1386 5782 Dominus,
1416 5718 1670 5789 quoniam
1724 5721 1854 5775 mihi
1904 5720 2149 5778 ﬂectetur

572 5817 733 5864 omne
759 5819 920 5879 genu,
952 5802 1011 5867 et'
1052 5809 1223 5866 omnis
1275 5809 1455 5880 lingua
1513 5811 1849 5870 conﬁtebitur
1878 5812 2007 5869 Deo.
2039 5811 2145 5867 lta-

2226 1894 2367 1949 Deus
2396 1904 2573 1949 autem
2605 1896 2750 1949 videt
2793 1896 2844 1949 in
2894 1895 3077 1950 corde.
3101 1895 3232 1949 ltem
3278 1895 3332 1948 in
3360 1892 3817 1963 Paralipomenon

2227 1988 2361 2041 libro
2387 1987 2562 2057 primo
2590 1986 2637 2056 (1
2656 1986 2838 2040 Paral.
2868 1988 3054 2058 xxvm)
3076 1985 3347 2053 :Etnunc,
3367 1985 3647 2048 Salomon,
3678 1986 3816 2039 scito

2231 2082 2395 2136 Deum
2428 2090 2638 2152 patrum
2665 2091 2897 2148 tuorum,
2931 2089 2985 2135 et
3008 2080 3146 2135 servi
3178 2081 3251 2134 illi
3282 2081 3333 2134 in
3366 2079 3523 2134 corde
3550 2079 3816 2147 perfecto,

2230 2184 2286 2230 et
2332 2175 2511 2229 animo
2558 2174 2792 2238 volente,
2827 2175 3079 2245 quoniam
3126 2174 3305 2228 omnia
3332 2173 3497 2228 corda
3538 2182 3819 2226 scrutatur

2231 2265 2506 2330 Dominus,
2540 2274 2593 2320 et
2643 2282 2857 2321 omnem
2915 2266 3294 2333 cogitationem
3352 2264 3519 2318 novit.
3572 2262 3704 2316 item
3764 2262 3819 2317 in

2233 2356 2511 2413 Ezechiele
2531 2358 2642 2411 haec
2664 2356 2790 2411 dicit
2811 2356 3065 2410 Dominus
3085 2354 3296 2423 (Ezech.
3328 2355 3401 2423 ιι)
3429 2373 3439 2405 :
3472 2353 3561 2407 Sic
3580 2354 3816 2419 dixistis,

2233 2448 2422 2503 domus
2453 2446 2697 2509 Israel,et
2720 2447 3081 2515 cogitationes
3108 2446 3327 2513 spiritus
3349 2445 3511 2497 vestri
3536 2443 3659 2496 novi
3691 2458 3817 2511 ego.

2237 2541 2388 2596 Unde
2436 2550 2490 2595 et
2537 2541 2606 2595 de
2662 2541 2890 2595 Domino
2928 2540 3111 2608 judice
3158 2538 3350 2592 dicitur
3404 2537 3455 2590 in
3484 2535 3820 2603 Evangelii):

2232 2634 2418 2689 Sciens
2461 2643 2639 2687 autem
2689 2631 2843 2687 Jesus
2865 2632 3220 2701 cogitationes
3257 2645 3446 2685 eorum
3475 2628 3610 2683 dixit
3641 2646 3654 2682 :
3680 2626 3822 2695 Quid

2231 2725 2478 2793 cogitatis
2498 2724 2637 2777 mala
2666 2724 2717 2778 in
2746 2722 2997 2779 cordibus
3018 2722 3248 2777 vestris?

2306 2837 2374 2892 Ut
2400 2838 2691 2909 specialiter
2719 2839 2773 2891 in
2802 2835 3041 2891 Ecclesia
3079 2854 3266 2893 nomen
3290 2844 3522 2892 taceatur
3548 2837 3741 2890 Acatii.

2302 2929 2389 2987 Ill.
2420 2929 2709 2986 Preeamur
2738 2930 2918 3001 itaque
2946 2929 3289 2985 e‘ementiam
3319 2938 3577 2988 vestram.
3601 2936 3661 2982 ut
3686 2941 3823 2997 spe-

2230 3023 2440 3077 cialiter
2468 3038 2663 3077 nomen
2691 3022 2834 3091 quod
2864 3021 3047 3076 multis
3086 3037 3154 3077 ex
3181 3021 3357 3077 causis
3384 3020 3695 3076 scandalum
3724 3021 3814 3075 vel

2238 3112 2616 3170 oil‘endiculum
2660 3112 2916 3169 Ecclesia:
2962 3114 3266 3179 concitavit,
3306 3113 3527 3185 speciali
3580 3113 3825 3184 appellb

2241 3206 2387 3259 tione
2435 3213 2692 3267 taceatur,
2724 3220 2867 3270 cum,
2899 3204 3038 3259 sicut
3090 3202 3339 3270 dhimus,
3367 3206 3420 3259 in
3467 3204 3825 3272 generalitate

2240 3292 2581 3350 sacerdotum
2636 3294 3054 3366 uniuscujusque
3105 3296 3353 3351 meritum
3396 3294 3545 3350 illum
3587 3294 3825 3365 judicem

2240 3383 2408 3439 latere
2460 3401 2566 3440 non
2616 3386 2803 3455 possit,
2836 3386 2964 3455 quid
3018 3386 3212 3455 cuique
3266 3385 3604 3441 tribuendum
3634 3386 3701 3440 sit
3723 3402 3824 3457 pro

2239 3479 2501 3535 mstimata
2549 3478 2950 3549 dispensatione
2978 3481 3313 3545 meritorum,
3345 3480 3431 3535 cui
3479 3481 3580 3533 soli
3610 3481 3822 3545 cogita-

2241 3570 2414 3625 tiones
2435 3584 2651 3639 quoque
2677 3570 2971 3625 manifestae
2989 3578 3133 3625 sunt.
3162 3570 3402 3637 Quantos
3424 3586 3552 3625 vero
3567 3585 3823 3626 excessus

2241 3668 2401 3728 atque
2448 3661 2893 3731 prmsumptiones
2922 3661 3169 3716 habuerit
3196 3662 3434 3726 Acatius,
3467 3677 3539 3716 ne
3584 3663 3824 3717 clemen—

2242 3754 2328 3807 tize
2358 3762 2461 3807 tua!
2491 3768 2587 3823 per
2609 3753 2816 3821 singula
2847 3768 3135 3823 suggerere
3165 3753 3394 3811 fortasse
3420 3754 3670 3809 videatur
3691 3769 3823 3811 one-

2239 3860 2442 3909 rosum,
2466 3844 2777 3911 Cresconio,
2806 3845 2892 3900 vel
2938 3846 3101 3901 etiam
3148 3845 3437 3911 Germano,
3472 3845 3724 3903 fratribus
3764 3857 3823 3902 et

2240 3935 2574 4005 coepiscopis
2624 3935 2797 4000 meis,
2866 3950 3004 4003 quos
3052 3936 3293 3991 misimus
3346 3935 3413 3990 ad
3472 3937 3821 3992 serenitatem

2244 4033 2406 4087 tuam,
2438 4023 2504 4078 de
2534 4023 2711 4079 causis
2739 4025 2960 4093 singulis
2989 4025 3188 4090 Acatii,
3211 4027 3384 4097 qualis
3410 4026 3592 4095 fuerit,
3625 4028 3822 4083 instru-

2240 4114 2474 4168 ctionem
2497 4114 2858 4185 plenissimam
2881 4115 3143 4180 dedimus,
3170 4117 3468 4171 clementiae
3484 4126 3677 4172 vestrae
3701 4131 3823 4186 spe-

2243 4207 2430 4261 cialius
2458 4208 2865 4273 recensendam,
2891 4209 2934 4262 si
2961 4208 3063 4263 hoc
3084 4209 3273 4279 pietati
3303 4217 3407 4262 tuae
3435 4207 3701 4279 placuerit
3728 4223 3821 4265 cu-

2242 4301 2437 4356 riosius
2468 4302 2741 4372 indagare,
2769 4317 2836 4357 ne
2892 4302 2946 4357 in
2996 4302 3175 4371 aliquo
3226 4302 3580 4369 suggestionis
3626 4309 3819 4356 nostra!

2240 4394 2440 4448 veritas
2467 4393 2698 4448 defuisse
2724 4393 2994 4458 videatur,
3019 4403 3078 4447 ut
3106 4409 3203 4464 pro
3226 4392 3402 4447 divina
3432 4394 3695 4463 sapientia
3737 4407 3819 4447 ve-

2240 4492 2371 4547 stra,
2404 4483 2680 4551 perspicue
2709 4483 2890 4538 videre
2910 4482 3142 4552 possitis,
3176 4498 3280 4538 non
3310 4482 3579 4552 superbia.
3604 4482 3684 4536 vel
3710 4480 3820 4536 ela-

2244 4573 2390 4628 tioite
2415 4573 2559 4628 sedis
2585 4574 2897 4644 apostolica:
2943 4575 2994 4628 in
3038 4574 3281 4630 Acalium
3306 4575 3467 4629 talem
3498 4574 3823 4644 processisse

2242 4668 2582 4733 sententiam,
2602 4667 2693 4721 sed
2710 4666 3035 4734 facinoribus
3062 4669 3225 4723 certis
3250 4666 3526 4737 (Quantum
3552 4684 3653 4722 nos
3673 4676 3821 4722 extra

2245 4758 2374 4812 illud
2401 4758 2682 4827 judicium,
2716 4759 2861 4828 quod
2883 4759 3055 4813 solum
3080 4759 3191 4813 falli
3224 4775 3330 4813 non
3361 4766 3562 4828 potest,
3592 4760 3823 4816 aestima-

2244 4855 2387 4923 mus)
2418 4855 2534 4909 zelo
2562 4855 2730 4924 magis
2751 4853 3042 4909 divinitatis
3062 4862 3324 4908 exortam.

2484 4964 2633 5031 Quod
2656 4982 2966 5037 magnopere
2985 4967 3241 5019 contentio
3268 4967 3336 5019 sit
3356 4964 3604 5018 cavenda.

2318 5078 2406 5132 IV.
2438 5078 2547 5133 Nos
2566 5094 2694 5133 vero
2713 5078 3373 5149 humilitersupplimntes,
3403 5080 3828 5134 controversiam

2248 5170 2301 5224 in
2333 5169 2570 5224 Ecclesia
2615 5185 2896 5224 remanere
2937 5170 3204 5231 nolumus,
3234 5185 3355 5223 cum
3405 5170 3575 5238 magis
3613 5170 3831 5225 vitanda

2250 5261 2525 5314 contentio
2573 5259 2670 5322 sit,
2718 5261 2856 5315 sicut
2881 5259 3076 5315 dicitur
3112 5260 3163 5315 in
3192 5260 3499 5315 Proverbiis
3543 5260 3697 5331 (Cap.
3726 5261 3782 5329 ι)
3814 5280 3827 5314 :

2250 5352 2440 5408 Odium
2487 5354 2707 5409 suscitat
2734 5353 3029 5408 contentio.
3063 5351 3260 5408 Omnes
3283 5353 3425 5407 enim
3446 5355 3538 5422 qui
3565 5370 3671 5408 non
3703 5369 3830 5409 con~

2251 5444 2497 5509 tendunt,
2538 5446 2772 5513 protegit
2823 5445 3075 5500 amicitia.
3129 5444 3261 5499 Nam
3316 5455 3373 5501 et
3420 5446 3715 5518 Apostolus
3764 5445 3828 5503 ad

2249 5537 2561 5593 Corinthios
2589 5540 2662 5593 ait
2693 5538 2744 5609 (1
2768 5538 2889 5594 Cor.
2923 5540 2998 5605 ιιι)
3034 5556 3047 5593 :
3073 5537 3208 5594 Cum
3239 5540 3381 5603 enim
3412 5540 3519 5594 sint
3566 5540 3706 5593 inter
3734 5553 3828 5590 vos

2250 5630 2621 5687 aemulationes
2666 5641 2718 5686 et
2756 5631 3148 5693 contentiones,
3182 5647 3361 5686 nonne
3411 5628 3653 5684 carnales
3681 5628 3827 5690 estis,

2251 5731 2307 5778 et
2333 5723 2625 5780 secundum
2681 5724 2950 5781 hominem
2982 5721 3455 5779 ambulatis?ltem
3513 5720 3581 5776 ad
3632 5719 3828 5790 Philip-

2252 5827 2445 5880 Penscs
2469 5812 2618 5884 (Cap.
2652 5818 2739 5886 n):
2773 5814 2828 5874 Si
2858 5832 2963 5885 qua
2993 5831 3121 5884 ergo
3151 5813 3449 5874 consolatio
3495 5814 3549 5870 in
3595 5809 3825 5875 Christo,
