4092 6348
351 240 460 299 315

1409 243 1789 302 COLLECTIO
1820 241 2288 302 DECRETORUM
2328 244 2430 301 PP.
2472 246 2588 304 RR.

3466 252 3614 312 -δη

348 373 525 427 siqua
553 357 807 413 allocutio
835 355 1135 420 eharitatis,
1163 355 1210 411 si
1256 370 1361 426 qua
1405 359 1638 413 societas
1685 357 1923 428 spiritus,
1957 363 2008 422 Α
2034 359 2282 428 attingat,
2324 373 2433 428 quo
2478 359 2702 417 forsitan
2737 378 2835 434 per
2878 364 3117 432 iniquum
3173 365 3367 422 tradita
3421 350 3612 424 sacra;-

346 465 395 505 δι
439 464 546 518 qua
589 447 816 512 viscera,
848 457 903 502 et
956 449 1345 514 miserationes,
1402 448 1621 519 implete
1673 450 1923 517 gaudium

346 558 550 605 meum,
579 552 637 597 ut
684 543 737 597 id
775 544 945 612 ipsum
976 541 1164 596 dicatis
1186 557 1392 606 omnes,
1422 542 1666 596 eamdem
1696 543 1928 596 Charita-

346 645 458 692 tem
497 635 777 702 habentes,
807 634 937 688 nihil
992 649 1087 702 per
1142 633 1563 696 contentionem,
1616 648 1790 702 neque
1831 648 1927 701 per

344 727 562 780 inanem
593 726 839 793 gloriam,
872 725 963 780 sed
1003 726 1056 778 in
1102 724 1402 778 humilitate
1452 724 1647 778 mentis
1697 724 1925 780 invicem

340 818 675 872 aestimantes
722 816 1085 884 sibimetipsos
1128 816 1459 885 superiores,
1482 831 1589 871 non
1611 830 1709 870 sua
1732 815 1925 883 singuli

343 909 715 979 respicientes,
747 908 840 963 sed
870 908 1118 962 aliorum.

343 1019 415 1075 Ut
442 1020 826 1074 Alexandrinos
846 1022 1127 1088 imperator
1151 1018 1428 1072 admoneat
1465 1018 1535 1071 ad
1565 1016 1722 1087 fidem
1753 1018 1923 1071 since-

663 1108 775 1143 ram
796 1100 845 1145 et
876 1106 1055 1160 pacem
1082 1090 1249 1143 redire
1273 1089 1599 1142 catholicam.

416 1183 477 1237 V.
521 1184 636 1239 Hoc
678 1192 854 1238 tamen
912 1184 1178 1252 praecipue
1220 1183 1432 1236 insinuo
1473 1181 1747 1236 serenitati
1796 1191 1920 1247 tum,

338 1274 727 1343 gloriosissime
773 1282 828 1327 et
857 1274 1272 1328 clementissime
1302 1271 1371 1325 tili
1409 1271 1663 1339 Auguste,
1696 1279 1753 1323 ut
1797 1286 1919 1324 cum

337 1381 516 1421 causa:
568 1364 1049 1418 Alexandrinorum
1097 1364 1369 1432 patuerint
1409 1362 1659 1431 piissimis
1705 1361 1920 1417 auribus

336 1457 552 1521 vestris,
576 1456 641 1509 ad
667 1456 929 1510 sinceram
970 1464 1023 1507 et
1049 1455 1368 1509 catholicam
1412 1453 1570 1507 fidem
1600 1469 1694 1507 eos
1731 1462 1920 1506 aucto-

336 1550 529 1615 ritate,
567 1548 861 1616 sapientia,
893 1546 1191 1615 divinisque
1233 1547 1426 1601 vestris
1481 1547 1696 1600 monitis
1742 1546 1918 1601 redire

336 1639 565 1693 faciatis.
593 1637 725 1691 Num
748 1638 874 1708 quid
903 1638 1187 1693 tenendum
1210 1640 1279 1692 sit
1303 1639 1354 1693 in
1373 1638 1629 1707 religione
1650 1638 1914 1692 catholica

2027 452 2189 504 menti
2220 453 2389 519 gratia
2430 455 2606 509 minus
2637 455 2786 509 firma
2828 456 3087 512 videatur.
3131 458 3263 513 Nam
3304 468 3362 514 et
3408 457 3613 528 baptis-

2025 559 2193 608 mum,
2225 547 2367 613 quod
2400 547 2585 615 procul
2616 550 2683 602 sit
2710 550 2778 602 ab
2808 548 3070 612 Ecclesia,
3103 552 3215 605 sive
3239 566 3308 606 ao
3335 550 3604 619 adultero,

2024 633 2109 686 vel
2140 648 2167 686 a
2197 633 2313 688 fure
2342 634 2501 689 fuerit
2530 637 2733 700 datum,
2758 644 2822 693 ad
2856 641 3235 709 percipienteut
3266 658 3457 697 munus
3478 658 3607 712 per-

2023 724 2172 778 venit
2198 725 2480 791 illibatum,
2505 729 2627 795 quia
2658 744 2761 782 vox
2788 730 2897 798 illa,
2919 746 3039 798 qua:
3067 733 3247 786 sonuit
3277 748 3373 802 per
3399 735 3608 789 colum-

2023 808 2165 874 bam,
2195 827 2407 865 omnem
2438 816 2700 869 maculam
2732 816 2976 871 humana:
3004 820 3314 888 pollutionis
3347 823 3601 877 excludit.

2024 898 2175 964 Quod
2206 899 2512 956 declaratur
2533 920 2651 958 cum
2683 905 2878 959 dicitur
2907 908 3086 977 (Joan.
3128 911 3164 979 ι)
3194 928 3206 963 :
3258 911 3356 967 Hic
3392 921 3473 967 est
3513 913 3607 982 qui

2022 989 2261 1058 baptizat
2286 991 2336 1044 in
2359 991 2559 1061 Spiritu
2581 1006 2635 1048 et
2660 995 2801 1064 igne.
2829 995 2959 1048 Nam
2988 1000 3032 1051 si
3054 999 3285 1053 visibiliv.
3303 1002 3431 1055 solis
3456 1003 3607 1056 istius

2022 1078 2176 1143 radii,
2209 1095 2328 1133 cum
2352 1096 2450 1150 per
2474 1082 2590 1137 loca
2621 1084 2932 1139 fctidissima
2965 1092 3259 1155 transeant,
3307 1092 3449 1143 nulla
3482 1106 3607 1145 con-

2024 1175 2196 1221 tactus
2226 1169 2593 1239 inquiuatione
2622 1173 2988 1237 maculantur;
3033 1178 3201 1232 multo
3249 1182 3416 1248 magis
3464 1182 3605 1235 illius

2021 1258 2111 1325 qui
2144 1258 2301 1312 istum
2332 1261 2593 1316 visibilem
2630 1263 2787 1329 fecit,
2818 1267 2987 1320 virtus
3016 1268 3159 1321 nulla
3197 1270 3477 1325 ministerii
3522 1273 3605 1326 in-

2021 1349 2279 1418 dignitate
2309 1355 2713 1424 constringitur.
2748 1358 2879 1411 Nam
2909 1368 2964 1413 et
2991 1359 3155 1414 Judas
3183 1378 3304 1416 cum
3335 1362 3492 1416 fuerit
3512 1378 3605 1419 sa-

2021 1444 2252 1512 crilegus
2280 1455 2442 1515 atque
2473 1448 2575 1513 fur,
2600 1450 2856 1520 quidquid
2888 1453 2998 1519 egit
3028 1454 3169 1507 inter
3200 1455 3477 1522 apostolos
3505 1471 3604 1525 pro

2020 1533 2279 1602 dignitate
2327 1538 2644 1605 commissa,
2690 1540 2950 1596 beneficia
2998 1558 3096 1612 per
3149 1544 3421 1612 indignum
3478 1548 3603 1602 data

2020 1627 2163 1681 nulla
2193 1642 2258 1682 ex
2294 1628 2396 1683 hoc
2425 1630 2745 1687 detrimenta
2791 1645 3093 1702 senserunt,
3145 1637 3451 1693 declarante
3500 1639 3602 1695 hoc

334 1730 628 1786 secundum
658 1730 873 1785 definita
906 1729 1120 1784 Patrum
1142 1739 1195 1785 et
1217 1731 1648 1801 prmdicationem
1678 1731 1915 1784 omnium
1950 1726 1990 1783 Β
2020 1719 2192 1787 ipsum
2243 1720 2468 1776 Domino
2514 1725 2945 1781 mallirt'SliSSima
2993 1744 3127 1784 V009
3181 1729 3393 1785 (Mauh-
3440 1730 3554 1801 ³³η)
3585 1749 3598 1785 ³

332 1826 673 1883 sacerdotum
704 1824 795 1894 qui
826 1825 878 1879 in
908 1822 1141 1879 Ecclesia
1166 1824 1481 1889 ﬂoruerunt,
1505 1824 1548 1878 si
1579 1824 1680 1877 hoc
1702 1837 1918 1893 quoque

331 1916 721 1989 pneceperitis,
752 1916 1044 1972 scientibus
1097 1914 1455 1969 in‘memoria
1506 1912 1917 1967 transmittendo

330 2008 729 2073 renovabimus,
756 2005 1124 2075 ignorantibus
1150 2004 1217 2060 ad
1258 2003 1568 2058 discendum
1611 2018 1708 2073 pro
1738 2002 1915 2057 oflicio

330 2109 528 2155 nostra:
557 2098 924 2153 instructionis
946 2096 1239 2161 oll‘erimus,
1263 2105 1320 2150 ut
1344 2096 1485 2149 nulla
1514 2104 1667 2149 extra
1695 2095 1808 2150 haec
1830 2096 1915 2149 in-

330 2192 609 2263 geniorum
633 2190 890 2259 jactantia
920 2188 1005 2244 vel
1035 2189 1269 2258 pravitas
1301 2186 1567 2241 audiatur.

329 2302 648 2357 Admonetur
673 2303 968 2371 imperator,
1000 2308 1055 2421 ibit
1093 2299 1385 2353 constitutis
1434 2298 1730 2369 apostolica:
1776 2300 1913 2354 sedis

969 2388 996 2421 0
1036 2377 1293 2421 temperet.

969 2377 1293 2439 obtemperet.

401 2463 489 2518 Vl.
531 2462 664 2516 Illud
682 2478 810 2516 vero
831 2462 1154 2531 peculiarius
1176 2477 1272 2530 pro
1294 2478 1477 2517 amore
1501 2462 1705 2533 imperii
1728 2464 1911 2530 vestri,

328 2564 385 2611 ct
420 2554 767 2617 beatitudine,
819 2568 936 2621 quae
975 2553 1235 2621 consequi
1280 2554 1475 2621 poterit
1524 2569 1765 2621 regnum,
1817 2570 1914 2623 pro

328 2645 628 2716 apostolico
658 2642 835 2699 cilicio
862 2643 1230 2713 praedicamus,
1263 2653 1341 2713 ut,
1372 2645 1509 2700 sicut
1531 2644 1688 2701 decet
1710 2655 1767 2701 et
1792 2646 1914 2717 Spi-

328 2739 464 2793 ritus
488 2744 708 2791 sanctus
734 2735 920 2801 dictat,
953 2735 1171 2801 monitis
1193 2736 1391 2791 nostris
1431 2737 1734 2791 obedientia
1776 2753 1915 2808 prm-

327 2828 539 2892 beatur,
573 2836 631 2882 ut
666 2827 804 2881 bona
842 2827 1023 2881 omnia
1071 2837 1250 2882 vestra
1290 2828 1674 2897 rempublicam
1721 2844 1914 2883 conse-

328 2926 583 2988 quantur,
614 2917 754 2972 sicut
794 2918 845 2970 in
877 2915 1063 2972 Exodo
1093 2918 1422 2987 promittitur
1452 2916 1648 2989 (Exod.
1693 2918 1784 2989 xv)
1813 2936 1826 2972 :
1855 2918 1913 2973 Si

328 3008 567 3063 audieris
588 3022 773 3062 vocem
798 3007 1010 3061 Domini
1032 3007 1123 3062 Dei
1150 3008 1245 3076 tui,
1273 3018 1328 3063 et
1349 3024 1468 3078 qua:
1488 3008 1700 3078 placent
1723 3007 1914 3064 feceris

2019 1806 2220 1864 Scriba:
2244 1811 2457 1883 (inquit)
2495 1821 2551 1867 et
2598 1815 2849 1871 Phariszni
2880 1834 3042 1887 super
3088 1820 3396 1874 cathedram
3441 1821 3602 1878 Musis

2017 1901 2238 1967 sedent;
2274 1918 2392 1971 qua:
2421 1904 2607 1960 dicunt
2636 1905 2815 1972 facile,
2841 1923 2960 1978 quae
2984 1919 3165 1963 autem
3190 1909 3390 1965 faciunt
3436 1911 3603 1967 nolite

2016 1989 2226 2058 facere;
2252 1993 2434 2049 dicunt
2459 1996 2624 2065 enim,
2668 2007 2724 2053 et
2755 2015 2861 2053 non
2906 2000 3127 2056 faciunt.
3158 2002 3427 2072 Quidquid
3470 2019 3602 2073 ergo

2017 2079 2083 2134 ad
2112 2081 2387 2136 hominum
2416 2094 2729 2153 provectum
2754 2090 2979 2156 quilibet
3011 2091 3063 2144 in
3090 2093 3328 2148 Ecclesia
3358 2093 3600 2150 minister

2015 2187 2115 2242 pro
2143 2173 2321 2228 officio
2341 2191 2439 2230 suo
2465 2177 2677 2232 videtur
2707 2181 2939 2250 operari,
2992 2182 3095 2237 hoc
3127 2193 3297 2238 totunt
3333 2187 3599 2245 contineri

2016 2262 2288 2332 implendo
2309 2264 2601 2321 divinitatis
2621 2267 2891 2338 effectum,
2922 2271 2993 2325 ita
3020 2272 3127 2338 ille,
3150 2289 3246 2343 per
3265 2290 3421 2342 quem
3444 2275 3599 2331 Chri-

2016 2365 2130 2410 stus
2158 2357 2412 2425 loquitur,
2440 2356 2637 2414 Paulus
2662 2359 2896 2415 affirmat
2935 2360 2989 2434 (Ι
3018 2362 3139 2418 Cor.
3178 2364 3277 2434 ut),
3304 2364 3415 2434 Ego
3449 2365 3599 2435 plan-

2016 2448 2142 2509 tavi,
2176 2447 2366 2517 Apollo
2396 2450 2610 2518 rigavit,
2659 2452 2751 2507 sed
2801 2453 2943 2508 Deus
2989 2454 3379 2511 incrementum
3428 2458 3595 2513 dedit.

2015 2537 2200 2607 Itaque
2231 2556 2403 2611 neque
2426 2542 2517 2610 qui
2567 2542 2773 2613 plantat
2796 2547 3125 2615 estaliquid,
3160 2564 3334 2617 neque
3382 2551 3471 2619 qui
3528 2550 3599 2603 ri-

2014 2639 2123 2699 gat,
2156 2630 2253 2685 sed
2296 2634 2388 2701 qui
2426 2633 2814 2689 incrementum
2845 2638 2937 2691 dat
2971 2638 3128 2693 Deus.
3180 2639 3221 2692 A
3262 2638 3372 2694 Deo
3418 2650 3598 2695 autem

2016 2737 2123 2777 non
2161 2724 2420 2793 quaeritur
2460 2724 2604 2793 quis,
2651 2726 2737 2781 vel
2772 2727 2946 2795 qualis
2988 2729 3262 2797 praedicet,
3306 2729 3399 2784 sed
3438 2745 3598 2800 quem

2014 2809 2289 2879 prmdicet,
2319 2820 2379 2865 ut
2404 2812 2613 2868 invidos
2639 2814 2801 2869 etiam
2830 2814 2970 2869 bene
3006 2814 3277 2870 Christum
3308 2818 3598 2886 prmdicaro

2013 2901 2316 2957 confirmet.
2344 2900 2463 2968 Quo
2503 2904 2646 2958 malo
2679 2904 2927 2960 diabolus
2972 2907 3088 2976 ipse
3128 2907 3368 2977 dejectus
3396 2912 3497 2977 e‘st,
3547 2918 3598 2971 et

2013 2992 2117 3047 hoc
2146 2994 2265 3063 ipso
2294 2994 2585 3064 prtedicare
2612 3009 2718 3052 non
2743 2997 2961 3053 desinit.

327 3116 513 3155 coram
544 3100 679 3171 ipso,
705 3107 760 3155 et
786 3099 1057 3154 obedieris
1086 3100 1369 3170 prmceptis
1389 3100 1523 3168 ejus,
1550 3107 1606 3155 et
1642 3100 1911 3155 custodie-
1940 3098 1985 3160 C
2018 3102 2169 3169 Quod
2206 3105 2332 3159 mali
2376 3106 2511 3162 bona
2558 3110 2901 3163 ministrando
2951 3110 3048 3165 sibi
3097 3113 3448 3168 tantummodo
3504 3130 3598 3169 uo-

327 3190 408 3243 ris
435 3204 649 3243 onmem
668 3188 928 3256 justitiam
957 3187 1092 3256 ejus,
1118 3204 1332 3243 omnem
1364 3187 1725 3242 inﬁrmitatem
1747 3202 1910 3257 quam

329 3279 619 3347 importavi
649 3276 937 3349 tEgyptiis,
967 3293 1074 3331 non
1101 3277 1404 3345 importaho
1431 3277 1484 3331 in
1516 3286 1568 3331 te
1594 3294 1607 3329 :
1632 3275 1745 3345 Ego
1766 3277 1909 3331 enim

327 3382 451 3420 sum
480 3365 733 3420 Dominus
767 3366 860 3436 qui
903 3366 1111 3421 salvum
1154 3364 1292 3419 facio
1323 3374 1398 3419 te.
1448 3363 1518 3418 Et
1562 3363 1671 3418 illic
1714 3365 1909 3419 iterum

327 3456 453 3510 tuba
482 3456 850 3525 potentissima
879 3456 1125 3510 canitur:
1158 3454 1222 3510 Et
1244 3470 1407 3521 nunc,
1438 3453 1624 3520 Israel,
1652 3455 1777 3523 quid
1802 3455 1907 3509 Do-

325 3545 504 3599 minus
526 3544 665 3599 Deus
694 3554 816 3599 tuus
841 3546 1132 3615 postulata
1162 3554 1213 3599 te
1240 3545 1383 3600 aliud
1413 3559 1572 3613 quam
1611 3555 1670 3599 ut
1722 3546 1911 3602 timeas

324 3632 607 3687 Dominum
637 3633 803 3688 Deum
841 3643 1010 3699 tuum,
1040 3643 1096 3689 et
1124 3635 1365 3689 ambules
1414 3636 1465 3689 in
1510 3636 1762 3693 omnibus
1806 3638 1907 3692 viis

323 3724 461 3793 ejus,
490 3733 545 3779 et
572 3725 762 3794 diligas
799 3741 944 3793 eum,
974 3735 1029 3781 et
1072 3728 1279 3782 servias
1324 3728 1551 3783 Domino
1582 3727 1694 3783 Deo
1718 3737 1812 3784 tuo
1840 3744 1907 3784 ex

324 3823 441 3867 toto
488 3812 651 3868 corde
702 3822 816 3881 tuo,
862 3823 917 3869 et
965 3831 1031 3869 ex
1063 3823 1175 3869 tota
1216 3816 1395 3873 anima
1444 3826 1532 3871 tua
1584 3816 1759 3887 (Deut.
1812 3817 1908 3889 x)?

322 3905 546 3963 Custodi
574 3915 841 3977 prtecepta
881 3907 1088 3962 Domini
1123 3908 1218 3963 Dei
1267 3908 1365 3975 tui,
1411 3916 1467 3963 et
1488 3908 1724 3977 justitias
1767 3909 1904 3977 ejus,

322 4010 458 4064 quas
484 4011 585 4066 ego
614 3997 810 4051 mando
833 3998 946 4052 tibi.
981 3997 1108 4054 llaec
1134 4014 1219 4054 me
1243 4008 1618 4068 suggerentem
1651 4000 1906 4070 frequen-

322 4085 430 4139 tius
460 4100 566 4139 non
597 4094 813 4154 spernat
835 4088 1008 4156 pietas
1034 4096 1143 4151 tua,
1172 4096 1297 4141 ante
1320 4087 1508 4143 oculos
1547 4088 1751 4145 habens
1795 4088 1902 4143 Do-

322 4176 456 4230 mini
479 4176 532 4230 in
561 4174 849 4245 Evangelio
874 4179 1039 4231 verba
1065 4195 1076 4230 :
1113 4174 1213 4240 Qui
1241 4177 1387 4231 audit
1415 4194 1522 4242 vos,
1561 4194 1642 4231 me
1664 4178 1829 4243 audit,
1856 4188 1906 4233 et

321 4268 408 4335 qui
436 4282 520 4321 vos
546 4269 759 4336 spernit,
792 4284 873 4321 me
893 4269 1107 4338 spernit,
1158 4278 1206 4321 et
1234 4269 1318 4339 qui
1342 4284 1422 4321 me
1451 4269 1663 4339 spernit,
1710 4271 1908 4339 spernit

321 4374 437 4410 eum
465 4359 550 4429 qui
592 4375 673 4412 me
694 4358 1001 4429 misit(Luc.
1029 4362 1106 4428 χ).
1135 4358 1267 4415 Nam
1302 4369 1358 4415 et
1395 4360 1684 4430 Apostolus
1721 4362 1906 4416 conci-

321 4464 457 4505 nens
484 4451 750 4506 Salvatori
796 4462 981 4507 nostro
1023 4452 1095 4505 ita
1127 4452 1403 4522 loquitur:
1452 4453 1779 4524 Quapropter
1819 4455 1903 4523 qui
1937 4479 1982 4537 ο

319 4543 433 4599 Ιηιέ
477 4546 695 4613 spernit,
747 4561 851 4599 non
899 4545 1154 4599 hominem
1188 4548 1403 4614 spernit,
1450 4548 1541 4601 sed
1580 4546 1764 4609 Deum,
1816 4549 1900 4620 qui

318 4636 460 4690 dedit
491 4636 740 4705 Spiritum
766 4646 1001 4691 sanctum
1023 4638 1075 4691 in
1106 4637 1251 4691 nobis
1276 4636 1329 4701 (Ι
1361 4637 1538 4693 Thess.
1573 4642 1668 4703 tv).
1710 4638 1900 4694 Pectus

316 4727 616 4783 clementia:
643 4738 831 4783 vestrae
852 4731 1141 4785 sacrarium
1172 4739 1256 4784 est
1286 4730 1507 4799 publica:
1530 4730 1817 4793 felicitatis,
1843 4740 1901 4785 ut

316 4835 418 4890 per
446 4820 753 4874 instantiam
777 4830 1010 4876 vestram
1044 4824 1224 4889 (quam
1265 4822 1407 4878 velut
1459 4822 1714 4875 vicarium
1766 4836 1900 4890 pra:-

316 4910 497 4967 sidere
538 4912 697 4978 jussit
750 4912 803 4965 in
858 4914 1056 4983 terris)
1114 4912 1434 4980 evangelicis
1486 4912 1900 4982 apostolicisque

316 5002 633 5068 praeceptis,
693 5017 802 5057 non
844 5001 977 5056 dura
1021 5004 1269 5072 superbia
1317 5005 1616 5069 resistatur,
1666 5004 1758 5058 sed
1807 5019 1903 5074 per

314 5090 695 5159 obedientiam,
730 5108 848 5164 quae
873 5102 998 5148 sunt
1021 5094 1314 5160 salutifera,
1357 5097 1754 5165 compleantur.

316 5199 575 5286 Quod-eos
597 5222 723 5286 quos
735 5215 848 5286 post
862 5206 1248 5286 damnationem
1267 5207 1514 5286 suam-vel
1526 5207 1806 5286 baptizavit
1826 5209 1902 5264 vel

387 5274 645 5329 ordinavit
671 5274 903 5340 Acutius,
936 5278 1081 5331 nulla
1112 5278 1279 5348 portio
1314 5278 1544 5332 larsionis
1584 5274 1827 5350 attingat.

386 5363 494 5419 ΥΠ.
537 5366 669 5422 Nam
692 5372 984 5424 secundum
1014 5367 1266 5423 Ecclesia:
1304 5369 1582 5425 catholicaz
1613 5378 1901 5425 consuetu-

312 5457 500 5522 dinem
513 5461 931 5515 sacratissimum
960 5462 1263 5517 serenitatis
1286 5469 1389 5517 tum
1410 5472 1596 5531 pectus
1621 5474 1895 5532 agnoscat,

312 5548 458 5617 quod
488 5551 692 5605 nullum
722 5552 788 5606 de
812 5554 913 5615 his,
944 5553 1028 5607 vel
1058 5569 1194 5623 quos
1222 5553 1516 5624 baptizavit
1543 5553 1781 5619 Acatius,
1814 5557 1897 5613 vel

313 5652 451 5707 quos
491 5642 827 5708 sacerdotes,
884 5644 999 5701 sive
1046 5644 1257 5713 levitas,
1301 5645 1591 5701 secundum
1638 5662 1894 5717 canones,

316 5730 609 5799 ordinavit.
640 5734 746 5791 ulla
775 5750 878 5803 eos,
898 5752 963 5792 ex
993 5736 1209 5795 nomine
1241 5736 1411 5793 Acatii
1458 5737 1634 5807 portio
1666 5737 1896 5797 ltesiouis

2149 3185 2317 3239 ceant,
2346 3193 2440 3231 nec
2468 3177 2719 3233 Ecclesia:
2743 3190 3065 3235 sacramenta
3090 3184 3480 3241 commaculent.

2086 3265 2212 3320 Vlll.
2252 3265 2378 3321 Ideo
2407 3281 2535 3336 ergo
2562 3276 2617 3322 et
2645 3268 2752 3333 hic,
2791 3269 2944 3337 cujus
2974 3267 3186 3326 nomen
3214 3270 3440 3328 dicimus
3480 3288 3598 3332 esse

2011 3358 2364 3420 reticendum.
2394 3360 2533 3414 male
2559 3360 2698 3415 bona
2728 3362 3082 3417 ministrando
3112 3363 3213 3418 sibi
3252 3371 3462 3419 tantum
3501 3380 3597 3419 no-

2011 3451 2142 3505 cuit.
2181 3450 2316 3504 Nam
2344 3451 2651 3507 inviolabile
2678 3462 3094 3518 sacramentum,
3124 3454 3269 3523 quod
3314 3470 3410 3525 per
3451 3455 3597 3511 illum

2011 3541 2194 3597 datum
2220 3551 2321 3609 est,
2362 3543 2483 3597 aliis
2506 3543 2891 3613 perfectionem
2938 3560 3051 3600 suae
3097 3547 3313 3601 virtutis
3346 3547 3597 3603 obtinuit.

2011 3630 2164 3698 Quod
2190 3647 2313 3687 cum
2344 3633 2415 3686 ita
2446 3633 2538 3700 sit,
2569 3632 2870 3702 aliquorum
2903 3634 2956 3688 in
3000 3642 3207 3689 tantum
3254 3651 3314 3691 se
3354 3626 3596 3691 extendit

2010 3725 2222 3779 curiosa
2244 3726 2499 3795 suspicio,
2534 3735 2591 3779 ut
2614 3726 2937 3795 imaginetur
2960 3727 3171 3797 prolato
3201 3743 3230 3780 a
3261 3742 3399 3797 papa
3422 3727 3597 3785 Felice

2005 3814 2231 3884 judicio,
2263 3825 2448 3886 postea
2473 3815 2824 3872 inefficaciter
2850 3818 2901 3873 in
2924 3818 3299 3884 sacramentis,
3323 3834 3443 3887 qua:
3463 3819 3597 3873 Aca-

2012 3907 2114 3960 tius
2169 3907 2464 3977 usurpavit,
2490 3906 2664 3975 egisse
2688 3924 2702 3960 :
2746 3922 2811 3962 ac
2838 3909 3060 3976 perinde
3088 3923 3184 3963 eos
3209 3916 3469 3973 metuere,
3507 3907 3596 3979 qui

2009 4000 2094 4053 vel
2119 3999 2169 4052 in
2199 3999 2718 4065 consecrationibus,
2750 4000 2837 4054 vel
2876 4000 2928 4054 in
2970 4000 3296 4070 baptismate
3343 4000 3596 4073 mysteria

2010 4089 2204 4143 tradita
2249 4098 2618 4159 susceperunt,
2666 4105 2735 4146 ne
2780 4090 2929 4144 irrita
2979 4089 3235 4145 beneficia
3294 4090 3473 4146 divina
3520 4090 3596 4145 vi-

2007 4179 2253 4245 deantur,
2284 4182 2643 4235 meminerunt
2672 4180 2723 4234 in
2747 4181 2886 4235 hanc
2913 4196 3130 4251 quoque
3164 4190 3368 4251 partem
3407 4181 3596 4235 simili-

2009 4275 2092 4322 ter
2115 4276 2397 4322 tractatum
2436 4268 2731 4338 praevalere
2766 4283 2948 4338 super:
2971 4283 3126 4336 ιτθιιι,
3167 4270 3294 4339 quia
3327 4285 3434 4324 non
3482 4270 3597 4325 sine

2008 4360 2359 4430 usurpatione
2405 4359 2698 4416 sacerdotii
2727 4359 3066 4429 adjudicatus
3099 4361 3203 4416 hoc
3246 4360 3374 4428 egit.
3407 4358 3463 4415 In
3489 4377 3596 4430 quo

2006 4450 2263 4504 virtutem
2300 4466 2452 4505 suam
2493 4451 2861 4506 obtinentibus
2904 4452 3197 4523 mysteriis,
3237 4452 3291 4507 in
3322 4453 3428 4508 hoc
3462 4468 3596 4521 quo-

2008 4558 2113 4612 que
2139 4542 2257 4596 aliis
2284 4557 2374 4597 rea
2405 4541 2505 4597 sibi
2545 4558 2776 4613 persona
2806 4559 2915 4598 non
2955 4544 3156 4608 nocuit,
3191 4559 3312 4597 nam
3353 4545 3418 4597 ad
3449 4544 3595 4601 illuttt

2008 4636 2287 4705 pertinuit,
2317 4635 2461 4703 quod
2502 4636 2629 4690 tuba
2664 4635 2832 4691 David
2867 4638 2938 4691 ita
2964 4637 3196 4704 canitur,
3236 4636 3595 4693 Verumtamen

2008 4728 2149 4783 Deus
2176 4729 2536 4798 conquassavit
2564 4730 2736 4798 capita
2757 4729 3084 4783 inimicorum
3105 4746 3333 4795 suorum,
3362 4732 3596 4785 verticem

2006 4824 2181 4893 capilli
2211 4808 2677 4889 perambulaniium
2716 4822 2770 4879 in
2797 4822 2997 4877 delictis
3024 4823 3131 4876 suis
3155 4822 3326 4894 (Paul.
3354 4824 3430 4890 χ).
3464 4822 3594 4875 Nam

2005 4915 2253 4983 superbia
2293 4928 2508 4983 semper
2545 4912 2667 4977 sibi,
2709 4928 2815 4967 non
2864 4913 2951 4967 alii
3001 4912 3130 4967 facit
3174 4914 3403 4974 ruinam,
3453 4912 3595 4980 quod

2004 5003 2251 5057 universa
2280 5002 2675 5072 Scripturarum
2700 5003 2997 5057 caalcstium
3023 5010 3252 5058 testatur
3279 5000 3593 5062 auctoritas,

2002 5099 2140 5152 sicut
2165 5097 2324 5150 etiam
2347 5110 2445 5165 per
2459 5095 2717 5164 Spiritum
2740 5104 2980 5149 sanctum
3008 5093 3202 5150 dicitur
3226 5094 3276 5146 in
3298 5092 3592 5160 propheta:

2004 5186 2127 5241 Non
2159 5187 2406 5240 habitarit
2434 5187 2487 5239 in
2516 5185 2683 5239 medio
2714 5185 2897 5239 domus
2934 5200 3080 5249 metr,
3129 5185 3215 5251 qui
3246 5184 3372 5255 facit
3411 5199 3593 5252 super-

2003 5279 2139 5334 biam
2165 5278 2376 5351 (Ezech.
2404 5280 2575 5351 xvm).
2609 5279 2761 5335 Unde
2788 5295 2911 5335 cum
2939 5279 3039 5333 sibi
3069 5276 3365 5334 sacerdotis
3392 5292 3591 5332 nomen

2006 5370 2390 5437 vindicaverit,
2415 5372 2805 5427 condemnatus
2836 5371 2887 5424 in
2919 5371 3085 5441 ipsius
3108 5369 3367 5425 verticem
3402 5384 3593 5439 supcr-

2005 5462 2105 5516 biie
2134 5470 2315 5517 tumor
2351 5460 2583 5518 indictus
2619 5470 2724 5529 est,
2765 5462 2892 5531 quia
2940 5476 3048 5515 non
3090 5461 3338 5531 populus,
3395 5463 3483 5531 qui
3536 5462 3591 5517 in

2004 5552 2274 5622 mysteriis
2319 5550 2517 5605 donum
2556 5550 2721 5621 ipsius
2766 5548 3001 5613 sitiebat,
3052 5551 3303 5606 exclusus
3347 5560 3448 5615 est,
3496 5551 3593 5606 sed

2004 5648 2182 5701 anima
2210 5646 2325 5701 sola
2357 5645 2446 5700 illa
2476 5660 2595 5715 qua:
2616 5652 2935 5715 peccaverat
2959 5643 3107 5715 justo
3141 5644 3346 5717 judicio
3373 5644 3592 5717 proprie

2003 5748 2122 5799 erat
2151 5739 2402 5808 obnoxia,
2431 5736 2577 5810 quod
2619 5737 2819 5809 ubique
2865 5753 3152 5798 numerosa
3192 5736 3589 5810 Scripturarum
