4092 6348
317 310 426 368 517

1314 307 1688 364 (ΞΟΠ-801⁸10
1723 309 1767 363 Η
1809 308 2277 366 DECRETOBUM
2317 309 2420 366 PP.
2461 309 2574 364 RR.

315 421 1014 497 subscriptionesproprias
1031 422 1380 497 commodata
1403 441 1416 478 :
1443 433 1500 478 ut
1541 426 1782 497 synodali
1808 427 1898 496 ju-
1929 433 1974 490 Α
2005 436 2131 482 stet.
2154 425 2293 496 Ergo
2315 428 2627 497 suppliciter
2647 443 2927 497 precamur
2939 429 3291 497 apostolatum
3316 423 3596 496 vestrumf

323 496 474 552 dicio
499 491 676 547 aditus
713 492 996 547 (laudatur
1030 491 1246 545 illicitis.

394 565 474 618 Ab
502 564 760 616 universis
790 563 1056 630 episcopis
1087 571 1139 614 et
1184 562 1509 630 presbyteris
1546 566 1899 620 acclamatum

316 646 405 690 est
432 653 444 685 :
478 633 704 695 Exaudi,
735 632 964 689 Christe.
997 630 1177 684 ililaro
1209 633 1337 694 vita,
1369 634 1563 686 dictum
1589 647 1668 689 est
1699 653 1896 690 SBXICS.

319 704 452 758 Have
504 703 904 766 cinlirinanzus,
951 701 1065 754 hinc
1111 701 1395 766 docemus,
1455 705 1653 758 dictum
1706 709 1896 760 octies.

319 773 451 846 [Lee
481 775 716 846 tenenda
738 783 880 834 sunt,
914 773 1025 824 haec
1051 771 1311 846 servanda
1337 781 1479 846 sunt,
1511 775 1709 846 dictum
1739 778 1902 846 quiu-

307 845 498 914 _quics_.
523 843 804 895 .Doctrinre
834 851 1022 894 vestrm:
1049 843 1247 908 gratias
1285 845 1510 909 agimus,
1558 843 1771 898 dictum
1803 848 1900 900 tic-

312 911 450 967 cie~.
476 911 578 966 Ista
602 922 658 964 ut
681 916 730 963 in
753 919 1066 981 perpetuum
1087 927 1385 975 servemur,
1410 928 1678 981 rogamus,
1703 917 1902 968 dictum

316 993 410 1036 est
429 979 763 1051 quindecies.
786 979 888 1034 Per
913 980 1452 1054 dominuinhl’etrnin,
1478 979 1552 1036 ‘ut
1605 979 1672 1037 in'
1705 999 1900 1054 perpe-

317 1050 475 1107 tuum
522 1060 803 1104 serventur
847 1064 1115 1117 rogamus,
1163 1050 1366 1105 dictum
1413 1061 1496 1105 est
1538 1050 1726 1107 octies.
1781 1050 1905 1108 Ilico

314 1122 671 1191 pnrsumptio
714 1135 983 1188 nunquam
1032 1119 1378 1191 fiat,idictnni
1411 1123 1607 1176 decies.
1650 1123 1749 1187 Qui
1793 1126 1904 1177 lucc

316 1189 626 1252 violaverit,
673 1191 723 1244 iu
760 1205 820 1244 se
849 1191 1103 1253 inveniet,
1147 1189 1347 1244 dictum
1383 1193 1600 1260 septies.
1651 1195 1718 1247 Et
1760 1193 1903 1247 facto

316 1262 566 1324 silentio,
595 1261 806 1314 llilarus
833 1260 1118 1329 episcopus
1137 1260 1310 1313 dixit:
1353 1260 1636 1326 Pneterea,
1686 1264 1902 1327 fratres,

316 1346 466 1385 nova
489 1340 544 1384 et
571 1331 821 1392 inaudita,
850 1332 989 1383 sicut
1024 1331 1089 1382 ad
1139 1345 1257 1391 nos,
1307 1333 1482 1386 missis
1524 1332 1592 1386 de
1636 1332 1904 1401 Hispaniis

314 1403 590 1471 epistolis,
621 1401 719 1454 sub
745 1410 890 1455 certa
920 1401 1182 1454 relatione
1213 1403 1474 1469 pervenit,
1507 1402 1559 1455 in
1587 1403 1904 1471 quibusdam

313 1470 462 1526 locis
491 1473 897 1540 pervcrsitatuin
921 1472 1126 1524 semina
1154 1471 1378 1524 subinde
1409 1470 1712 1526 nascuntur.
1747 1472 1908 1526 Deni-

313 1557 432 1612 que
464 1541 702 1612 nonnulli
731 1541 1116 1612 episcopatum,
1144 1542 1233 1605 qui
1264 1543 1476 1595 nonnisi
1523 1543 1727 1597 meritis
1766 1557 1904 1610 pne-

316 1609 648 1666 éedentibus
671 1611 847 1673 datur,
877 1626 983 1663 non
1010 1609 1246 1664 divinum
1270 1627 1484 1678 munus,
1507 1612 1602 1665 sed
1631 1609 1908 1666 hieredita-

316 1683 468 1736 riuin
498 1689 689 1750 putant
717 1696 835 1734 esse
860 1680 1260 1749 compendium,
1291 1689 1348 1736 et
1368 1681 1614 1745 credunt,
1656 1682 1792 1736 sicut
1820 1697 1907 1736 res

315 1753 558 1806 caducas
581 1760 742 1818 atque
765 1753 1018 1804 mortales
1034 1793 1047 1812 ,
1074 1751 1143 1803 ita
1176 1753 1560 1816 sacerdotium,
1583 1754 1729 1808 velut
1752 1753 1907 1820 legali

315 1831 419 1875 aut
449 1821 854 1894 testamentario
891 1820 1012 1888 jure
1041 1836 1202 1894 posse
1229 1821 1446 1875 dimitti.
1493 1823 1623 1894 Nam
1666 1825 1906 1894 plerique

315 1891 638 1946 sacerdotes
675 1891 727 1943 in
775 1894 964 1944 mortis
1003 1891 1237 1945 cuntinio
1295 1893 1572 1947 constituti
1630 1891 1682 1947 in
1729 1891 1906 1948 locum

315 1977 480 2020 suum
511 1960 751 2014 feruntur
776 1961 910 2032 alios
926 1961 1225 2032 designatis
1255 1963 1559 2017 nominibus
1586 1963 1864 2032 subrogari
1889 1980 1904 2018 :

317 2042 385 2084 ut
415 2033 620 2085 scilicet
652 2047 754 2100 non
787 2031 1023 2100 legitima
1065 2040 1409 2098 exspectetur
1436 2034 1649 2098 electio,
1688 2031 1781 2088 sed
1809 2033 1909 2087 de-

316 2099 495 2154 functi
523 2098 963 2168 gratificalio‘pro
993 2103 1174 2170 populi
1205 2103 1466 2156 habeatur
1486 2117 1727 2158 assensu.
1753 2103 1909 2169 Quod

317 2187 488 2242 quam
518 2186 678 2236 grave
699 2174 767 2224 sit
788 2172 1084 2242 aestimate:
1109 2180 1269 2240 atque
1294 2171 1437 2242 ideo,
1466 2173 1509 2225 si
1534 2174 1725 2242 placet,
1748 2175 1910 2227 etiam

318 2241 470 2296 hanc
519 2242 785 2294 licentiam
827 2241 1150 2306 generaliter
1177 2243 1244 2295 de
1292 2240 1544 2296 Ecclesiis
1585 2240 1909 2310 auferamus,

317 2325 424 2377 ne,
447 2311 590 2382 quod
616 2319 775 2382 turpe
789 2311 938 2382 dictu
961 2320 1061 2373 est,
1093 2311 1398 2379 huiusmodi
1427 2328 1486 2366 se
1515 2322 1662 2382 putet
1690 2315 1907 2377 debere,

318 2379 476 2448 quod
503 2381 595 2435 Dei
626 2391 726 2435 est.
761 2379 828 2434 Ut
857 2391 1034 2434 autem
1065 2383 1210 2449 quod
1239 2382 1304 2435 ad
1357 2399 1454 2437 nos
1503 2379 1766 2450 perlatum
1807 2391 1909 2447 est,

318 2450 400 2504 ad
426 2461 658 2506 vestram
687 2451 849 2506 etiam
889 2452 1058 2519 possit
1096 2452 1377 2519 pervenire
1425 2453 1686 2514 notitiam,
1718 2453 1912 2522 lIiSpa-

319 2537 523 2575 norum
550 2521 773 2592 fratrum
801 2528 856 2576 et
883 2523 1325 2592 coepiscoporum
1358 2531 1664 2577 nostrorum
1709 2521 1909 2592 scripta

321 2593 600 2660 legantur.
631 2590 826 2645 Paulus
853 2591 1095 2646 notarius
1121 2592 1384 2646 recitavit.

407 2662 752 2723 Beatissimo,
804 2670 857 2716 et
897 2663 1189 2728 apostolica
1237 2663 1540 2718 reverentia
1583 2679 1612 2716 a
1661 2663 1814 2716 nobis
1862 2663 1914 2716 in

321 2734 548 2788 Christo
575 2732 802 2786 colendo
842 2747 992 2800 papa:
1033 2731 1214 2784 ll.laro
1245 2733 1526 2798 Ascanius,
1581 2741 1636 2788 et
1683 2735 1916 2788 universi

324 2802 573 2874 episcopi
599 2801 1018 2874 Tarraconensis
1043 2803 1348 2874 provincia).

405 2874 574 2939 Quam
588 2888 772 2926 curam
785 2872 1116 2940 apostolatus
1127 2882 1303 2926 vester
1315 2873 1782 2940 deprovinciarum
1799 2889 1917 2926 sua-

326 2958 454 3000 rmn
483 2943 854 2997 sacerdotibus
869 2952 1038 3009 gerat,
1063 2942 1170 2996 lilio
1192 2952 1378 2998 nostro
1399 2945 1588 2998 illustri
1619 2944 1915 3010 Vincentio,

329 3019 474 3070 duce
521 3013 806 3082 provinciae
831 3022 1043 3078 nostra),
1071 3011 1336 3067 referente
1363 3015 1732 3081 cognovimus,
1763 3016 1916 3079 cujus

329 3084 567 3154 impulsu
585 3092 764 3136 votum
788 3091 1029 3154 nostrum
1059 3084 1108 3135 in
1132 3099 1262 3138 ausu
1280 3084 1546 3138 scribendi
1564 3100 1729 3153 prona
1756 3088 1920 3138 devo-

2005 509 2062 551 nt
2095 499 2406 552 humilitatis
2437 509 2630 552 nostra:
2659 499 2800 566 quod
2839 499 2982 566 juste
3011 515 3040 552 a
3071 501 3223 554 nobis
3250 500 3461 554 videtur
3488 501 3570 553 fa-

2003 577 2148 621 ctum
2173 609 2187 632 ,
2222 576 2395 621 vestra
2427 569 2746 622 auctoritate
2777 569 3015 623 lirinctis.
3057 568 3173 622 Jam
3203 571 3400 623 dudum
3443 584 3578 626 sane

2003 639 2175 704 questi
2231 637 2499 692 fueramus
2558 639 2746 691 litteris
2796 641 2994 692 nostris
3038 641 3104 693 de
3160 643 3576 708 praesumptione

2003 708 2216 777 Sylvani
2241 708 2476 775 episcopi
2497 749 2510 769 ,
2542 718 2596 761 et
2625 710 2879 778 miramur
2903 710 3043 778 quod
3073 709 3214 762 nulla
3245 711 3577 778 apostolatus

2003 779 2165 830 vestri
2194 793 2447 845 responsa
2477 777 2836 847 suscepimus;
2862 777 3008 832 rnunc
3036 780 3147 832 hinc
3170 777 3353 832 eadem
3383 793 3576 847 sugge-

2003 856 2185 900 rentes
2213 849 2461 915 petimus,
2490 855 2547 900 ut
2567 847 2692 914 quid
2711 862 2880 916 super
2901 848 2983 901 his
3003 851 3161 902 rebus
3183 850 3572 902 observandum

1983 917 2092 979 .sit,
2119 917 2428 985 apostolicis
2448 917 2785 972 sermonibus
2815 933 2912 972 nos
2932 918 3223 985 dignemini
3241 918 3532 974 informare
3557 935 3570 971 :

2004 995 2060 1057 et
2089 1001 2154 1057 ne.
2184 986 2404 1057 forsitan
2443 1004 2455 1052 ι
2475 987 2954 1057 erinegligentiam
2997 988 3272 1055 portitoris
3296 1029 3310 1049 ,
3353 998 3445 1042 aut
3480 1003 3576 1057 per

2005 1055 2278 1123 longinqui
2310 1055 2514 1110 itineris
2537 1053 2900 1110 diﬂicultatem
2945 1053 3256 1110 humilitatis
3285 1053 3574 1110 nostrar'ad

2004 1140 2102 1178 vos
2129 1128 2328 1194 scripta
2357 1141 2461 1178 non
2492 1125 2764 1194 potuerint
2801 1142 2865 1180 ex
2897 1127 3001 1180 hoc
3029 1128 3245 1192 negotio
3273 1127 3572 1195 pervenire,

2004 1196 2166 1247 etiam
2207 1195 2602 1262 suggestionem
2646 1202 2881 1248 nostram
2925 1195 3210 1249 maluimus
3245 1198 3459 1250 iterare.
3510 1195 3578 1249 Et

2004 1264 2342 1333 subscriptio.
2372 1262 2624 1318 Orantem
2648 1279 2744 1333 pro
2773 1265 2927 1320 nobis
2946 1273 3188 1318 sanctum
3218 1266 3576 1333 apostolatum

2005 1343 2243 1387 vestrum
2277 1333 2386 1402 jugi
2424 1350 2549 1402 icvo
2576 1335 2754 1386 divina
2797 1342 3081 1388 conservet
3109 1337 3378 1388 aeternitas
3424 1333 3580 1388 nobis

2007 1401 2363 1464 omnibuset
2412 1401 2662 1458 Ecclesia:
2708 1418 2838 1468 sum,
2867 1404 3082 1458 domine
3122 1419 3247 1459 vere
3293 1412 3494 1465 noster,
3525 1412 3580 1456 et

2008 1473 2306 1541 apostolice
2347 1472 2767 1542 papaallilarus
2795 1475 3079 1542 episcopus
3107 1473 3239 1527 dixit
3271 1492 3284 1526 :
3317 1473 3430 1526 Alia
3460 1472 3578 1541 epi-

2007 1544 2145 1597 stola
2193 1541 2469 1598 recitetur.
2521 1541 2716 1598 Paulus
2757 1541 2993 1596 notarius
3037 1544 3300 1598 recitavit.
3355 1543 3580 1596 Domino

2007 1613 2338 1679 beatissimo,
2364 1621 2419 1668 et
2447 1613 2740 1682 apostolica
2770 1614 3066 1667 reverentia
3097 1629 3128 1666 a
3158 1613 3312 1667 nobis
3341 1614 3392 1666 in
3423 1611 3578 1682 Chri-

2007 1693 2094 1737 sto
2136 1684 2362 1757 coiendo
2401 1681 3172 1757 pap:e_Hi|aroAAscanigsLet
3209 1683 3440 1757 universi
3469 1681 3581 1752 epi-

2009 1754 2158 1823 scopi
2189 1752 2946 1823 Tarraconensisiprovincize.
2997 1752 3109 1807 Etsi
3158 1753 3299 1806 nulla
3347 1758 3584 1806 exstaret

2011 1822 2305 1879 necessitas
2334 1822 2711 1892 ecclesiastica:
2739 1823 3032 1892 disciplina:
3051 1866 3064 1886 ,
3109 1823 3468 1892 expetendum
3497 1836 3584 1876 re-

2007 1910 2136 1948 vera
2171 1893 2321 1948 nobis
2351 1892 2520 1960 [perat
2548 1891 2676 1944 illud
2703 1893 3036 1960 privilegium
3064 1892 3205 1946 sedis
3234 1900 3446 1956 vestrae,
3475 1905 3584 1959 quo

2014 1964 2277 2033 susceptis
2306 1960 2453 2028 regni
2484 1961 2742 2024 clavibus,
2777 1971 2898 2083 post
2928 1964 3372 2016 resurrectionem
3401 1960 3586 2015 Salva-

2014 2036 2144 2083 toris
2191 2049 2289 2083 ner
2326 2040 2499 2083 totum
2545 2032 2727 2083 orbem
2813 2032 3070 2083 ealissimi
3118 2032 3261 2083 Petri
3307 2030 3586 2083 singularis

2009 2036 2144 2088 toris
2175 2030 2289 2102 'per
2326 2040 2499 2086 totum
2545 2032 2727 2086 orbem
2756 2030 3070 2102 beatissimi
3118 2032 3261 2102 Petri
3307 2030 3588 2098 singularis

2009 2100 2322 2187 praedicatio
2350 2102 2722 2187 universorum
2754 2100 3126 2187 illuminationi
3166 2103 3462 2183 prospexit,
3495 2115 3588 2187 cu-

2006 2169 2095 2245 jus
2134 2173 2322 2227 vicarii
2369 2171 2728 2245 principatus,
2759 2171 2897 2245 sicut
2923 2172 3142 2245 e_minet,
3168 2169 3244 2226 ita
3276 2169 3590 2245 metuendus

2011 2240 2093 2300 est
2123 2245 2190 2297 ab
2229 2240 2478 2297 omnibus
2518 2250 2573 2296 et
2614 2241 2892 2295 amandus.
2937 2240 3166 2296 Proinde
3203 2257 3303 2295 nos
3342 2241 3506 2294 Deum
3537 2241 3590 2294 in

2014 2314 2166 2368 vobis
2187 2313 2433 2382 primitus
2454 2312 2760 2373 adorantes,
2785 2310 2868 2364 cui
2894 2311 3244 2382 sinerquerela
3269 2310 3500 2382 servitis,
3525 2309 3590 2382 ad

2014 2379 2532 2438 ﬁdem—recurrimus
2560 2382 2854 2450 apostolico
2892 2396 2988 2435 ore
3015 2381 3282 2435 laudatam
3321 2379 3504 2451 (Rom.
3518 2381 3588 2451 Αι),

2014 2456 2136 2510 inde
2185 2467 2444 2521 responsa
2486 2449 2788 2520 qumrentes
2810 2492 2824 2514 ,
2860 2453 3000 2506 unde
3043 2451 3173 2505 nihil
3203 2449 3384 2505 errore
3411 2491 3426 2512 ,
3457 2449 3590 2521 nihil

2013 2518 2434 2596 prmsump'tione
2467 2540 2479 2574 :
2507 2518 2606 2596 sed
2653 2521 2946 2596 pontificali
2994 2528 3163 2576 totum
3208 2518 3592 2596 deliberatione

2013 2589 2506 2667 praecipit—urnam
2536 2589 2750 2667 hteclita
2770 2607 2830 2646 se
2859 2592 3110 2667 habeant,
3137 2597 3220 2645 est
3250 2589 3594 2667 taineiiinter

2018 2659 2116 2720 iios
2146 2659 2310 2719 falsus
2341 2661 2506 2716 frater
2529 2701 2542 2726 ,
2589 2661 2739 2729 cujus
2777 2663 3191 2731 pnesumptione
3219 2661 3358 2731 sicut
3398 2659 3594 2712 diutius

2015 2745 2198 2790 tacere
2227 2750 2333 2788 non
2358 2734 2524 2796 licuit,
2557 2733 2627 2785 ita
2654 2740 2709 2784 et
2734 2730 2877 2799 loqui
2906 2731 3067 2785 futuri
3091 2730 3276 2800 judicii
3308 2731 3596 2800 necessitas

2016 2807 2315 2876 imperavit.
2357 2803 2620 2875 Sylvanus
2648 2802 2882 2876 quidem,
2917 2799 3198 2876 episcopus
3224 2800 3529 2876 Calagurm,
3545 2799 3595 2853 in

2016 2868 2200 2931 ultima
2232 2868 2604 2946 parte'nostm
2630 2872 2915 2946 provincizc
2941 2868 3285 2946 constitutus,
3313 2868 3594 2922 divinatio-

2018 2963 2114 3002 nes
2141 2941 2247 3001 sibi
2287 2945 2552 2999 indebitas
2599 2943 2904 3010 usurpando
2952 2941 3306 2994 humilitatem
3361 2947 3596 3010 nostram

2018 3017 2084 3070 ad
2117 3019 2220 3070 hoc
2249 3030 2417 3083 nsque
2447 3011 2695 3083 perduxit
2722 3008 2741 3076 ζ
2784 3020 2840 3064 ut
2868 3018 3055 3083 contra
3099 3011 3214 3078 ejus
3253 3008 3597 3083 vanissimam

1997 3075 2470 3156 superstitionem,
2502 3082 2643 3136 sedis
2662 3088 2860 3156 vestrm
2891 3081 3104 3134 unicum
3129 3075 3425 3156 remedium
3450 3075 3594 3144 flagi-

331 3151 490 3209 tiiiiie
504 3157 755 3207 surrexit.
783 3153 922 3220 Ergo
935 3154 1535 3228 provincialilittcrario
1551 3151 1800 3208 sermone
1825 3155 1920 3206 de-
1945 3168 1989 3228 ρ
2023 3151 2214 3210 teinns.
2264 3153 2362 3207 llic
2393 3167 2622 3220 namque
2655 3151 2766 3220 jam
2808 3157 2937 3228 ante
2965 3157 3173 3218 septem
3200 3156 3298 3228 aut
3324 3155 3450 3228 octo
3481 3161 3597 3228 aiu-

332 3228 452 3281 bita
471 3239 685 3279 coronae
698 3234 883 3278 vestrae
895 3225 1151 3292 obsequia
1165 3226 1484 3288 deterentes,
1499 3226 1580 3278 his
1595 3239 1918 3294 qnzcsunius,

335 3307 405 3349 ut
425 3295 724 3361 dignatione
745 3310 848 3363 qua
868 3304 1092 3347 czcteros
1111 3295 1271 3348 etiam
1297 3294 1651 3349 humilitatem
1681 3304 1920 3349 nostram

339 3368 402 3420 in
439 3366 770 3418 orationibus
811 3367 1002 3418 vestris
1047 3365 1097 3417 in
1145 3375 1324 3419 mente
1371 3365 1569 3418 habere
1608 3364 1918 3432 dignemini,

339 3435 650 3491 beatissima
697 3445 752 3488 ct
790 3435 1082 3504 apostolica
1118 3437 1416 3489 reverentia
1449 3437 1499 3488 in
1525 3434 1740 3489 Christo
1767 3449 1797 3488 a
1826 3450 1923 3488 no-

337 3508 454 3568 bis,
487 3505 709 3560 coleude
743 3515 922 3574 pater,
963 3505 1090 3576 illud
1128 3507 1410 3575 specialius
1449 3509 1831 3576 deprecantes,
1864 3514 1924 3558 ut

338 3577 546 3631 factum
578 3585 841 3638 nostrum,
870 3575 1014 3643 quod
1043 3585 1151 3628 tam
1185 3585 1308 3630 voto
1339 3592 1474 3646 pene
1504 3575 1678 3629 omnis
1707 3576 1923 3644 provin—

339 3649 480 3714 cizc,
510 3661 670 3715 quam
711 3646 961 3712 exemplo
989 3648 1270 3699 vetustatis
1308 3649 1361 3700 in
1403 3648 1648 3700 notitiam
1688 3655 1923 3700 vestram

341 3717 616 3778 defertur,
670 3717 947 3786 perpensis
993 3718 1375 3770 assertionibus
1422 3719 1618 3770 nostris
1669 3718 1926 3770 roborare

343 3787 654 3854 dignemini.
692 3786 758 3838 Et
785 3802 904 3840 cnni
935 3786 1154 3852 legeret,
1188 3788 1254 3839 ab
1286 3788 1547 3840 universis
1577 3787 1844 3856 episcopis
1872 3793 1927 3839 et

344 3859 679 3929 presbyteris
701 3858 1054 3929 acclamatum
1079 3868 1164 3929 est
1185 3874 1198 3908 :
1228 3856 1453 3920 Exaudi,
1479 3857 1712 3929 Christe,
1746 3857 1926 3910 llilaro

343 3925 479 3991 vna,
516 3925 736 3982 'dictnm
773 3935 854 3980 est
882 3927 1078 3980 decies.
1126 3925 1248 3996 llaec
1284 3928 1627 3996 pnesumptio
1657 3941 1927 3994 nunquam

347 4000 444 4052 liat
467 4038 480 4059 .
513 3997 714 4053 dictum
746 4006 828 4051 est
865 4000 1058 4050 sexies.
1108 3995 1235 4062 Qua:
1286 3995 1378 4051 Dei
1418 3995 1571 4064 sunt,
1604 3999 1670 4050 ab
1712 3997 1929 4051 homine

345 4068 466 4122 dari
496 4083 603 4121 non
640 4077 899 4138 possunt,
943 4068 1142 4121 dictum
1183 4075 1264 4121 est
1301 4069 1498 4121 sexies.
1546 4066 1646 4120 l’er
1673 4066 1927 4119 domuum

347 4138 569 4193 Petrum
593 4149 651 4191 ut
673 4140 724 4192 in
753 4146 1064 4207 perpetuum
1089 4147 1384 4202 serventur,
1409 4139 1608 4192 dictum
1631 4145 1712 4190 est
1735 4138 1924 4190 sexies.

347 4209 478 4264 l'ltcc
494 4219 553 4262 ut
575 4219 912 4263 reserventur
933 4221 1202 4274 rogamus.
1227 4207 1436 4260 HJarus
1457 4210 1742 4276 episcopus
1763 4207 1926 4258 dixit:

348 4278 514 4345 Lege.
554 4279 747 4334 Paulus
780 4279 1019 4331 notarius
1047 4279 1311 4330 recitavit.
1347 4275 1656 4347 Episcopus
1672 4275 1930 4329 Barcino-

353 4353 600 4404 nensium
629 4351 861 4402 civitatis
887 4357 1104 4402 sanctus
1141 4347 1492 4402 Nnndinatius
1520 4356 1720 4400 sortem
1750 4347 1934 4415 exple-

350 4422 433 4472 vit
461 4421 786 4474 conditionis
816 4422 1078 4480 humanae,
1111 4417 1199 4472 hic
1226 4419 1481 4488 episcopo
1507 4416 1797 4471 venerabili
1829 4415 1934 4469 fra-

355 4492 424 4543 tri
457 4501 643 4544 nostro
674 4488 874 4543 Irenzco
900 4527 914 4550 ,
955 4504 1112 4556 quem
1164 4489 1276 4557 ipse
1320 4487 1477 4541 antea
1511 4490 1560 4541 in
1592 4487 1808 4541 diiecesi
1838 4502 1933 4540 sua

2022 3228 2162 3298 ptius
2192 3240 2392 3298 annos,
2428 3219 2761 3298 postponens
2807 3219 3396 3298 Patriini__regulas,_et
3421 3225 3600 3298 vestra

2025 3287 2266 3352 instituta
2298 3287 2598 3361 despiciens
2635 3291 2793 3346 nullis
2835 3290 3138 3361 petentibus
3167 3287 3599 3361 pOpulisepiscu-

2025 3383 2149 3438 pum
2175 3358 2463 3427 ordinavit,
2512 3366 2669 3438 cujus
2697 3358 2983 3438 propernm
3015 3360 3209 3438 factum
3239 3358 3602 3438 existimantes

2025 3429 2261 3491 fraterna
2303 3443 2357 3488 et
2407 3433 2628 3504 pacifica
2660 3429 2816 3500 posse
2846 3430 3209 3484 admonitione
3237 3429 3448 3491 sanari,
3483 3440 3602 3496 pro-

2025 3507 2152 3561 fecit
2180 3506 2230 3558 in
2261 3503 2432 3574 pejus.
2482 3503 2719 3570 Denique
2744 3510 2938 3574 contra
2959 3509 3279 3574 vetustatem
3309 3511 3600 3574 canonum,

2027 3585 2214 3632 contra
2244 3569 2433 3646 synodi
2469 3569 2759 3628 constituta
2789 3571 3008 3625 alterius
3029 3570 3226 3646 fratris
3257 3569 3423 3623 nostri
3452 3581 3606 3646 pres-

2027 3647 2197 3719 byteri
2222 3635 2467 3719 ,i'spiritu
2487 3653 2709 3719 tantum
2740 3641 3167 3719 praesumptionis
3197 3635 3491 3719 accensus,
3550 3635 3604 3719 in

2029 3708 2230 3772 eodem
2251 3708 2370 3770 loco
2410 3715 2500 3783 qui
2536 3715 2611 3767 illi
2657 3708 2830 3766 fuerat
2859 3708 3154 3783 destinatus
3177 3749 3190 3771 ,
3223 3711 3307 3764 cui
3353 3708 3522 3783 invito
3550 3713 3606 3761 et

2028 3786 2347 3856 repugnanti
2374 3777 2703 3852 imposuerat
2725 3797 2934 3856 manus,
2965 3789 3022 3835 et
3045 3781 3132 3856 qui
3159 3787 3342 3856 nostro
3364 3777 3473 3856 jain
3496 3790 3607 3856 ca:-

2032 3846 2108 3912 tni
2139 3846 2316 3911 fuerat
2345 3846 2691 3922 aggregatus,
2730 3853 3041 3920 episcopum
3064 3846 3216 3922 fecit.
3249 3847 3383 3902 Hinc
3414 3846 3606 3922 factum

2033 3937 2117 3983 est
2147 3937 2204 3980 ut
2228 3929 2295 3980 de
2325 3916 2442 3994 ejus
2471 3916 3100 3994 miserrimatemeritate
3147 3919 3213 3972 ad
3262 3932 3360 3972 nos
3406 3916 3610 3994 Qzesar-

2033 3987 2537 4064 angustante'urbis
2570 3993 2864 4064 episcopus
2909 3991 3084 4064 frater
3125 3996 3308 4064 noster
3360 3987 3609 4064 universa

2034 4054 2297 4131 referret,
2348 4064 2499 4132 cujus
2550 4054 2821 4130 diligentia
2868 4070 2929 4132 et_
2967 4059 3272 4132 sollicitiido
3300 4054 3609 4132 admodum

2033 4128 2481 4207 prospexerat,'_si
2514 4134 2566 4187 in
2597 4128 2775 4207 aliquo
2804 4130 3110 4207 profuisset.
3165 4128 3438 4207 Siquidem
3476 4140 3612 4207 cultv-

2037 4197 2137 4262 etis
2169 4197 2233 4259 'in
2280 4205 2473 4257 vicinia
2521 4197 2707 4272 positis
2734 4197 3031 4272 episcopis,
3063 4213 3132 4272 ne
3167 4213 3226 4272 se
3269 4197 3611 4272 schismatico

2038 4276 2408 4344 adjungerent,
2441 4264 3228 4344 frequentissimecontradixit.
3254 4265 3346 4321 sed
3376 4264 3613 4344 obstina:

2039 4331 2184 4400 tiiine
2203 4331 2502 4416 damnabili
2534 4331 2704 4416 totum
2743 4339 2886 4411 quod
2928 4345 3046 4416 erat_
3075 4337 3313 4416 illicitum
3337 4343 3441 4416 ,“et
3468 4331 3614 4416 quod

2040 4417 2196 4471 nobis
2222 4414 2396 4485 pudor
2415 4484 2420 4485 γ
2442 4421 2524 4468 est
2561 4404 2777 4485 dicere,"
2793 4424 2897 4463 non
2937 4408 3148 4485 erubuit
3175 4406 3321 4485 solus
3347 4404 3436 4458 ille
3463 4415 3614 4482 coni-

2043 4476 2278 4543 mittere.
2303 4483 2531 4538 Proinde
2553 4482 2674 4552 quia
2699 4482 2779 4535 his
2807 4476 3616 4552 pnesumptionibns,_qna2_unis

357 4541 844 4614 volentibus
873 4541 1222 4613 constituerat
1241 4541 1660 4627 ,idcrclinquens
1687 4557 1755 4619 ei,
1791 4557 1933 4627 quod
1969 4559 2015 4616 D
2041 4541 2204 4612 tatem
2235 4555 2492 4615 dividunt,
2517 4541 2634 4625 qlia:
2664 4541 2892 4627 schisina
2925 4541 3144 4614 faciunt,
3175 4541 3432 4627 velociter
3458 4541 3616 4627 debet

354 4634 533 4701 potuit
557 4631 755 4684 habere
778 4639 1070 4701 paupertas
1089 4644 1351 4698 suprema:
1379 4630 1668 4701 voluntatis
1695 4628 1934 4701 arbitrio,

356 4697 409 4756 in
438 4704 613 4756 locum
643 4697 794 4753 suum
822 4709 880 4752 ut
909 4700 1338 4760 substitueretur,
1372 4700 1595 4768 optavit,
1627 4698 1721 4768 sed
1740 4697 1940 4768 defun-

355 4774 428 4828 σειὶ
454 4771 707 4838 judicium
739 4774 789 4823 in
820 4771 936 4838 ejus
981 4772 1231 4823 meritum
1273 4787 1379 4822 non
1413 4767 1662 4822 vacillat.
1709 4767 1935 4838 Etcum

361 4837 598 4909 legeret,
629 4840 834 4894 Probus
854 4837 1145 4910 cpiscopus
1175 4855 1205 4894 e
1232 4855 1485 4895 consessu
1514 4854 1739 4910 surgens
1766 4837 1898 4891 dixit
1924 4855 1935 4889 :

361 4912 494 4966 lllud
521 4912 688 4973 licuit,
716 4913 816 4964 hoc
839 4908 941 4964 non
974 4911 1140 4963 lienit.
1165 4910 1517 4964 Successores
1539 4908 1678 4964 Deus
1703 4909 1815 4968 dat,
1847 4923 1943 4961 au-

363 4981 614 5036 ctoritate
653 4991 829 5034 vestra
869 4980 1102 5034 resistite
1146 4981 1272 5035 huic
1315 4982 1392 5033 rei
1439 4995 1535 5048 per
1580 4979 1938 5047 apostolatnm

361 5061 619 5107 vestrum.
654 5051 864 5104 llila‘rus
891 5051 1177 5120 episcopus
1203 5051 1337 5120 dixit
1363 5069 1375 5102 :
1403 5049 1660 5103 Percurre
1685 5063 1804 5120 qua:
1833 5063 1944 5120 cte-

362 5137 538 5194 peras.
578 5121 770 5194 Paulus
794 5121 1034 5194 notarius
1058 5119 1317 5194 recitavit.
1347 5119 1616 5194 Siquidem
1639 5119 1813 5194 omnis
1836 5119 1945 5194 clef

362 5188 474 5256 rus,
508 5201 562 5245 et
583 5192 734 5260 plebs
766 5191 1002 5259 ejusdem
1031 5191 1292 5256 civitatis,
1320 5201 1375 5246 et
1401 5191 1617 5258 optimi,
1648 5197 1702 5243 et
1731 5188 1944 5260 plurimi

363 5257 740 5333 provinciales,
764 5257 823 5315 ut
851 5263 990 5315 idem
1019 5261 1136 5328 ejus
1165 5261 1340 5315 locum
1366 5257 1695 5333 observaret.
1784 5257 1945 5333 nobis

364 5327 720 5402 speraverunt
755 5334 881 5385 dato
917 5327 1214 5402 consensu,
1254 5347 1354 5385 nos
1384 5332 1679 5398 cogitantes
1707 5327 1946 5402 defuncti

355 5398 618 5476 judicium
637 5441 651 5464 ,
683 5413 737 5456 et
764 5403 1054 5476 probantes
1081 5401 1198 5469 ejns
1227 5403 1387 5476 vitam
1406 5441 1421 5464 ,
1453 5410 1508 5476 et
1537 5416 1723 5476 eoruni
1753 5398 1945 5476 nobilif

365 5469 534 5528 tatem
585 5481 746 5541 atque
766 5469 1190 5535 multitudinem,
1229 5472 1320 5540 qui
1363 5469 1839 5541 petebant,simul
1891 5475 1948 5522 et

370 5540 676 5607 utilitatem,
709 5541 960 5598 Ecclesia:
990 5551 1328 5601 memoratae,
1363 5542 1621 5609 optimum
1651 5540 1898 5592 duximus
1932 5555 1944 5590 :

369 5622 428 5667 ut
461 5623 614 5667 tanto
654 5613 922 5666 sacerdoti
950 5653 964 5675 ,
1009 5612 1100 5681 qui
1131 5611 1196 5664 ad
1229 5611 1406 5663 divina
1439 5611 1757 5681 migraverat
1782 5650 1798 5675 ,
1842 5623 1950 5662 non

347 5721 353 5726 -
370 5685 598 5738 minoris
618 5683 794 5736 meriti
813 5679 1225 5737 substitueretur
1245 5682 1486 5742 antistes,
1513 5679 1807 5748 prmsertim
1829 5693 1952 5732 cum

373 5749 610 5810 Ecclesia
630 5753 773 5816 illius
792 5752 1095 5822 municipii,
1111 5752 1165 5805 in
1189 5765 1295 5821 qua
1317 5759 1442 5822 ante
1462 5749 1636 5822 fuerat
1655 5749 1950 5822 ordinatus,

375 5837 590 5897 semper
616 5823 772 5896 hujus
800 5819 1030 5880 civitatis
1060 5819 1310 5879 Ecclesize
1339 5821 1500 5877 fuisse
1547 5819 1790 5875 dioecesis
1819 5833 1952 5874 con-

2041 4627 2249 4683 occurri
2277 4667 2290 4690 ,
2332 4615 2633 4694 qumsumus
2662 4623 2844 4694 sedem
2874 4627 3148 4694 vestram,
3182 4628 3243 4694 _ut
3283 4615 3426 4694 quod
3455 4625 3617 4692 super

2041 4699 2142 4754 hac
2169 4685 2321 4768 parte
2350 4685 2640 4749 observare
2667 4692 2844 4768 velitis
2871 4688 3235 4768 ,_apostol_i_cis
3255 4685 3519 4768 affatibus
3539 4685 3619 4768 iii:

2040 4754 2345 4832 struamul”,
2385 4772 2651 4834 quatenus
2689 4754 3275 4834 fraternitate‘collecta
3305 4754 3529 4834 prolatis
3563 4754 3620 4834 i_n
3677 4821 3688 4828 ἢ

2046 4821 2282 4892 medium
2314 4821 2629 4889 vcn'erandic
2657 4831 2845 4903 synodi
2870 4829 3194 4903 constitutis,
3224 4821 3426 4903 contra
3447 4821 3622 4878 rebel-

2043 4907 2198 4961 lionis
2225 4905 2473 4976 spiritum?
2491 4912 2670 4976 vestra
2689 4893 3023 4976 auctoritate
3041 4893 3282 4976 subnixi,
3301 4893 3434 4976 quid
3455 4906 3622 4976 oppr-

2046 4960 2175 5044 tcat,
2207 4960 2269 5029 et.
2289 4975 2354 5028 de
2383 4975 2739 5036 ordinatione,
2769 4980 2825 5044 et
2857 4971 2925 5023 de
2974 4969 3219 5044 midinan
3254 4960 3389 5044 fieri,
3423 4960 3623 5044 intelli-

2047 5035 2174 5114 gere
2222 5045 2332 5099 Deo
2380 5044 2602 5113 juvantc
2648 5042 2933 5114 possimus.
2993 5035 3108 5114 Erit
3154 5037 3396 5114 profecto
3444 5037 3626 5114 vester

2047 5097 2348 5184 triumphus
2373 5097 2399 5178 ξ’
2419 5115 2462 5168 si
2504 5097 2834 5184 apost'olatus
2878 5109 3047 5184 vestri
3082 5097 3409 5184 temporibus
3434 5097 3625 5184 ,nqupd

2046 5169 2229 5241 sancti
2245 5169 2386 5239 Petri
2417 5169 2670 5238 cathedra
2695 5183 2919 5245 obtinet,
2946 5169 3216 5255 catholica
3232 5173 3418 5255 audiat
3430 5169 3628 5255 .Eccieo

2046 5259 2124 5311 sia
2147 5296 2163 5316 .
2190 5257 2233 5311 si
2265 5255 2470 5308 novella
2499 5255 2822 5310 zizaniorum
2853 5251 3055 5305 semina
3087 5247 3280 5299 fuerint
3309 5247 3622 5308 exstirpata.

2054 5326 2118 5381 Et
2144 5325 2489 5395 subscriptio.
2532 5326 2788 5379 Orantem
2817 5337 2914 5395 pro
2940 5319 3095 5372 nobis
3121 5324 3365 5395 sanctum
3384 5317 3625 5395 Δεινθὲιίξει

2056 5398 2220 5451 latum
2253 5387 2487 5450 vestrum
2515 5395 2625 5463 jngi
2654 5409 2769 5448 aevo
2797 5387 2972 5444 divina
3003 5392 3286 5464 conservet
3331 5387 3624 5464 mternitas.

2055 5469 2136 5522 Ab
2172 5467 2435 5521 universis
2479 5453 2744 5535 episcopis
2792 5470 2847 5515 et
2895 5453 3223 5535 presbyteris
3273 5453 3627 5535 acclamatum

2055 5547 2138 5592 est
2164 5556 2175 5590 :
2206 5536 2400 5591 Uthrcc
2425 5525 2781 5589 emendentur
2807 5525 3076 5603 rogamus,
3101 5525 3302 5580 dictum
3326 5531 3624 5603 estsexiels:

2158 5586 2614 5662 resecentur
2637 5586 2926 5668 rogamus,
2963 5586 3164 5650 dictum
3194 5605 3278 5668 est
3311 5593 3530 5668 septies.

2058 5660 2337 5747 disciplina
2373 5684 2613 5728 servetur
2639 5660 3141 5747 roganinsh’dictum
3172 5660 3465 5747 octies.
3490 5667 3630 5747 pnti-

2058 5729 2524 5817 (fltiita'snservetur
2559 5729 2809 5809 rogamus
2831 5779 2845 5803 ,
2893 5729 3092 5817 dielflm
3129 5737 3346 5817 δενιίςε·
3385 5730 3451 5814 ψ’
3469 5729 3635 5817 ﬂigi.

2060 5807 2214 5888 plina
2246 5817 2364 5888 (sit)
2413 5807 2656 5870 servetur
2674 5825 2949 5881 rogamus,
2981 5807 3185 5863 dictum
3214 5812 3296 5860 est
3331 5807 3631 5882 quinquies.
