4092 6348
548 256 655 314 319

1396 258 1736 316 APPENDIX
1774 258 1864 313 AD
1900 256 2417 314 COLLECTIONEM
2463 252 2944 311 DlONYSlANAM.

3698 245 3832 300 520

494 384 499 387 ‘
549 368 621 426 Ut
658 385 892 426 canones
928 372 1297 428 custodiantur
1344 385 1629 439 rogamus,
1668 372 1868 430 dictum
1909 380 1991 425 est
2026 385 2115 426 se—
2147 375 2195 435 Α
2222 377 2281 423 ιιι
2319 369 2449 423 nihil
2498 368 2753 439 deinceps
2798 375 2987 421 contra
3033 370 3299 435 praecepta
3344 362 3505 439 beati
3533 361 3829 433 Apostoli,

542 444 702 512 ptics.
764 440 830 496 Ut
875 443 928 496 in
976 442 1448 512 pmsumptoribns
1489 441 1793 497 vindicetur
1839 455 2111 508 rogamus,

545 511 747 565 dictum
795 521 878 565 est
938 513 1156 581 septies.
1206 511 1487 566 Ordinatio
1552 512 1847 581 apostolica
1914 512 2114 581 illibata

540 592 800 644 servetur,
828 580 1025 636 dictum
1055 590 1137 635 est
1171 583 1359 635 octies.
1418 580 1639 641 Exaudi,
1672 580 1899 639 Christe.
1935 580 2118 634 Hilaro

541 652 666 710 vita,
698 652 894 705 dictuut
925 660 1005 706 est
1032 652 1336 719 quinquies.
1382 652 1583 719 Dignus
1612 666 1769 720 papa,
1802 651 1991 719 dignus
2016 651 2116 704 do-

541 730 676 778 ctor.
708 721 907 774 dictum
938 729 1019 775 est
1048 722 1233 775 octies.

617 789 825 843 Hilarus
875 789 1159 859 episcopus
1206 791 1385 844 dixit:
1429 789 1680 858 Acceptis
1728 804 1846 858 quae
1892 788 2118 859 recitata

540 868 666 912 sunt
693 860 759 913 de
786 858 1242 922 omnibus,’ounc.
1271 860 1478 923 fratres,
1510 859 1773 923 speciales
1800 858 2114 921 sententias,

540 926 649 997 Deo
670 928 825 982 nobis
848 930 1160 997 inspirante,
1192 931 1509 996 depromite.
1543 926 1804 982 Maximus
1832 928 2118 995 episcopus

540 996 791 1053 Ecclesiae
833 996 1138 1052 Tauritanae
1179 999 1313 1051 dixit
1345 1016 1357 1051 :
1390 998 1446 1051 ln
1475 998 1841 1051 custodiendis
1870 998 2118 1050 omnibus

539 1083 657 1136 quae
679 1067 744 1120 ad
774 1084 952 1122 sacras
976 1068 1338 1121 ordinationes
1365 1069 1635 1132 pertinent
1657 1068 1968 1131 disciplinis,
2004 1080 2117 1121 me-

540 1135 641 1191 lius
671 1138 948 1191 sententia:
979 1152 1109 1190 meae
1154 1139 1486 1206 professione
1524 1136 1785 1190 denuntio
1815 1137 1943 1188 nihil
1974 1151 2002 1189 a
2033 1151 2119 1189 me

540 1221 775 1273 utiquam
804 1223 988 1259 eorum
1021 1223 1139 1273 quae
1171 1209 1433 1273 prohibita
1480 1215 1604 1261 sunt
1647 1222 1765 1260 esse
1798 1206 2113 1260 faciendum.

544 1274 617 1328 De
648 1276 865 1345 reliquis
904 1292 1099 1330 censeo
1144 1286 1199 1329 ut
1234 1276 1473 1345 quisquis
1513 1278 1635 1329 talia
1669 1276 1873 1336 fecerit,
1904 1283 1997 1327 aut
2026 1275 2121 1327 de-

542 1352 683 1397 tecta
710 1346 759 1397 in
784 1344 1035 1400 Ecclesiis
1064 1362 1308 1400 resecare
1333 1347 1582 1408 noluerit,
1609 1347 1820 1399 noverit
1846 1362 1904 1398 se
1932 1358 2120 1411 graves

542 1428 732 1467 causas
782 1415 832 1466 in
871 1418 1180 1483 apostolicae
1229 1417 1369 1468 sedis
1399 1415 1605 1482 judicio
1654 1415 1983 1467 redditurum
2018 1432 2030 1466 :
2068 1419 2118 1468 in

543 1496 651 1549 quo
699 1484 770 1536 illi
822 1499 1040 1538 necesse
1086 1487 1188 1538 erit
1233 1486 1411 1538 subire
1458 1487 1801 1538 sententiam.
1854 1484 2119 1549 lngenuus

541 1552 823 1624 episc0pus
864 1553 1261 1607 Ebrodunensis
1298 1554 1431 1607 dixit
1462 1572 1473 1606 :
1510 1554 1634 1607 Mihi
1676 1570 1890 1624 quoque
1928 1553 2116 1607 eadem

540 1619 611 1673 de
638 1619 884 1676 omnibus
911 1626 1150 1693 partibus
1177 1625 1441 1678 sententia
1470 1632 1570 1682 est,
1603 1619 1709 1691 qua
1740 1619 1823 1676 me
1851 1626 1961 1690 ipSe
1989 1639 2119 1677 con-

539 1692 761 1762 stringo,
790 1708 854 1747 ne
880 1692 1005 1760 quid
1036 1709 1065 1746 a
1093 1708 1178 1747 me
1202 1709 1433 1760 unquam
1464 1693 1529 1746 de
1560 1696 1640 1747 his
1663 1709 1782 1762 quae
1804 1705 1921 1747 sunt
1950 1694 2117 1746 inter-

540 1759 697 1815 dicta
731 1759 999 1834 teotetur,
1040 1766 1165 1834 quia
1215 1759 1337 1816 novi
1386 1773 1582 1816 statum
1630 1759 1691 1817 et
1730 1763 2118 1834 prole~sionettt

541 1844 737 1884 meam.
777 1830 853 1886 De
882 1833 1090 1885 caeteris
1118 1836 1282 1886 et'.am
1313 1848 1508 1887 censeo
1543 1851 1554 1885 :
1589 1842 1647 1887 ιιι
1675 1830 1914 1903 quisquis
1952 1834 2121 1887 statu-

543 1906 715 1953 tornm
759 1909 1123 1969 traztsgressor
1151 1904 1448 1968 exstiterit,
1479 1905 1614 1957 sciat
1653 1920 1713 1957 se
1742 1905 2120 1959 ecclesiastici:

540 1970 739 2043 regulae
767 1970 970 2043 laqueis
1000 1972 1243 2026 innodari
1266 2014 1279 2034 ,
1316 1981 1372 2027 et
1409 1983 1615 2027 reatum
1647 1974 1953 2043 apostolica:
1979 1974 2121 2027 sedis

541 2036 848 2113 incurrere.
883 2042 1077 2113 Paulus
1124 2043 1407 2113 episcopus
1453 2036 1751 2111 Aquacviva:
1795 2044 1927 2097 dixit
1962 2062 1975 2096 :
2011 2043 2120 2113 Ego

540 2122 756 2177 quoque
785 2112 940 2164 simili
972 2128 1056 2166 me
1085 2113 1200 2177 lege
1230 2112 1560 2178 constringo,
1591 2124 1645 2165 et
1673 2114 1739 2165 de
1768 2114 1996 2177 caeteris,
2029 2112 2119 2179 qui

540 2186 965 2251 transgressores
991 2183 1201 2243 fuerint,
1234 2186 1430 2251 pariter
1450 2199 1662 2242 censeo,
1699 2198 1763 2235 ne
1785 2184 1862 2233 eis
1884 2185 1998 2235 sine
2024 2198 2118 2249 pe-

540 2248 711 2320 riculo
740 2251 818 2302 sui
849 2252 1138 2320 quidquam
1172 2248 1277 2306 tale
1308 2263 1513 2306 tentate
1548 2254 1719 2313 lit-eat,
1752 2254 1893 2318 quod
1929 2248 2119 2305 merito

539 2319 731 2392 debeat
755 2319 1034 2392 vindicari.
1062 2322 1113 2374 Pa
1133 2325 1266 2375 imus
1290 2328 1565 2392 t‘ptv'opus
1590 2321 1836 2375 lict-ledae
1866 2324 2119 2374 Atellanae

540 2387 674 2459 dixit
708 2408 719 2442 :
754 2388 867 2445 Hoc
900 2403 953 2444 et
982 2409 1081 2459 ego
1114 2387 1909 2446 cense»'e>Si:observandum.
1949 2392 2119 2445 Palla-

541 2456 660 2511 dius
706 2464 989 2528 episcopus
1019 2456 1283 2515 'Erclesiar
1332 2463 1596 2530 Salapina:
1642 2462 1813 2514 dixit:
1850 2462 1983 2515 Nihil
2036 2478 2120 2515 tne

540 2537 725 2581 contra
757 2531 1086 2597 disciplinam
1116 2533 1552 2595 ecclesiastiram,
1577 2532 1656 2583 vel
1681 2540 1876 2585 statuta
1908 2542 2121 2585 sancto-

540 2612 655 2649 tuos
688 2614 951 2652 eatmnum
986 2608 1241 2655 lat-turum
1271 2620 1387 2657 csso
1419 2604 1696 2669 polliceor.
1728 2601 1971 2654 Tiberius
2002 2601 2117 2669 epi-

539 2681 734 2739 scopus
762 2670 1013 2725 Eccicsiac
1043 2674 1350 2726 Sabinensis
1389 2676 1522 2725 dixit
1554 2692 1566 2724 ;
1604 2671 1863 2725 Proﬁteor
1893 2688 1978 2725 tuo
2008 2684 2119 2727 sta-

542 2743 656 2809 tuta
685 2740 826 2795 sedis
862 2744 1170 2809 apostolica:
1210 2743 1262 2797 in
1301 2743 1548 2797 onmibus
1576 2744 1878 2805 custodire,
1909 2751 1965 2795 et
1993 2744 2038 2795 si
2067 2743 2119 2797 in

539 2804 777 2862 Ecclesia
812 2804 926 2864 mea
975 2812 1292 2867 clericorum
1340 2813 1574 2880 aliquem
1620 2821 1810 2867 contra
1852 2804 2119 2881 prtecepta

536 2887 845 2951 sanctorum
912 2897 1177 2936 canonum
1230 2882 1637 2951 deprehendero
1692 2891 1786 2936 aut
1840 2882 2117 2935 mulierem

537 2946 788 3013 duxisse,
829 2960 919 3003 aut
965 2952 1097 3005 duas
1125 2946 1320 3006 habere
1350 2968 1545 3007 uxores
1571 2994 1585 3015 ,
1635 2952 1701 3005 ab
1751 2952 2117 3007 ecclesiastico

535 3017 710 3091 oﬂicio
739 3023 995 3091 separari.
1050 3021 1129 3076 Ab
1158 3022 1421 3076 universis
1449 3024 1716 3091 episcOpis
1756 3021 1954 3075 dictum
1986 3029 2070 3075 est
2101 3040 2114 3074 :

2223 441 2351 493 nihil
2399 448 2587 493 contra
2638 437 2973 491 Nicantorutn
3020 433 3290 490 canonum
3336 433 3626 488 constituta
3679 442 3831 487 teu-

2221 518 2381 563 tetur.

2290 578 2329 631 Ι.
2385 576 2496 631 Hoc
2544 586 2721 631 autem
2773 575 3001 645 primttm
3045 570 3539 645 juxtaﬂeorumdem
3580 570 3829 645 Patrum

2218 648 2431 717 regulas
2456 646 2698 700 volumus
2725 643 3010 717 custodiri,
3044 657 3103 697 ut
3132 644 3307 717 nullus
3337 651 3527 717 praeter
3553 643 3829 717 notitiam

2219 711 2381 786 atque
2410 731 2731 771 consensum
2762 715 2940 769 fratris
2968 714 3222 786 Ascanii,
3249 712 3665 786 metropolitani,
3706 711 3829 786 alio

2219 778 2485 855 qttatenus
2506 795 2850 840 consecretur
2870 785 3109 845 antistes,
3136 783 3260 854 quia
3287 783 3388 837 hoc
3410 778 3636 837 etvetus
3665 778 3828 847 ordo

2222 858 2409 921 tenuit,
2444 856 2545 908 hoc.
2576 864 2937 908 trecentorum
2985 855 3169 909 decem
3219 862 3274 907 et
3324 863 3445 907 octo
3491 861 3827 906 sanctorum

2222 924 2438 979 Patrum
2469 923 2709 978 deﬁnivit
2736 925 3026 978 auctoritas
3049 964 3066 989 ,
3104 924 3189 978 cui
3224 923 3466 991 quisquis
3502 923 3697 975 obvias
3733 932 3830 976 te-

2224 996 2454 1049 tenderit
2476 1009 2681 1051 manus.
2710 1010 2897 1049 eorum
2918 1009 2975 1047 se
2996 994 3267 1048 consortio
3292 991 3487 1047 fatetur
3505 992 3824 1061 indignum,

2220 1080 2448 1133 quorum
2474 1065 2919 1133 praereptionibus
2949 1064 3241 1117 resoltarit.

2292 1134 2358 1188 ll.
2413 1130 2716 1201 Iniquorutn
2740 1134 3117 1187 contumeliam
3136 1148 3164 1184 a
3187 1130 3418 1199 superbo
3439 1131 3621 1201 spiritu
3637 1134 3827 1187 etiam

2261 1220 2345 1256 ars
2396 1203 2482 1257 illa
2533 1204 2915 1267 eontemnitnr,
2948 1218 3052 1272 qua
3099 1210 3320 1255 cavetur
3370 1217 3435 1255 ne
3469 1203 3585 1269 quis
3613 1202 3823 1272 relicta

2253 1274 2463 1329 lrclesia
2501 1287 2594 1326 sua
2645 1274 2710 1325 ad
2761 1270 2982 1327 alteram
3035 1274 3263 1326 transire
3306 1279 3606 1341 praesumat.
3647 1270 3823 1335 Quod

2224 1344 2381 1397 nitnis
2413 1343 2651 1411 improbe
2680 1343 3106 1403 conniventibus,
3131 1352 3186 1395 et
3215 1350 3272 1395 ut
3296 1342 3540 1395 deleatur
3563 1343 3820 1411 gravius,

2222 1414 2374 1467 vobis
2396 1408 2773 1476 asserentibus,
2799 1412 3025 1465 lrenaeus
3053 1412 3333 1481 episcopus
3359 1421 3581 1464 conatur
3608 1408 3820 1463 admit-

2224 1492 2339 1537 tere
2372 1501 2384 1536 :
2416 1484 2505 1552 qui
2535 1492 2717 1535 nostra
2768 1484 3089 1536 auctoritate
3137 1481 3379 1535 roborari
3422 1482 3633 1548 cupitis,
3664 1496 3821 1548 quos

2224 1554 2456 1606 maxime
2485 1554 2551 1605 de
2580 1553 2741 1606 rebus
2771 1552 2965 1605 inlicitis
2995 1564 3185 1619 magna
3218 1552 3579 1618 indignatione
3607 1552 3819 1618 pmba-

2226 1624 2294 1676 tis
2323 1621 2564 1678 accendi.
2610 1621 2785 1676 Lectis
2823 1636 2951 1687 ergo
2982 1623 3032 1674 in
3084 1629 3349 1675 conventu
3375 1619 3590 1673 fratrum
3619 1660 3634 1682 ,
3665 1635 3819 1688 quos

2225 1693 2415 1746 natalis
2441 1693 2543 1746 mei
2569 1690 2824 1746 festivitas
2850 1700 3217 1759 congregarat,
3245 1691 3434 1744 litteris
3454 1691 3660 1753 vestris,
3682 1706 3819 1758 qua

2224 1764 2291 1817 de
2321 1762 2632 1817 ordinandis
2662 1762 2926 1830 episcopis
2963 1762 3251 1815 secundum
3282 1769 3481 1813 statuta
3512 1776 3817 1824 campum,

2225 1834 2307 1885 vel
2341 1834 2792 1904 piacdecessorutn
2834 1847 3075 1885 meorum
3111 1831 3335 1904 decreta
3385 1837 3546 1904 sunt,
3594 1831 3816 1898 prolata

2222 1901 2489 1957 sententia
2520 1914 2791 1971 gestorum
2815 1944 2830 1968 ,
2864 1918 2983 1973 quae
3010 1901 3213 1972 pariter
3239 1901 3530 1955 direximus
3553 1940 3567 1964 ,
3614 1909 3817 1955 tenore

2221 1973 2457 2026 disertis.

2293 2042 2381 2105 ill.
2420 2040 2567 2096 Unde
2595 2050 2803 2096 remoto
2832 2043 2899 2095 ab
2943 2041 3175 2096 Ecclesia
3207 2040 3607 2101 Barcinonensi,
3641 2046 3815 2107 atque

2222 2111 2287 2165 ad
2318 2129 2410 2164 sua
2443 2113 2665 2165 remisso
2702 2112 2901 2166 Irenaeo
2945 2112 3197 2180 episcopo
3230 2128 3243 2164 :
3275 2111 3474 2165 sedatis
3502 2125 3596 2179 per
3623 2124 3813 2163 sacer-

2222 2183 2456 2235 dotalem
2489 2183 2800 2235 modestiam
2833 2182 3193 2249 voluptatibus
3216 2220 3231 2245 ,
3273 2196 3391 2249 quae
3431 2196 3527 2250 per
3554 2181 3812 2250 ignoran-

2226 2252 2351 2304 tiam
2402 2253 2884 2306 ecclesiasticarutu
2936 2252 3110 2319 legum
3159 2251 3488 2316 desiderant,
3517 2249 3807 2319 quodnon

2223 2321 2347 2375 lieet
2376 2323 2621 2376 obtinere
2655 2340 2667 2374 :
2704 2323 2823 2375 talis
2872 2318 3112 2389 protinus
3149 2321 3215 2374 de
3252 2322 3399 2376 clero
3428 2321 3645 2391 proprio
3675 2318 3811 2372 Bar-

2222 2392 2604 2445 cinonensibus
2630 2392 2912 2460 episcopus
2940 2392 3237 2453 ordinetur,
3282 2391 3494 2459 qualem
3526 2399 3581 2445 te
3610 2391 3807 2459 promi-

2222 2476 2345 2530 pne,
2382 2463 2544 2513 frater
2574 2463 2762 2515 Λέαιῃί
2787 2503 2801 2523 ,
2831 2470 3079 2530 oporteat
3104 2462 3301 2528 eligere
3325 2502 3339 2524 ,
3373 2471 3428 2516 et
3456 2462 3642 2515 deceat
3669 2474 3806 2514 cou-

2221 2548 2450 2585 si-crare.
2486 2531 2560 2584 Ne
2589 2532 2632 2584 si
2659 2532 2901 2584 similiter
2930 2530 3067 2585 forte
3098 2531 3294 2585 factum
3326 2533 3519 2596 fuerat,
3553 2546 3659 2584 non
3688 2532 3807 2585 sine

2223 2602 2593 2668 objurgatione
2644 2603 2714 2654 ttti
2765 2603 2996 2654 maxime
3043 2603 3271 2655 nominis
3319 2602 3571 2655 retundat
3617 2611 3803 2653 nostra

2223 2682 2509 2741 pracocptio
2536 2714 2549 2734 ,
2590 2672 2728 2739 quod
2771 2672 2819 2723 in
2864 2671 3104 2741 iniuriam
3147 2672 3270 2737 Dei,
3301 2689 3329 2724 a
3361 2688 3467 2741 quo
3493 2671 3805 2740 specialiter

2221 2740 2638 2795 Sacerdotalium
2666 2750 2748 2793 est
2776 2743 2943 2810 gratia
2974 2740 3312 2808 dignitatum,
3340 2740 3683 2796 didicerimus
3704 2742 3802 2795 ad-

2222 2813 2463 2877 missum,
2495 2826 2595 2866 nec
2622 2810 2943 2881 episcopalis
2969 2811 3141 2864 honor
3168 2812 3561 2865 baereditarium
3586 2811 3681 2881 jus,
3699 2826 3803 2878 pu-

2222 2889 2389 2944 tetur,
2418 2882 2562 2949 quod
2591 2884 2745 2936 nobis
2776 2882 2890 2936 sola
2921 2880 3017 2936 Dei
3050 2882 3221 2937 nostri
3244 2881 3444 2938 Christi
3471 2880 3803 2951 benignitate

2220 2952 2509 3006 confertur.

2293 3020 2380 3074 IV.
2420 3019 2705 3076 Ordinatos
2733 3036 2861 3090 ergo
2889 3038 3028 3079 nunc
3056 3024 3371 3093 episcopos,
3399 3023 3491 3090 qui
3521 3021 3647 3076 licet
3673 3020 3803 3076 dum

536 3083 1095 3170 Sentetttia's‘fraltrum
1134 3108 1320 3170 omnes
1366 3083 2119 3170 sequimur,_0tttnesnconli_r-
2147 3111 2190 3170 ρ
2223 3098 2275 3143 te
2305 3092 2582 3170 ignorante
2613 3083 2847 3170 provecti
2878 3083 3325 3170 sunt,_citm_sitis
3352 3083 3661 3170 auctoribus
3689 3106 3798 3170 meo

537 3169 779 3225 litamus,
817 3168 869 3213 et
912 3162 1268 3216 observandas
1315 3160 1457 3215 esse
1483 3160 1840 3216 decernimus.
1891 3161 2116 3225 Exaudi,

539 3222 773 3298 Christe,
797 3228 979 3283 llilaro
1004 3230 1133 3295 vita,
1192 3232 1392 3285 dictum
1431 3240 1515 3285 est
1551 3234 1769 3298 septies.
1821 3230 1951 3297 Quae
1982 3222 2119 3284 male

539 3294 763 3369 admissa
794 3308 919 3353 sunt
963 3315 1059 3369 per
1108 3294 1159 3355 te
1189 3302 1546 3368 corrigantur,
1586 3294 1785 3356 dictum
1814 3294 1898 3355 eSt
1926 3302 2115 3355 octies.

538 3361 683 3428 Quod
716 3383 822 3419 non
851 3361 993 3431 licet,
1028 3385 1131 3424 non
1164 3369 1272 3431 fiat,
1302 3361 1501 3425 dictum
1530 3361 1613 3425 est
1639 3373 1830 3425 octies.

514 3504 519 3507 _
604 3433 816 3514 Hiarus
856 3440 1140 3514 episcopus
1180 3439 1429 3514 Ecclesiae
1476 3442 1623 3514 urbis
1671 3442 1860 3514 Romae
1910 3437 2116 3514 synodo

539 3507 821 3571 praesidens
848 3508 980 3563 dixit
1011 3528 1022 3561 ε
1054 3510 1315 3575 Quoniam
1346 3512 1623 3580 piamentis
1650 3507 1975 3564 deﬁnitionis
2007 3509 2117 3563 for—

541 3588 846 3651 tuam,_quac
876 3584 1171 3651 se_cuttd_umi
1196 3591 1502 3635 Sanctorum
1542 3590 1625 3634 est
1670 3590 1864 3635 statuta
1895 3588 2113 3633 settten~

540 3645 685 3723 liam,
716 3645 768 3697 itt
796 3649 1031 3700 onmium
1056 3647 1409 3723 Ecclesiarum
1440 3651 1683 3723 notitiam
1716 3650 2004 3723 pervenire
2018 3651 2115 3703 de-

538 3720 799 3791 cernimus
832 3732 949 3791 :_ne
996 3720 1253 3791 cuiquam
1295 3734 1392 3786 pro
1422 3722 1517 3781 sui
1563 3723 1729 3791 possit
1779 3720 2116 3791 ignoratione

533 3782 693 3856 licere
720 3785 863 3854 quod
890 3802 996 3840 non
1028 3782 1171 3854 licet,
1193 3782 1354 3843 edere
1379 3799 1527 3856 gesta
1553 3782 1885 3845 notariorum
1915 3790 2116 3845 sollici-

540 3850 661 3905 tudo
688 3850 915 3912 curabit.
1157 3850 1166 3854 v
1381 3850 1406 3856 ⁷
1756 3905 1765 3912 .

605 3921 815 3980 Hilarus
844 3928 1125 3997 episcopus
1168 3928 1425 3996 Ascanio,
1457 3938 1513 3984 et
1550 3929 1814 3986 universis
1849 3929 2115 3999 episcopis

534 3988 949 4067 Tarraconensis
978 3988 1282 4067 provinciae.

606 4060 895 4141 ifomquatn
945 4060 1152 4141 litteras
1197 4078 1392 4141 vestrae
1442 4069 1743 4125 dilectionis
1789 4070 2109 4141 accepimus,

539 4131 737 4211 quibus
755 4131 1195 4211 praesumptiones
1224 4138 1440 4209 Sylvani
1488 4141 1725 4211 episcopi
1778 4131 2111 4211 Calagnreu;

537 4214 681 4279 ιιιιιιιΔ
701 4202 1130 4279 Ecclesiaeretttn
1154 4210 1185 4263 li
1218 4202 1426 4279 petistis
1451 4249 1466 4274 ,
1506 4202 1561 4265 et
1597 4202 1807 4265 rursum
1860 4202 2114 4264 Barcino-
2146 4244 2149 4249 ~

535 4272 776 4326 nensium
805 4278 1041 4343 quaeritis
1071 4272 1231 4334 nimis
1258 4272 1591 4335 illicita—vota
1622 4282 1840 4345 firmari,
1871 4281 2111 4334 honora-

536 4350 709 4421 torum
750 4354 804 4421 et
829 4361 1199 4421 possessorum
1242 4350 1739 4421 Tyriassonensium
1766 4352 2114 4421 ,ﬂAscanten-

535 4412 668 4491 sicut
692 4452 707 4475 ,
751 4412 1243 4491 Calaguritanorum
1267 4412 1305 4485 ,⁷
1324 4421 1706 4491 Varegensium
1729 4461 1744 4484 ,
1772 4412 2106 4491 i'l‘ritinsium,

2222 3162 2426 3214 ruerint
2454 3161 2755 3215 submoveri
2775 3204 2789 3227 ,
2820 3163 2919 3218 hac
2948 3168 3155 3219 ratione
3184 3164 3453 3217 [irruamus
3472 3203 3488 3229 ,
3517 3163 3563 3217 si
3594 3177 3697 3217 nec
3722 3164 3799 3217 vi-

2221 3228 2339 3282 duae
2380 3232 2600 3284 maritus
2636 3232 2795 3286 fuerit
2833 3234 3114 3301 quisquam
3139 3274 3154 3297 ,
3198 3243 3255 3288 et
3292 3234 3345 3287 in
3390 3228 3545 3287 unius
3582 3234 3802 3301 virginis

2219 3300 2418 3368 nuptiis
2442 3339 2456 3362 ,
2487 3314 2550 3354 ac
2579 3310 2700 3354 vota
2746 3300 3056 3357 convenerit
3082 3345 3098 3370 ,
3128 3305 3267 3359 sicut
3294 3312 3349 3356 et
3376 3302 3569 3370 legalia
3599 3300 3800 3358 conatis

2220 3376 2330 3442 tuta
2362 3370 2672 3442 praecipiunt
2698 3370 2925 3442 dicendo
2951 3391 2963 3426 :
2994 3372 3259 3429 Sacerdos
3286 3373 3543 3442 virginem
3574 3388 3803 3428 uxorem

2218 3439 2478 3513 accipiat.
2514 3455 2619 3493 non
2657 3441 2899 3507 viduam,
2942 3459 3046 3498 non
3077 3439 3409 3513 repudiatam
3457 3441 3646 3510 (Lerit.
3678 3458 3799 3508 xxt;

2220 3507 2410 3583 ξηρὴ.
2438 3512 2603 3583 ιιι-ιν),
2630 3512 2919 3583 secundum
2950 3513 3092 3583 quod
3120 3507 3281 3567 etiam
3310 3507 3496 3583 beatus
3523 3507 3800 3582 apostolus

2219 3576 2433 3652 Paulus,
2464 3576 2714 3647 Magister
2738 3576 2997 3650 gentiuni,
3025 3584 3093 3637 de
3122 3584 3203 3637 his
3230 3583 3322 3652 qui
3355 3582 3467 3636 lteri
3494 3576 3800 3637 desiderant

2218 3650 2561 3719 sacerdotes,
2612 3654 2826 3719 propria
2874 3654 3207 3707 institutione
3250 3650 3359 3707 non
3405 3654 3573 3707 tacuit
3619 3652 3801 3710 dicens

2219 3717 2273 3789 (1
2302 3719 2432 3773 Tim.
2467 3721 2543 3785 ιιι)
2582 3717 2796 3776 {Unius
2825 3724 3006 3777 uxoris
3046 3724 3250 3784 virum,
3282 3722 3433 3787 cujus
3465 3732 3653 3777 tenore
3680 3739 3798 3777 scn-

2217 3793 2412 3862 tentiani
2430 3790 2501 3844 ita
2530 3790 2801 3845 informati
2832 3808 2949 3846 esse
2975 3793 3204 3857 debetis,
3227 3801 3284 3847 ut
3305 3794 3444 3847 inter
3462 3802 3655 3848 caetera
3682 3808 3797 3862 qua:

2216 3860 2630 3935 Caveauda‘suttt.
2664 3862 2775 3916 haec
2798 3863 3063 3935 studentis
3092 3865 3358 3934 praecipue
3384 3863 3656 3919 custodire
3682 3860 3797 3935 qua:

2216 3930 2540 3993 cognoscitis
2569 3940 2694 3985 ante
2721 3932 2963 3986 universa
2994 3930 3253 3987 mandari.

2202 4015 2229 4073 '_
2289 4000 2353 4054 V.
2387 3999 2661 4073 ln_quibus
2688 4002 2847 4056 etiam
2880 4003 3309 4073 prospiciendum
3333 4010 3433 4066 est,
3463 4017 3531 4058 ne
3558 4002 3667 4057 duo
3695 4004 3796 4059 sint

2215 4068 2267 4123 in
2298 4086 2401 4124 una
2434 4068 2673 4125 Ecclesia
2722 4068 3026 4127 sacerdotes
3048 4115 3063 4137 ,
3108 4088 3206 4129 nec
3237 4075 3530 4128 litterarum
3562 4073 3795 4141 ignarus,

2216 4149 2306 4194 aut
2337 4156 2527 4195 carens
2577 4142 2753 4211 aliqua
2802 4152 2952 4211 parte
3000 4144 3359 4198 membrorum
3386 4184 3401 4206 ,
3429 4144 3511 4197 vel
3542 4144 3706 4198 etiam
3734 4159 3793 4197 ex

2215 4212 2603 4283 ptenitcntibus
2628 4211 2820 4283 aliquis
2860 4214 2926 4266 ad
2959 4229 3167 4268 sacrum
3199 4214 3550 4268 ministerium
3581 4229 3793 4283 prorsus

2188 4282 2421 4334 ,sinatnr
2450 4282 2724 4337 accedere.
2766 4282 2878 4338 Nec
2915 4291 3119 4337 tantum
3164 4285 3363 4352 putetis
3393 4282 3682 4351 petitiones
3708 4298 3794 4336 va-

2216 4351 2326 4405 lere
2356 4354 2696 4423 populorum,
2730 4364 2787 4406 ut
2816 4368 2936 4409 cum
2965 4354 3048 4408 his
3074 4351 3262 4423 parere
3291 4354 3518 4423 cupitis,
3552 4354 3793 4409 volunta-

2216 4429 2324 4493 tem
2355 4422 2564 4475 Domini
2596 4425 2762 4493 nostri
2793 4438 2911 4493 qua:
2956 4439 3053 4477 nos
3076 4422 3307 4493 peccare
3336 4422 3603 4493 prohibet,
3636 4424 3792 4480 dese-

534 4476 955 4561 Levieosiumfet
983 4476 1445 4545 Verovisceitsiuut
1465 4476 1703 4561 civitatis
1731 4476 1850 4561 cum
1879 4476 2115 4543 subseri;
2142 4490 2194 4549 Β
2219 4491 2377 4561 ratis,
2410 4494 2563 4559 cujus
2593 4476 2885 4560 indignaiio
2923 4509 2988 4547 ex
3022 4476 3135 4548 hoc
3166 4476 3381 4561 gravitis
3406 4476 3792 4556 hominibv’eih}.

534 4551 801 4618 ptionihus
819 4556 1157 4625 diversorum
1193 4560 1395 4614 litteras
1423 4560 1578 4613 nobis
1598 4568 1809 4614 constant
1838 4559 2069 4625 ingestas
2096 4578 2109 4612 :

533 4632 630 4686 per
655 4635 787 4687 quas
816 4623 864 4675 id
894 4628 1034 4700 quod
1067 4628 1132 4682 de
1160 4628 1392 4700 Sylvauo
1414 4630 1629 4700 querela
1663 4638 1836 4681 vestra
1863 4623 2114 4700 deprom-

534 4700 715 4755 pserat
739 4730 753 4750 ,
780 4697 1133 4766 excusabant.
1185 4697 1287 4753 Sed
1322 4699 1668 4766 reprehensio
1692 4699 1983 4763 justissima
2014 4714 2110 4753 eo-

533 4772 649 4837 rum
681 4762 877 4837 pariter
900 4764 1040 4837 justa
1072 4762 1396 4835 allegatione
1424 4784 1539 4837 non
1560 4762 1795 4825 carebat.
1826 4771 1945 4835 quia
1979 4784 2112 4837 prte-

534 4834 618 4881 ter
647 4834 1026 4907 t-t-inscietttiattt
1059 4838 1478 4907 metropolitani,
1524 4836 1699 4892 fratris
1728 4846 1781 4891 rt
1808 4834 2019 4906 cnepisc
2057 4838 2109 4907 pi

531 4901 699 4965 nostri
722 4903 953 4965 Ascanii,
991 4901 1259 4959 nonnullis
1286 4908 1589 4961 civitatibus
1619 4908 1892 4961 ordinatos
1910 4901 2110 4962 ‘claru'it

531 4964 855 5052 Sacerdotes.
876 4946 1061 5052 "liude
1082 4978 1390 5052 'quoniam_
1419 4978 1673 5046 quidquid
1729 4978 1796 5032 ab
1831 4978 2109 5052 alterutra

528 5049 683 5159 parte
703 5052 785 5094 est
804 5042 1109 5108 indicattttn,
1132 5042 1277 5098 omni
1304 5042 1581 5101 videamus
1610 5049 1958 5117 perversitate
1982 5064 2112 5103 cott-

555 5125 728 5159 nsunt-
758 5119 1057 5159 temporum
1103 5116 1418 5159 ιιρηιιςςίιιιιρ
1446 5129 1721 5159 ιιριιςηρριςι
1781 5120 1879 5159 han
1906 5128 2112 5159 mtmnn

555 5125 741 5191 lusum,
758 5119 1059 5191 temporum
1094 5116 1418 5191 necessitate
1446 5116 1744 5191 perspecta,
1780 5120 1881 5174 hac
1906 5128 2114 5173 ratione

508 5176 957 5245 decernimusiad
985 5184 1196 5237 veniam
1236 5176 1506 5255 pertinere
1531 5225 1549 5252 ,
1570 5176 1744 5258 .quod'
1768 5199 1977 5259 gestum
2007 5197 2108 5253 est,

2217 4560 2339 4628 quia
2371 4561 2670 4635 benignitas
2695 4563 2810 4635 ejus
2835 4602 2851 4627 ,
2897 4565 3023 4635 dum
3067 4560 3196 4635 fiunt
3228 4563 3410 4618 illicita
3446 4578 3544 4633 per
3570 4579 3668 4619 eos
3706 4564 3793 4635 qui

2216 4638 2346 4700 sunt
2370 4631 2691 4700 interpretes
2719 4633 3031 4699 placationis
3048 4674 3062 4695 ,
3096 4632 3399 4687 offenditur.

2291 4698 2372 4753 \‘l.
2421 4699 2485 4753 lit
2507 4698 2682 4755 autem
2711 4698 2885 4757 omnia
2903 4703 3189 4757 secundum
3210 4706 3320 4757 haec
3346 4719 3463 4772 quae
3483 4705 3792 4772 scripsimus

2216 4771 2569 4836 corrigantur,
2605 4782 2895 4840 praesentes
2944 4775 3145 4826 litteras
3183 4771 3412 4840 Trajano
3460 4771 3789 4829 subdiacono

2217 4850 2401 4913 nostro
2418 4844 2689 4913 _ve.niente
2739 4844 3046 4898 direximus.
3076 4845 3228 4908 Quod
3259 4846 3301 4898 si
3329 4843 3554 4898 Irenaeus
3586 4848 3791 4913 episco-

2215 4925 2313 4979 pus
2333 4910 2396 4962 ad
2417 4911 2705 4966 Ecclesiam
2729 4928 2900 4976 suam,
2925 4914 3169 4981 deposito
3194 4915 3544 4981 improbitatis
3567 4910 3785 4981 ambitu,

2215 4981 2391 5034 redire
2438 4982 2752 5050 neglexerit,
2805 4983 2943 5052 quod
2973 4985 3021 5038 ei
3054 4999 3158 5038 non
3182 4984 3402 5053 judicio,
3426 4986 3518 5039 sed
3543 4986 3788 5039 humani-

2218 5054 2715 5131 talepncstabitur,
2747 5056 3125 5135 retttoietttlttm
3156 5070 3213 5108 se
3240 5056 3316 5135 _ab
3338 5055 3631 5135 episcopali
3649 5072 3787 5135 con-

2214 5121 2380 5191 sortio
2416 5136 2534 5191 esse
2563 5132 2870 5190 cogno~cat.
2923 5122 3051 5176 Data
3092 5139 3143 5177 ιιι
3174 5124 3275 5179 cal.
3326 5121 3597 5191 Januarii,
3647 5125 3788 5179 East.

2217 5190 2321 5245 lico
2349 5200 2403 5244 et
2427 5190 2792 5247 Herminerico
2820 5208 2907 5248 vv.
2938 5208 3015 5249 cc.
3049 5209 3227 5249 conss.
3260 5194 3392 5265 (An.
3424 5190 3617 5249 Christi
3639 5194 3784 5263 465.)

536 5300 3773 5346 ..._____________________________________________

1622 5400 1978 5464 DECRE'I‘A
2029 5401 2396 5465 SIMPLICII
2441 5405 2533 5464 ΡΑ
2548 5404 2664 5465 PIE

525 5586 640 5719 adii.
686 5588 991 5660 Simplicius
1031 5593 1315 5667 episcopus
1353 5594 1549 5654 Joanni
1598 5600 1851 5673 episcopo
1894 5552 2106 5656 [inven-

597 5731 654 5789 Si
686 5730 804 5801 quis
833 5740 974 5789 esset
1002 5733 1219 5823 intuitus
1249 5737 1627 5799 ecclesiastica:
1667 5737 1958 5809 disciplina:
1977 5782 1993 5806 ,
2027 5742 2107 5797 vel

2215 5605 2260 5658 si
2311 5605 2438 5674 quid
2476 5605 2617 5682 apud
2657 5615 2743 5682 _te_
2767 5607 3116 5664 sacerdotalis
3160 5610 3436 5675 modestia:
3481 5619 3782 5682 teneretur,

2215 5677 2808 5754 nunquamplectibiles
2845 5690 3280 5754 perpetrarentur
3305 5696 3578 5751 excesws,
3609 5700 3639 5738 a
3667 5677 3780 5754 qui;

2214 5743 2313 5801 bus
2341 5743 2387 5802 Si
2416 5743 2562 5803 nullo
2592 5756 2645 5804 te
2667 5743 3013 5816 paternarum
3041 5751 3343 5822 regularum
3370 5768 3421 5825 pi
3443 5743 3583 5810 teras
3616 5743 3781 5833 conti-
