4092 6348
276 290 373 347 3!!

1274 294 1652 353 COLLECTIO
1688 294 1733 352 Π
1770 295 2234 355 DECRETORUM
2274 298 2378 355 PP.
2421 300 2541 355 RR.

3436 306 3545 364 3‘22

273 422 408 489 nere
432 414 720 489 praecepto,
748 407 1167 489 saltem_sanct:e
1195 410 1468 489 memoria:
1496 410 1853 489 prteclecesso-
1880 414 1925 471 Α
1956 411 2083 479 quid
2114 419 2236 489 post
2266 402 2740 489 transgressionem
2769 421 2982 469 maneat
3007 424 3402 489 contumacem,
3428 418 3544 488 ipse

271 479 349 534 ris
378 477 452 532 tui
485 477 661 537 fueras
686 479 1018 535 revocandos
1040 479 1309 546 exemplo,
1337 483 1426 547 qui
1458 477 1585 547 cum~
1610 478 1853 535 faciendo

271 549 647 619 presbyterum
679 550 851 603 minus
880 550 1189 617 deliquisset
1217 551 1439 604 invitum
1466 590 1481 614 ,
1508 558 1750 619 senserat
1775 558 1857 603 ta-

272 609 398 689 inen
427 609 644 684 dignum
675 634 771 687 pro
811 620 900 673 tali
942 609 1288 689 usurpatione
1312 609 1586 685 judicium.
1626 616 1723 673 Ubi
1756 620 1855 674 ista

272 687 551 759 didicisti,
596 704 716 759 qua:
763 689 815 743 in
866 687 1085 743 fratrem
1113 699 1169 745 et
1204 690 1579 759 coepi-cepum
1611 696 1855 743 nostrum

271 757 628 827 Gregoiium,
662 775 766 813 non
796 759 1058 814 electione
1083 802 1099 826 ,
1128 761 1220 816 sed
1252 757 1467 813 invidia
1495 760 1857 827 perpetrasti'!

270 844 437 896 quem
469 828 817 899 inexcusabili
845 829 1098 884 violentia
1125 828 1358 899 pertrahi
1389 828 1455 883 ad
1485 838 1537 882 te
1566 844 1754 898 passus
1775 844 1854 891 es,

274 907 441 966 atque
483 898 685 960 vexari,
720 907 778 952 ut
805 900 852 953 ei
884 898 1142 955 honorem
1191 908 1395 953 tantmn
1428 913 1533 952 non
1566 914 1662 967 per
1690 899 1856 953 animi

276 968 720 1035 tranquillitatem
744 1006 760 1030 .
792 970 883 1021 sed
912 984 1008 1037 per
1034 972 1320 1023 amentiam
1347 1006 1364 1035 ,
1405 968 1545 1022 sicut
1572 969 1856 1022 dicendum

273 1046 384 1104 est,
414 1039 699 1105 irrogares.
749 1037 931 1106 Neque
969 1042 1108 1094 enim
1142 1040 1266 1093 talia
1297 1038 1599 1107 potuissent
1628 1038 1737 1093 lteri
1767 1053 1858 1092 sa-

273 1108 447 1162 nitate
475 1107 712 1173 consilii;
745 1109 989 1163 nolmnus
1009 1123 1331 1176 exaggerare
1353 1108 1494 1176 quod
1521 1116 1728 1174 gestum
1754 1115 1856 1170 est,

272 1195 347 1250 _ne
376 1192 632 1247 cogamur
655 1177 925 1250 judicare,
956 1180 1099 1248 quod
1126 1181 1340 1250 ilignum
1377 1186 1459 1232 est
1490 1193 1665 1250 :_nam_
1690 1178 1857 1250 privi—

270 1246 473 1316 legium
506 1258 740 1317 meretur
768 1246 1015 1302 amittere
1057 1250 1147 1317 qui
1188 1246 1452 1317 permissa
1492 1246 1591 1300 sibi
1621 1247 1858 1301 abutitur

270 1328 561 1389 potestate.
608 1316 713 1372 Sed
760 1334 861 1372 una
915 1335 1013 1372 nos
1058 1316 1205 1373 ratio
1244 1318 1371 1389 facit
1413 1332 1529 1372 esse
1577 1318 1858 1389 sententiae

272 1386 536 1443 inollioris
560 1426 576 1452 ,
614 1402 773 1454 quam
826 1389 1107 1441 maluimus
1149 1399 1201 1444 te
1247 1388 1410 1441 fratre
1448 1395 1504 1441 et
1531 1386 1855 1455 coepiscopo

271 1469 464 1511 nostro
512 1455 760 1521 Projecto
801 1456 1069 1513 referente
1108 1472 1433 1525 cognoscere
1460 1498 1475 1519 ,
1520 1473 1625 1509 non
1661 1457 1859 1510 nostris

271 1528 471 1583 litteris
500 1538 720 1596 propter
756 1529 1100 1597 Opprobrium
1140 1528 1433 1597 publicare.
1467 1526 1601 1597 Nam
1626 1526 1857 1579 scanda-

271 1598 417 1658 lum,
449 1597 601 1662 cujus
641 1596 843 1652 auctor
870 1596 1211 1665 agnosreris,
1249 1599 1317 1651 ita
1350 1596 1646 1665 moderatio
1677 1606 1856 1649 nostra

271 1668 626 1736 compescuit,
656 1678 712 1722 ut
735 1667 898 1722 frater
912 1664 977 1722 et
997 1670 1346 1737 i-oepiscopus
1374 1682 1522 1737 Inicus
1544 1664 1856 1737 Gregorius,

271 1752 435 1806 quem
466 1753 573 1791 non
604 1747 912 1807 provectum
942 1736 1154 1792 constat
1180 1754 1320 1797 esse.
1348 1736 1443 1791 sed
1474 1736 1855 1807 pulsuni,rnul-

272 1804 381 1861 lam
408 1804 645 1873 causam,
676 1810 813 1862 sicut
846 1809 1029 1877 petiit,‘
1052 1816 1227 1863 tecum
1256 1804 1555 1871 habiturus,
1595 1804 1857 1877 Mutinen-

271 1892 390 1933 sem
420 1878 683 1945 gubernet
709 1878 1023 1936 Ecclesiam.
1057 1889 1111 1933 et
1152 1877 1562 1932 contubernium
1593 1876 1853 1943 spiritale,

273 1948 418 2017 quod
449 1948 625 2001 sortiri
658 1964 762 2001 non
790 1950 1072 2017 oportebat
1100 1948 1339 2011 invitum,
1374 1964 1477 2000 non
1510 1954 1719 2017 recuset
1745 1960 1860 1997 ani-

275 2015 460 2088 plecti,
484 2020 568 2073 cui
594 2019 639 2072 si
667 2018 793 2088 quid
818 2015 1013 2086 negotii
1040 2019 1259 2073 forsitan
1290 2015 1588 2088 emerserit,
1616 2023 1858 2088 nostrum

276 2084 345 2141 ab
375 2103 463 2149 eo,
483 2090 564 2143 vel
586 2084 771 2157 contra
790 2084 911 2143 eum
933 2097 1144 2157 petatur
1165 2103 1411 2157 examen.
1434 2084 1855 2157 Necessitatibus

275 2159 439 2212 etiam
455 2156 827 2226 quasfaciente
842 2168 893 2211 te
914 2151 1251 2227 compellitur
1262 2156 1544 2227 sustinere,
1566 2155 1664 2207 hac
1677 2151 1863 2207 deﬁni-

277 2229 426 2283 tione
453 2227 813 2294 consulemus,
839 2236 896 2281 ut
924 2226 1104 2282 refuso
1118 2227 1335 2296 pacilio,
1352 2226 1491 2296 quo_:l
1508 2233 1857 2296 antepannum

276 2299 379 2353 sibi
409 2298 587 2352 datum
603 2314 722 2353 esse
748 2294 1155 2359 commemorat,
1174 2306 1337 2363 atque
1366 2294 1736 2349 adEcclesiam
1754 2294 1858 2363 lla-

278 2378 566 2423 vennatem
589 2384 827 2430 reverso,
849 2368 1116 2437 possessio
1147 2369 1198 2422 in
1224 2362 1549 2421 Bononiensi
1566 2364 1644 2437 50_
1663 2362 1859 2437 solido-

280 2454 400 2493 rum
416 2438 718 2492 reildituum
743 2433 1032 2493 hherorum
1044 2439 1157 2492 sine
1179 2437 1509 2491 dubitatione
1533 2433 1792 2498 tradatur,
1808 2433 1859 2486 in

279 2508 419 2563 diem
450 2509 659 2563 scilicet
680 2510 800 2562 vita:
822 2508 956 2575 ejus,
980 2509 1128 2562 salvo
1152 2507 1490 2575 proprietatis
1510 2504 1629 2570 jure
1654 2502 1863 2556 Raven-

279 2580 420 2633 natis
449 2576 716 2652 Ecclesize,
747 2578 814 2632 ad
843 2593 1002 2652 quam
1032 2588 1150 2647 post
1182 2577 1414 2652 pncdicti
1445 2575 1648 2628 obitum
1682 2587 1859 2652 rever-

278 2656 441 2703 tetur.
474 2647 628 2715 Quod
657 2650 703 2703 si
726 2665 833 2702 non
864 2647 1022 2703 fuerit
1051 2649 1248 2703 nostris
1278 2647 1504 2715 paritum
1535 2647 1859 2707 constitutis,

1955 481 2260 556 per-pendis.
2314 482 2699 556 Denumiamus
2743 486 3161 556 a_utein,_iquo«l
3214 487 3257 541 si
3312 481 3543 556 posthac

1957 552 2244 621 quidquam
2278 553 2386 605 tale
2413 553 2833 627 pnesmnpseris,
2866 563 2923 627 et
2935 552 3176 627 aliquem
3206 572 3299 627 seu
3316 552 3543 627 episco-

1958 637 2124 690 pum,
2172 636 2266 675 seu
2297 622 2708 690 presbyterum,
2761 638 2854 677 seu
2894 624 3177 678 diaconum
3210 622 3430 680 invitum
3464 626 3543 681 fa-

1958 706 2085 744 ecre
2116 690 2254 745 forte
2298 690 2588 745 credideris
2616 731 2632 755 ,
2683 691 3049 749 ordinationes
3089 694 3181 748 tioi
3216 694 3543 752 Ravennatis

1960 758 2213 814 Ecclesiae
2238 802 2253 827 ,
2297 760 2383 813 vel
2411 758 2741 815 Aimilieusis
2774 764 2985 819 noveris
3021 763 3361 820 auferendas.
3406 766 3539 822 Data

1960 844 2016 883 ιιι
2034 830 2157 906 cal;
2170 828 2318 906 _Jun_i_i
2336 871 2361 906 ._
2380 829 2639 906 Severino
2666 846 2719 883 v.
2748 835 3137 906 c_.__cons.»(An_.
3171 832 3539 906 Chrisidljl.)

2030 899 2092 954 ll.
2127 900 2430 980 Simplicius
2458 900 2741 969 episcopus
2770 900 3064 967 Florentio,
3095 900 3327 973 Equitio,
3358 914 3411 959 et
3439 899 3541 961 Se;

1959 985 2090 1023 vero
2120 985 2407 1037 episcopis.

2032 1038 2245 1112 Relatio
2275 1055 2371 1112 nos
2409 1050 2598 1112 vestrae
2628 1040 2933 1112 dilectionis
2961 1039 3240 1112 instruxit,
3273 1052 3328 1099 et
3353 1053 3536 1112 gesto-

1960 1124 2075 1176 rum
2103 1110 2271 1164 series
2296 1109 2504 1176 plenius
2531 1111 2797 1165 intimarit
2823 1108 3180 1165 Gaudentium
3221 1108 3542 1170 Auliniensis

1959 1175 2213 1232 Ecclesia:
2261 1175 2597 1235 sacerdotem
2645 1190 2833 1235 contra
2879 1189 3077 1234 statuta
3125 1197 3425 1246 canonum,
3474 1200 3540 1239 ac

1961 1259 2141 1301 nostra
2192 1259 2455 1319 praecepta
2500 1251 2888 1319 ordinationes
2917 1250 3127 1304 illicitas
3179 1263 3539 1319 perpetrasse,

1959 1332 2185 1385 quarmn
2224 1317 2297 1391 illi
2324 1328 2502 1391 totam
2541 1322 2754 1389 penitus
2794 1318 2991 1391 auferri
3023 1317 3357 1390 prmcipimus
3386 1331 3541 1391 pole‘

1959 1398 2173 1441 statem.
2220 1388 2544 1453 Si-ripsimus
2591 1390 2732 1444 enim
2789 1390 2855 1443 ad
2914 1388 3436 1445 Severum'fratrein
3485 1399 3541 1449 et

1960 1458 2338 1527 coepiscopum
2387 1468 2625 1512 nostrum
2653 1502 2667 1525 ,
2711 1468 2767 1513 et
2795 1461 2838 1513 si
2870 1475 3091 1514 necesse
3120 1459 3307 1523 fuerit,
3346 1462 3459 1527 ipse
3487 1462 3541 1517 in

1960 1542 2118 1596 supra
2133 1528 2271 1580 dit-ta
2295 1526 2553 1591 Ecclesia,
2575 1530 2927 1583 consideratis
2950 1528 3165 1581 Patrum
3194 1526 3410 1596 regulis,
3435 1530 3540 1586 hoc

1962 1594 2213 1661 fungatur
2240 1598 2449 1656 ollicio,
2481 1614 2587 1665 quo
2619 1599 2706 1651 ille
2736 1599 2931 1653 abusus
2959 1614 3076 1652 e-se
3105 1594 3381 1654 convictus
3410 1611 3489 1655 est
3522 1619 3535 1655 :

1963 1666 2032 1737 ita
2069 1675 2124 1719 ιιι
2155 1668 2205 1719 lii
2234 1684 2323 1735 qui
2357 1667 2537 1720 illicite
2567 1668 2634 1721 ab
2665 1672 2851 1722 eodem
2893 1676 3020 1722 sunt
3057 1674 3317 1737 provecti,
3348 1674 3416 1723 ab
3448 1686 3540 1725 ec-

1961 1736 2275 1791 clesiasticis
2305 1738 2615 1791 ministeriis
2651 1739 2761 1791 sint
2803 1741 3014 1792 remoti.
3063 1736 3235 1791 Simul
3275 1740 3433 1792 etiam
3474 1740 3540 1795 de

1964 1807 2258 1859 relditihus
2289 1805 2573 1868 Ecclesize,
2612 1810 2694 1862 vel
2724 1809 2995 1861 oblatione
3027 1806 3257 1861 fidelium
3288 1810 3413 1876 quid
3444 1812 3540 1863 de-

1967 1884 2087 1944 ceat
2115 1876 2372 1929 nescienti
2406 1876 2532 1929 nihil
2566 1878 2727 1929 licere
2757 1879 3071 1944 promittat,
3117 1877 3211 1930 sed
3242 1879 3355 1931 sola
3397 1879 3443 1932 ei
3476 1895 3540 1939 ex

1967 1943 2049 1997 his
2075 1955 2264 2013 quarta
2304 1947 2479 2014 portio
2527 1943 2830 2000 remittatur
2862 1965 2873 1998 :
2904 1946 3021 2000 dum
3050 1947 3429 2002 ecclesiasticis
3462 1949 3540 2000 l'a-

1968 2015 2125 2087 hricis
2153 2016 2531 2087 etcrogationi
2562 2017 2963 2085 peregrinorum
3012 2025 3065 2070 et
3095 2032 3386 2087 pauperum
3418 2032 3542 2086 pro-

1965 2085 2154 2137 futura:
2184 2084 2249 2137 ab
2278 2085 2490 2150 Onagro
2521 2084 2831 2155 presbytero
2874 2087 2972 2139 sub
3012 2084 3253 2153 pericufo
3282 2086 3363 2141 sui
3394 2084 3541 2140 ordi-

1968 2158 2047 2225 nis
2076 2154 2443 2208 ministrentur
2475 2173 2487 2207 :
2521 2154 2702 2209 nltima
2737 2156 2876 2209 inter
2903 2171 2961 2209 se
2990 2155 3197 2210 clericis
3234 2171 3331 2225 pro
3359 2157 3541 2223 singu~

1966 2224 2139 2277 lorum
2163 2225 2368 2279 meritis
2387 2226 2671 2280 dividatur.
2707 2227 2773 2279 At
2799 2242 2926 2280 vero
2956 2224 3245 2280 ministeria
3275 2225 3541 2290 Ecclesiae,

1963 2308 2080 2361 quae
2118 2295 2371 2365 alienata
2426 2296 2822 2364 comperimus,
2882 2311 3135 2364 reparare
3192 2307 3542 2365 prmsumpto:

1967 2364 2201 2431 praedicti
2248 2363 2425 2419 fratris
2473 2363 2829 2433 ειιιίιιμρΙΙιιιυι*
2875 2366 3146 2429 instantia,
3182 2363 3267 2419 cui
3298 2363 3457 2418 etiam
3490 2367 3541 2420 in

1967 2434 2419 2505 hoc‘specialiter
2463 2437 2809 2505 praecepimus
2858 2436 3157 2497 immineri,
3191 2445 3246 2488 ut
3289 2444 3397 2488 tres
3430 2435 3542 2491 illas

1968 2503 2242 2575 portiones
2266 2545 2282 2570 ,
2311 2521 2443 2572 quas
2466 2503 2581 2575 iper
2620 2504 2905 2559 triennium
2944 2506 3140 2559 dicitur
3175 2504 3273 2575 sibi
3298 2512 3542 2575 tantum-

1969 2574 2129 2629 modo
2171 2573 2508 2637 vindicasse,
2552 2578 2822 2628 restituat.
2867 2575 2985 2628 Dat.
3018 2591 3110 2628 xm
3145 2574 3251 2627 cal.
3296 2573 3540 2632 Decemb.

1969 2652 2090 2713 post
2117 2646 2453 2699 consulatum
2487 2644 2679 2699 Leonis
2708 2644 2949 2712 Augusti.
2984 2645 3102 2713 (An.
3129 2643 3319 2697 Christi
3346 2641 3494 2701 475.)

1394 2827 1759 2890 DECRETA
1811 2826 2112 2886 FELICIS
2162 2829 2405 2888 PAPJE.

589 3045 828 3108 (Synodus
847 3043 1075 3094 Romana.
1100 3042 1193 3092 An.
1212 3041 1387 3089 Christi
1413 3037 1550 3101 487.)

355 3136 540 3192 Flavio
564 3101 751 3194 Boeth
780 3156 830 3192 v.
864 3154 913 3194 c.
931 3152 1078 3192 cons.
1104 3135 1213 3191 Sub
1234 3135 1319 3187 die
1348 3149 1404 3187 ιιι
1432 3133 1503 3186 id.
1523 3130 1854 3191 Martiarum,
1887 3101 1932 3164 (ἶ

282 3206 336 3262 in
368 3208 587 3262 basilica
614 3206 1086 3264 Constantiniana.
1118 3206 1385 3261 residente
1416 3201 1707 3257 venerabili
1749 3201 1866 3253 viro

283 3292 425 3349 papa
456 3277 659 3345 Felice,
688 3294 790 3332 una
820 3295 940 3333 cum

359 3366 602 3422 Candido
632 3369 932 3434 Tiburtino,

358 3435 645 3493 Paschasio
673 3438 1051 3493 tientumccllze

355 3506 573 3577 Equitio
594 3509 917 3572 Matellicati,

358 3577 662 3649 Epiphanio
684 3578 903 3648 Spellati
920 3619 935 3640 ,

360 3649 632 3704 Herennio
666 3649 971 3715 Portuensi,

359 3719 586 3787 Agnello
608 3718 875 3783 Telesino,

367 3787 587 3843 Urbano
609 3789 873 3852 Fulginati
891 3828 906 3852 ,

357 3857 681 3913 Martiniano
712 3857 1056 3920 Phormiano,

358 3928 652 3985 Cresconio
683 3929 997 3991 Tudertino,

358 3998 558 4054 Basilio
580 3999 946 4062 Tollentinati,

357 4068 678 4125 Constantio
711 4069 961 4136 Aquinati

358 4137 607 4209 Philippo
629 4138 796 4193 Numa
807 4140 939 4200 nati,

361 4207 515 4263 Bono
542 4207 794 4272 Ostiensi,

358 4277 677 4335 Constantio
699 4279 955 4345 Tribeati,

360 4348 716 4405 Constantino
744 4350 1033 4417 Capuano,

358 4418 562 4476 Severo
590 4420 871 4483 Cassinati,

355 4489 617 4545 Martiano
647 4490 900 4547 Amerino
915 4534 931 4559 ,

358 4560 611 4615 Herculio
642 4559 972 4627 Utriculano,

355 4630 590 4684 Maxuno
618 4630 869 4699 Blerano,

355 4699 673 4770 Projectitio
697 4700 1071 4770 Tarquinensi,

351 4769 643 4823 Maximino
665 4769 1015 4839 Ferentiensi,

355 4839 534 4895 Felice
562 4840 870 4905 Anteatino,

354 4908 537 4964 Felice
557 4910 858 4978 Anagnino,

356 4980 572 5033 Audrea
601 4978 871 5046 Gavinati,

352 5048 623 5121 Gypriano
648 5050 1008 5121 Nomentano,

352 5118 529 5174 Vitale
560 5119 837 5187 Fundano,

351 5188 671 5245 Constantio
699 5188 939 5252 Sutrino,

349 5258 653 5315 Gaudentio
682 5258 1106 5329 Foroclodiensi,

352 5328 566 5385 Asterie
595 5329 974 5398 Foronovano,
1036 5329 1043 5338 ’

352 5398 859 5456 Victore.......

353 5467 577 5525 Rustico
606 5477 661 5524 et
688 5467 937 5526 Pardalio
968 5470 1131 5536 Afris,

352 5535 514 5607 Fetro
533 5539 965 5607 Subaugustano,
1111 5535 1121 5566 ‘

349 5605 517 5676 Basso
545 5605 895 5676 Ferentinati,

349 5674 663 5747 innocentio
691 5674 975 5747 Hibanati,

349 5745 591 5818 Benigno
620 5745 990 5816 Aquvivensi

2043 3013 2205 3067 Decio
2235 3014 2415 3067 Trium
2447 3015 2811 3083 tabernarum,

2041 3083 2333 3137 Athanasio
2367 3085 2675 3150 Albanensi,

2043 3150 2205 3207 Petro
2235 3152 2476 3215 Lorensi,

2042 3221 2372 3277 felicissimo
2397 3224 2718 3279 Sabiniensi.

2043 3293 2317 3347 Bonifacio
2351 3293 2645 3355 Veliterno,

2044 3361 2270 3417 Romulo
2296 3363 2624 3419 Przcnestino
2639 3402 2655 3429 ,

2041 3432 2269 3500 Donato,
2296 3435 2564 3506 episcopis
2595 3451 2609 3499 ;

2520 3542 2585 3599 Et
2613 3545 2939 3618 presbyteris
2964 3564 2979 3601 :

2039 3638 2279 3705 Rustico,
2841 3639 3095 3707 Firmino,

2038 3709 2352 3780 Laurentio,
2843 3711 3156 3769 Vincomalo
3168 3750 3186 3778 ,

2036 3780 2245 3833 Cassio.
2838 3779 3020 3833 Petro.

2036 3780 2245 3847 Cassio,
2838 3779 3020 3846 Petro,

2035 3848 2314 3919 Januario,
2838 3849 3120 3917 Martiano,

2036 3918 2261 3988 Lepido,
2300 3918 2307 3919 ί
2837 3919 3129 3989 Maxentio,

2037 3989 2273 4043 Asterio.
2838 3988 3019 4043 Petro.

2037 4000 2273 4054 Asterio,
2838 4000 3019 4056 Petro,

2036 4060 2363 4133 filexandro,
2837 4059 3159 4133 Bedempto,

2035 4126 2347 4194 Laurentio,
2833 4126 3050 4197 Jovino,

2035 4198 2313 4264 Servodei,
2838 4197 3023 4267 Petro,

2040 4265 2221 4336 [’etro,
2835 4266 3068 4336 Iuliano,

2035 4335 2219 4404 Petro,
2837 4337 3079 4405 Valente,

2036 4405 2268 4475 Sorano,
2842 4406 3147 4476 Valentino,

2036 4476 2247 4532 Asteria
2261 4518 2277 4532 .
2836 4479 3040 4532 Asello.

2035 4488 2247 4537 Asterio
2261 4518 2277 4543 ,
2836 4488 3040 4545 Aseuo,

2036 4551 2349 4621 Smaragdo,
2836 4547 3139 4621 lionifacio,

2035 4621 2152 4677 Pas'
2174 4619 2346 4685 basio,
2835 4619 3042 4685 Felice,

2037 4691 2318 4757 Fulgentio
2332 4732 2347 4755 ,
2832 4688 3076 4757 Callisto,

2034 4762 2318 4835 Valentino
2336 4801 2352 4828 ,
2834 4760 3180 4835 Sebastiano,

2034 4832 2269 4896 Andrea,
2834 4828 3016 4898 Petro,

2036 4902 2303 4967 Romano,
2835 4898 3085 4966 Domino,

2034 4970 2274 5041 Castino,
2835 4967 3133 5041 Simplicio,

2034 5040 2328 5097 Laurentio
2347 5080 2364 5109 ,
2836 5039 3089 5109 Canusio,

2033 5109 2239 5178 Leone,
2350 5108 2353 5109 ⁷
2835 5108 3102 5182 Eugenio,

2035 5181 2329 5237 Gordiano.
2839 5177 3020 5237 Petro.

2035 5181 2329 5245 Gordiano,
2839 5181 3020 5248 Petro,
3090 5181 3093 5182 ⁷

2036 5250 2361 5333 Epiphanio,
2834 5248 3157 5334 Epiphanio,

2032 5320 2261 5375 Justtno.
2835 5319 3013 5375 Felice
3026 5362 3042 5375 .

2033 5319 2261 5385 Jtistino,
2835 5319 3013 5375 Felice
3026 5362 3042 5383 ,

2033 5390 2362 5461 Proiectitio,
2835 5388 3147 5461 poriifacio,‘

2034 5457 2357 5542 Epiphanio,
2836 5457 3069 5542 ﬁcum“.

2036 5526 2315 5614 Servando
2332 5526 2351 5598 ,
2834 5526 3165 5614 yargellino,

2039 5600 2256 5667 Urbica,
2837 5597 3080 5665 Paulino,

2039 5667 2219 5737 Petro,
2837 5668 3051 5725 Asteria
3062 5709 3079 5734 ,

2037 5738 2328 5798 Paschasio
2837 5738 3081 5806 Asterie,
