4092 6348
589 360 890 428 Bonilacio,
1390 355 1571 428 Deira,

590 435 765 497 Sixto,
875 424 884 428 ⁷
1392 424 1571 497 Petro.

593 495 870 567 Petronio,
1390 495 1701 567 Laurentio,

594 576 863 638 Ruinauo,
1389 566 1615 638 Joanne,

594 636 934 705 Martiniano,
1391 636 1707 705 Epiphanio,

595 716 839 782 Opilione
855 750 870 775 ,
1393 706 1731 782 Sebastiano,
1764 715 1821 762 et

594 775 834 849 Agatteto
854 817 869 841 ,
1236 848 1239 849 ν
1262 848 1267 849 γ
1392 775 1757 849 Αᾉὺιιιιιὶθᾲιιιιο,

599 847 911 909 AStantibus
955 863 1173 919 quoque
1219 847 1556 910 diaronibus,
1613 847 1761 919 Felix_
1816 848 2101 916 episcopus

530 924 781 981 Ecclesiae
822 917 1101 975 catholicae
1132 920 1277 973 urbis
1305 919 1487 972 Roma'
1506 958 1520 979 ,
1572 917 1868 984 pr:esidens
1896 919 2102 987 synodo

530 998 665 1050 dixit
708 1011 720 1045 :
762 990 1076 1045 Communis
1104 990 1287 1052 dolor,
1320 997 1373 1041 et
1412 986 1676 1055 generalis
1719 994 1805 1041 est
1849 986 2101 1054 gemitus,

530 1064 674 1135 quod
716 1063 854 1115 intra
902 1060 1135 1135 Africam
1181 1058 1543 1135 rebaptizatos
1589 1058 1752 1110 etiam
1799 1060 2099 1135 episcopos,

531 1126 899 1207 presbyteros,
931 1131 1292 1197 diaconosque
1316 1126 1664 1207 cogttbvillltl§
1686 1142 1700 1188 ς
1731 1140 1849 1195 qum
1876 1142 1967 1207 τεᾷ
1989 1128 2106 1207 δίεπε

532 1197 780 1260 dubio'ad
806 1210 994 1255 vestrae
1015 1215 1228 1267 quoque
1251 1197 1493 1266 pervenit
1514 1197 1756 1267 notitiam
1780 1198 2101 1250 sanctitatis.

533 1275 611 1330 De
630 1288 737 1343 quo
757 1271 884 1341 quid
906 1266 1179 1343 observari
1202 1270 1411 1343 debeat,
1439 1266 1689 1343 ordinare
1714 1282 1811 1320 nos
1832 1269 2103 1343 convenit.

534 1338 855 1399 Proinde'nt
880 1340 1155 1393 manifesta
1186 1340 1255 1392 sit
1284 1353 1447 1407 super
1474 1338 1577 1391 hoc
1606 1348 1789 1391 nostra
1813 1339 2102 1399 sententia,

534 1429 655 1484 qua“:
694 1412 845 1484 nobis
885 1418 1013 1465 sunt
1040 1409 1151 1462 visa
1176 1410 1493 1463 recitentur.
1516 1407 1829 1462 Anastasius
1851 1408 2109 1462 diaconus

535 1483 798 1540 l‘t'cittivit.

604 1553 869 1607 Dilectiss.
902 1548 954 1603 in
971 1548 1187 1602 Christo
1219 1547 1345 1602 Jesu
1369 1547 1621 1603 fratribus
1649 1548 1909 1604 universis
1938 1547 2105 1618 episc.

536 1637 635 1695 per
659 1623 901 1695 diversas
931 1622 1231 1695 provincias
1251 1619 1578 1695 constitutis.

604 1692 845 1759 Qualiter
868 1687 1203 1759 in’Al'ricanis
1225 1689 1531 1755 regionibus
1560 1688 1752 1743 astutia
1780 1687 1980 1741 diaboli
2008 1703 2109 1759 szc-g

536 1758 691 1819 vierit
722 1763 772 1815 in
805 1760 1055 1829 populum
1077 1758 1459 1813 Christianum.
1487 1768 1645 1828 atque
1673 1760 1722 1811 in
1748 1760 1797 1812 id
1830 1758 2109 1826 multiplici

537 1834 853 1902 deceptione
872 1832 1193 1902 proruperit,
1219 1837 1274 1881 ιιι
1298 1844 1401 1902 non
1426 1830 1592 1902 modo,
1610 1830 1797 1895 vulgus
1820 1830 2110 1902 incautum,

538 1904 630 1959 sed
662 1899 806 1971 ipsos
827 1915 1040 1966 quoque
1071 1899 1342 1971 inmortis
1372 1899 1639 1971 profunda
1663 1900 1907 1952 merserit
1928 1914 2111 1971 sacer-

539 1968 712 2033 dotes,
736 1971 912 2024 nullus
940 1986 1046 2022 non
1068 1970 1214 2022 orbis
1236 1969 1514 2035 ingemuit,
1534 1968 1675 2021 nulla
1700 1978 1839 2021 terra
1866 1969 2108 2021 nescivit.

543 2042 696 2098 Unde
726 2042 777 2094 in
804 2039 987 2108 grandi
1020 2054 1251 2093 mmrore
1282 2039 1439 2106 positi
1470 2038 1805 2091 dissimulare
1836 2054 1941 2091 non
1992 2054 2116 2106 pos-

541 2127 726 2167 sumus
747 2110 1104 2180 pereuntium,
1126 2117 1286 2176 atque
1308 2124 1336 2161 a
1357 2109 1509 2162 nobis
1532 2108 1912 2175 exigendarum
1936 2107 2116 2161 discri-

542 2197 663 2237 men
711 2179 1008 2234 animarum
1055 2196 1067 2231 :
1100 2186 1429 2247 quapropter
1466 2188 1779 2247 competens
1816 2179 2113 2231 abhibenda

543 2262 626 2307 est
646 2252 840 2305 talibus
871 2248 1081 2302 medela
1110 2249 1447 2311 vulneribus,
1482 2264 1549 2301 ne.
1580 2250 1861 2301 immatura
1894 2248 2116 2301 curandi

544 2322 771 2377 facilitas
800 2318 1072 2373 mortifera
1095 2320 1265 2387 captis
1288 2328 1439 2389 peste
1468 2320 1539 2372 nil
1569 2318 1757 2387 prosit,
1788 2318 1878 2372 sel
1903 2319 2116 2384 segnius

545 2399 773 2448 tractata
804 2389 1068 2459 pernicies
1099 2397 1250 2443 reatu
1280 2405 1385 2441 non
1418 2389 1666 2459 legitimae
1694 2390 1987 2442 curationis
2035 2390 2116 2441 in-

545 2464 728 2517 volvat
757 2458 958 2529 pariter
989 2459 1199 2513 saucios
1230 2468 1284 2512 et
1313 2460 1609 2514 medentes.
1650 2458 1913 2527 Imprimis
1936 2461 2116 2526 itaque

547 2528 812 2587 venientis
840 2528 908 2582 ad
950 2544 1077 2593 vos,
1121 2538 1181 2598 et
1211 2530 1503 2582 remedium
1534 2529 1854 2598 postulantis
1889 2530 2117 2583 sollicite

544 2600 877 2658 discutienda
899 2608 980 2654 est
1008 2597 1288 2668 professio,
1313 2606 1366 2651 et
1397 2597 1625 2668 persona
1655 2598 1886 2668 decepti,
1918 2609 1975 2651 ut
2004 2614 2118 2653 me-

546 2672 666 2727 dela
696 2672 866 2740 possit
906 2683 1206 2736 congruens
1236 2667 1501 2740 exhiberi.
1535 2667 1603 2722 Et
1629 2670 1718 2738 qui
1748 2669 2118 2724 satisfacturus

546 2741 658 2797 Deo
681 2738 778 2811 per
805 2740 1212 2811 pmnitentiam,
1240 2738 1626 2811 rebaptizatum
1669 2756 1727 2811 se
1756 2740 1992 2811 legitime
2014 2740 2118 2811 Vdo-

546 2807 723 2875 luerit,
756 2807 934 2865 utrum
962 2807 1031 2861 ad
1061 2809 1163 2863 hoc
1189 2808 1392 2879 facinus
1420 2809 1746 2879 cucurrerit,
1770 2824 1837 2862 an
1863 2810 2118 2879 impulsus

546 2881 852 2943 accesserit,
884 2878 1207 2948 requiratur.
1237 2878 1425 2932 Sciens
1454 2878 1682 2950 quodse
1708 2881 1941 2947 decipiat
1981 2882 2115 2950 ipse,

546 2951 635 3022 qui
669 2951 821 3022 l'allit,
850 2949 1086 3022 nihilque
1107 2964 1203 3018 per
1223 2948 1805 3022 nostrain‘facilitatem
1836 2948 2118 3005 tribunalis

546 3018 763 3078 excelso
786 3020 986 3089 judicio
1017 3018 1282 3091 derogari,
1315 3020 1398 3073 cui
1428 3019 1517 3073 illa
1550 3029 1674 3074 sunt
1698 3031 1831 3086 rata,
1864 3035 1982 3091 quae
2006 3023 2116 3090 pia,

546 3108 665 3164 qua:
692 3088 840 3168 vera,
873 3105 992 3168 qua}
1015 3088 1161 3168 justa
1188 3098 1345 3168 sunt,
1377 3098 1431 3168 et
1462 3090 1754 3168 necessitas
1773 3131 1788 3157 ,
1830 3088 1984 3145 aliter
2011 3088 2120 3144 tra-
2147 3109 2189 3168 ς

547 3158 743 3218 ctanda
770 3170 853 3215 est
880 3161 1019 3214 ratio
1050 3160 1359 3213 voluntatis.
1383 3158 1628 3214 Deterior
1647 3169 1728 3214 est
1754 3169 1933 3215 autem
1958 3176 2119 3214 causa

547 3232 690 3286 illius
725 3230 815 3299 qui
864 3229 1000 3283 forte
1047 3230 1222 3297 pretio
1262 3229 1580 3299 sollicitatus
1621 3238 1738 3295 est,
1793 3239 1852 3284 ut
1900 3233 2117 3299 periret.

548 3300 689 3355 Nihil
711 3298 853 3353 enim
878 3300 1199 3353 intentatum
1220 3298 1436 3366 reliquit
1459 3298 1725 3365 inimicus,
1748 3302 1833 3354 cui
1851 3298 1918 3355 ne
1939 3302 2006 3354 de
2024 3316 2119 3354 sua

549 3370 708 3425 liceat
734 3368 967 3437 gaudere
988 3376 1229 3437 captura,
1254 3368 1673 3424 succurrendum
1695 3378 1775 3424 est
1803 3371 2044 3437 irretitis,
2070 3379 2124 3424 et

550 3439 907 3496 conterendus
936 3440 1182 3492 vernantis
1210 3448 1293 3493 est
1320 3439 1575 3507 laqueus,
1619 3448 1678 3493 ut
1707 3441 1758 3493 in
1793 3438 2010 3507 fugatim
2041 3441 2120 3493 la-

550 3509 912 3565 mentantibus
935 3508 1139 3579 lapsum
1172 3517 1278 3563 tam
1298 3508 1515 3577 justitize
1546 3510 1934 3574 moderatione,
1961 3525 2121 3579 quam

550 3580 966 3650 compunctione
995 3578 1218 3650 pietatis
1252 3580 1318 3633 ad
1345 3581 1550 3650 aulam,
1582 3596 1741 3648 quam
1772 3578 2120 3647 reliquerant,

553 3652 625 3706 sit
649 3648 939 3717 regressus,
976 3664 1077 3703 nec
1117 3648 1314 3717 pudeat
1352 3648 1552 3710 forsan,
1594 3659 1686 3703 aut
1712 3650 1888 3718 pigeat
1914 3651 2124 3705 indictis

552 3720 871 3791 ieiuniorum
913 3719 1316 3791 gemituumque
1350 3720 1689 3791 temporibus
1740 3721 1987 3785 obedire,
2031 3730 2123 3773 aut

553 3788 673 3845 aliis
702 3790 1053 3844 observantia:
1081 3788 1393 3843 salubrioris
1421 3789 1796 3858 obtemperare
1825 3793 2121 3859 praeceptis,

553 3861 678 3946 quia
704 3859 990 3946 humilibus
1011 3860 1169 3946 datur
1190 3860 1383 3946 gratia,
1409 3874 1518 3946 non
1535 3861 1781 3946 superbis
1798 3861 2009 3946 (Jacobi
2027 3864 2121 3943 iv).

553 3929 635 4000 Sit
663 3945 792 3998 ergo
820 3930 988 4000 ruina:
1034 3944 1145 4000 sure
1171 3929 1358 3983 dolore
1404 3936 1732 3998 prostratus,
1786 3929 2027 4000 quisquis
2071 3929 2123 3985 in

554 3999 768 4055 Christo
816 3998 930 4053 ﬁeri
972 3999 1165 4068 quatrit
1192 4008 1430 4065 erectus,
1474 4007 1529 4053 et
1577 4015 1674 4068 per
1714 3998 2127 4069 dispensationis

553 4079 755 4125 nostra;
783 4070 1193 4141 ministeriuin_r(
1216 4069 1358 4141 quod
1405 4079 1636 4123 vestram
1683 4072 1833 4141 sequi
1875 4075 2127 4126 convenit

553 4141 871 4214 charitatern
894 4179 909 4201 ,
954 4154 1060 4214 nec
1104 4137 1390 4214 alicui_l'as
1415 4140 1608 4214 estgvel
1639 4137 1803 4206 velle,
1855 4142 1939 4196 vel
1968 4158 2126 4214 posse

553 4207 971 4281 transcendere)
1024 4225 1214 4269 causas
1243 4210 1392 4276 ejus,
1435 4210 1525 4281 qui
1563 4219 1753 4264 contra
1779 4207 2126 4281 apostolicam

552 4281 849 4336 doctrinam
872 4278 940 4333 ad
970 4280 1305 4350 iterationem
1328 4295 1387 4334 se
1411 4280 1568 4350 nimis
1594 4278 2130 4350 infausti-baptisma-

552 4352 621 4406 tis
649 4352 871 4415 dedidit,
902 4349 986 4404 vel
1025 4349 1159 4416 ejus,
1191 4349 1280 4416 qui
1311 4349 1574 4418 aliquibus
1603 4349 1933 4418 argumentis
1959 4367 2125 4405 excu-

552 4421 775 4475 sandum
806 4420 998 4474 callide
1025 4420 1300 4487 propriam
1332 4422 1600 4485 putaverit
1636 4435 1755 4472 e~se
1783 4436 2123 4487 consensum,

553 4491 873 4544 sacerdotali
922 4478 1222 4552 vigore'et
1269 4478 1597 4542 humanitate
1626 4498 1947 4550 tractemus,
1990 4499 2047 4543 ut
2074 4478 2123 4543 in
2160 4478 2202 4533 Ι)

555 4560 634 4613 eis
660 4560 788 4613 lides
819 4558 973 4626 (qua:
1002 4558 1100 4610 nisi
1131 4565 1214 4610 cst
1242 4573 1364 4616 una,
1392 4557 1502 4624 jam
1534 4559 1676 4610 nulla
1708 4564 1830 4626 est)
1862 4559 2127 4627 adjutorio

556 4628 763 4683 Domini
791 4627 1004 4695 judicis,
1037 4627 1102 4679 ad
1123 4627 1349 4679 salutem
1372 4631 1487 4680 sine
1518 4636 1714 4681 nostra:
1737 4632 2128 4696 pr0perati0nis

556 4698 853 4754 olfensione
876 4704 1189 4766 reparetur,
1236 4698 1358 4765 quia
1398 4712 1519 4751 cum
1550 4700 1852 4764 peccatoris
1896 4714 1924 4749 a
1972 4701 2127 4754 nobis

556 4768 852 4823 satisfactio
882 4766 1244 4836 protrahitur,
1290 4781 1397 4836 non
1428 4774 1623 4835 prmter
1654 4779 1889 4821 nostram
1919 4769 2127 4823 laudem

556 4850 716 4907 atque
744 4835 985 4907 hetitiam
1016 4851 1168 4889 mens
1196 4835 1310 4907 ejus
1338 4835 1405 4889 ad
1434 4838 1643 4889 veniam
1677 4839 1952 4906 purgatior
1974 4841 2125 4893 inve-

555 4904 717 4962 nitur.
744 4904 810 4961 Et
841 4908 960 4961 ideo
989 4906 1338 4977 memineritis
1360 4908 1496 4960 hanc
1524 4904 1789 4977 superbis
1812 4923 1907 4961 nos
1930 4909 2126 4965 habere

554 4981 895 5040 sententiam,
930 4986 989 5031 ut
1016 4986 1227 5031 servata
1258 4976 1580 5031 discretione
1594 4976 1965 5046 peccantium,
2017 4996 2125 5035 non

554 5049 743 5102 eadem
772 5050 968 5109 cuncti,
1001 5048 1091 5115 qui
1137 5046 1266 5114 lapsi
1294 5057 1436 5109 sunt,
1468 5048 1619 5102 lance
1651 5059 1967 5117 pensentur,
1991 5064 2127 5117 quo-

557 5120 698 5172 niam
728 5122 948 5185 majoris
989 5117 1357 5183 castigationis
1394 5128 1475 5171 est
1504 5119 1797 5185 exigendus
1827 5134 2006 5185 usura,
2042 5122 2125 5174 cui

554 5188 748 5243 domus
771 5188 977 5242 Domini
998 5188 1293 5257 commissa
1319 5186 1475 5240 fuerit
1500 5188 1797 5257 disciplina.

630 5258 696 5312 Ut
717 5274 844 5328 ergo
873 5260 939 5312 ab
971 5256 1224 5311 Ecclesim
1251 5256 1645 5311 summitatibus
1673 5262 2003 5321 inchoemus,
2032 5275 2127 5316 eos

555 5344 690 5397 quos
716 5331 1019 5398 episcopus,
1044 5331 1402 5399 presbyteros,
1430 5332 1510 5381 vel
1533 5329 1788 5382 diaconos
1816 5328 1976 5382 fuisse
1996 5348 2125 5385 cnn-

553 5401 770 5459 stiterit,
795 5410 849 5453 et
877 5416 971 5454 seu
1002 5408 1250 5466 optantes
1276 5400 1518 5462 l'ursitan,
1556 5415 1649 5452 seu
1674 5411 1894 5453 coactos
1923 5400 2121 5455 lavacri

557 5468 704 5522 illius
734 5471 875 5523 ttnici
928 5470 1286 5536 salutarisque
1315 5470 1569 5522 claruerit
1600 5468 1791 5523 fecisse
1830 5470 2117 5535 jacturam,

553 5548 609 5594 et
637 5538 929 5607 Christum,
975 5554 1136 5606 quem
1166 5555 1273 5592 non
1301 5540 1472 5593 solum
1505 5540 1648 5592 dono
1677 5540 2117 5606 regenerationis,

552 5626 741 5667 verum
797 5611 959 5664 etiam
1014 5610 1185 5677 gratia
1242 5608 1477 5678 percepti
1531 5609 1752 5663 honoris
1818 5609 2116 5677 induerant,

552 5681 785 5744 exuisse,
817 5696 938 5735 cum
965 5687 1176 5734 constet
1201 5681 1465 5734 neminem
1496 5678 1561 5731 ad
1590 5678 1879 5732 secundam
1910 5680 2127 5734 tinctio-

552 5768 677 5808 ncm
706 5751 889 5805 venire
913 5748 1185 5817 potuisse,
1221 5748 1319 5803 nisi
1348 5763 1406 5804 sc
1435 5749 1611 5815 palam
1642 5747 2001 5805 Christianum
2032 5764 2126 5806 nc-

1360 238 1699 298 APPENDIX
1738 242 1828 296 AD
1866 236 2389 313 COLl.ECTlONEM
2430 236 2913 294 DIONYSIANAM.

3680 234 3805 289 ὃΞῖ

2122 362 2173 421 Α
2201 355 2440 421 gaverit,
2490 362 2546 407 et
2598 351 2869 422 professus
2920 350 3079 405 fuerit
3125 363 3246 405 esse
3282 364 3571 420 paganum.
3630 349 3814 417 Quod

2201 440 2322 478 cum
2351 424 2678 491 generaliter
2705 424 2775 477 sit
2802 424 2854 475 in
2885 423 3132 476 omnibus
3158 425 3567 486 exsecrandum,
3613 424 3813 476 multo

2200 496 2369 561 magis
2401 494 2453 547 in
2483 495 2787 561 episcopis,
2828 494 3154 563 presbyteris
3177 501 3231 545 et
3260 492 3573 546 diaconibus
3602 492 3817 545 auditu

2200 568 2390 649 saltent
2438 566 2689 631 dictuque
2705 566 2971 649 ‘i‘irpbatur
2990 564 3337 649 horrendum.
3360 564 3467 617 Sed
3493 578 3615 631 qura
3640 563 3813 615 idem

2200 634 2460 687 Dominus
2500 644 2661 700 atque
2705 633 2951 686 Salvator
2978 633 3424 686 clementissimus
3452 643 3552 696 est,
3602 644 3656 687 et
3696 648 3815 686 ne-

2202 707 2402 757 minem
2432 706 2543 757 vult
2574 707 2770 771 perire,
2806 719 2972 769 usque
3006 705 3069 755 ad
3100 713 3279 756 exutus
3304 705 3383 756 sui
3408 706 3546 756 diem
3577 704 3626 755 in
3673 720 3815 771 pw-

2204 776 2510 841 nitentiam,
2540 776 2581 827 si
2615 775 2955 841 resipiscunt.
2983 774 3166 841 jacere
3195 776 3500 834 conveniet,
3537 789 3633 827 nec
3663 788 3815 826 ora—

2203 845 2336 897 tioni
2370 860 2475 897 non
2500 845 2659 897 modo
2695 845 2933 897 lidelmm
2960 885 2975 907 ,
3024 844 3117 897 sed
3148 859 3247 897 nec
3276 845 3815 897 cateclnnnenorum

2203 914 2419 981 quidem
2441 915 2764 967 omnimodis
2792 916 3070 977 interesse,
3095 914 3288 981 quibus
3310 915 3616 967 communio
3647 914 3813 966 laica

2207 985 2259 1037 in
2291 992 2463 1037 morte
2493 983 2822 1037 redhibeuda
2851 991 2952 1045 est,
3002 998 3165 1051 quam
3204 999 3316 1037 rem
3349 984 3652 1047 diligentius
3690 998 3813 1036 ex-

2206 1054 2418 1123 plorare
2450 1054 2536 1107 vel
2584 1056 2761 1107 lacere
2792 1054 3153 1123 probatissimi
3182 1054 3482 1107 sacerdotis
3535 1070 3663 1107 cura
3703 1057 3815 1106 dc-

2206 1126 2374 1179 bebit.

2280 1195 2356 1247 De
2384 1193 2594 1247 clericis
2637 1200 2813 1246 autem
2833 1232 2846 1255 ,
2898 1202 2954 1247 et
2997 1194 3294 1255 monachis,
3323 1202 3415 1246 aut
3448 1193 3635 1260 puellis
3664 1192 3811 1250 Dei,

2210 1273 2301 1317 aut
2329 1264 2704 1329 saacularibus,
2747 1266 2953 1318 servari
2981 1266 3316 1332 pnecipimus
3347 1265 3485 1316 hunc
3515 1272 3806 1321 tenorem.

2209 1349 2370 1401 quem
2410 1334 2620 1386 Nicena
2651 1334 2889 1402 synodus
2918 1337 3060 1387 circa
3098 1350 3194 1387 eos
3222 1336 3310 1400 qui
3345 1335 3475 1402 lapsi
3505 1343 3647 1395 sunt,
3709 1334 3812 1385 vel

2210 1406 2438 1466 fuerint,
2488 1402 2811 1456 servandum
2844 1419 2963 1458 esse
2988 1405 3294 1465 constituit,
3349 1415 3407 1456 ut
3448 1404 3656 1457 scilicet
3700 1404 3811 1469 qui

2212 1475 2356 1528 nulla
2399 1474 2747 1535 necessitate,
2783 1474 2978 1528 nullius
3009 1476 3083 1527 rei
3115 1475 3310 1527 timore
3342 1483 3501 1543 atque
3541 1475 3811 1541 periculo

2213 1560 2273 1598 se
2302 1553 2360 1596 ut
2387 1545 2849 1611 rebaptizarentur
2876 1546 3137 1598 hmreticis
3168 1546 3331 1611 impie
3357 1544 3705 1604 dediderunt,
3758 1543 3811 1597 si

2215 1623 2395 1668 tamen
2424 1629 2520 1667 eos
2549 1629 2617 1666 ex
2646 1614 2810 1667 corde
2838 1616 3113 1683 pmniteat,
3150 1615 3319 1667 tribus
3348 1616 3501 1666 annis
3529 1616 3667 1667 inter
3696 1628 3812 1666 ειυς

2216 1686 2425 1739 dientes
2469 1686 2613 1747 sint,
2665 1692 2872 1752 septem
2917 1701 3043 1737 vero
3088 1685 3242 1739 annis
3288 1684 3602 1753 subjaceant
3651 1686 3809 1753 inter

2141 1740 2189 1799 Β
2216 1756 2539 1825 ρωιιίιθιιιεε
2584 1740 2827 1825 manibus
2858 1755 3234 1817 sacerdotum,
3284 1740 3492 1807 duo'bus
3531 1756 3690 1806 etiam
3730 1752 3809 1807 ad

2216 1824 2519 1879 oblationes
2549 1824 2724 1877 modis
2752 1826 3000 1877 omnibus
3029 1841 3133 1878 non
3152 1826 3415 1889 sinantnr,
3440 1826 3529 1877 sed
3555 1834 3809 1877 tanturn-

2213 1895 2375 1948 modo
2399 1895 2745 1963 pOpularibus
2766 1896 2816 1948 in
2846 1897 3091 1948 oratione
3120 1899 3412 1961 sociemur,
3438 1910 3536 1948 nec
3560 1901 3807 1947 ρολιΙωι-

2214 1966 2372 2019 datur
2404 1965 2511 2017 Deo
2534 1965 2669 2017 colla
2700 1966 3035 2029 submittere,
3066 1967 3155 2034 qui
3186 1980 3307 2018 eunt
3337 1981 3445 2017 non
3477 1968 3659 2018 timuit
3696 1967 3809 2017 ab-

2214 2050 2431 2102 negare.
2483 2034 2636 2100 Quod
2685 2035 2770 2100 si,
2824 2045 2879 2088 ut
2923 2047 3047 2104 pote
3094 2035 3389 2099 mortales,
3435 2038 3572 2087 intra
3626 2044 3811 2088 metas

2215 2107 2511 2175 praescripti
2543 2107 2798 2174 temporis
2826 2108 3051 2173 coeperit
3080 2108 3200 2159 vita:
3239 2108 3357 2159 linis
3398 2120 3616 2172 urgere,
3669 2105 3809 2158 sub.

2216 2177 2538 2229 veniemlum
2570 2184 2652 2229 est
2688 2176 3026 2245 imploranti,
3076 2185 3131 2229 et
3156 2191 3252 2229 seu
3283 2178 3350 2229 ab
3381 2179 3654 2244 episcopo,
3701 2176 3809 2241 qni

2215 2248 2586 2316 pcenitentiam
2618 2245 2842 2309 dederit,
2874 2261 2969 2300 seu
3013 2248 3078 2299 ab
3118 2247 3252 2305 alio,
3286 2248 3373 2315 qni
3405 2255 3579 2299 tamen
3612 2245 3806 2298 datam

2218 2331 2336 2370 esse
2366 2316 2703 2387 probaverit,
2750 2326 2842 2370 aut
2872 2317 3119 2371 similiter
3148 2318 3493 2387 presbytero,
3543 2316 3805 2370 viaticum

2220 2387 2438 2439 abeunti
2469 2386 2535 2440 de
2566 2388 2763 2440 sarculo
2785 2402 2892 2439 non
2926 2396 3164 2454 negetur.

2289 2454 2476 2509 Pueris
2507 2465 2685 2510 autem
2709 2498 2723 2522 ,
2759 2460 2970 2525 quibus,
3018 2456 3162 2525 quod
3194 2457 3367 2510 adhuc
3391 2457 3623 2510 investes
3652 2464 3806 2518 sunt,

2219 2540 2249 2579 a
2280 2534 2563 2594 pubertate
2592 2529 2911 2581 vocabulum
2940 2536 3053 2590 est,
3086 2543 3180 2580 seu
3211 2528 3450 2590 clericis,
3498 2541 3592 2580 seu
3624 2527 3805 2593 laicis,

2218 2606 2309 2651 aut
2342 2596 2504 2650 etiam
2531 2598 2796 2653 similibus
2816 2598 3024 2669 puellis,
3058 2599 3250 2665 quibus
3278 2598 3581 2669 ignorantia
3608 2598 3807 2669 suifra-

2219 2676 2377 2734 gatnr
2403 2671 2598 2731 aetatis,
2641 2666 2948 2736 aliquandiu
2980 2669 3078 2721 sub
3105 2684 3298 2723 manus
3324 2668 3672 2736 impositione
3698 2666 3806 2720 de-

2221 2739 2402 2800 tentis,
2451 2736 2725 2791 redJenda
2756 2740 3064 2793 communio
3094 2747 3195 2801 est,
3241 2753 3340 2792 nec
3373 2754 3560 2790 eorum
3606 2752 3805 2803 exspe-

2220 2808 2412 2878 ctanda
2428 2809 2915 2877 pmnitentia,quos
2937 2810 3136 2878 excipit
3157 2824 3186 2861 a
3208 2808 3537 2861 coercitione
3550 2823 3802 2869 censura,

2220 2877 2367 2947 quod
2396 2888 2479 2931 est
2511 2893 2540 2930 a
2584 2880 2737 2933 nobis
2764 2879 2982 2948 provide
3011 2877 3382 2939 constitutum,
3430 2894 3497 2931 ne
3525 2878 3582 2930 hi
3614 2879 3806 2944 quibus

2221 2949 2274 3001 in
2301 2948 2500 3003 terreni
2527 2948 2647 3004 labe
2672 2950 2903 3014 coatagii
2927 2949 3045 3018 plus
3070 2951 3309 3003 minusve
3330 2956 3499 3002 restat
3526 2948 3592 3000 ad
3616 2948 3806 3011 vitam,

2224 3018 2348 3073 dum
2373 3019 2550 3089 adhuc
2574 3020 2623 3071 in
2656 3017 2967 3089 poenitentia
2990 3030 3130 3083 sunt,
3164 3020 3468 3089 pmnitenda
3493 3017 3629 3071 forte
3658 3033 3806 3070 coin-

2222 3092 2459 3159 mittant.
2486 3086 2713 3154 Quodsi
2744 3101 2869 3144 ante
2884 3086 3198 3159 pnelinitum
3230 3090 3560 3157 pmnitentim
3590 3095 3807 3154 tempus

2222 3158 2506 3239 despectus
2535 3175 2565 3213 a
2609 3159 2851 3239 medicis,
2884 3158 2976 3213 aut
3014 3161 3350 3239 evidentibus
3378 3160 3565 3239 mortis
3590 3172 3807 3237 pressus

2222 3228 2450 3290 indiciis,
2493 3238 2708 3297 recepta
2738 3232 3015 3298 quisquam
3045 3230 3437 3284 communionis
3472 3229 3645 3298 gratia
3676 3244 3805 3281 con-

2227 3300 2469 3361 Valescit,
2496 3313 2772 3353 servemus
2803 3300 2856 3353 in
2885 3316 2949 3353 eo
2979 3301 3121 3368 quod
3160 3299 3360 3353 Niczeni
3390 3312 3630 3353 canones
3655 3298 3803 3368 ordi-

2224 3378 2419 3421 narunt
2445 3409 2458 3435 ,
2505 3379 2561 3421 ut
2605 3369 2865 3423 habeatur
2895 3367 3033 3423 inter
3059 3371 3179 3424 illos
3207 3370 3299 3438 qui
3330 3370 3381 3422 in
3416 3369 3668 3423 oratione
3692 3367 3803 3421 sola

2223 3438 2646 3509 communicant,
2669 3442 2843 3495 donec
2869 3440 3156 3509 impleatur
3180 3440 3414 3509 spatium
3445 3440 3708 3507 temporis
3728 3440 3804 3490 ei-

2223 3508 2345 3562 dem
2370 3514 2748 3577 praestitutum.

2296 3578 2404 3632 Nec
2429 3582 2842 3635 catechumenos
2862 3590 3095 3645 nostros,
3119 3581 3210 3651 qui
3234 3581 3333 3635 sub
3360 3578 3450 3633 tali
3472 3578 3802 3651 professione

2225 3649 2480 3720 baptizati
2509 3658 2653 3713 sunt,
2688 3654 3041 3719 praeterimus,
3073 3649 3197 3720 quia
3220 3667 3326 3705 non
3353 3660 3437 3704 est
3466 3665 3628 3720 causa
3651 3650 3802 3720 dissi-

2225 3718 2366 3774 milis
2413 3721 2584 3791 (sicut
2614 3718 2773 3774 iidem
2820 3724 2988 3775 sancti
3019 3718 3254 3775 eanones
3283 3720 3601 3776 ordinarunt
3619 3719 3661 3791 )_
3689 3718 3804 3785 ejus

2224 3792 2316 3859 qui
2345 3787 2587 3858 quolibet
2626 3792 2785 3845 modo
2816 3792 3115 3855 Christum,
3147 3807 3307 3861 quem
3336 3791 3505 3844 semel
3529 3787 3803 3861 confessus

2226 3869 2329 3925 est,
2379 3862 2659 3931 abjurarit,
2704 3862 2874 3915 tribus
2902 3863 3056 3915 annis
3085 3860 3227 3915 inter
3249 3862 3530 3915 audientes
3558 3860 3667 3913 sint
3688 3898 3704 3923 ,
3754 3870 3804 3913 et

2225 3939 2415 4000 postea
2455 3947 2577 3985 cum
2618 3931 3020 3985 catechumenis
3061 3932 3444 4001 permittantur
3471 3944 3628 3984 orare
3651 3969 3669 3993 ,
3704 3943 3798 4001 per

2227 3999 2420 4055 manus
2445 4002 2837 4071 impositionem
2859 3999 3253 4056 communionis
3269 4001 3550 4055 catholica:
3573 3999 3802 4071 gratiam

2228 4070 2527 4140 recepturi.
2586 4070 2838 4140 Exceptis
2888 4087 3018 4126 sane
3084 4071 3460 4125 tantummodo
3514 4070 3803 4139 episcopis,

2228 4087 2518 4195 recepturi.
2586 4087 2838 4140 Lxcepns
2888 4087 3018 4126 sane
3084 4087 3460 4125 tantummouo
3514 4087 3803 4139 episcopis,

2226 4157 2352 4211 pres
2392 4143 2577 4213 yteris,
2600 4142 2931 4213 diaconibus,
2955 4143 3148 4213 quibus
3171 4142 3288 4196 solo
3315 4141 3506 4195 mortis
3531 4154 3644 4194 sua:
3671 4148 3805 4213 tem-

2228 4209 2362 4281 pore
2391 4209 2846 4266 reconciliandum
2877 4209 2997 4266 esse
3025 4212 3133 4280 jam
3162 4213 3411 4273 diximus,
3442 4209 3805 4281 ceterossive

2229 4280 2485 4347 clericos,
2535 4283 2649 4336 sive
2679 4283 2970 4336 monachos
2996 4283 3082 4336 vel
3111 4282 3438 4344 monachas,
3483 4295 3580 4334 seu
3621 4280 3806 4345 laicos,

2230 4367 2391 4405 sexus
2415 4353 2691 4423 utriusque
2734 4368 3012 4420 personas,
3036 4368 3173 4423 quo;
3193 4354 3449 4406 violentia
3473 4358 3530 4405 et
3557 4350 3807 4423 periculis

2230 4431 2451 4475 coactos
2480 4422 2819 4475 iterationem
2856 4421 3192 4491 baptismatis
3219 4424 3448 4477 subiisse
3486 4421 3802 4477 constiterit.

2229 4492 2313 4544 vel
2347 4492 2436 4557 qui
2468 4492 2647 4559 aliquo
2691 4504 2998 4547 commento
3028 4494 3250 4559 hujusce
3292 4492 3546 4546 fieinoris
3586 4492 3807 4558 piaculis

2230 4561 2465 4633 dixerint
2493 4577 2597 4615 non
2629 4565 2820 4623 teneri,
2856 4563 2906 4616 in
2938 4564 3249 4633 poenitentia
3274 4578 3371 4629 per
3393 4562 3688 4633 triennium
3712 4560 3807 4613 duo

2230 4646 2349 4703 rare
2378 4630 2751 4697 decernimus,
2784 4642 2838 4686 et
2866 4630 2961 4703 per
2990 4649 3177 4703 manus
3204 4634 3602 4701 impositionem
3626 4631 3692 4683 ad
3716 4645 3804 4683 so-

2229 4700 2479 4772 cietatem
2522 4704 2685 4772 recipi
2730 4700 3075 4757 sacramenti.
3132 4702 3226 4756 lllo
3272 4700 3370 4771 per
3408 4716 3587 4754 omnia
3628 4708 3808 4753 custo-

2229 4771 2379 4835 dito,
2440 4788 2506 4825 ne
2554 4771 2761 4841 exibis
2810 4789 3041 4841 unquam
3090 4775 3181 4840 qui
3223 4774 3274 4826 in
3324 4772 3563 4841 qualibet
3613 4779 3805 4829 aetate,

2229 4841 2353 4894 alibi
2409 4857 2569 4909 quam
2627 4844 2677 4895 in
2734 4840 2971 4896 Eccleéia
3026 4843 3290 4897 catholica
3342 4840 3443 4893 aut
3496 4841 3805 4907 iubaptizati

2230 4921 2323 4964 aut
2372 4913 2744 4980 inrebaptizati
2788 4922 2931 4977 sunt,
2976 4914 3040 4966 ad
3089 4912 3511 4967 ecclesiasticam
3563 4910 3805 4962 militiam

2228 4996 2449 5049 prorsus
2496 4985 2871 5051 permittantur
2925 4982 3222 5047 accedere,
3271 4983 3465 5049 quibus
3518 4982 3651 5034 satis
3692 4993 3809 5032 esse

2227 5052 2427 5114 debet,
2485 5052 2631 5119 quod
2678 5055 2728 5106 in
2779 5054 3164 5108 catholicorum
3221 5065 3499 5105 numerum
3556 5058 3682 5103 sunt
3725 5063 3808 5101 re-

2227 5123 2387 5190 cepti,
2438 5124 2689 5190 quoniam
2732 5124 2798 5177 de
2840 5140 2939 5178 suo
2966 5126 3152 5177 ordine
3180 5132 3234 5177 et
3256 5120 3637 5175 communione
3667 5120 3714 5171 vi
3738 5122 3809 5171 ie-

2226 5191 2371 5244 bitur
2400 5190 2537 5245 ferre
2573 5192 2860 5261 judicium,
2910 5194 3149 5263 quisquis
3196 5194 3300 5246 hoc
3344 5190 3627 5243 violaverit
3673 5190 3811 5263 antiv

2228 5266 2450 5323 stilum,
2502 5259 2585 5315 vel
2617 5264 2708 5329 qui
2751 5259 2855 5316 non
2902 5259 3193 5317 rerno’verit
3236 5278 3357 5315 eum
3406 5275 3566 5328 quem
3614 5274 3680 5312 ex
3729 5259 3808 5312 his

2229 5330 2294 5382 ad
2362 5332 2715 5386 ministerium
2780 5334 3031 5387 clericale
3099 5333 3403 5400 Obrepsisse
3469 5329 3803 5396 cognoverit.

2227 5400 2532 5454 Curandum
2564 5418 2692 5455 vero
2723 5406 2974 5463 maxime,
3002 5413 3057 5457 et
3084 5404 3229 5457 omni
3258 5400 3466 5456 cautela
3509 5408 3594 5454 est
3624 5400 3808 5469 provi-

2227 5471 2479 5535 dendum,
2510 5488 2577 5526 ne
2604 5474 2723 5540 quis
2746 5475 2967 5526 fratrum
2996 5475 3547 5541 coepiscopormnque
3587 5478 3807 5524 nostro-

2228 5557 2347 5595 rum
2371 5582 2386 5605 ,
2419 5549 2513 5595 aut
2551 5544 2710 5596 etiam
2753 5546 3186 5612 presbyterorum
3243 5546 3295 5597 in
3342 5542 3561 5595 alterius
3588 5540 3809 5595 civitate

2229 5613 2315 5665 vel
2342 5613 2561 5666 dimcesi
2586 5611 2966 5681 pmnitentem,
3017 5611 3102 5666 vel
3131 5613 3230 5667 sub
3262 5627 3420 5666 manu
3449 5614 3682 5681 positum
3719 5624 3808 5663 sa-

2232 5683 2484 5746 cerdotis,
2517 5694 2609 5737 aut
2648 5697 2771 5737 eum
2798 5684 2888 5751 qui
2918 5683 3317 5737 reconciliatum
3348 5696 3470 5736 esse
3499 5696 3559 5735 se
3586 5682 3785 5751 dixerit

2231 5752 2346 5811 sine
2374 5754 2613 5819 episcopi
2652 5752 2737 5810 vel
2764 5753 3067 5821 presbyteri
3107 5753 3412 5809 testimonio
3435 5792 3450 5819 ,
3501 5759 3557 5813 et
3587 5750 3783 5806 litteris
