2046 3174
113 183 169 213 5‘29

151 239 311 272 Fortunato,
555 237 743 274 Proculeiano,

152 274 300 309 Stephano,
554 273 697 309 Martiano,

154 308 285 341 Mentore,
555 308 655 343 Felice,

153 344 321 378 Innocentio,
555 344 722 380 Innocentio,

152 380 347 414 Maximiliano,
557 379 698 413 Gerontio,

154 415 295 452 Martyrio.
556 415 698 452 Severino,

154 451 308 484 Vindemio,
557 451 651 486 Casto,

155 486 284 526 Puleitio,
557 487 701 526 grcstone,

155 521 297 554 servodei,
560 522 712 556 Valentino,

154 556 256 590 Felice,
560 557 679 590 Victore,

156 592 342 627 Chrysogono,
558 592 708 625 Adeodato,

156 627 284 661 Maximo,
557 627 683 660 Eusebio,

158 662 287 695 Tigridio,
558 663 701 696 Venantio,

157 697 315 731 Pacatiano,
560 697 661 732 Probo,

156 733 270 766 Joanne,
560 732 704 767 Mercurio,

157 768 272 802 Sereno,
562 769 683 801 Asteria,

158 803 323 837 Laurentio;
560 803 690 838 Augusto,

159 838 293 871 Candido,
563 837 686 873 Rustico,

158 874 189 901 ΕΙ
194 874 276 908 pidio,
561 873 671 907 Basilio,

160 907 264 941 Hilaro,
564 907 643 942 Urso,

161 944 330 979 Innocentio,
563 942 655 979 Petro,

161 979 260 1011 Vitale,
563 978 721 1010 Laurentio.

160 1014 322 1048 Venerioso,
564 1014 664 1047 Asello,

163 1050 268 1082 Siluno,
566 1050 730 1084 Concordio,

162 1085 330 1120 Propinquo,
567 1085 679 1118 Amado,

161 1119 296 1153 Romano,
565 1119 736 1155 Martiniano,

162 1156 303 1189 Bassiano,
568 1154 735 1189 Projectitio,

163 1190 303 1223 Rufentio,
569 1190 707 1224 Sallustio,

161 1225 311 1262 Stephano,
569 1231 596 1252 et
612 1226 758 1254 Florentio.

294 1270 484 1300 Residentibus
497 1270 579 1300 etiam
596 1272 778 1309 presbyteris:

162 1319 329 1354 Projectitio,
569 1318 726 1346 Fortunato.

166 1353 307 1385 Servodci,
570 1354 665 1382 Tinulo
679 1355 720 1382 vel
731 1353 884 1387 Maximino,

164 1391 344 1424 Abundantio,
570 1389 693 1423 Martino,

165 1425 303 1457 Marcello,
569 1424 726 1459 Epiphanio,

166 1460 322 1494 Pascltasio,
568 1460 717 1494 Vicomalo,

166 1497 315 1528 Adeodato,
570 1495 719 1528 Agathone,

167 1531 269 1563 Hilaro,
569 1531 686 1564 Juliano,

166 1567 311 1600 Venantio,
569 1565 681 1597 Joanne,

168 1601 270 1629 Litorio
286 1601 506 1637 etChrysogono,
570 1601 718 1637 Adcodato,

168 1637 328 1669 Fortunato,
379 1636 382 1637 ⁷
571 1636 661 1669 Petro,

169 1671 331 1706 Epiphanio,
570 1672 740 1706 Sebastiano,

170 1707 327 1742 Octaviano,
570 1708 722 1741 Anastasio,

168 1741 291 1773 Paulino,
570 1742 685 1774 Juliano,

170 1777 326 1811 Benedicto,
571 1778 771 1812 Crescentiano,

169 1813 281 1846 Severo,
572 1812 693 1843 Paulino.

169 1848 322 1882 Timotheo,
572 1847 728 1882 Laurentio,

169 1883 272 1917 Marco,
571 1883 718 1917 Stephano,

169 1918 262 1949 Petro,
570 1917 766 1954 Chrysogono,‘

171 1963 327 1999 Astantibus
350 1971 457 1999 quoque
478 1964 651 1995 diaconibus,
678 1965 829 1997 Anastasio,
856 1964 925 1991 llor-

134 1998 350 2035 misda,.|oaniie,
361 1998 390 2026 et
400 2000 530 2035 Agapeto.
543 2000 718 2035 Symmachus
724 2001 865 2034 cpiscopus
873 2000 923 2027 Ec—

134 2035 224 2063 clesiae
237 2034 379 2062 catholicae
391 2034 464 2062 urbis
477 2034 570 2062 Romae
584 2035 651 2061 dixit
664 2044 670 2061 ε
695 2035 714 2060 l.
731 2035 802 2062 Bene
817 2035 924 2069 quidem

135 2070 288 2098 fraternitas
319 2075 407 2097 vestra
439 2070 628 2098 ecclesiasticis
661 2070 763 2103 legibus
797 2071 925 2097 obsecuta

135 2106 184 2133 sub
204 2105 286 2132 divini
309 2106 403 2132 timore
415 2106 507 2140 judicii
522 2114 581 2139 quin
601 2109 677 2132 erant
692 2106 842 2137 statuenda,
860 2105 926 2131 deli-

135 2142 213 2174 nivit,
237 2145 265 2167 et
288 2139 322 2166 ad
335 2141 444 2174 justitiic
468 2142 603 2168 cumulum
619 2141 749 2175 pervenit,
776 2140 837 2166 dum
853 2140 926 2167 sulli-

135 2177 238 2203 cienter
254 2175 375 2202 universa
390 2177 587 2210 complectitur,
600 2183 648 2202 nec
662 2175 812 2209 adjectionc
826 2176 925 2208 indiget

134 2210 284 2246 plenitudo,
310 2211 425 2237 maxime
448 2211 482 2237 de
497 2212 610 2241 clericis,
633 2218 699 2246 quos
715 2218 790 2236 amor
804 2211 926 2237 domina-

136 2245 219 2273 tionis
236 2246 342 2277 invasit,
368 2251 395 2273 et
407 2246 500 2280 juguni
516 2246 664 2280 disciplimc
678 2245 870 2272 Ecclesiaslictc
885 2246 925 2272 fe—'

136 2283 174 2309 cit
196 2288 334 2315 respuere,
359 2289 426 2315 quos
450 2286 590 2316 propterea
615 2282 729 2307 schisma
745 2281 838 2308 fecisse
854 2281 925 2315 apud

593 178 781 213 COLLECTIO
799 183 821 213 ll
840 178 1074 214 DECRETORUM
1102 185 1156 214 PP.
1176 183 1236 214 RR.

1701 185 1753 216 350

922 243 947 272 Α
962 247 1044 278 agens
1064 240 1146 278 etiam
1166 240 1240 278 vices
1258 239 1500 278 prmcellentissimi
1523 242 1593 276 regis
1612 241 1753 278 Odoacris,

962 275 1078 313 Basilius
1090 274 1158 313 dixit
1170 283 1177 301 :
1199 274 1357 313 Quanquam
1370 276 1452 313 studii
1468 274 1566 312 nostri,
1580 283 1608 305 et
1618 274 1754 313 religionis

963 310 1079 350 intersit,
1102 314 1131 337 ut
1146 310 1361 350 incepis‘copatus
1372 312 1505 339 electione
1518 310 1662 350 concordia
1668 310 1752 350 'prin-

963 345 1087 382 cripaliter
1096 348 1218 382 servetur
1232 345 1367 382 Ecclesiae,
1383 355 1416 374 ne
1429 354 1477 382 per
1497 349 1666 376 occasionem
1677 345 1755 378 "sedi-

963 381 1045 408 tionis
1054 384 1142 416 status
1152 381 1268 416 civitatis
1281 385 1392 408 vocetur
1414 381 1442 409 in
1457 382 1576 416 dubium,
1602 388 1693 412 tamen
1708 386 1755 413 ad-

963 415 1141 455 monitionem
1162 415 1308 455 beatissimi
1331 417 1382 455 viri
1399 425 1493 455 Apapte»
1504 419 1588 455 nostri
1612 418 1754 455 Simplicii,

964 458 1045 488 quam
1060 451 1231 488 ante‘oculos
1243 458 1350 488 semper
1363 451 1463 488 habere
1477 453 1617 488 debemus,
1637 451 1690 483 hoc
1704 451 1755 484 no;

964 485 1006 513 bis
1021 485 1181 524 meministis
1193 486 1242 513 sub
1255 485 1439 524 obtestatione
1451 488 1532 524 fuisse
1543 485 1708 524 mandatum,
1727 495 1757 518 ut

965 524 1077 555 propter
1091 520 1166 548 illum
1179 521 1331 556 strepitum,
1347 526 1375 549 et
1388 523 1550 551 venerabilis
1565 523 1692 552 Ecclesiae
1701 520 1756 553 ’ἀθ-

965 556 1132 594 trimentum,
1157 556 1180 583 si
1195 564 1256 583 eum
1276 556 1315 594 de»
1323 557 1373 594 hac
1396 557 1456 585 luce
1468 559 1582 594 transire
1602 560 1755 594 contigerit,

965 597 1021 628 non
1038 591 1109 628 sine_
1116 595 1214 628 nostra
1223 592 1421 628 consultatione
1437 593 1580 628 cujuslibet
1602 591 1757 623 celebretur

965 626 1073 664 electio:
1088 625 1320 664 Et_cum_leg_eret,
1334 625 1495 656 Cresconius
1508 629 1651 664 episcopus
1664 631 1758 658 civita-

965 661 1000 697 tis
1015 660 1170 697 Tudertinaa
1190 660 1331 694 Ecclesiae,
1354 670 1466 697 surgens
1489 671 1505 691 e
1520 660 1650 692 consessu
1665 665 1734 693 dixit
1748 674 1755 692 :

966 695 1176 735 Hic_perpen_dat
1188 701 1281 735 sancta
1305 695 1431 735 synodus,
1449 699 1487 726 uti
1498 700 1684 734 prastermissis
1697 708 1759 735 per-

966 731 1040 767 sonis
1049 731 1196 767 religiosis,
1224 731 1327 767 quibus
1335 734 1451 761 maxime
1474 731 1539 762 cura
1560 740 1602 762 est
1623 735 1657 762 de
1680 731 1756 764 tanto

966 765 1115 801 pontifice,
1140 767 1166 793 in
1192 765 1267 794 suam
1296 768 1450 804 redigerent
1473 773 1645 804 potestatem.
1679 770 1759 804 Quod

966 805 1062 829 contra
1076 809 1195 829 canones
1209 810 1270 830 esse
1282 804 1452 831 manifestum
1467 808 1518 832 est.
1534 805 1600 832 ltem
1614 804 1758 833 Hormisda

967 836 1184 875 diaconustegjt.
1203 836 1249 875 _Ne_
1258 837 1323 872 quid
1339 838 1516 875 confusionis,
1530 844 1611 874 atque
1625 840 1760 875 dispendii

967 871 1129 910 venerabilis
1147 871 1436 910 Ecclesiaisustineret,
1452 871 1580 902 miramur
1593 871 1758 910 prtetérmis-

967 906 1005 934 sis
1016 907 1095 934 nobis
1116 906 1263 942 quidquam
1277 907 1359 936 fuisse
1374 913 1515 941 tentatum,
1541 906 1602 937 cuni
1617 911 1760 939 sacerdote

970 946 1064 979 nostro
1072 942 1223 979 superstite
1245 942 1311 970 nihil
1325 943 1461 971 debuisset
1484 952 1633 973 assumere.
1656 946 1758 979 Quare,

969 976 1176 1017 si_amplittidini
1190 981 1297 1017 vestras,
1313 978 1356 1017 vel
1374 980 1516 1017 sanctitati
1524 980 1625 1017 placet,
1651 976 1760 1017 ticam;

969 1012 1024 1051 mia
1034 1012 1134 1051 omnia,
1146 1019 1206 1051 qua:
1220 1012 1337 1051 adfuturi
1351 1014 1479 1041 antistitis
1493 1012 1652 1043 electionem
1673 1016 1761 1051 respi-

970 1047 1211 1086 ciunt,“rcligiosa_
1226 1048 1385 1076 oneratione
1407 1056 1560 1086 servemus,
1579 1051 1649 1078 hanc
1672 1047 1760 1086 legem

970 1081 1124 1122 specialiter
1142 1081 1323 1122 praeferentes,
1333 1118 1339 1122 _
1350 1091 1430 1122 quam
1450 1085 1532 1122 nobis
1548 1081 1760 1122 'hzeredibus'que

945 1122 949 1127 '
970 1117 1071 1144 nostris
1085 1116 1244 1144 Christiana:
1258 1116 1511 1147 mentis'devotione
1524 1121 1668 1148 sancimus.

1006 1151 1046 1192 _Ne
1058 1159 1174 1186 unquam
1187 1152 1389 1192 pricdium,_seu
1403 1155 1543 1192 rusticum,
1558 1163 1605 1192 seu
1616 1157 1760 1192 urbanum,

970 1187 1014 1215 vel
1037 1191 1206 1227 ornamenta,
1233 1192 1280 1215 aut
1302 1189 1455 1227 ministeria
1473 1187 1653 1227 Ecclesiarum
1665 1211 1682 1227 ,ν
1697 1187 1760 1227 (μιεὲ

971 1229 1044 1259 nunc
1058 1226 1131 1259 sunt,
1156 1223 1199 1250 vel
1214 1230 1273 1257 quas
1287 1231 1320 1251 ex
1331 1225 1494 1259 quibuslibet
1516 1226 1597 1253 titulis
1616 1227 1648 1254 ad
1664 1223 1760 1255 Eccle-

971 1257 1072 1294 siarum
1083 1257 1143 1292 jura
1157 1257 1384 1294 pervenerinu'ab
1396 1267 1429 1287 eo
1444 1261 1489 1294 qui
1503 1268 1574 1289 nunc
1587 1262 1698 1290 antistes
1710 1263 1761 1291 sub

973 1293 1109 1331 electione
1123 1293 1258 1331 communi
1273 1293 1352 1322 fuerit
1369 1293 1543 1328 ordinandus,
1559 1301 1585 1324 et
1597 1296 1648 1324 illis
1662 1297 1708 1331 qui
1720 1298 1762 1326 fu-

972 1329 1041 1355 turis
1053 1328 1158 1366 saeculis
1167 1333 1323 1366 sequentur,
1333 1338 1493 1365 quocunque
1507 1332 1584 1359 titulo
1596 1328 1677 1366 atque
1686 1341 1762 1361 com-

971 1367 1065 1402 mento
1080 1363 1483 1402 ali_enare_vo_luerit,‘inefﬁcax
1503 1371 1584 1401 atque
1603 1363 1706 1395 irritum
1719 1368 1761 1402 ju-

973 1398 1086 1431 dicetur,
1100 1398 1188 1437 sitque
1202 1398 1309 1437 facienti
1318 1419 1326 1432 ,
1340 1398 1587 1437 vel‘consentjenti,
1602 1398 1760 1437 accipienti-

973 1441 1026 1470 que
1038 1434 1190 1470 anathema.
1209 1433 1339 1461 Maximus
1346 1435 1491 1470 episcopus
1503 1433 1627 1463 Bledana:
1636 1433 1762 1465 Ecclesiae

973 1468 1385 1505 dixit:_Modorsanctarsynodus
1405 1468 1528 1504 dignetur
1551 1471 1665 1504 edicere,
1687 1473 1762 1500 licuit

973 1503 1043 1530 laico
1061 1503 1165 1530 homini
1190 1503 1332 1531 anathema
1355 1505 1382 1532 in
1404 1503 1525 1533 ordinem
1549 1503 1761 1535 ecclesiasticum

975 1538 1100 1566 dictare?
1114 1538 1168 1566 Aut
1179 1538 1202 1565 si
1217 1540 1303 1573 potuit
1318 1539 1546 1573 laicussaeerdoti
1561 1542 1704 1569 anathema
1720 1543 1761 1570 di-

976 1581 1047 1606 cere,
1056 1578 1091 1613 _et
1105 1578 1332 1613 contracanones
1345 1575 1441 1613 (quod
1452 1576 1481 1613 ei
1492 1584 1554 1613 Anon
1577 1578 1761 1613 competebat)

977 1609 1165 1645 constituere?
1179 1608 1274 1643 Dicite,
1289 1608 1443 1645 vobis—quid
1457 1611 1562 1639 videtur
1575 1611 1609 1639 de
1623 1608 1666 1639 nie
1677 1613 1690 1639 ἵ
1715 1608 1760 1640 Li;

976 1644 1035 1682 cuit
1046 1643 1115 1672 laico
1130 1644 1215 1682 legem
1230 1644 1316 1682 dare?
1340 1643 1439 1673 Sancta
1453 1646 1571 1682 syncdus
1593 1647 1679 1674 dixit:
1702 1647 1763 1676 Non

974 1679 1068 1716 licuit;
1084 1684 1112 1716 et
1124 1680 1221 1716 a_(ljecit
1233 1689 1239 1706 :
1253 1679 1323 1716 Lege
1338 1679 1488 1716 sequentia.
1504 1680 1646 1709 Hormisda
1668 1683 1761 1711 diaco-

973 1722 1025 1750 nus
1039 1714 1113 1750 legit.
1130 1714 1163 1741 Et
1178 1715 1200 1742 is
1214 1715 1259 1749 qui
1275 1714 1404 1750 praedium
1428 1717 1554 1744 rusticum
1577 1717 1618 1744 vel
1630 1718 1762 1746 urbanum

975 1748 1040 1786 iuris
1052 1748 1230 1786 ecclesiastici
1242 1748 1321 1778 fuerit
1338 1756 1509 1786 consecutus,
1524 1753 1630 1780 noverit
1643 1761 1679 1781 so
1689 1753 1761 1781 nulla

984 1792 1043 1824 ege,
1059 1785 1322 1824 vel_prtn_scriptione
1346 1787 1488 1819 munitum,
1515 1787 1564 1814 sed
1579 1788 1644 1824 _sive
1668 1789 1690 1816 is
1713 1789 1760 1824 qui

974 1819 1140 1853 alienaverit,
1156 1821 1213 1847 sive
1225 1819 1271 1855 qni
1287 1829 1347 1848 eum
1362 1826 1517 1856 sequentur,
1542 1822 1682 1851 voluntate
1695 1819 1761 1851 co'n-

973 1856 1055 1881 traria
1067 1855 1195 1890 pncdium
1210 1856 1362 1890 hujusmodi
1377 1855 1520 1884 alienatum
1530 1865 1659 1885 revocare
1675 1862 1763 1886 tenta-

973 1890 1052 1922 verit,
1068 1891 1093 1917 id
1108 1898 1169 1927 cum
1184 1890 1313 1927 fructibus
1323 1892 1456 1927 restituat,
1471 1893 1516 1927 qui
1530 1893 1593 1919 illud
1604 1892 1683 1920 fuerit
1696 1902 1763 1921 con-

974 1929 1093 1962 secutus.
1108 1925 1219 1962 AEtrcum
1231 1926 1341 1960 legeret,
1355 1925 1507 1962 Stephanus
1518 1928 1660 1962 episcopus
1672 1928 1763 1956 Venu-

975 1960 1040 1998 stnte
1054 1959 1188 1998 Ecclesiat,
1202 1959 1313 1998 surgens
1323 1959 1339 1989 e
1349 1959 1486 1995 consessu,
1502 1959 1580 1997 diiit,
1593 1959 1762 1998 Perlegatur.

975 1994 1118 2031 Hormisda
1132 1994 1260 2023 diaconus
1275 1997 1346 2031 legit.

1011 2030 1096 2068 Quam
1107 2031 1195 2068 etiam
1209 2030 1315 2068 poenam
1330 2032 1431 2068 placuit
1449 2033 1609 2067 accipientes
1630 2033 1763 2068 hzeredes,

975 2066 1200 2102 prohaeredesque
1214 2066 1359 2102 respicere.
1375 2067 1404 2094 ln
1419 2075 1471 2102 qua
1486 2066 1515 2095 re
1528 2068 1638 2095 cuilibet
1650 2066 1765 2097 clerico;

975 2109 1036 2137 rum
1059 2101 1261 2137 contradicendi
1275 2101 1360 2129 libera
1383 2103 1417 2129 sit
1427 2101 1558 2130 ’facultas.
1584 2103 1706 2137 Iniquum
1722 2109 1764 2132 est

977 2136 1058 2172 enim,
1072 2139 1100 2169 et
1111 2136 1246 2172 sacrilegii
1261 2137 1355 2169 instar,
1371 2141 1400 2164 ut
1416 2145 1475 2172 qum
1488 2138 1530 2164 vel
1545 2146 1595 2172 pro
1610 2136 1705 2171 salute,
1721 2139 1764 2167 vel

976 2171 1070 2207 [equie
1094 2171 1242 2198 animarum
1266 2179 1375 2199 suarum
1407 2171 1588 2207 unusquisque
1617 2174 1764 2202 venerabili

976 2205 1102 2234 Ecclesia:
1124 2214 1269 2241 pauperum
1292 2214 1373 2234 causa
1396 2205 1552 2239 contulerit,
1574 2212 1621 2235 aut
1635 2213 1709 2236 certe
1722 2218 1766 2237 re-

977 2241 1096 2276 liquerit,
1116 2242 1150 2268 ab
1165 2242 1197 2268 iis
1214 2250 1282 2277 quos
1297 2242 1348 2270 hoc
1374 2243 1490 2269 maxime
1504 2250 1612 2271 servare
1626 2252 1764 2272 convene-

977 2281 1029 2308 rat,
1054 2277 1081 2315 in
1097 2276 1239 2315 altitudine
1257 2277 1441 2305 transferatur.
1458 2278 1540 2305 Plane
1555 2286 1722 2315 quascunque
1737 2281 1765 2308 in

135 2325 185 2344 vos
208 2312 343 2346 constitit,
368 2312 468 2350 'quibu-s
497 2312 706 2343 misericordiam
731 2320 819 2343 tamen
844 2312 924 2350 quam
943 2313 1099 2350 Dgemmis,
1115 2312 1158 2340 vel
1182 2317 1346 2350 auroratque
1357 2317 1481 2350 argento,
1504 2321 1620 2350 necnon
1636 2321 1663 2342 et
1679 2312 1765 2343 'vesti—

136 2352 207 2379 Deus
222 2351 334 2378 mandat
350 2352 480 2378 universis
493 2351 628 2386 impendi,
643 2352 710 2378 sicut
724 2353 854 2385 oportuit.
871 2360 925 2378 non

135 2388 263 2421 negastis,
288 2387 310 2413 si
334 2387 429 2413 duritia
446 2387 533 2413 cordis
551 2394 644 2413 eorum
661 2395 712 2413 non
735 2387 784 2413 sibi
806 2387 926 2420 acquirat

134 2430 256 2458 ptenam,
276 2421 338 2448 dum
354 2423 501 2458 contemnit
516 2422 603 2449 oblata
619 2422 735 2458 remedia
751 2430 865 2455 quorum
879 2430 926 2458 ex:

135 2456 232 2485 cessus
254 2464 380 2484 enarrare
404 2457 510 2484 diflicile
538 2461 587 2483 est.
620 2456 705 2483 Unum
732 2461 830 2488 tamen,
855 2457 926 2490 quod

134 2492 424 2525 occurrit,venerando
435 2493 519 2519 ordini
530 2496 618 2519 vestro
627 2492 749 2518 intitnare
760 2500 812 2518 non
821 2491 925 2518 differo.

136 2528 270 2554 Dixerunt
292 2527 361 2554 inter
387 2528 438 2554 alia
467 2528 627 2561 scripturam
652 2527 792 2561 quamdam
818 2527 927 2553 illustris

135 2563 274 2590 memoria:
298 2562 423 2589 Basiliam
447 2563 523 2597 quasi
550 2571 600 2597 pro
624 2562 814 2589 ecclesiastica:
837 2570 927 2588 artiore

135 2597 293 2625 substantiae
307 2598 507 2632 conscripsisse,
525 2598 550 2624 in
567 2605 618 2631 qua
634 2597 720 2624 nullus
737 2597 862 2624 Romana:
879 2597 928 2624 Ec-

136 2633 225 2659 clesire
243 2640 292 2659 nec
313 2632 443 2663 interfuit.
473 2641 522 2659 nec
546 2633 703 2665 subscripsit
726 2634 853 2663 antistes,
881 2640 929 2666 per

137 2676 218 2701 quem
234 2668 364 2701 potuisset
378 2668 468 2694 sortiri
484 2668 628 2702 legitimam
640 2667 802 2694 ﬁrmitatem.
816 2668 853 2694 Nc
865 2674 929 2701 ergo

136 2703 200 2730 inde
213 2703 357 2737 αἰειιυιειιι,
378 2703 447 2730 unde
461 2708 549 2737 potest
566 2706 682 2729 vestrum
703 2702 824 2735 judicare
838 2704 929 2729 conci-

137 2737 213 2768 lium.
227 2738 387 2771 requiratur,
405 2742 431 2764 et
446 2738 576 2765 referatur
591 2738 616 2763 in
629 2737 754 2769 medium,
771 2742 799 2763 ut
815 2738 929 2765 lectione

137 2773 307 2806 agnoscatis,
335 2773 486 2806 cuiusmodi
512 2773 595 2807 possit
621 2772 718 2798 habere
741 2773 927 2799 substantiam.

137 2808 240 2835 Sancta
255 2808 372 2843 synodus
388 2809 544 2842 respondit:
564 2807 703 2843 Deferatur
718 2807 743 2833 in
760 2807 886 2837 medium,
902 2812 930 2833 ut

138 2842 289 2875 cujusmodi
300 2843 351 2877 sit,
368 2844 452 2877 possit
465 2843 591 2877 agnosci;
618 2846 644 2869 et
657 2842 719 2868 dum
734 2843 845 2874 diceret,
862 2842 930 2868 Hor—

137 2879 223 2906 misda
236 2879 366 2905 diaconus
378 2880 512 2906 recitavit.
529 2878 558 2904 ll.
575 2878 640 2905 Curti
654 2878 679 2904 in
695 2886 774 2904 unutn
786 2878 855 2912 apud
867 2878 931 2904 bea-

139 2918 197 2940 tum
213 2913 322 2940 Petrum
333 2915 483 2948 apostolum
497 2914 667 2946 resedissent,
682 2913 811 2944 sublimis.
824 2917 851 2940 et
863 2913 930 2940 Clltl-

140 2949 315 2977 nentissimus
327 2949 376 2981 vir,
390 2948 529 2984 prmlizctus
541 2949 676 2983 praetorio,
690 2953 769 2983 atque
789 2948 929 2984 patricius,

290 2996 426 3027 Panos.
449 2995 575 3026 LXVII.

978 2347 1028 2374 bus
1043 2347 1131 2375 minus
1144 2352 1206 2382 apta
1223 2348 1325 2382 usibus,
1352 2347 1399 2375 vel
1417 2349 1524 2376 ornatui
1539 2349 1701 2377 videbuntur
1716 2350 1767 2379 Ec-

978 2382 1076 2420 clesia},
1099 2390 1158 2417 quas
1172 2384 1283 2420 servari,
1308 2391 1339 2410 ac
1362 2384 1409 2420 diu
1432 2391 1540 2411 manere
1564 2392 1617 2411 non
1643 2391 1766 2420 possunt,

978 2419 1028 2454 sub
1050 2417 1120 2452 justa
1136 2418 1321 2454 aestimatione
1343 2419 1502 2451 vendantur,
1526 2423 1553 2446 et
1567 2417 1689 2454 erogatio
1704 2417 1767 2448 rell;

979 2453 1054 2488 giose
1080 2453 1212 2488 proficiat.
1242 2453 1363 2488 Cumque
1386 2454 1453 2481 lecta
1477 2454 1578 2487 fuisset,
1607 2454 1766 2484 Laurentius

979 2487 1187 2524 Mediolanensis
1199 2487 1326 2516 Ecclesiai
1339 2489 1405 2516 dixit
1418 2498 1424 2515 :
1449 2489 1500 2516 Ista
1515 2491 1645 2524 scriptura
1666 2491 1767 2518 nullum

980 2522 1109 2559 Romana:
1130 2523 1246 2559 civitatis
1271 2524 1357 2558 potuit
1376 2524 1495 2559 obligare
1518 2522 1684 2559 pontificem,
1705 2526 1768 2559 quia

980 2566 1033 2594 non
1050 2558 1124 2586 licuit
1137 2558 1205 2586 laico
1217 2559 1350 2586 statuendi
1366 2559 1392 2586 in
1406 2558 1537 2591 Ecclesia,
1559 2564 1656 2594 praeter
1671 2558 1766 2594 papam

981 2593 1130 2621 Romanum
1139 2594 1239 2621 habere
1249 2595 1365 2629 aliquam
1377 2599 1546 2629 potestatem.
1560 2593 1603 2622 cui
1615 2593 1767 2629 obsequen-

983 2629 1010 2656 di
1043 2633 1135 2656 manet
1158 2630 1321 2662 necessitas,
1357 2637 1410 2656 non
1436 2630 1582 2657 auctoritas
1608 2629 1766 2664 imperandi,

982 2665 1111 2696 maxime,
1126 2672 1186 2691 ettm
1201 2673 1251 2692 nec
1267 2672 1334 2699 papa
1351 2663 1487 2691 Romanus
1502 2664 1702 2698 subscripserit,
1718 2674 1768 2693 nec

983 2699 1095 2733 alicujus
1120 2701 1267 2727 secundum
1293 2707 1411 2727 canones
1442 2699 1643 2733 metropolitani
1664 2700 1767 2733 legatur

984 2742 1118 2775 asensu‘s.
1133 2770 1139 2775 ι
1155 2735 1249 2763 Petrus
1280 2735 1424 2775 episcopus
1448 2734 1613 2775 Ravennatis
1641 2734 1767 2775 Ecclesia:

982 2770 1050 2797 dixit
1065 2779 1070 2795 :
1083 2770 1219 2805 Scriptura
1228 2777 1287 2804 quae
1298 2770 1323 2796 in
1336 2773 1426 2795 nostra
1439 2770 1645 2803 congregatione
1660 2772 1767 2805 vulgata

982 2809 1035 2838 est,
1058 2806 1136 2833 nullis
1159 2813 1218 2832 eam
1244 2805 1343 2831 viribus
1358 2805 1503 2832 subsistere
1526 2805 1693 2833 manifestum
1717 2810 1768 2839 est,

982 2841 1044 2875 quia
1060 2848 1109 2867 nec
1122 2840 1269 2868 canOnibus
1283 2840 1417 2871 convenit,
1432 2844 1459 2867 et
1473 2848 1488 2866 a
1504 2840 1570 2866 laica
1582 2849 1695 2875 persona
1707 2849 1770 2868 con-

983 2880 1062 2910 cepta
1083 2876 1205 2909 videtur,
1228 2875 1344 2902 maxime
1369 2876 1430 2909 quia
1456 2875 1482 2902 in
1506 2883 1538 2903 ea
1566 2876 1654 2903 nullus
1673 2876 1770 2910 pnesul

983 2912 1054 2938 sedis
1068 2911 1222 2945 apostolica:
1236 2910 1398 2945 interfuisse,
1413 2911 1455 2937 vel
1469 2911 1576 2945 propria
1593 2911 1769 2945 subscriptio-

984 2953 1017 2974 ne
1033 2944 1151 2975 ﬁrinasse
1169 2949 1343 2975 monstratur.
1366 2944 1484 2974 Eulalius
1497 2944 1639 2982 episcopus
1653 2944 1770 2982 Syracu-

1476 2992 1511 3024 11
