4092 6348
572 280 668 336 531

1420 277 1764 335 APPENDIX
1800 278 1893 334 an
1928 275 2455 335 COLLECTIONEM
2494 261 2990 334 otomsmmu.

3697 274 3778 331 33?.

571 391 998 476 santeﬁcclesite
1024 393 1158 448 dixit
1189 411 1203 447 :
1250 393 1524 476 Scriptura
1551 410 1683 476 quae.
1717 395 1770 447 in
1817 395 2140 476 sacerdotali
2173 409 2212 456 Α
2251 403 2425 476 atque.
2448 393 2779 476 peregrinos,
2829 406 2897 476 ne
2936 388 3092 476 malae
3138 383 3472 476 tractationis
3496 386 3778 476 ministretur

569 463 797 520 concilio
827 465 1051 517 recitata
1083 474 1183 530 est,
1212 463 1626 520 evidentissim'is
1654 465 1992 520 documentis
2020 481 2145 519 con-

566 532 946 606 statinvalida.
993 533 1227 606 Primum
1256 534 1399 606 quod
1447 544 1636 589 contra
1674 533 1890 606 Patrum
1931 535 2143 602 regulas

568 624 600 662 a
629 605 802 676 laicis,
828 604 1074 676 quamvis
1101 604 1387 676 religiosis,
1415 606 1605 676 quibus
1626 606 1768 659 nulla
1798 605 1864 660 de
1887 607 2144 660 errlesia—

572 676 720 734 sticis
749 673 1087 745 facultatibus
1114 673 1314 744 aliquid
1349 673 1668 745 disponendi
1697 676 1887 744 legitur
1909 691 2144 744 unquam

569 747 822 802 attributa
851 743 1107 817 facultas,
1137 743 1279 817 facta
1307 743 1519 817 videtur
1545 762 1576 817 ;_
1610 743 1822 817 deinde,
1851 743 2142 817 quodnnl-

567 818 671 898 lius
699 813 938 898 praesulis
978 816 1472 898 apostolicaausedis
1499 813 1896 898 subscriptione
1937 814 2145 898 firmata

567 884 811 943 docetur.
859 884 1016 950 Quod
1053 885 1099 940 si
1147 885 1433 955 cujuslibet
1478 884 1769 954 provinciae
1811 887 2140 952 sacerdotes,

565 959 706 1013 intra
744 969 878 1012 suos
912 957 1173 1011 terminos
1214 956 1446 1011 concilio
1474 956 1690 1020 habito,
1737 955 2000 1026 quidquid
2029 957 2145 1011 sine

565 1025 1090 1096 metropolitaniisui
1134 1026 1388 1096 antistitis
1425 1025 1768 1096 auctoritate
1797 1029 2143 1093 tentaverint,

566 1094 780 1152 irritum
809 1099 928 1152 esse
966 1095 1164 1166 debere
1203 1094 1391 1152 Patres
1435 1095 1532 1166 SS.
1562 1105 1895 1160 sanxerunt;
1943 1105 2145 1166 quanto

566 1166 757 1236 magis,
807 1165 954 1234 quod
993 1165 1047 1220 in
1090 1167 1384 1235 apostolica
1421 1165 1550 1222 sede
1584 1184 1691 1220 non
1721 1165 1984 1222 existente
2011 1181 2145 1236 prte-

566 1240 704 1301 sule,
755 1236 848 1318 qui
877 1237 1293 1318 pmrogativam
1318 1237 1484 1318 _bea_ti
1516 1239 1694 1318 meriti
1723 1238 1953 1307 apostoli
2001 1236 2145 1318 [fieri

567 1324 667 1380 per
695 1307 1000 1380 universum
1025 1309 1210 1380 orbem
1249 1307 1535 1380 primatum
1567 1309 1838 1380 obtinens
1857 1307 2146 1380 sacerdotii

568 1375 786 1448 statutis
821 1375 1166 1448 synodalibus
1210 1375 1493 1433 consuevit
1534 1379 1771 1432 tribuere
1811 1377 2141 1444 firmitatem,

569 1465 601 1504 a
650 1447 824 1514 laicis,
854 1446 999 1517 'lic_et
1043 1447 1503 1517 consentientibus
1546 1448 1834 1517 aliquantis
1873 1448 2144 1517 episcopis

570 1518 694 1591 (qui
712 1513 893 1591 tamen
928 1513 1197 1591 Pontifici,
1242 1532 1272 1570 a
1317 1533 1425 1586 quo
1474 1513 1780 1591 consecrari
1821 1513 2139 1587 probantur,

606 1585 932 1655 raejudicium
980 1585 1178 1658 inferre
1214 1585 1349 1658 nou
1390 1587 1704 1658 potuerunt)
1763 1585 2141 1658 priesumptum

591 1659 732 1714 “uisse
758 1657 1125 1725 cognoscitur,
1162 1657 1378 1728 viribus
1395 1657 1592 1728 carere
1640 1657 2001 1713 neii’dnbium
2037 1668 2140 1728 est,

567 1743 672 1810 nec
689 1742 848 1798 posse
879 1728 1020 1782 inter
1059 1727 1426 1786 ecclesiastica
1455 1727 1565 1783 ullo
1597 1731 1756 1784 modo
1784 1735 1985 1783 statuta
2015 1727 2143 1784 ceu-

637 1868 724 1944 Ill.
755 1867 955 1926 Sancta
982 1867 1218 1944 synodus
1245 1869 1378 1944 dixit.
1403 1887 1416 1923 :
1459 1867 1610 1925 Licet
1636 1870 1929 1926 secundum
1960 1880 2148 1944 prese-

567 1941 839 2008 cutionem
889 1939 1278 1994 venerabilium
1333 1939 1556 1995 fratrum
1605 1939 1976 2008 nostrorum,’
2003 1942 2145 1998 Lau-

567 2010 745 2083 rentii,
777 2007 944 2083 Petri,
978 2007 1191 2083 Eulalii,
1216 2008 1512 2083 Cresconii,
1538 2010 1775 2083 Maximi,
1806 2007 2149 2083 vel'Stepha-

568 2081 645 2146 ni,
675 2095 777 2136 nec
799 2079 954 2152 apud
969 2093 1071 2135 nos
1099 2081 1360 2135 incertum
1391 2081 1620 2135 habetur
1648 2081 1787 2135 hanc
1817 2082 1985 2152 ipsam
2011 2079 2146 2138 scri-

569 2158 783 2223 pturam
828 2149 1024 2223 nullius
1064 2165 1198 2223 esse»
1222 2153 1499 2223 momenti,
1543 2149 1918 2223 qniﬂmt’lltlllsi
1969 2156 2146 2222 aliqua

569 2221 754 2292 posset
779 2221 1309 2295 subsistereratione
1337 2222 1509 2295 modis
1531 2221 1788 2295 omnibus
1810 2221 1862 2275 in
1903 2221 2146 2295 synodali

569 2291 877 2357 conventu,
945 2291 1169 2362 provida
1229 2291 1571 2348 beatitudinis
1616 2303 1818 2349 vestra:
1875 2291 2146 2350 sententia

569 2363 815 2417 enervari
841 2361 1216 2426 conveniebat,
1272 2369 1326 2415 et
1372 2362 1424 2416 in
1458 2365 1664 2419 irritum
1712 2363 1924 2428 deduci,
1978 2381 2045 2420 ne
2093 2367 2146 2419 in

569 2433 874 2506 exemplum
900 2441 1208 2506 remaneret
1227 2434 1590 2506 prtesumendi
1625 2436 1950 2506 quibuslibet
1975 2437 2142 2502 laicis,

569 2501 814 2572 quamvis
841 2501 1124 2574 religiosis,
1157 2503 1243 2574 vel
1273 2503 1603 2574 potentibus,
1634 2501 1687 2558 in
1716 2521 2038 2574 quacunque
2070 2507 2145 2561 ci-

571 2574 759 2635 vitate,
788 2573 1029 2642 quolibet
1059 2572 1221 2626 modo
1249 2573 1447 2642 aliquid
1477 2572 1767 2629 decernere
1796 2576 1861 2630 de
1891 2572 2147 2631 ecclesia-

568 2643 725 2717 sticis
738 2642 1096 2717 facultatibus.
1150 2643 1385 2717 Quarum
1408 2645 1538 2699 solis
1565 2645 1930 2717 sacerdotibus
1959 2647 2143 2717 dispo-

567 2715 730 2768 nendi
758 2713 1054 2768 indiscussa
1087 2728 1117 2766 a
1148 2712 1257 2767 Deo
1282 2730 1412 2768 cura
1442 2717 1728 2770 commissa
1758 2716 2000 2772 docetur.

642 2783 996 2856 Symmachus
1042 2784 1328 2854 episcopus
1377 2784 1548 2840 dixit:
1603 2785 1782 2853 Modo,
1830 2789 1954 2854 quia
2005 2788 2147 2844 Deus

566 2856 907 2926 prmsentiam
933 2863 1174 2926 vestram
1190 2856 1428 2909 votivam
1457 2856 1586 2910 mihi
1609 2857 1708 2910 sub
1731 2857 1968 2924 qualibet
1989 2874 2145 2913 occa-

566 2925 717 2982 sione
759 2925 1044 2991 concessit,
1091 2925 1236 2987 volo,
1284 2926 1328 2981 si
1369 2926 1567 2994 placet,
1615 2941 1727 2981 rem
1771 2926 1884 2981 fieri
1913 2927 2140 2994 ﬁrmam,

567 2942 717 2982 snone
759 2941 1044 2991 concessu,
1091 2941 1236 2987 veto,
1284 2942 1328 2981 sn
1355 2941 1567 3049 Iplacet,
1615 2941 1727 2981 rem
1771 2941 1884 2981 neri
1913 2941 2140 2994 nrmam,

567 3013 727 3066 quam
753 2995 915 3052 credo
943 2996 1317 3052 ecclesiasticis
1376 2997 1697 3052 acultatibus
1726 3001 2043 3062 convenire,
2087 3008 2148 3055 ut

569 3075 861 3135 agnoscant
890 3082 1079 3121 omnes
1130 3081 1267 3134 quos
1297 3068 1348 3120 in
1380 3083 1466 3121 me
1496 3083 1662 3122 vanus
1692 3068 1841 3123 furor
1865 3071 2139 3133 excitavit,

566 3140 696 3193 nihil
727 3155 811 3191 me
840 3138 1010 3206 magis
1038 3137 1254 3208 studere
1279 3152 1439 3208 quam
1472 3145 1530 3191 ut
1558 3139 1767 3193 salvum
1820 3155 1939 3194 esse
1974 3142 2146 3208 possit

567 3209 709 3276 quod
741 3209 871 3261 mihi
900 3205 980 3261 eSt
1008 3222 1038 3260 a
1069 3207 1180 3260 Deo
1216 3205 1314 3260 sub
1341 3208 1739 3277 dispensatione
1771 3205 2142 3277 commissum,

567 3278 661 3332 sed
685 3279 844 3331 etiam
876 3277 1201 3347 quibuslibet
1229 3280 1659 3341 successoribus,
1701 3278 1868 3332 Deum
1901 3281 2143 3334 timenti-

568 3349 688 3410 bus,
733 3346 945 3416 gratum
974 3362 1091 3401 esse
1119 3346 1330 3411 debeat,
1385 3357 1438 3401 et
1468 3347 1534 3400 ad
1578 3349 1930 3402 ecclesiastici
1962 3358 2147 3405 custo-

569 3418 712 3490 diam
762 3418 1070 3490 patrimonii
1113 3417 1404 3486 pertinere.
1455 3416 1651 3472 Sancta
1699 3419 1937 3490 synodus
1966 3421 2138 3474 dixit:

568 3487 806 3543 Scimuf
829 3487 1188 3555 provisionem
1237 3495 1466 3540 vestram
1535 3487 1850 3543 necessariis
1908 3493 2142 3556 studere,

569 3565 626 3613 et
645 3558 776 3630 ideo
807 3558 858 3609 in
884 3567 1064 3630 vestra
1093 3565 1175 3630 est
1204 3566 1482 3630 potesgiteq
1499 3559 1769 3626 sequenda
1798 3561 2104 3630 disponere.

639 3626 1318 3700 Synimachus_episcopu_s
1357 3627 1612 3683 Ecclesia:
1673 3626 1949 3686 catholicae
2002 3633 2148 3687 urbis

568 3696 756 3753 Retine
783 3697 916 3752 dixit
940 3696 1161 3768 :Magna
1185 3696 1398 3767 quidem
1420 3700 1724 3754 venerando
1748 3709 1803 3755 et
1829 3703 2148 3756 sacerdotali

568 3768 796 3824 debetur
847 3768 1053 3824 cultura
1085 3768 1384 3838 proposito,
1435 3769 1521 3824 cui
1553 3769 1794 3825 imminet
1841 3771 1907 3825 de
1945 3771 2121 3827 studio

567 3814 704 3908 ξυιεέ
716 3814 878 3911 recta.
891 3846 1036 3911 sunt,
1084 3814 1293 3911 bonrde
1308 3909 1314 3911 _
1337 3814 1660 3896 [rectessitale-

567 3910 822 3980 quoniam
854 3909 907 3962 in
939 3909 1204 3980 aliquibus
1248 3909 1423 3963 aliena
1454 3909 1866 3979 postulantibus,
1894 3912 2147 3968 vitiorum

567 3979 744 4036 mater
773 3979 1017 4051 avaritia,
1042 3979 1330 4051 repudiatis
1346 3980 1641 4035 honestatis
1662 3982 1949 4051 repagulis,
1976 3991 2147 4037 totum

564 4056 722 4122 putat
747 4050 1000 4122 expedire
1029 4050 1170 4118 quod
1196 4050 1348 4122 licet,
1379 4059 1433 4105 et
1465 4052 1558 4120 ita,
1589 4050 1934 4121 dnmpraedae
1955 4051 2144 4120 inhiat,

567 4121 826 4191 patientia
857 4135 1104 4191 superna:
1155 4121 1372 4190 pietatis
1424 4122 1680 4188 abutitur,
1711 4124 2146 4191 expectantibus

565 4193 959 4247 correctionem
987 4191 1125 4248 ccelo
1155 4192 1490 4258 moderante,
1510 4192 1724 4260 judiciis
1751 4209 1808 4246 sc
1838 4195 2148 4248 existimant

565 4277 676 4317 non
701 4263 892 4328 teneri,
918 4270 974 4316 et
1015 4262 1217 4316 clarum
1246 4263 1333 4326 sit,
1366 4265 1508 4332 quod
1538 4263 1675 4332 apud
1706 4274 1882 4318 certos
1906 4266 1957 4318 in
1982 4279 2147 4319 occa-

565 4333 1064 4404 sionemrrapiendi
1099 4332 1588 4404 procedatdivinze
1644 4349 1792 4387 mora
1843 4336 2142 4389 sementim.

567 4402 672 4457 Sed
720 4403 894 4467 nobis,
943 4417 1078 4470 quos
1102 4402 1408 4470 “pastoralis
1464 4419 1612 4466 cura,
1657 4412 1710 4456 et
1765 4405 2148 4458 ecclesiasticae

567 4473 817 4540 astringit
860 4487 958 4543 pro
989 4471 1401 4543 dispensatione
1432 4474 1633 4526 credita
1689 4473 1828 4527 ratio
1876 4473 2144 4529 reddenda

2171 3173 2219 3236 C

2249 459 2487 530 occasio,
2515 459 2634 518 cuin
2653 461 2973 517 liberalitati
3003 461 3075 515 illi
3102 460 3204 514 alia
3237 459 3425 530 itinera
3460 468 3775 516 reserventur.

2249 535 2391 590 Sane
2429 529 2636 588 tantum
2665 534 2858 587 domus
2887 534 2938 586 in
2965 530 3292 602 quibuslibet
3322 529 3534 586 urbibus
3557 533 3774 585 constitu-

2249 614 2336 670 ιω,
2368 620 2594 675 quarum
2622 612 2820 675 statum
2851 617 3078 675 necesse
3099 612 3181 675 est
3208 615 3440 675 expensa
3467 615 3568 675 non
3608 602 3776 675 modica

2249 670 2559 740 sustentari,
2607 674 2864 742 acceptis,
2908 673 2952 727 si
2982 670 3178 728 auferri
3211 670 3529 742 contigerit,
3559 673 3645 723 sub
3667 675 3778 737 just!

2250 745 2655 800 existimatione
2702 741 3026 810 redditibus,
3085 751 3141 798 et
3190 741 3355 797 divini
3411 741 3590 794 timore
3628 743 3776 810 iudicii

2255 823 2679 871 commutantur.

2322 884 2386 940 V.
2420 883 2544 939 Pari
2567 887 2726 938 etiam
2758 883 3118 939 Ecclesiarum
3151 897 3246 953 per
3265 897 3454 937 omnes
3475 881 3704 936 Romanze
3725 885 3777 938 ci-

2249 956 2431 1010 vitatis
2475 957 2676 1020 titnlos,
2730 955 2820 1022 qui
2871 964 2996 1010 sunt
3054 954 3372 1023 presbyteri,
3399 954 3479 1006 vel
3525 954 3780 1022 quietique

2250 1026 2466 1089 fuerint,
2501 1025 2719 1092 astringi
2754 1024 3000 1079 volumus
3030 1025 3148 1090 lege
3188 1025 3459 1084 custodes,
3507 1023 3619 1091 quia
3665 1024 3780 1078 nefas

2251 1095 2399 1150 dictu
2429 1105 2511 1150 est
2551 1096 2896 1161 obligatione,
2928 1111 3032 1164 qua
3063 1111 3121 1150 se
3168 1109 3264 1164 per
3291 1096 3598 1149 charitatem
3623 1093 3780 1148 Christi

2252 1167 2528 1220 connectit
2554 1181 2792 1220 summus
2821 1164 3083 1235 pontifex,
3115 1180 3180 1235 ea
3223 1165 3493 1218 hominem
3522 1165 3712 1235 set-und.
3740 1167 3776 1220 in

2251 1235 2489 1291 Ecclesia
2510 1236 2714 1290 ordinis
2738 1234 2844 1289 non
2874 1237 3062 1292 teneri.
3096 1234 3304 1302 Quicun
3327 1249 3411 1301 iue
3433 1243 3600 1288 tamen
3626 1234 3782 1290 oblitus

2252 1306 2368 1370 Dei,
2395 1316 2449 1361 et
2479 1307 2678 1362 decreti
2706 1305 2864 1373 hujus
2891 1306 3195 1370 immemor,
3234 1306 3388 1371 cujus
3419 1303 3652 1357 Romanis
3677 1306 3779 1358 civi-

2253 1378 2378 1430 tatis
2397 1377 2707 1431 sacerdotes
2733 1376 2980 1431 volumus
3009 1377 3273 1445 religiosis
3296 1375 3522 1429 nexibus
3547 1375 3776 1442 deviiiciri,

2251 1447 2304 1517 in
2335 1449 2684 1503 constitutum
2713 1462 2948 1517 przesens
3001 1447 3368 1511 committens,
3423 1445 3687 1517 quidquam
3731 1446 3782 1517 de

2247 1516 2367 1585 jure
2390 1519 2684 1580 titulorum,
2716 1515 2802 1572 vel
2831 1517 3084 1572 Ecclesia:
3105 1517 3352 1585 superius
3383 1515 3603 1584 praefatae
3639 1516 3779 1584 quoli-

2252 1587 2343 1642 bet
2395 1589 2575 1652 modo,
2605 1599 2804 1656 praeter
2849 1603 3063 1655 aurum,
3112 1595 3412 1654 argentum,
3458 1586 3535 1640 vel
3561 1600 3773 1652 gemmas,

2254 1667 2430 1712 vestes
2457 1673 2690 1727 quoque,
2720 1659 2765 1712 si
2793 1667 2935 1722 sunt,
2960 1660 3045 1713 vel
3068 1658 3112 1711 si
3136 1665 3501 1717 accesserunt,
3526 1657 3680 1726 aliqua
3699 1673 3782 1711 mo-

2252 1727 2376 1782 bilia
2399 1729 2464 1782 ad
2485 1736 2799 1783 ornamenta
2833 1729 3011 1783 divina
3044 1729 3262 1783 minime
3290 1728 3599 1797 pertinentia
3623 1741 3778 1794 perpe-

2178 1789 2228 1848 B
2255 1807 2349 1853 tuo
2364 1799 2508 1867 jure,
2539 1801 2777 1868 exceptis
2806 1798 3069 1854 duntaxat
3115 1799 3215 1853 sub
3264 1789 3777 1868 praifataconuitione

2253 1869 2520 1936 domibus,
2551 1867 2786 1924 alienare
2811 1870 3121 1933 tentaverit,
3168 1869 3419 1933 donator,
3465 1867 3715 1932 alienator,
3733 1882 3779 1920 ac

2252 1940 2502 1994 venditor
2531 1942 2750 1994 honoris
2777 1940 2858 1993 sui
2880 1941 3168 1994 amissione
3193 1940 3474 1994 multetur.

2323 2010 2411 2064 Vl.
2447 2009 2731 2075 Praeterea,
2764 2012 2852 2080 qui
2885 2011 3118 2080 petierit,
3153 2018 3245 2063 aut
3288 2008 3574 2080 acceperit,
3597 2008 3670 2062 vel
3709 2007 3774 2074 qui

2253 2081 2711 2152 presbyterorum,
2763 2077 2856 2134 aut
2887 2077 3256 2152 diaeonornm
3282 2123 3297 2147 ,
3342 2077 3436 2134 seu
3488 2077 3775 2152 defensorum

2251 2151 2399 2204 danti
2419 2149 2824 2220 subscripserit,
2848 2167 2954 2220 quo
2987 2153 3152 2206 iratus
3184 2151 3325 2206 Deus
3350 2152 3549 2204 animas
3575 2149 3776 2220 percutit,

2252 2222 2591 2276 anathemate
2617 2219 2876 2288 feriatur,
2904 2223 3078 2290 sitque
3127 2223 3432 2290 accipienti,
3484 2222 3561 2273 vel
3589 2219 3776 2273 subscri-

2252 2293 2396 2346 benti
2428 2293 2493 2346 de
2529 2295 2772 2361 personis
2801 2294 3043 2361 superius
3065 2292 3486 2360 comprehensis,
3514 2292 3558 2345 id
3570 2299 3658 2352 est,
3677 2303 3777 2359 quas

2252 2364 2596 2417 anathemate
2641 2363 2787 2417 feriri
2829 2364 3164 2426 censuimus,
3203 2364 3257 2415 in
3290 2373 3484 2417 statuta
3514 2376 3650 2431 [uena
3679 2375 3777 2413 ton-

2250 2435 2576 2499 tubernium,
2607 2443 2841 2501 servata,
2871 2449 3028 2503 quam
3054 2433 3408 2502 praemisimus
3437 2435 3487 2486 in
3513 2433 3775 2491 alienatore,

2249 2503 2508 2558 vindicta.
2544 2505 2652 2558 Nisi
2677 2505 2818 2559 forte
2846 2502 2900 2558 et
2919 2506 3181 2558 alienatur
3209 2504 3345 2568 sibi,
3381 2504 3505 2557 dum
3527 2502 3716 2571 repetit,
3739 2508 3780 2553 et

2249 2574 2660 2644 quiiacceperit,
2687 2575 2853 2630 celeri
2883 2576 3223 2630 restitutione
3253 2575 3605 2644 prospexerit.

2320 2643 2430 2698 Vll.
2459 2644 2612 2712 Quod
2639 2647 2683 2699 si
2731 2647 2938 2700 minore
2967 2648 3156 2698 animze
3200 2660 3320 2700 suae
3375 2643 3498 2699 cura
3551 2644 3778 2714 quisquam

2249 2715 2544 2768 remedium
2577 2716 2814 2770 oblatum
2847 2715 2983 2770 forte
3011 2717 3332 2783 neglexerit,
3366 2730 3520 2783 supra
3549 2730 3604 2768 ea
3633 2725 3775 2782 pinna-

2249 2800 2368 2856 rum
2415 2800 2632 2854 genera,
2661 2802 2777 2856 qua:
2807 2787 3052 2856 superius
3081 2795 3338 2839 tenentur
3366 2785 3604 2854 ascripta,
3630 2790 3776 2838 contra

2248 2852 2348 2926 fas,
2381 2852 2436 2908 si
2454 2858 2596 2926 quod
2623 2852 2948 2925 conceptum
2989 2858 3150 2911 fuerit
3177 2852 3576 2916 documentum,
3605 2855 3778 2926 univer-

2249 2925 2322 2979 sis
2351 2920 2548 3002 viribiis
2580 2920 2844 3002 (quamvis
2882 2927 2949 2980 ab
2977 2929 3128 3002 initio
3160 2927 3338 2980 nullas
3361 2920 3776 3002 habueritielfec-

2250 3003 2411 3049 tetur.
2446 2996 2552 3072 Sed
2583 2995 2742 3052 etiam
2787 2997 2967 3072 liceat__
2993 2998 3408 3072 quibuscunque
3462 2995 3779 3072 ceclesiastieis

2250 3069 2493 3140 personis
2513 3083 2698 3122 vocem
2729 3065 3170 3140 contradictionis
3219 3065 3441 3140 atl'érre,
3483 3075 3534 3140 et
3572 3065 3772 3140 εοειεδίεξέ

2249 3137 2383 3209 stica
2415 3140 2732 3193 auctoritate
2776 3136 2970 3201 fulciri,
3002 3139 3073 3191 ita
3105 3146 3164 3191 ut
3191 3153 3310 3192 cum
3367 3137 3611 3209 fructibus
3633 3136 3779 3209 possit

2251 3207 2426 3260 aliena
2451 3224 2753 3277 reposcere,
2803 3224 2902 3262 nec
2926 3209 3104 3276 aliquo
3132 3222 3191 3260 se
3219 3215 3353 3260 ante
3380 3206 3601 3261 tribunal
3623 3203 3779 3277 Christi

2253 3272 2532 3332 obstaculo
2561 3281 2784 3339 muniat,
2815 3279 2938 3347 quia
2970 3272 3231 3346 religiosis
3280 3279 3560 3331 animabus
3601 3277 3654 3330 ad
3672 3272 3779 3347 sub-

2252 3348 2503 3418 stantiam
2533 3344 3111 3418 [imperum—derelicta
3144 3357 3339 3418 contra
3369 3348 3464 3412 fas,
3495 3349 3601 3402 sine
3643 3344 3780 3412 aliqua

2255 3416 2466 3492 pietatis
2487 3416 2936 3492 consideratione,
2970 3419 3246 3492 dispergit.
3277 3417 3452 3488 Hujus
3479 3426 3641 3492 autem
3683 3428 3780 3492 coti-

2256 3481 2549 3542 stituti0iiis
2575 3489 2748 3558 legem
2765 3481 2847 3542 'in
2879 3481 3177 3558 apostolica
3192 3481 3404 3542 tantum
3434 3490 3660 3542 volumus
3683 3481 3781 3558 sede

2255 3559 2477 3631 servari,
2503 3556 2764 3614 universis
2789 3556 3044 3615 Ecclesiis
3071 3575 3165 3628 per
3205 3560 3514 3628 provincias
3539 3556 3780 3631 secundum

2255 3627 2550 3684 animarum
2565 3626 3242 3700 considerationem—quem
3261 3631 3540 3700 proposito
3562 3626 3781 3700 religioqif

2253 3701 2544 3756 convenire
2579 3707 2817 3756 rectores
2844 3715 3028 3756 earum
3054 3689 3303 3767 viderint,
3333 3689 3483 3756 more
3505 3689 3710 3754 servato.
3732 3689 3781 3744 Εί

2253 3768 2704 3840 subscripserunt.

2322 3837 2533 3913 Caelius,
2563 3842 2934 3913 Symmachus,
2961 3841 3245 3913 episcopus}
3274 3839 3529 3898 Ecclesia:
3551 3837 3780 3897 Romanis,

2253 3909 2376 3982 huic
2401 3909 2712 3982 constituto,
2739 3927 2768 3965 a
2791 3912 2946 3966 nobis
2967 3909 3477 3982 factofsubscripsi.

2322 3978 2532 4052 qulius,
2565 3981 2898 4046 Laurentius,
2922 3983 3205 4052 episcopus
3224 3977 3429 4038 sancire
3473 3977 3781 4052 Mediolanen-

2251 4049 2324 4103 sis
2350 4049 2619 4116 Ecclesiae,
2652 4052 2776 4107 huic
2801 4045 3166 4119 constituto,'a
3193 4052 3490 4108 venerabili
3520 4053 3643 4120 papa
3663 4045 3781 4117 Sym-

2250 4121 2442 4195 ma‘cho
2475 4123 2638 4195 facto,
2666 4124 2975 4192 subscripsi.
3015 4193 3044 4195 μ
3177 4191 3206 4195 Δ
3467 4194 3473 4195 γ
3552 4189 3589 4195 _
3648 4188 3660 4195 _
3717 4185 3724 4195 .

2322 4189 2512 4263 Petrus
2536 4188 2819 4263 episcopus
2849 4188 3127 4248 catholica:
3175 4191 3507 4263 Ravennatis
3552 4188 3779 4263 Ecclesiico

2250 4260 2375 4385 buli:
2403 4258 2780 4346 consti'tutofa
2809 4265 3098 4320 venerabili
3129 4279 3264 4334 papa
3306 4262 3625 4336 Symmacho
3651 4258 3778 4317 facto.

2250 4346 2310 4385 su
2354 4349 2559 4385 scrmsr.

2249 4346 2559 4390 SUDSCI‘IDSI.

2321 4350 2453 4387 DSCI‘l
2525 4352 2559 4388 1.

2321 4350 2572 4476 Ευιεῖἷιῖς,
2602 4405 2884 4475 episcopus
2924 4413 3124 4460 sanctae
3164 4401 3420 4476 Ecclesia
3459 4405 3778 4476 ὃγτξιουξθηων

2253 4471 2376 4550 huic
2413 4469 2727 4550 constituto,
2762 4469 2803 4530 a'
2827 4476 3119 4532 venerabili
3137 4491 3275 4547 papa
3305 4469 3620 4550 Symmacho
3645 4469 3775 4530 facto.

567 4541 900 4623 substantiae,
930 4557 1065 4609 opus
1090 4550 1172 4623 est
1199 4549 1258 4593 ut
1285 4541 1703 4623 sollicitudinem
1754 4552 1988 4597 nostram
2037 4560 2143 4623 non
2174 4561 2226 4623 ι)
2251 4543 2562 4623 subscripsi.

567 4612 742 4667 solum
785 4613 851 4665 ad
880 4610 1180 4680 praesentia,
1207 4611 1299 4664 sed
1337 4614 1499 4665 etiam
1544 4613 1611 4666 ad
1659 4622 1904 4667 secutura
1954 4615 2145 4669 szecula

567 4683 922 4752 porrigamus,
953 4695 1021 4734 ne
1050 4681 1117 4734 ad
1147 4681 1337 4734 anitum
1365 4690 1561 4752 nostra:
1588 4681 1905 4736 detrimenta
1933 4685 2144 4739 contin-

570 4751 685 4822 gat,
712 4752 849 4824 sibi,
869 4752 960 4824 qui
975 4759 1220 4824 possunt,
1245 4752 1461 4824 statutis
1486 4751 1682 4824 debere
1700 4754 2001 4808 innocentia
2020 4770 2150 4824 pne-

569 4820 834 4898 sumentis
855 4821 922 4876 de
951 4820 1197 4876 libertate
1245 4820 1709 4898 deliquerit,_cum
1737 4825 1985 4898 religiosa
2012 4820 2146 4898 pos-

569 4893 686 4966 sint
705 4902 761 4947 et
788 4907 912 4966 nos,
935 4900 991 4966 et
1018 4907 1359 4966 successores
1407 4894 1577 4948 nostri
1627 4893 1897 4965 potestate
1944 4893 2142 4966 fulciri,

567 4963 776 5032 legibus
803 4962 1181 5018 ecclesiasticis
1206 4963 1517 5018 servientes.

638 5033 726 5090 ιν.
762 5032 857 5090 His
880 5048 1008 5102 ergo
1039 5034 1338 5104 perpensis,
1369 5050 1624 5091 mansuro
1664 5052 1784 5092 cum
1830 5037 1924 5094 Dei
1973 5039 2144 5094 nostri

565 5104 1001 5177 consideratione
1029 5105 1246 5159 decreto
1274 5107 1561 5177 sancimus,
1589 5115 1647 5160 ut
1683 5108 1812 5161 nulli
1836 5111 2144 5177 apostolica:

567 5179 709 5233 sedis
737 5176 949 5246 pnesnli
987 5190 1016 5228 a
1067 5176 1314 5297 pnesenti
1342 5176 1430 5230 die
1474 5176 1645 5232 donec
1672 5176 1992 5248 disponente
2034 5181 2144 5234 Do-

567 5250 712 5297 mino
741 5247 1022 5297 catholicae
1084 5247 1188 5297 tdei
1237 5248 1492 5297 manserit
1521 5249 1758 5297 doctrina
1790 5251 2056 5297 salutaris.
2082 5251 2144 5297 li.

567 5250 712 5302 mino
741 5247 1022 5304 catholica:
1067 5247 1189 5301 fidei
1237 5248 1492 5301 manserit
1521 5247 1764 5303 doctrina
1790 5251 2056 5312 salutaris,
2082 5251 2149 5304 li-

567 5327 687 5388 ceat
715 5317 970 5387 praedium
999 5317 1258 5371 ru5ticum
1288 5326 1714 5388 quanteeunque
1743 5319 1904 5373 fuerit
1923 5321 2007 5373 vel
2040 5336 2144 5375 ma-

568 5387 880 5454 gnitudinis,
927 5388 1011 5442 vel
1043 5390 1368 5455 exiguitatis,
1402 5388 1501 5442 sub
1528 5387 1788 5458 perpetua
1817 5390 2145 5445 alienatiOue

566 5457 653 5511 vel
694 5459 1112 5512 commutatione
1159 5459 1224 5512 ad
1250 5457 1674 5528 cnjnslibet’jnra
1710 5460 2015 5525 transferre,
2047 5475 2146 5516 nec

567 5528 1232 5602 cujusquamexcusentur
1275 5529 1623 5602 necessitatis;
1667 5531 1907 5584 obtentu.
1937 5531 2146 5602 Quippe

567 5613 693 5671 cum
720 5612 828 5651 non
856 5599 926 5654 sit
957 5599 1239 5671 personale
1289 5599 1434 5671 quod
1483 5599 1772 5670 loquimur,
1809 5615 1908 5654 nec
1955 5599 2146 5671 aliquis

568 5667 887 5724 clericorum
914 5668 1000 5742 vel
1028 5667 1409 5742 lai_corum_sub
1456 5667 1870 5742 liacioccasione
1900 5667 2147 5742 parce-pta

568 5747 799 5806 tueatur,
844 5739 938 5795 sed
967 5753 1067 5794 nec
1093 5739 1144 5793 in
1174 5739 1506 5795 usufructnm
1552 5738 1673 5808 jura
1730 5741 1994 5809 aliquibus
2029 5738 2149 5798 dari

567 5810 748 5880 liceat,
771 5825 872 5866 nec
901 5809 1025 5866 data
1055 5810 1297 5875 retineri,
1327 5819 1519 5880 praeter
1539 5811 1784 5881 clericos,
1805 5819 1862 5866 et
1881 5814 2146 5887 captivos,

2320 4613 2473 4671 Felix
2492 4617 2928 4683 lnteramnensis,

2322 4683 2657 4759 {Emilianns
2669 4686 3012 4759 Vetellensis,

2325 4755 2588 4827 :I‘igridins
2617 4757 2944 4827 Taurinatis,

2319 4825 2512 4882 Bassus
2543 4828 2874 4896 Mutinensis,

2320 4897 2584 4954 Maximus
2607 4897 2883 4966 Blcranus,

2321 4967 2599 5024 Rufeutius
2621 4969 2916 5037 lgnatinus,

2322 5037 2671 5109 Martinianus
2699 5039 2978 5109 Ostiensis,

2322 5107 3052 5183 EortunatusVessanensis,

2322 5179 2600 5250 Eucarpus
2625 5181 3001 5250 Messanensis,

2320 5249 2628 5320 Stephanus
2653 5250 2975 5318 Venusinus,

2323 5318 2582 5391 Boriiulus
2613 5319 3000 5391 Praznestinus,

2324 5388 2636 5464 Yiudemius
2663 5388 2990 5464 Aintiatinns,‘

2323 5460 2649 5532 Fortunatus
2678 5460 3004 5532 Fulgenatis,

2321 5530 2614 5587 Martianus
2641 5530 3006 5603 Ecaniensis,

2320 5603 2698 5674 Chrysogonus
2726 5604 3061 5672 Albauensis,

2323 5673 2640 5745 Laurentius
2670 5675 3035 5745 Bovianeusis,

2321 5742 2638 5817 Paschasius
2671 5742 3060 5817 Vulturnensis,

2325 5814 2521 5887 Aprilis
2540 5815 2854 5884 Nucerinus,
