4092 6348
271 330 394 391 337

358 445 666 506 Adeodatus
687 444 1028 517 Formianus,

356 520 539 578 Justus
558 519 901 589 Signatinus,

354 592 629 660 Augustus
653 588 1020 660 Liparitanus,

358 662 690 719 Fortunatus
710 662 1037 729 Suessanus,

355 731 629 790 Jocundus
662 732 1027 801 Augustanus,

355 802 641 864 ,Viticanus
668 802 1021 871 Celeniensis,

359 872 744 947 Proculeianus
763 874 1058 947 Sepinatis,

364 945 561 1015 Aprilis
589 944 987 1013 Lateranénsis,

360 1015 571 1071 Memor
595 1016 919 1072 Canusinus.

676 1034 897 1073 "USIDUS

360 1057 1036 1158 ἒῶἱόἷίιενῧὲἴέἄτΐηιιε,

361 1103 1183 1233 ῗέἓὲἔιιέῗηζ⁰ὲέἳ⁸νέἔ²ἓὲιῗξιίάω,

1255 321 1629 385 οοιιερτιο
1664 321 1708 380 ll
1744 321 2217 381 DECRETORUM
2258 321 2362 377 PP.
2405 319 2521 377 RR.

1899 449 1954 511 Α
2049 437 2821 511 Βοεεῑιιεᾼτθυτοωθηίωηιιε,

3455 315 3562 375 ⁷158

2049 508 2258 566 Probus
2281 508 2681 575 Carmeianen.,

2050 581 2320 652 Tigridius
2354 579 2718 652 Tauriganus,

2052 653 2292 709 Joannes
2319 651 2699 719 Ariminensis,

2053 724 2325 781 Candidus
2350 721 2688 788 Tiburtinus,
3181 773 3185 779 ,

2056 795 2269 850 Asellus
2292 792 2718 863 Popolienensis,
3100 804 3112 835 ι

2055 866 2363 935 Collonicus
2384 863 2842 935 Foroclodiensis,

2056 935 2292 992 Joannes
2312 934 2652 1004 Turritanus,

2058 1006 2323 1063 Venerius
2352 1004 2636 1072 Pallensis,

2057 1078 2259 1134 Servus
2276 1077 2373 1132 Dei
2398 1075 2739 1143 Ferenensis,

2055 1149 2323 1205 Dulcitius
2350 1147 2534 1204 Sancti
2567 1146 2793 1203 Antimi.

322 1242 3571 1277 Mm

1357 1345 1727 1410 DECRETA
1771 1332 2211 1403 HORMISDIE
2256 1331 2509 1396 PAPIE.

365 1535 613 1609 Justinus
641 1536 909 1609 Augustus
938 1536 1235 1594 Hormisdm
1260 1552 1432 1609 papae.

368 1608 492 1675 Quo
512 1609 712 1680 fuimus
733 1608 967 1680 Semper,
1000 1618 1056 1665 et
1076 1624 1184 1679 quo
1209 1608 1394 1680 sumus
1421 1608 1598 1665 studio
1624 1620 1726 1680 pro
1754 1619 1887 1661 con-

1986 1538 2188 1596 sponso
2210 1520 2382 1577 laetior
2403 1518 2633 1596 mundus
2652 1519 2931 1596 reddatur.
2946 1518 3391 1596 Retineatau‘tem
3402 1523 3583 1572 vestra

1989 1588 2269 1658 sanctitas,
2303 1592 2461 1663 quod
2495 1590 2698 1663 dudum
2746 1591 3066 1663 scripsimus
3097 1606 3167 1645 ex
3197 1588 3417 1663 Oriente
3446 1603 3579 1658 sup-

292 1661 1777 1742 cauneis"sentehiiis‘ésinanéiin'iaéﬁéoiénimm,
1827 1680 1890 1731 ut
1917 1665 1965 1725 B
1990 1661 2496 1742 plicationes'nobis
2522 1661 2961 1742 essedestinatas
2985 1662 3320 1742 voluntatem_
3344 1661 3582 1742 iP59l'um

293 1751 498 1807 eodem
535 1750 716 1806 animo
760 1752 939 1807 cuncti
985 1760 1312 1807 venerentur
1350 1752 1527 1807 lumen
1558 1749 1889 1803 individuum

293 1821 604 1886 Trinitatis,
636 1822 810 1893 palam
842 1821 1033 1878 fecisse
1056 1823 1418 1891 dignoscimur
1452 1842 1464 1876 :
1494 1836 1636 1876 nunc
1658 1821 1893 1893 legatum

296 1893 369 1947 ad
393 1900 628 1963 vestram
644 1891 1041 1948 beatitudinem
1070 1894 1213 1948 ultro
1243 1896 1313 1948 ob
1341 1895 1445 1951 hoc
1470 1894 1639 1963 ipsum
1662 1891 1895 1958 dirigen-

296 1972 389 2020 tes
406 1961 631 2035 Gratum
652 1964 825 2018 virum
846 1965 1193 2035 spectabilem
1220 1961 1532 2033 magistrum
1561 1962 1760 2035 scrinii,
1786 1975 1895 2029 quo

296 2033 607 2091 remedium
660 2033 890 2090 tandem
922 2036 1226 2105 reperiatur
1271 2036 1551 2091 discordiis
1598 2034 1897 2105 variaucer-

300 2106 586 2177 tantium;
620 2122 764 2162 nunc
791 2122 964 2177 prono
989 2102 1290 2175 libentique
1318 2106 1674 2177 suscipientes
1702 2102 1898 2177 affectu

301 2177 463 2231 viros
490 2174 941 2248 religiosissimos,
970 2193 1107 2248 quos
1136 2174 1528 2233 interventores
1558 2174 1782 2248 unitatis
1805 2188 1900 2227 ve-

304 2254 429 2303 stra
448 2317 456 2319 Α
478 2242 636 2303 sedes
663 2249 962 2319 apostolica
988 2242 1215 2304 credidit
1248 2248 1616 2303 destinandos.
1650 2242 1900 2319 Profecto

306 2317 517 2390 etenim
544 2314 798 2389 tanquam
828 2320 995 2389 ipsam
1023 2335 1229 2390 pacem,
1263 2327 1320 2373 et
1340 2318 1588 2389 jocundis
1607 2331 1709 2390 eos
1731 2314 1902 2369 oculis

307 2387 732 2459 aspeximus,'et
756 2387 991 2445 extensis
1019 2387 1265 2445 inanibus
1293 2387 1542 2445 duximus
1572 2387 1905 2457 amplecten-

307 2458 443 2515 dos.
473 2458 776 2525 Quinetiam
809 2462 956 2515 omni
976 2462 1274 2517 intentione
1302 2460 1689 2523 ordiuabimus,
1723 2464 1781 2511 ut
1806 2470 1903 2510 ve-

304 2530 575 2603 nerabilis
594 2529 835 2587 Ecclesia
862 2529 1476 2603 Constantinopolitana,
1500 2547 1600 2603 nec
1628 2543 1736 2603 non
1765 2542 1907 2583 com-

305 2601 505 2673 plures
531 2602 649 2673 alia:
678 2604 1121 2673 vota‘suscipiant
1148 2600 1348 2669 vestra,
1376 2619 1481 2657 non
1511 2602 1683 2656 solum
1714 2600 1769 2653 in
1797 2613 1905 2673 (δαῖε

306 2668 480 2739 ieris,
508 2672 602 2726 sed
632 2672 685 2726 in
726 2668 1030 2729 auferend'is
1058 2676 1220 2729 etiam
1249 2674 1576 2736 nominibus,
1624 2686 1693 2727 ex
1740 2668 1908 2725 sacris

307 2741 611 2815 diptycbis,
630 2758 749 2815 quae
766 2745 1089 2800 removenda
1118 2747 1351 2800 maxime
1363 2740 1909 2815 postulastisLVerum

309 2810 597 2869 nonnulla:
645 2810 860 2870 fuerunt
904 2816 1065 2871 urbes
1116 2825 1171 2871 et
1199 2810 1455 2871 Ecclesia:
1507 2823 1617 2867 tam
1673 2810 1910 2866 Ponticae

313 2898 487 2957 quam
519 2883 677 2957 Asia,
709 2902 774 2942 ac
803 2887 1072 2957 praecipue
1097 2885 1416 2953 Orientales,
1455 2900 1680 2955 quarum
1704 2883 1907 2957 clerici,

314 2956 411 3029 vel
433 2956 616 3025 populi
647 2954 893 3013 omnibus
920 2954 1208 3029 pet-tentati
1238 2958 1393 3013 minis
1414 2954 1574 3026 atque
1602 2954 1910 3029 persuasio-

317 3024 519 3091 nibus,
540 3034 721 3081 tamen
751 3024 1088 3099 nequaquam
1126 3027 1251 3083 flexi
1280 3036 1405 3083 sunt
1443 3024 1502 3082 ut
1545 3024 1739 3099 tollant
1768 3024 1911 3099 anti-

318 3099 535 3181 stitum,
561 3106 617 3152 et
633 3095 1163 3181 repella'ntnomina,
1183 3114 1419 3181 quorum
1448 3097 1588 3181 apud
1608 3111 1703 3181 eos
1724 3095 1913 3179 opinio

322 3166 536 3233 floruit,
558 3167 650 3223 sed
679 3166 852 3224 morte
883 3170 1049 3223 vitam
1077 3166 1351 3225 duriorem
1380 3166 1667 3235 aestimant,
1692 3166 1738 3221 si
1768 3181 1917 3221 mor-

324 3247 457 3293 tnos
478 3238 974 3305 condemnaverint,
1016 3256 1244 3309 quorum
1273 3240 1644 3310 gloriabantur
1686 3239 1795 3310 vita
1823 3253 1915 3310 su-

326 3313 640 3380 perstitum.
656 3310 793 3377 Quid
816 3313 974 3381 igitur
993 3307 1250 3366 faciamus
1262 3307 1568 3381 huiusmodi
1584 3307 1913 3380 pertinacia},

329 3394 458 3506 aure
489 3395 587 3436 nec
614 3381 757 3437 dicto
784 3383 1007 3437 audiens
1035 3384 1236 3449 existit,
1271 3391 1326 3438 et
1354 3390 1621 3438 tormenta
1649 3381 1915 3435 intantum

370 3451 580 3506 esnicit.
601 3460 666 3506 ut
693 3452 927 3506 amplum
951 3453 1075 3506 sibi.
1100 3468 1163 3506 ac
1190 3453 1435 3506 festivum
1464 3453 1696 3506 iudicet.
1722 3451 1767 3504 si
1792 3464 1915 3505 cor-

370 3451 581 3524 espicit,
601 3460 666 3506 ut
693 3452 927 3524 amplum
951 3453 1075 3521 sibi,
1100 3468 1163 3509 ac
1190 3453 1435 3509 festivum
1457 3451 1916 3524 judicet,isi_cor-

329 3519 469 3593 pore
504 3523 651 3592 prius
698 3519 859 3592 quam
906 3519 1157 3593 religioso
1196 3524 1419 3581 desistat
1458 3519 1721 3593 consiliol
1750 3519 1916 3576 Nobis

330 3592 550 3664 quidem
582 3594 792 3649 videtur
812 3611 948 3663 opus
971 3592 1092 3650 esse
1120 3596 1332 3650 mollius
1356 3593 1569 3664 agendi,
1601 3602 1658 3647 et
1675 3592 1915 3664 clemen-

332 3663 461 3725 tius,
486 3678 607 3733 qua:
634 3667 680 3720 si
711 3681 817 3719 non
841 3667 894 3720 in
923 3674 1014 3720 tua
1035 3663 1409 3721 sanctitudine
1436 3667 1571 3734 jam,
1596 3679 1695 3718 nec
1725 3663 1778 3716 in
1808 3663 1916 3734 alio

329 3743 593 3805 poterunt
634 3737 894 3802 inveniri;
927 3752 1050 3791 nam
1081 3752 1254 3806 neque
1279 3733 1582 3805 sanguinis,
1615 3743 1671 3789 et
1713 3733 1918 3806 suppli-

331 3806 543 3860 ciorum
574 3807 751 3876 cupidi
783 3807 946 3878 (quod
977 3808 1121 3863 dictu
1161 3804 1322 3863 etiam
1352 3804 1515 3876 grave
1544 3808 1649 3877 est)
1680 3804 1917 3860 libellum

332 3879 690 3949 suscepimus,
724 3893 901 3946 neque
930 3887 989 3933 ut
1034 3895 1199 3949 parvo
1245 3878 1569 3949 discrimine
1601 3880 1920 3930 remaneant

334 3943 652 4017 imperfecta
700 3943 1001 4004 concordia:
1029 3943 1294 4004 desideria
1326 3968 1338 4003 :
1387 3948 1482 4003 sed
1509 3948 1577 4002 ad
1619 3960 1918 4017 prorogan-

333 4016 621 4089 dam,_quo
650 4035 931 4089 possumus
960 4021 1166 4084 ordine,
1187 4016 1923 4089 cunjunctionem’membro-

333 4102 457 4141 rum
486 4085 755 4145 Beck-site.
794 4088 980 4145 Utrum
1025 4092 1203 4160 itaque
1248 4085 1586 4161 prtestantius
1616 4089 1718 4143 erit
1747 4088 1917 4161 mino-

332 4172 456 4211 rum
487 4162 658 4226 gratia
683 4163 733 4215 in
768 4170 937 4215 totum
966 4177 1087 4217 esse
1114 4157 1269 4216 nobis
1297 4161 1548 4215 adversas
1575 4168 1753 4213 tantas
1777 4157 1919 4210 mul-

335 4229 617 4296 titudines,
650 4248 719 4285 an
768 4236 1044 4287 concessis
1084 4234 1309 4300 exiguis,
1345 4238 1401 4284 et
1430 4230 1690 4297 remissis,
1713 4227 1920 4300 majora

336 4308 395 4353 et
420 4302 566 4355 omni
595 4304 803 4357 ratione
830 4304 1113 4372 quaerenda
1144 4297 1339 4371 corrigi
1368 4319 1382 4354 :
1412 4310 1469 4355 ut
1494 4315 1745 4372 quminon
1771 4297 1921 4372 licuit

337 4384 437 4495 ger
448 4373 649 4439 omnia,
676 4368 867 4429 saltem
890 4392 957 4429 ex
987 4368 1312 4429 necessariis
1329 4368 1566 4443 partibus
1586 4368 1920 4438 allegantur?

390 4442 569 4495 eniam
596 4444 775 4495 itanue
793 4447 1067 4495 nominum
1091 4444 1443 4495 postulamus.
1469 4458 1576 4495 non
1600 4440 1789 4495 Acatii.
1812 4453 1920 4493 non

1996 1731 2339 1794 continentes
2380 1743 2437 1787 et
2479 1732 2798 1797 arbitrium,
2849 1733 2904 1786 in
2959 1747 3068 1802 quo
3114 1746 3236 1787 sese
3290 1731 3584 1802 duraturos

1996 1808 2290 1864 ostendunt
2313 1803 2556 1867 firmiter,
2580 1812 2676 1857 eta
2697 1818 2805 1871 quo
2822 1802 2964 1856 nulla
2978 1797 3197 1857 ratione
3217 1797 3586 1855 desistendum

1996 1880 2284 1935 aestimant.
2317 1874 2468 1929 Hanc
2498 1876 2679 1941 itaque
2708 1874 3010 1928 chartulam
3048 1873 3344 1928 secundum
3395 1876 3585 1925 nostra

1997 1949 2394 2022 promissahper
2426 1943 2686 2022 Joannem
2713 1945 2889 2022 virum
2938 1942 3441 2022 reverendissimum
3465 1941 3590 2022 epi-

1998 2009 2224 2089 scopum
2246 2009 2580 2085 dirigendam
2603 2014 2756 2089 vobis
2778 2016 2830 2089 in
2856 2015 3105 2084 prmsenti
3127 2014 3325 2089 _merit_o
3355 2009 3591 2089 credidi:

2000 2078 2121 2147 mus
2155 2107 2167 2142 :
2201 2096 2261 2142 ut
2288 2103 2318 2141 a
2340 2078 2519 2141 vestra
2564 2085 2691 2140 sede
2721 2078 2883 2139 etiam
2906 2092 3063 2139 tenor
3091 2084 3207 2153 ejus
3229 2083 3492 2137 admissus
3510 2078 3591 2153 ad

2002 2160 2331 2229 colligendas
2356 2154 2621 2229 proficiat,
2655 2163 2710 2209 et
2739 2154 3051 2229 adunandas
3078 2151 3275 2223 ubique
3290 2151 3591 2229 _venerabi-_

2002 2233 2084 2287 les
2128 2220 2415 2293 Ecclesias,
2447 2235 2503 2281 et
2555 2226 3095 2297 Hierosolymitanam
3143 2220 3413 2297 pratcipue
3446 2240 3477 2297 :_
3484 2220 3592 2297 cui

2003 2312 2212 2357 tantum
2238 2292 2426 2356 omnes
2456 2297 2692 2352 favorem
2724 2292 3054 2366 impendunt,
3071 2292 3224 2365 quasi
3253 2292 3596 2366 matriAChri-

2005 2374 2164 2429 stiani
2196 2371 2448 2435 nominis,
2482 2377 2539 2422 ut
2567 2383 2727 2423 nemo
2757 2364 2953 2421 audeat
2984 2369 3051 2421 ab
3094 2364 3162 2419 ea
3212 2380 3330 2420 sese
3383 2364 3593 2435 discer-

2006 2460 2157 2499 nere.
2200 2433 2535 2497 ConsenSum
2581 2440 2762 2509 itaque
2791 2438 3071 2508 proprium
3095 2443 3241 2509 tuam
3272 2433 3594 2509 sanctitudi—

2008 2530 2132 2569 nem
2165 2512 2442 2582 epistolari
2470 2505 2690 2581 quoque
2716 2505 2910 2579 pagina
2960 2507 3217 2582 convenit
3270 2505 3546 2582 declarare
3578 2520 3595 2557 :

2008 2594 2068 2640 ut
2097 2575 2314 2653 cognito
2332 2575 2808 2653 omnibus,—_atq'ue_
2826 2578 3093 2653 patefacto
3137 2585 3329 2653 tenore
3354 2575 3598 2649 ejusdem

2009 2648 2267 2712 chartulae
2305 2668 2336 2707 a
2381 2651 2536 2707 vobis
2565 2648 2728 2704 etiam
2760 2648 2996 2713 laudari,
3036 2657 3091 2704 et
3120 2648 3385 2703 tenaciter
3412 2653 3599 2700 custo-

2010 2727 2111 2781 diri
2140 2725 2314 2779 lmtior
2340 2721 2570 2777 mundus
2599 2722 2815 2775 existat.
2850 2721 2983 2775 Data
3013 2736 3048 2774 v
3075 2720 3150 2773 id.
3187 2717 3341 2781 Sept.
3366 2714 3596 2769 Calche-

2012 2796 2177 2860 done,
2212 2794 2445 2848 Rustitio
2486 2808 2673 2862 cons.;
2713 2800 2933 2862 accepta
2989 2790 3161 2861 pridie
3203 2786 3309 2845 cal.
3338 2786 3593 2841 Decemb.

2012 2882 2163 2923 cons.
2186 2864 2284 2921 SS.
2309 2865 2432 2936 (An.
2463 2861 2654 2917 Christi
2688 2862 2793 2917 520
2811 2874 2849 2930 ).

2545 2952 2831 3026 Exemplar
2857 2970 3082 3026 precum.

1942 3064 1988 3127 ρ
2035 3120 2047 3127 Δ
2088 3046 2155 3103 ΙΙ.
2197 3046 2310 3127 Deo
2348 3045 2598 3127 amabili,
2634 3060 2715 3127 ac,
2746 3045 2992 3127 piissimo
3038 3043 3374 3127 imperatori,
3405 3056 3469 3127 e‘x
3492 3040 3606 3097 Deo

2019 3120 2281 3199 Augusto,
2327 3124 2385 3171 et
2404 3187 2416 3199 1
2427 3115 2657 3199 principi
2688 3113 2897 3199 Justino
2922 3113 3608 3199 _Christianissimo‘depre-

2016 3184 2179 3253 cutio,
2197 3197 2252 3243 et
2266 3184 2585 3257 supplicatio
2607 3184 3213 3257 abﬂierosolymitanis,
3234 3193 3290 3257 et
3312 3184 3607 3239 Antioche-

2018 3262 2120 3327 nis,
2146 3269 2201 3315 et
2229 3256 2479 3313 secunda:
2507 3256 2953 3328 Syri:e_clericis,
2975 3264 3032 3312 et
3058 3256 3364 3321 abbatibus,
3395 3262 3452 3311 et
3472 3269 3603 3326 pos-

2016 3330 2324 3387 sessoribus
2353 3326 2643 3398 provinciae
2670 3326 2859 3398 Syriae.

2087 3400 2311 3455 Haurite
2340 3396 2532 3468 aquam
2563 3414 2685 3453 cum
2713 3396 2899 3453 lietitia
2927 3414 2996 3454 ex
3022 3396 3257 3454 fontibus
3280 3396 3489 3463 salutis,
3512 3411 3610 3454 voc

2018 3470 2275 3528 ciferatur
2301 3469 2479 3541 Isaias
2494 3469 2759 3540 propheta
2784 3478 2840 3524 et
2866 3470 3061 3525 clamat
3090 3469 3231 3541 (Iro.
3254 3470 3375 3539 xu),
3429 3468 3609 3524 fontes

2016 3543 2228 3607 salutis,
2260 3540 2600 3610 evangelicas
2629 3542 2920 3607 veritates,
2952 3548 3008 3595 et
3044 3540 3460 3610 praedicationes
3487 3553 3608 3593 ma-

2017 3613 2212 3669 nifeste
2240 3612 2553 3681 ostendens,
2584 3625 2655 3665 ex
2683 3612 2879 3681 quibus
2921 3610 3067 3666 beati
3107 3611 3371 3681 apostoli,
3423 3618 3479 3665 et
3506 3623 3607 3665 eo-

2017 3700 2158 3747 rum,
2190 3684 2283 3752 qui
2312 3697 2409 3753 per
2429 3680 2676 3753 ordinem
2714 3680 2931 3737 fuerunt
2957 3680 3313 3753 discipuli,et
3333 3681 3609 3751 sapientes

2018 3753 2274 3811 Ecclesiae
2300 3752 2569 3818 doctores,
2594 3752 2883 3821 salutarem
2905 3752 3105 3821 aquam
3132 3752 3254 3808 fidei
3276 3752 3610 3818 haurientes,

2019 3840 2237 3881 omnem
2266 3831 2512 3878 sanctam
2542 3822 2636 3877 Dei
2664 3819 2971 3878 Ecclesiani
3007 3824 3382 3891 irrigaverunt,
3406 3836 3526 3891 qua:
3554 3821 3612 3876 in

2058 3904 2175 3951 etra
2202 3895 2398 3949 summi
2428 3894 2800 3959 apostolorum
2828 3894 3057 3948 subnixa
3083 3902 3311 3959 rectum,
3340 3900 3398 3947 et
3418 3893 3611 3947 incon-

2060 3966 2310 4021 exibilem
2341 3961 2736 4019 confessionem
2766 3964 3107 4029 custodiens,
3142 3961 3461 4019 fiducialiter
3487 3976 3612 4016 cum

2021 4052 2088 4092 eo
2114 4036 2183 4090 ad
2213 4035 2545 4104 unigenitum
2572 4033 2776 4104 Filium
2788 4034 2883 4089 Dei
2907 4036 3053 4089 omni
3073 4042 3316 4104 tempore
3341 4034 3613 4104 exclamat

2021 4107 2205 4175 dicens
2230 4123 2241 4158 :
2270 4102 2350 4157 Tu
2380 4119 2439 4158 es
2466 4104 2712 4175 Christus
2741 4102 2908 4159 Filius
2952 4105 3049 4159 Dei
3075 4102 3441 4175 vivi'(Matth.
3473 4102 3611 4175 xvx).

2020 4174 2175 4231 Hanc
2202 4175 2493 4229 salutarem
2543 4172 2937 4228 confessionem
2981 4188 3013 4228 a
3042 4172 3245 4229 sanctis
3270 4181 3505 4243 quatuor
3523 4172 3615 4243 sy-

2022 4246 2196 4309 nodis,
2212 4259 2330 4314 qua:
2350 4244 2972 4314 evangelicisprmceptis
2992 4252 3118 4298 sunt
3137 4242 3616 4314 honoratae,susci-

2022 4311 2244 4386 pientes
2257 4311 2526 4386 nunquam
2539 4328 2638 4386 per
2647 4311 2847 4386 Christi
2859 4311 3086 4381 gratiam
3099 4329 3130 4368 a
3146 4313 3357 4368 traditis
3369 4312 3617 4386 nobis_re-

2023 4382 2123 4442 etis
2132 4384 2468 4453 dogmatibus
2480 4383 2545 4438 de
2552 4384 2829 4448 viavimus,
2842 4386 2980 4439 sicut
2991 4400 3170 4440 rerum
3183 4390 3408 4439 testatur
3416 4382 3617 4453 proba-

390 4442 569 4522 eniam
596 4444 1067 4525 itaﬂue_liominuln
1091 4440 1443 4525 postulamus,
1469 4458 1576 4525 non
1600 4440 1789 4524 Acatii.
1812 4453 1916 4493 non

2025 4440 2174 4513 tioet
2191 4440 2297 4511 tein
2305 4470 2435 4525 pore
2448 4455 2783 4509 necessitatis
2797 4440 2919 4510 fidei
2941 4456 3245 4510 constantia
3255 4440 3613 4525 demonstrat.

339 4512 621 4583 utriusque
650 4512 812 4581 Petri,
846 4532 950 4571 non
983 4512 1221 4571 Dioscori
1254 4516 1338 4570 vel
1376 4513 1664 4577 Timothei,
1690 4524 1919 4582 quorum

339 4582 603 4638 vocabula
627 4584 694 4639 ad
723 4602 823 4641 nos
851 4586 987 4641 data:
1015 4588 1313 4641 sanctitatis
1344 4594 1448 4639 tuae
1474 4585 1714 4654 epistola:
1741 4582 1919 4654 conti-

342 4655 546 4726 nebant
576 4673 590 4707 :
616 4656 711 4711 sed
737 4672 873 4726 quos
901 4659 953 4712 in
984 4657 1101 4712 aliis
1129 4658 1421 4712 celebravit
1447 4653 1760 4726 civitatibus»
1780 4653 1925 4726 epis-

343 4724 550 4798 copalis
580 4724 897 4791 reverentia,
932 4736 985 4781 et
1030 4729 1134 4782 hoc
1175 4727 1414 4798 exceptis
1443 4726 1683 4793 urbibus,
1711 4724 1802 4778 ubi
1825 4737 1921 4776 ve-

344 4804 469 4868 stne
481 4796 825 4868 beatitudinis
848 4799 1057 4853 libellus
1074 4798 1187 4867 jam
1206 4800 1258 4852 in
1286 4796 1499 4868 plenum
1527 4797 1790 4868 admissus
1818 4800 1923 4860 est,

346 4865 452 4919 nisi
479 4867 615 4940 hanc
651 4882 865 4939 quoque
900 4865 1105 4940 partem
1138 4865 1509 4940 benevolentia
1550 4866 1800 4940 statuerit
1827 4879 1925 4919 ve-

349 4944 462 4988 stra
492 4939 671 4993 mitius
694 4938 1086 5009 corrigendam.
1120 4939 1319 4994 Verum
1360 4954 1460 4993 nec
1484 4938 1686 5007 judicio
1718 4952 1807 5009 res
1833 4950 1927 5009 ca-

351 5013 436 5082 ret
462 5010 604 5082 sedis
630 5006 959 5082 apostolicae,
989 5017 1047 5065 ut
1074 5025 1182 5063 non
1229 5010 1399 5078 magis
1420 5007 1840 5082 veniadicenda
1861 5006 1931 5059 sit

352 5078 533 5151 quam
557 5078 847 5151 deliberata
869 5083 980 5151 jam
1008 5096 1071 5135 ac
1094 5089 1376 5151 perspecta
1403 5079 1666 5135 definitio.
1696 5078 1930 5151 Anasta-

351 5149 473 5220 s_ius
492 5149 751 5219 siquidem
780 5148 1194 5220 religiosissima:
1209 5148 1483 5207 memoria:
1506 5159 1696 5206 vestra:
1718 5148 1930 5220 culmen

352 5215 831 5300 Ecclesiaenpalam
878 5215 1171 5300 aperteque
1224 5224 1577 5300 constituerat
1609 5240 1622 5275 :
1652 5234 1773 5300 cum
1825 5219 1931 5272 hoc

354 5288 494 5343 idem
520 5288 780 5363 scriberet
809 5288 1097 5363 negotium
1112 5294 1381 5348 decessori
1413 5301 1620 5359 nostro,
1650 5292 1782 5347 satis
1809 5302 1930 5344 esse

354 5374 544 5432 pacem
591 5362 986 5432 affectantibus,
1034 5367 1079 5421 si
1127 5378 1325 5419 nomen
1377 5371 1585 5418 tantum
1640 5363 1932 5418 reticeatur

359 5429 553 5506 Acatii.
580 5432 722 5503 Ergo
752 5437 934 5506 priora
960 5429 1155 5491 vestrae
1176 5435 1319 5490 sedis
1348 5434 1930 5506 constituta‘sequitur,

356 5503 448 5571 qui
478 5520 585 5557 non
636 5503 827 5561 omnes
880 5507 1168 5562 memorias
1196 5512 1528 5559 mortuorum
1570 5504 1774 5575 judicat
1801 5517 1934 5556 cou-

360 5575 693 5645 temnendas,
726 5586 783 5631 ut
811 5578 1085 5645 indignum
1142 5576 1403 5631 habeatur
1455 5582 1511 5629 et
1561 5577 1936 5645 incongruum,

358 5644 403 5697 si
427 5661 531 5699 non
564 5646 825 5716 placidior
852 5644 1099 5702 omnibus
1147 5662 1255 5701 non
1301 5647 1476 5701 solum
1512 5644 1794 5709 defunctis,
1840 5644 1938 5716 sed

360 5715 522 5769 etiam
552 5712 927 5787 superstitibus
977 5728 1156 5775 vestra
1200 5717 1502 5786 divulgetur
1544 5716 1786 5787 inomni
1834 5712 1939 5770 fine

362 5793 629 5859 terrarum
658 5788 884 5845 lenitas:
916 5798 973 5845 et
996 5791 1101 5846 hoc
1117 5790 1335 5859 quidem
1363 5803 1471 5843 non
1497 5786 1937 5859 dubitaverimus,

365 5855 443 5912 ita
467 5860 767 5929 gratiosum
791 5861 946 5919 vobis
973 5855 1212 5918 futurum
1234 5899 1254 5929 ,
1281 5865 1341 5916 ut
1368 5856 1593 5931 paciﬁco
1630 5858 1813 5916 statim
1852 5874 1944 5917 re-

2028 4528 2086 4582 Si
2104 4527 2287 4597 igitur,
2305 4524 2365 4580 ut
2386 4524 2699 4597 Christiani,
2722 4526 2918 4580 rationi
2942 4524 3067 4581 fidei
3094 4541 3277 4581 sumus
3306 4524 3617 4597 participes,

2028 4594 2530 4667 dominegpiissime,
2554 4605 2608 4651 et
2638 4596 2705 4650 ad
2731 4612 3072 4667 communem
3093 4594 3480 4667 pacem,'etad
3504 4594 3621 4667 uni-

2029 4678 2195 4723 tatem
2242 4664 2576 4733 féstinamus,
2636 4675 2877 4722 nostram
2924 4664 3109 4734 fidem,
3152 4682 3314 4737 quam
3361 4666 3429 4722 ab
3468 4664 3622 4737 initio

2030 4738 2380 4809 suscepimus,
2409 4753 2504 4809 per
2531 4738 2675 4793 banc
2695 4737 3117 4795 satisfactionem
3158 4735 3398 4793 nostram
3444 4735 3622 4809 mani-

2012 4806 2223 4864 festam
2249 4806 2439 4863 vestrae
2481 4807 2708 4863 facimus
2749 4810 2936 4879 pietati
2966 4827 2980 4862 :
3010 4818 3285 4879 utinotum
3311 4806 3532 4879 sitquia
3563 4814 3622 4861 et

2029 4880 2153 4951 paci
2174 4880 2562 4951 concurrimus,
2594 4887 2651 4951 et
2677 4894 2709 4933 a
2732 4878 2881 4935 recta
2910 4895 3033 4935 cum
3076 4878 3173 4934 Dei
3195 4878 3471 4951 juvamine
3512 4891 3622 4931 non

2031 4948 2347 5005 divertimus
2377 4948 2483 5003 fide
2515 4948 2655 5021 :_sed
2682 4965 2898 5021 omnem
2921 4966 2989 5005 ex
3016 4964 3173 5021 aequo
3195 4948 3624 5021 haeresim_ex_se-

2032 5036 2284 5091 cramus,
2314 5019 2645 5091 nongsolum
2691 5016 3125 5091 Eutychianistas
3189 5028 3246 5075 et
3292 5016 3619 5091 Acephalos,

2032 5091 2129 5146 sed
2158 5099 2214 5144 et
2241 5088 2609 5158 Nestorianos,
2636 5098 2693 5145 et
2720 5087 2994 5145 hominem
3022 5091 3266 5146 colentes
3294 5087 3623 5158 totoanimo
3694 5147 3701 5154 ,

2037 5160 2315 5225 odientes,
2375 5161 2908 5217 anathematizamus.
2960 5160 3070 5216 Nos
3123 5168 3344 5222 autem,
3401 5157 3623 5213 domino

2038 5230 2497 5301 Christianissime
2518 5231 2830 5301 imperator,
2854 5233 2993 5287 sicut
3012 5231 3259 5301 superius
3287 5228 3486 5301 dictum
3514 5234 3623 5301 est,

2036 5301 2092 5356 in
2121 5300 2358 5366 Patrem,
2388 5310 2443 5356 et
2467 5297 2679 5366 Filium,
2713 5312 2768 5357 et
2791 5302 3049 5371 Spiritum
3075 5297 3321 5356 sanctum
3349 5300 3417 5371 ab
3464 5297 3621 5371 initio

2037 5371 2295 5441 baptizati
2322 5385 2559 5441 quoque,
2582 5382 2639 5428 et
2666 5368 2948 5428 credentes
2984 5386 3145 5426 unam
3176 5370 3477 5441 essentiam
3522 5368 3623 5424 Dei

2036 5442 2093 5496 in
2116 5439 2285 5497 tribus
2304 5439 2661 5499 sabsistentiis
2685 5443 2971 5499 adoramus
2990 5439 3285 5497 secundum
3304 5447 3623 5497 sanctorum

2037 5512 2265 5583 Patrum,
2303 5514 2575 5571 mathema
2614 5521 2671 5568 et
2696 5512 3030 5583 symbolum,
3062 5510 3357 5583 credentes;
3371 5512 3426 5567 in
3455 5524 3622 5583 unum

2040 5582 2208 5637 Deum
2236 5581 2451 5653 Patrem
2479 5581 2924 5653 omnipotentem,
2961 5592 3017 5638 et
3044 5583 3098 5638 in
3129 5597 3293 5637 unum
3332 5581 3620 5653 Dominum

2040 5662 2281 5707 nostrum
2320 5651 2504 5707 Jesum
2551 5650 2820 5708 Christum
2843 5694 2860 5720 ,
2905 5652 3259 5723 unigenitum,
3290 5650 3623 5723 Deumj’er-

2039 5723 2186 5787 bum,
2216 5723 2461 5777 similiter
2487 5731 2544 5779 et
2571 5724 2625 5781 in
2655 5739 2818 5777 unum
2846 5721 3103 5793 Spiritum
3140 5721 3406 5780 sanctum.
3443 5721 3509 5775 Et
3533 5734 3622 5775 so-

2040 5795 2293 5865 cundum
2311 5792 2417 5865 hoc
2441 5793 2678 5849 divinum
2706 5792 3008 5865 mathema,
3035 5795 3417 5865 definitionem,
3432 5805 3622 5865 a‘san-

2041 5872 2128 5920 cta
2166 5862 2587 5921 Cbalcedonensi
2610 5865 2817 5935 synodo
2856 5861 3247 5936 promulgatam
3274 5861 3621 5933 intelligimus
