4092 6348
325 203 434 260 345

1247 194 1534 253 DIONYSII
1572 195 1805 254 EXIGUI
1844 193 2176 254 EPISTOLA
2204 199 2292 255 AD
2326 199 2677 261 EUGIPIUM.

3473 217 3580 276 sto

397 324 651 387 Joannes,
698 318 915 393 humilis
954 316 1235 393 presbyter
1280 314 1339 370 S.
1371 315 1714 393 Rom._l_ilccl.
1764 316 1903 393 tituli
1935 318 1984 379 A
2010 317 2354 393 tituli_$ancti
2386 318 2672 393 Laurentii,
2700 306 3074 393 'thaDamasi.
3119 318 3581 393 huicconstttuto,

327 397 539 452 Sanctae
566 394 844 456 Susannm,
893 386 1019 443 huic
1045 386 1355 452 constituto,
1406 401 1435 441 a
1465 387 1620 442 nobis
1663 387 1905 457 promul-

327 476 473 537 gata,
504 462 814 537 subscripsi.

400 525 729 598 Eustratius,
749 530 963 585 humilis
992 527 1268 598 presbyter
1296 525 1353 581 S.
1384 525 1542 581 Rom.
1584 526 1733 582 Eccl.
1768 527 1909 582 tituli

329 607 540 663 Sanctae
570 602 876 666 Anastasiae,
925 598 1049 655 huic
1072 598 1385 661 constituto,
1431 612 1462 650 a
1491 598 1645 652 nobis
1672 598 1911 668 promul-

328 686 480 748 gata,
510 673 822 748 subscripsi.

403 736 664 812 Georgius
687 785 700 807 ,
724 736 1048 812 immeritus
1086 739 1387 812 presbyter
1415 745 1612 812 sanctae
1654 736 1909 812 Romanae

328 808 585 873 Ecclesiae
613 812 752 867 tituli
787 811 883 866 SS.
908 808 1128 864 Joannis
1157 819 1213 864 et
1242 808 1408 874 Pauli,
1443 809 1568 864 huic
1594 809 1908 875 constituto,

329 905 362 943 a
393 886 548 941 nobis
574 880 1266 954 promulgata,_subscripsi.

406 947 733 1020 Thalassius,
764 947 980 1020 humilis
1008 947 1288 1020 presbyter
1314 956 1513 1003 sanctae
1528 948 1698 1020 Rom.
1736 947 1905 1020 Eccl.,

328 1028 473 1084 tituli
520 1017 729 1079 Sanctaé
780 1022 873 1076 Dei
913 1017 1215 1084 Getiitricis,
1266 1020 1357 1089 qui
1386 1019 1684 1087 appellatur
1725 1017 1913 1075 Calisti

329 1109 485 1153 trans
513 1095 767 1156 Tiberim,
798 1092 922 1148 huic
949 1092 1260 1155 constituto,
1312 1105 1343 1144 a
1368 1089 1524 1145 nobis
1551 1090 1909 1159 promulgata,

330 1166 645 1224 subscripsi.

710 1232 927 1288 humilis
954 1230 1233 1301 presbyter
1277 1228 1333 1284 S.
1368 1229 1526 1301 Rom.
1571 1227 1913 1301 Eccl.,itituli

330 1309 547 1363 Sanctae
574 1304 804 1369 Sabinae,
830 1300 1289 1367 huic’constituto,
1315 1315 1346 1355 a
1375 1300 1531 1355 nobis
1553 1300 1908 1369 promulgata,

329 1377 645 1434 subscripsi.

409 1394 810 1511 ἱεὲιξὲἐέἓιὶηιιε,
842 1444 1344 1514 presbytersanctae
1377 1440 1534 1514 Rom.
1566 1440 1754 1514 Eccl.,
1771 1440 1913 1496 tituli

331 1518 526 1573 Sancti
556 1515 783 1587 Cyriaci,
821 1511 945 1570 huic
968 1511 1279 1580 constituta,
1312 1528 1343 1567 a
1372 1512 1527 1567 nobis
1548 1511 1906 1582 promulgata,

329 1588 647 1644 subscripsi.

407 1603 716 1727 (3:223:35,
767 1653 983 1727 humilis
1010 1655 1292 1727 presbyter
1318 1662 1524 1727 sancte,
1546 1651 1701 1706 Rom.
1729 1649 1915 1727 Eccle-

2014 403 2047 442 a
2072 388 2227 459 nobis
2247 390 2608 459 promulgata,
2632 390 2941 459 subscripsi.

2082 456 2335 533 Marinus,
2367 456 2613 533 indignus
2639 456 2918 533 presbyter
2958 460 3014 514 S.
3048 460 3204 533 Rom.
3236 462 3410 533 Eccl.,
3444 465 3585 522 tituli

2010 527 2388 610 Apostolorum
2411 570 2427 596 ,
2458 527 2582 587 huic
2610 527 2928 597 constituta,
2970 544 3001 584 a
3025 531 3179 587 nobis
3224 527 3579 606 promulgata,

2010 599 2320 667 subscripsi.
3224 599 3242 603 ”
3437 599 3462 606 ⁷
3566 599 3576 604 ⁷

2016 738 2043 741 ι
2081 667 2334 741 Joannes,
2364 667 2581 741 humilis
2608 668 2889 741 presbyter
2924 667 2981 724 S.
3014 669 3171 726 Rom.
3217 671 3386 741 Eccl.,
3444 677 3585 733 tituli

2010 738 2221 863 Satpctae
2251 737 2462 821 Priscae,
2494 738 2619 793 huic
2645 737 2958 806 constituto,
2989 755 3020 794 a
3049 742 3203 797 nobis
3222 737 3581 817 promulgata,

2010 826 2071 863 su
2113 826 2322 863 scrmsn.

2010 826 3023 956 suﬁft‘rltfssriudignusarchidiaconus
3065 890 3260 939 sanctae
3287 885 3429 942 sedis
3457 902 3587 956 apo-

2012 950 2232 1032 stolicre,
2280 950 2405 1004 huic
2432 950 2745 1017 constituto,
2791 966 2822 1006 a
2850 951 3003 1007 nobis
3041 956 3400 1026 promulgata,
3453 950 3584 1013 sub-

2012 1036 2386 1159 “biliosus,
2416 1042 2681 1158 iridignus,
2733 1099 2788 1146 et
2830 1090 3043 1147 humilis
3087 1093 3344 1152 diaconus
3387 1106 3585 1153 sanctae

2011 1161 2157 1285 aegis
2182 1161 2510 1242 apostolicae,
2528 1163 2651 1217 huic
2669 1162 2979 1229 constituta,
3001 1178 3032 1217 a
3054 1166 3208 1221 nobis
3227 1169 3582 1237 promulgata,

2011 1247 2072 1285 su
2113 1247 2321 1285 scripsi.

2076 1247 2214 1285 ascrt
2284 1248 2321 1285 ι.

2011 1247 2350 1375 suMusrfhsus,
2381 1301 2596 1375 humilis
2639 1302 2896 1375 diaconus
2933 1311 3135 1375 sanctae
3162 1304 3303 1360 sedis
3332 1307 3589 1375 apostoli-

2012 1386 2113 1444 αεὶ
2133 1372 2596 1444 ιιυίρῄεοηειίιιηο,
2630 1388 2660 1426 a
2691 1373 2847 1444 nobis
2874 1373 3229 1443 promulgata,
3276 1372 3585 1444 subscripsi.

2084 1441 2421 1514 Benedictus,
2455 1443 2700 1511 indignus
2746 1441 3003 1514 diaconus
3044 1441 3241 1499 sanctae
3284 1446 3425 1500 sedis
3453 1441 3587 1514 apa-

2012 1513 2236 1593 stolicae,
2285 1512 2411 1569 huic
2451 1514 2767 1583 constituto,
2805 1528 2835 1569 a
2860 1513 3015 1568 nobis
3054 1515 3412 1584 promulgata,
3461 1512 3591 1570 sub-

2012 1598 2335 1725 δωῦῗὲἧοη.
2358 1651 2526 1723 April.
2557 1653 2684 1723 imp.
2707 1653 2905 1709 domno
2932 1652 3172 1725 piissimo
3195 1654 3432 1725 Augusto
3459 1654 3594 1710 Leo-

331 1730 447 1792 site,
482 1722 618 1781 tituli
643 1722 825 1798 Sancti
850 1722 1328 1798 Clementis,’huic
1356 1724 1667 1789 constituta,
1700 1737 1729 1776 a
1758 1722 1912 1777 nobis
1941 1737 1989 1798 Β
2013 1737 2100 1787 ne,
2134 1738 2164 1776 a
2190 1723 2299 1777 Deo
2328 1733 2586 1798 coronato
2607 1722 2807 1798 magna
2828 1722 2981 1798 imp},
3004 1722 3329 1798 annoisext'a
3357 1742 3440 1798 rc.
3466 1726 3590 1798 ejus

331 1798 698 1869 promulgata,
728 1797 1037 1869 subscripsi.

407 1861 756 1937 Epiphanius,
780 1861 993 1921 humilis
1020 1866 1301 1938 presbyter
1333 1871 1532 1922 sanctae
1563 1863 1720 1918 Rom.
1744 1861 1917 1930 Eccl.,

2018 1808 2158 1847 anno
2188 1801 2341 1847 sexto
2360 1810 2381 1865 ;Δ
2398 1794 2490 1865 sed
2521 1803 2575 1848 et
2595 1794 2945 1850 Constantino
2976 1811 3116 1850 novo
3159 1797 3285 1865 imp.
3319 1795 3434 1861 eius
3460 1795 3587 1865 lilia,

2020 1877 2161 1917 anno
2190 1863 2445 1928 secundo,
2469 1864 2758 1919 indictione
2786 1874 2974 1934 quarta
3004 1866 3125 1935 (An.
3157 1863 3345 1919 Christi
3372 1864 3517 1935 72l).

351 1969 3591 2015 ᾖ

1357 2083 1997 2202 DIONYSII
2083 2084 2573 2200 EXIGUI

946 2296 1571 2409 OPERUM
1698 2289 2097 2397 PARS
2228 2291 2990 2404 SECUNDA.

359 2580 1171 2719 OPUSCULA
1296 2577 1953 2793 ASCE1:I_C

2020 2582 2390 2793 LET
2503 2508 3583 2715 PARAENETIGA.

1164 2860 1553 2925 EPISTOLA
1594 2862 1703 2925 AD
1746 2863 2133 2926 EUGIPIUM
2173 2864 2781 2942 PRESBYTERUM,

471 2985 553 3047 In
579 2984 921 3047 versionem
948 2982 1023 3047 ab
1054 3002 1116 3046 se
1146 2984 1373 3065 factam
1400 2982 1552 3047 libri
1578 2983 1871 3063 Gregorii
1912 2985 2204 3064 Nysseni,
2228 2985 2318 3047 De
2353 2986 2722 3051 Condition:
2749 3005 2856 3051 seu
2895 2987 3150 3070 api/icio
3180 2989 3468 3056 hominis.

1854 3114 2106 3131 ——-I—

428 3176 651 3233 Domino
674 3177 1009 3234 sanctissimo
1038 3184 1094 3233 et
1120 3193 1151 3233 a
1178 3192 1265 3233 me
1306 3176 1595 3248 plurimum
1616 3176 1923 3235 venerando
1946 3180 1998 3249 ς.
2028 3176 2205 3246 aliqua
2234 3188 2353 3246 quas
2376 3180 2605 3245 possunt
2631 3174 2824 3230 merito
2852 3173 3196 3245 reprehendi,
3222 3174 3399 3231 nullus
3425 3174 3598 3231 lector

355 3283 512 3324 sacra
537 3267 758 3340 Eugipio
785 3269 1099 3341 presbytero
1122 3268 1403 3341 Dionysius
1429 3267 1682 3339 Exiguus.

426 3361 623 3417 Sancto
666 3362 1028 3417 venerationis
1081 3368 1187 3416 tute
1230 3360 1406 3416 studio
1434 3375 1533 3431 pro
1562 3360 1697 3415 meis
1723 3359 1926 3425 viribus

354 3453 657 3520 obsecutus,
674 3453 817 3509 beati
843 3451 1088 3523 Gregorii
1115 3452 1340 3525 Nysseni
1365 3452 1603 3523 episcopi
1632 3453 1825 3508 librum
1849 3453 1926 3510 De

352 3541 669 3600 Conditione
689 3544 922 3600 hominis
976 3558 1008 3599 e
1030 3542 1216 3599 Graeca
1254 3543 1523 3599 locutione
1542 3542 1805 3611 converti,
1827 3541 1926 3597 tri-

353 3638 498 3707 ginta
517 3646 573 3692 et
597 3653 704 3692 uno
731 3637 798 3692 ab
836 3635 1025 3691 eadem
1052 3634 1318 3705 capitibus
1342 3634 1669 3705 explicatum
1695 3651 1710 3687 :
1733 3634 1789 3688 in
1816 3647 1925 3703 quo

352 3744 517 3799 opere
545 3736 803 3799 quantum
829 3727 932 3782 sim
960 3725 1282 3782 diﬂicultatis
1305 3734 1577 3795 expertus,
1609 3740 1676 3780 ex
1704 3725 1819 3796 ipsa
1847 3724 1926 3779 le-

352 3817 532 3874 ctione
558 3818 889 3888 probabitur.
918 3815 976 3871 In
1027 3816 1269 3886 plurimis
1297 3816 1439 3871 enim
1488 3815 1640 3885 juxta
1688 3815 1927 3884 philoso—

353 3910 582 3981 phorum
629 3910 921 3965 sententias
971 3908 1304 3976 immoratus,
1354 3906 1682 3977 opulentiam
1723 3914 1926 3962 tantam

353 4013 464 4053 suae
517 3998 829 4054 eruditionis
883 3997 1181 4067 expressit,
1235 4004 1294 4051 ut
1334 4010 1473 4065 pene
1519 3995 1650 4050 nihil
1685 3995 1927 4055 omiserit

354 4105 540 4145 eorum
568 4105 688 4161 qua:
713 4091 781 4145 ab
827 4089 929 4145 illis
953 4089 1126 4144 doctis
1171 4095 1227 4142 et
1270 4086 1461 4143 otiosis
1486 4086 1711 4156 ingeniis
1740 4087 1795 4140 in
1824 4087 1926 4142 hac

352 4189 505 4252 parte
557 4197 655 4253 per
708 4180 1105 4237 inextricabilcs
1157 4178 1363 4247 digesta
1411 4185 1536 4233 sunt
1583 4177 1953 4247 quaestiones.

354 4272 590 4338 Quarum
643 4271 801 4327 etiam
853 4270 1138 4328 nonnullas
1174 4268 1401 4339 ineptias
1449 4269 1524 4323 ita
1552 4267 1835 4334 destruxit,
1865 4273 1926 4323 ut.

354 4364 482 4419 illud
511 4363 895 4435 propemodum
929 4363 1082 4418 nobis
1109 4362 1403 4416 insinuaret
1438 4356 1684 4429 Apostali
1727 4374 1834 4430 qua
1862 4356 1928 4411 ti-

354 4454 503 4509 deles
531 4455 747 4509 instruit
774 4455 987 4510 dicens:
1028 4452 1208 4507 Videte
1237 4468 1302 4506 ne
1327 4452 1439 4523 quis
1466 4467 1555 4505 vos
1584 4450 1806 4520 decipiat
1834 4465 1924 4521 per

1974 3270 1985 3277 ”
2028 3269 2083 3324 in
2104 3268 2189 3323 his
2233 3281 2409 3321 meum
2440 3273 2593 3336 putet
2612 3266 2907 3336 obligatum
2932 3282 3051 3323 esse
3080 3282 3399 3323 consensum
3424 3286 3439 3334 ;
3474 3269 3598 3341 quia

2028 3357 2205 3415 ofﬁcio
2254 3357 2590 3415 translatoris
2641 3357 2871 3429 explicui
2894 3399 2911 3429 ,
2961 3373 3071 3415 non
3118 3359 3357 3416 censoris
3398 3359 3599 3432 judicia

2027 3450 2395 3519 comprobavi.

2099 3540 2438 3612 Quapropter
2456 3540 2641 3597 humili
2689 3540 2989 3598 devotionis
3016 3540 3274 3613 obsequia
3302 3556 3516 3613 precor,
3539 3550 3601 3599 ut

2026 3634 2280 3688 sanctitas
2320 3640 2409 3687 tua
2440 3632 2808 3703 promissionis
2834 3647 2967 3688 mete
3006 3631 3330 3687 solutionem
3359 3633 3603 3702 gratissi-

2025 3738 2111 3779 ma
2137 3731 2316 3778 mente
2344 3723 2602 3793 percipiat
2626 3762 2642 3788 ,
2686 3732 2739 3778 et
2770 3723 2824 3777 in
2853 3724 3257 3795 quibuscunque
3292 3724 3467 3781 minus
3490 3725 3601 3781 ele-

2025 3822 2215 3883 ganter
2260 3813 2447 3868 videor
2483 3815 2748 3879 elocutus,
2801 3814 3011 3869 veniam
3045 3816 3336 3870 clementer
3385 3830 3598 3870 accom-

2025 3904 2381 3973 modet;quia
2398 3905 2717 3961 necessitate
2745 3905 3047 3975 temporisa
3073 3905 3498 3960 doctissimorqu
3523 3905 3601 3960 vi-

2024 4014 2208 4055 rorum
2250 3999 2537 4055 collatione
2576 3999 2895 4066 distraetus,
2919 4014 3027 4053 non
3057 4013 3164 4067 qua
3212 3998 3369 4053 debui
3403 3999 3599 4053 librum

2026 4090 2312 4161 splendore
2340 4090 2550 4158 digessi,
2575 4090 2666 4158 qui
2704 4098 2763 4144 ut
2786 4089 3026 4160 plurimis
3048 4089 3307 4159 probatur
3330 4090 3602 4145 abundare

2026 4181 2331 4247 virtutibus,
2353 4181 2426 4235 ita
2457 4181 2789 4250 quibusdam,
2822 4189 2881 4234 ut
2907 4195 3047 4250 saepe
3068 4180 3246 4242 retuli,
3276 4180 3495 4235 maculis
3516 4181 3599 4236 vi-

2027 4274 2183 4329 detur
2219 4287 2484 4342 aspersus.
2519 4270 2651 4327 Oret
2696 4285 2823 4339 ergo
2852 4286 2952 4341 pro
2999 4285 3085 4324 me
3113 4276 3203 4323 tua
3231 4269 3497 4338 dignatio,
3539 4277 3601 4324 ut

2027 4364 2190 4419 tantis
2214 4377 2428 4433 pressus
2453 4361 2727 4431 angustiis,
2746 4361 2934 4416 saltem
2955 4359 3272 4430 spiritalium
3299 4358 3599 4415 studiorum

2026 4455 2305 4511 latitudine
2333 4454 2592 4524 gaudeam
2627 4471 2640 4506 :
2673 4468 2774 4508 nec
2801 4451 2937 4507 adeo
2966 4451 3315 4522 praesentibus
3364 4466 3600 4522 unquam

351 4547 728 4619 philosophiam
772 4556 822 4600 et
864 4548 1073 4600 inanem
1118 4544 1404 4616 fallaciam,
1435 4542 1712 4597 secundum
1758 4540 1923 4594 tradi-
1953 4569 2005 4630 Ι)
2027 4548 2346 4603 maeroribus
2375 4548 2550 4613 liceat,
2582 4553 2640 4600 ut
2664 4560 2759 4601 nos
2786 4560 2816 4600 a
2843 4545 3121 4616 proposito
3150 4543 3340 4600 futurae
3363 4545 3600 4601 delecta-

353 4639 538 4692 tionem
561 4637 840 4701 hominum,
864 4633 1141 4690 secundum
1158 4633 1406 4687 elementa
1427 4630 1629 4698 mundi,
1650 4637 1823 4683 etnon
1852 4645 1927 4683 se-

2028 4639 2191 4694 tionis
2228 4638 2513 4693 abducant.
2545 4637 2833 4692 Maximum
2865 4652 3094 4708 namque
3141 4637 3390 4692 solatium
3419 4637 3471 4691 in
3500 4637 3603 4692 hac

350 4728 573 4782 cundum
599 4725 858 4781 Christum
886 4724 1103 4797 (Calatis.
1137 4739 1192 4789 tt,
1228 4722 1305 4791 8).
1340 4721 1473 4777 Nam
1496 4721 1652 4777 sicuti
1679 4720 1926 4791 quaedam

2030 4730 2243 4786 miseria
2263 4730 2522 4799 capimus,
2554 4728 2597 4782 si
2627 4727 2693 4783 de
2713 4736 2938 4783 ventura
2963 4728 3131 4797 gloria
3153 4731 3461 4784 continuata
3487 4745 3603 4785 me-

351 4825 498 4871 recta
520 4833 637 4889 qum
661 4817 801 4873 Deus
829 4816 932 4870 illis
952 4814 1504 4895 revelavit,sapienter
1531 4813 1825 4882 approbat,
1851 4813 1925 4867 ita

352 4922 519 4977 prava
546 4924 731 4963 eorum
758 4909 841 4963 vel
883 4908 996 4978 ipse
1050 4908 1245 4977 dirigit,
1289 4908 1375 4963 vel
1422 4917 1683 4977 quatenus
1712 4908 1780 4961 ab
1808 4908 1927 4966 aliis

350 4999 609 5067 vitentur,
631 5000 897 5065 ostendit;
921 5000 1156 5069 exceptis
1168 4999 1418 5054 videlicet
1439 4998 1623 5068 paucis
1650 4999 1703 5052 in
1729 4999 1922 5068 quibus

350 5091 479 5147 dum
526 5091 679 5147 valde
700 5092 1036 5162 persequitur
1078 5092 1227 5159 vitia,
1258 5090 1484 5164 protulit
1509 5089 1589 5162 (ut
1620 5088 1734 5144 ﬁeri
1761 5089 1920 5160 solet)

348 5183 511 5239 etiam
539 5182 653 5254 ipse
672 5183 885 5239 vitiosa.

416 5275 585 5345 Igitur
608 5276 970 5345 eloquentiam
998 5274 1133 5329 tanti
1161 5273 1393 5329 doctoris
1418 5273 1718 5340 aemulatus,
1742 5271 1923 5328 enisus

347 5385 466 5425 sum
502 5367 716 5437 quidem
748 5367 1175 5422 disertitudinem
1212 5365 1328 5435 ejus
1354 5366 1526 5434 sequi,
1557 5366 1682 5420 licet
1708 5364 1921 5434 assequi

348 5461 505 5517 nimis
530 5462 721 5531 impari
750 5458 1003 5516 facultate
1021 5456 1369 5528 nequiverim.
1386 5457 1567 5512 Fidem
1592 5465 1769 5512 tamen
1798 5472 1922 5512 sen-

2027 4822 2286 4877 ditatione
2306 4829 2615 4885 tractemus.
2634 4819 2885 4886 Quamvis
2912 4820 3054 4875 enim
3082 4821 3203 4889 quis
3231 4836 3415 4876 amore
3442 4821 3604 4876 acele-

2026 4910 2185 4965 stium
2232 4924 2373 4979 aegre
2411 4910 2548 4965 ferat
2586 4909 2743 4979 hujus
2771 4910 3216 4979 peregrinationis
3239 4909 3596 4977 incommoda,

2031 5011 2086 5058 et
2127 5018 2248 5058 cum
2287 5002 2549 5073 propheta
2600 5002 2845 5057 dolenter
2883 5002 3173 5057 exclamet:
3206 5000 3322 5055 Heu
3349 5017 3446 5066 me,
3468 4999 3602 5072 quod

2030 5094 2284 5148 incolatus
2333 5110 2472 5147 meus
2518 5093 2851 5164 prolongatus
2900 5103 2977 5147 est
3002 5135 3018 5160 ,
3065 5091 3289 5146 Itabitavi
3342 5107 3455 5145 cum
3505 5091 3603 5145 ha-

2032 5186 2307 5242 bitantibus
2330 5185 2518 5253 Cedar,
2540 5187 2753 5239 multum
2773 5186 2944 5239 incola
2972 5186 3069 5256 fuit
3097 5185 3271 5237 anima
3294 5200 3407 5236 mea
3428 5180 3599 5253 (Psal.

2035 5295 2181 5346 cxtx,
2209 5277 2284 5348 5);
2318 5285 2510 5333 etcum
2532 5278 2691 5332 beata
2719 5276 2978 5346 Apostolo
2998 5274 3328 5330 conﬁdenter
3354 5284 3558 5330 asserat
3583 5292 3597 5327 :

2033 5366 2195 5438 Cupio
2220 5367 2429 5422 dissolvi
2457 5377 2506 5421 et
2533 5383 2644 5422 esse
2670 5383 2785 5420 cum
2813 5365 3014 5420 Christo
3036 5363 3256 5435 (Philip.
3288 5381 3325 5430 ι,
3357 5363 3470 5436 25),
3520 5373 3603 5419 ta-

2032 5475 2154 5514 men
2184 5475 2213 5513 a
2242 5459 2413 5529 patria
2435 5475 2541 5513 non
2567 5458 2752 5528 procul
2774 5456 3021 5512 exsulare
3045 5455 3296 5523 creditur,
3315 5456 3359 5513 si
3388 5470 3604 5528 semper

349 5554 639 5608 tentiarum
677 5553 794 5625 ejus
818 5567 917 5623 pro
937 5567 1057 5607 mea
1085 5552 1459 5607 mediocritate
1480 5549 1711 5613 servavi,
1749 5550 1922 5603 sciens
1948 5552 2019 5615 ,εἴ
2028 5553 2257 5624 patriam
2286 5551 2552 5607 desiderio
2582 5557 2958 5618 consequatur.

350 5646 580 5702 veritate
603 5646 737 5703 nihil
761 5660 881 5705 esse
900 5644 1258 5717 praestantius.
1288 5642 1357 5697 Et
1383 5641 1509 5711 quia
1537 5648 1681 5706 sunt,
1711 5646 1771 5694 ut
1790 5639 1921 5706 dixi,

1388 5774 1788 5792 *συ-*η*

3714 2300 3799 2355 ιδ’
