4092 6348
586 251 619 309 5

634 253 690 310 i7

1861 255 2214 314 DIONYSIUS
2249 257 2459 318 EXIGU
2469 261 2575 319 US.

1509 473 1865 551 SANCTI
1941 474 2416 582 GBEGORII
2475 474 2922 554 EPISCOPI

1478 631 1559 672 ΔΙ)
1599 631 1900 674 ΕΒΔΤΒΓΜ
1949 631 2115 672 ειτυΜ
2163 632 2417 674 PETRI)“
2468 632 2946 678 PBESHYTEBUM.

580 742 677 788 DE
703 738 1038 802 lMAGINE,
1073 738 1152 784 ID
1196 737 1324 786 EST
1354 739 1451 786 DE
1482 740 1799 788 HOMIN'S
1837 740 2162 790 GONDITH

2235 742 2312 803 Β,
2344 743 2509 804 quia
2540 744 2588 789 Α
2623 742 2914 789 ranae
2943 739 3200 794 nonum
3247 737 3530 792 BANC'I'O
3553 739 3847 799 artemo

1436 811 1788 858 EPISCOPO
1817 810 1889 856 IN
1929 812 2447 860 ΗΕΧΛΕΜΕΒΟΝ
2480 813 2659 861 βυκε
2689 813 2977 861 οΜιεεΑ.

647 1008 702 1062 Si
735 1008 1078 1077 pecuniarum
1115 1006 1300 1076 pretiis
1341 1021 1436 1061 eos
1465 1015 1738 1086 oporteret
1767 1006 2035 1058 honorare
2063 1005 2153 1072 qui
2181 982 2235 1068 ᾖ
2259 1020 2442 1074 gnum,
2470 1005 2521 1060 id
2544 1005 2610 1060 ad
2628 1006 2936 1075 magistrum
2959 1004 3077 1074 jure
3099 1004 3399 1068 referatur;
3421 1002 3467 1057 si
3492 1017 3626 1056 vero
3653 1005 3852 1072 magni-

579 1102 862 1156 virtutihus
883 1101 1144 1166 eminent,
1175 1113 1370 1168 parvus
1400 1100 1603 1168 utique,
1629 1099 1766 1152 sicut
1795 1098 2048 1152 Salomon
2083 1099 2157 1151 ait

577 1191 756 1262 (Prov.
791 1199 922 1262 post.
957 1208 1004 1244 υ.
1036 1189 1104 1243 40
1128 1189 1268 1260 apud
1296 1187 1489 1257 LXXI).
1522 1189 1914 1257 totus_mundus
1941 1189 2155 1241 divitia-

574 1300 692 1337 rum
720 1284 1010 1344 videretur,
1051 1284 1140 1352 qui
1177 1283 1276 1335 tuis
1322 1284 1492 1350 possit
1544 1280 1808 1347 adarquari
1851 1279 2152 1333 virtutibus.

575 1376 680 1430 Sed
704 1377 826 1444 quia
858 1375 1024 1429 multo
1051 1376 1219 1441 gratia
1268 1375 1458 1429 melior
1481 1388 1640 1442 quam
1688 1371 1990 1426 divitiarum
2015 1387 2151 1439 npu—

2259 1099 2527 1155 ﬁcentiatn
2550 1099 3022 1168 contemplationis
3042 1099 3158 1166 ejus
3185 1106 3368 1151 nostra
3399 1111 3504 1149 non
3527 1103 3849 1163 assequatur

2258 1194 2473 1257 oratio;
2523 1193 2609 1246 ille
2637 1192 2849 1262 quidem
2898 1203 3093 1262 pneter
3133 1190 3532 1245 accusationem
3583 1188 3847 1253 manebit,

2257 1299 2359 1353 qua
2411 1291 2626 1352 putatur
2673 1281 2919 1338 effectum
2969 1282 3289 1336 dexterioris
3333 1287 3558 1336 eventus
3607 1278 3847 1332 noluisse

2257 1376 2367 1429 suis
2399 1375 2668 1428 insinuare
2688 1374 2980 1443 discipulis,
2998 1383 3179 1427 notam
3204 1371 3532 1428 causationis
3557 1368 3841 1436 effugiens.

574 1467 738 1520 lentia
786 1482 903 1536 quae
944 1474 1046 1519 tute
1087 1465 1418 1519 venerationi
1459 1464 1719 1530 debetur,
1751 1462 1961 1526 existit,
1988 1462 2224 1527 exigitis
2257 1465 2365 1520 Nos
2413 1475 2590 1518 autem
2638 1465 2780 1534 apud
2826 1481 2920 1519 eos
2966 1465 3058 1532 qui
3087 1461 3575 1532 vituperationibus
3603 1459 3841 1521 student,

577 1565 754 1610 autem
804 1565 859 1611 et
903 1566 1145 1610 sanctum
1177 1555 1377 1610 Pascha
1417 1537 1692 1609 charitatis
1732 1554 2151 1608 muniﬁcentiam

572 1657 914 1714 consuetam;
946 1649 1217 1702 offerimus
1262 1648 1548 1703 excellenti
1577 1646 1872 1716 prudentiae
1901 1653 2008 1699 tuae
2030 1663 2153 1699 mu-

569 1759 738 1811 nus,o
767 1743 931 1797 homo
954 1743 1065 1805 Dei,
1093 1757 1312 1810 parvum
1342 1742 1580 1810 quidem,
1604 1755 1907 1808 quanquam
1931 1739 2151 1807 dignum

569 1833 812 1887 videatur
845 1833 938 1887 tibi
985 1832 1197 1896 deferri,
1243 1832 1338 1886 sed
1376 1833 1572 1885 nostris
1615 1832 1786 1900 impar
1814 1831 2012 1884 viribus
2044 1847 2150 1883 non

2257 1565 2653 1621 consequenter
2694 1556 2891 1609 erimus
2944 1555 3184 1617 obnoxii,
3224 1552 3388 1606 veluti
3426 1551 3516 1619 qui
3573 1550 3844 1619 parvitate

2257 1647 2433 1702 cordis
2463 1647 2632 1700 nostri
2679 1646 2816 1699 tanti
2853 1645 3095 1713 magistri
3152 1643 3470 1713 sapientiam
3515 1655 3715 1710 capere
3744 1656 3842 1693 ne-

2255 1755 2532 1808 queamus.
2565 1739 2658 1792 Est
2687 1748 2868 1793 autem
2896 1753 3003 1792 non
3035 1752 3198 1806 parva
3229 1734 3299 1789 ad
3324 1732 3843 1803 contemplationem

2256 1834 2532 1901 proposita
2557 1833 2711 1886 nobis
2740 1831 2987 1890 intentio.
3020 1845 3120 1884 nec
3142 1829 3302 1882 alicui
3329 1842 3517 1880 eorum
3555 1823 3845 1878 miraculo-

572 1923 698 1979 haht
717 1915 961 1980 ωλι-,Ἡρα
991 1933 1168 1979 autem
1194 1941 1385 1978 munus
1429 1941 1605 1980 sermo
1635 1932 1738 1985 est,
1773 1923 1934 1977 veluti
1985 1925 2224 1988 vesti-.f
2254 1939 2392 1988 rum,
2439 1939 2556 1992 qum
2581 1925 2630 1976 in
2660 1923 2858 1976 mundo
2879 1930 3022 1986 sunt,
3053 1913 3454 1991 postponenda;
3481 1914 3727 1970 fortassis
3755 1930 3845 1966 an-

571 2023 808 2069 mentum
836 2016 1252 2084 pauperrimum,
1287 2033 1353 2070 ex
1385 2017 1531 2086 inopi
1582 2025 1763 2068 nostra
1797 2015 2149 2082 intelligentia

569 2122 676 2160 non
720 2107 834 2160 sine
865 2107 1046 2161 labore
1075 2115 1386 2161 contextum
1419 2126 1431 2160 :
1474 2107 1738 2161 sermonis
1763 2123 1906 2172 vero
1924 2107 2149 2160 materia

569 2195 788 2251 forsitan
818 2195 1075 2250 audacior
1123 2196 1363 2266 plurimis
1401 2213 1520 2251 esse
1551 2197 1832 2261 videbitur,
1872 2205 2148 2250 verumta-

570 2303 691 2341 men
747 2286 888 2341 haud
935 2287 1165 2340 absurda
1213 2288 1296 2341 vel
1349 2288 1603 2342 indecens
1640 2290 1956 2342 aestimatur.
1989 2288 2148 2342 Solus

2250 2022 2361 2070 tem
2389 2023 2445 2068 et
2472 2013 2801 2086 praeferenda
2831 2022 2916 2069 est
2944 2012 3216 2079 omnibus,
3245 2025 3364 2080 qua:
3394 2007 3596 2062 notitite
3641 2014 3841 2059 nostra:

2253 2103 2494 2173 subjecta
2543 2112 2687 2159 sunt.
2721 2104 2861 2158 Nihil
2915 2105 3057 2158 enim
3085 2118 3273 2158 eorum
3315 2115 3434 2170 quae
3459 2099 3733 2157 videntur,
3766 2096 3842 2148 si-

2252 2196 2377 2248 mile
2402 2205 2485 2249 est
2533 2195 2662 2258 Deo,
2714 2195 2854 2248 sicut
2891 2202 2976 2248 est
3004 2195 3235 2247 humana
3287 2188 3530 2245 conditio
3563 2205 3576 2239 :
3605 2186 3683 2239 ita
3721 2194 3781 2238 ut
3811 2200 3841 2237 a

2251 2287 2496 2356 benignis
2526 2287 2862 2340 auditoribus
2888 2285 2958 2339 de
2982 2286 3064 2339 his
3113 2298 3233 2354 qua:
3283 2281 3475 2337 dicturi
3503 2295 3690 2334 sumus
3744 2292 3839 2331 ve-

565 2380 775 2449 qnidem
807 2378 965 2446 digne
991 2387 1291 2434 creaturam
1314 2377 1406 2432 Dei
1429 2379 1810 2444 consideravit,
1833 2381 1925 2448 qui
1952 2365 2223 2446 secun-‘ﬁ
2250 2365 2338 2433 nia
2384 2379 2541 2432 nobis
2570 2379 2622 2432 in
2655 2379 2905 2450 praesenti
2940 2374 3170 2446 petenda
3207 2374 3306 2439 sit,
3353 2373 3398 2428 si
3432 2386 3611 2426 sermo
3651 2377 3839 2423 noster

563 2470 690 2525 dum
709 2471 874 2525 Deum
895 2479 1108 2526 creatus
1136 2479 1237 2524 est.
1263 2469 1329 2522 Et
1342 2485 1468 2524 vere
1492 2469 1560 2523 ad
1585 2471 1865 2537 imaginem
1887 2471 1984 2526 Dei
2011 2487 2142 2526 con-

563 2563 705 2617 ditus
747 2563 1114 2629 formatusque
1156 2563 1401 2627 Basilius,
1443 2565 1744 2617 communis
1780 2572 1933 2633 pater
1963 2573 2143 2619 noster

563 2664 724 2723 atque
750 2663 1072 2724 praeceptor,
1101 2655 1192 2722 qui
1223 2654 1660 2709 sublimissimum
1689 2665 1948 2710 creatura:
1979 2657 2141 2710 totius

563 2755 806 2800 ornatum
859 2745 1038 2798 multis
1092 2746 1477 2814 intelligibilem
1541 2762 1634 2800 sua
1683 2749 2142 2817 contemplatione

561 2839 800 2908 perfecit,
826 2847 879 2892 et
900 2839 955 2892 in
994 2853 1119 2892 vera
1149 2839 1240 2893 Dei
1291 2840 1552 2910 sapientia
1576 2839 1859 2894 formatum
1882 2842 2214 2906 mundum-:3;

560 2932 640 2985 his
674 2932 764 3000 qui
807 2947 902 3002 per
943 2933 1060 3001 ejus
1105 2919 1442 3002 prudentiam
1487 2933 1610 2987 huic
1651 2941 1905 3002 aptantur
1958 2934 2139 3002 inspe-

557 3023 742 3085 ctioni,
773 3021 1108 3077 notissimum
1136 3038 1253 3076 esse
1274 3022 1571 3078 constituit.
1597 3022 1703 3077 Nos
1733 3032 1910 3077 autem
1941 3039 2133 3094 quam-

555 3114 635 3167 vis
664 3115 915 3168 admirari
940 3114 1007 3169 de
1035 3129 1122 3180 eo,
1151 3123 1210 3167 ut
1229 3114 1444 3182 dignum
1466 3124 1566 3178 est,
1594 3115 1812 3168 minime
1843 3115 2131 3180 valeamus;

555 3214 735 3260 tamen
766 3221 828 3260 ea
851 3221 969 3274 qua:
997 3207 1189 3260 desunt
1211 3206 1292 3260 his
1314 3221 1432 3275 qua:
1473 3207 1539 3260 ab
1582 3207 1685 3260 hoc
1713 3207 1967 3274 magistro
2007 3222 2131 3276 per-

553 3394 706 3445 sione
755 3394 1002 3460 przesenti
1041 3392 1236 3448 laboris
1281 3393 1396 3461 ejus
1436 3399 1778 3446 attenuantes
1818 3389 2134 3444 industriam

457 3548 459 3550 _
555 3486 677 3552 (nec
701 3484 842 3536 enim
889 3481 968 3537 fas
1008 3484 1234 3539 sublime
1263 3485 1379 3555 ejus
1408 3484 1677 3553 eloquium
1713 3483 1912 3535 nostris
1940 3481 2132 3534 obum-

550 3574 692 3628 brari
723 3563 1078 3642 sermonibus)
1107 3593 1121 3640 ;
1184 3577 1277 3629 sed
1308 3591 1375 3630 ne
1403 3590 1466 3630 ea
1493 3589 1610 3644 quae
1640 3574 1848 3627 videtur
1876 3572 2129 3639 magistro

548 3666 734 3722 deesse
763 3667 951 3736 gloria,
979 3667 1249 3740 discipulis
1277 3668 1589 3737 imputetur.
1611 3665 1745 3718 Nam
1769 3680 1890 3718 cum
1921 3661 2128 3718 Hexae-

546 3775 698 3813 mero
727 3759 840 3827 ejus
888 3758 954 3813 de
983 3759 1291 3814 conditione
1341 3756 1573 3811 hominis
1600 3755 1867 3825 expositio
1895 3756 2051 3820 desit,
2083 3753 2126 3810 si

544 3854 719 3906 nullus
748 3853 1050 3908 auditorum
1084 3853 1224 3906 illius
1245 3849 1461 3919 aliquod
1490 3848 1708 3904 alierret
1738 3848 1990 3912 studium,
2018 3863 2125 3917 quo

542 3946 718 3998 minus
767 3944 819 3996 id
859 3943 1003 4012 quod
1046 3941 1450 3997 desiderabatur
1515 3940 1808 4009 impleret,
1868 3939 2123 3992 adversus

542 4048 787 4100 magnam
828 4032 1054 4099 gloriam
1084 4032 1199 4100 ejus
1227 4031 1604 4099 vituperationi
1636 4029 1858 4084 forsitan
1904 4037 2124 4099 priesta-

540 4135 688 4179 retur
709 4125 940 4188 occasio,
962 4123 1128 4177 veluti
1150 4125 1239 4192 qni
1264 4123 1560 4191 neglexerit
1585 4123 1650 4176 ad
1672 4122 1910 4176 habitum
1934 4137 2122 4193 quem-

2247 2471 2468 2526 inferior
2494 2485 2654 2539 quam
2684 2471 2765 2525 rei
2793 2470 3024 2539 dignitas
3049 2467 3320 2536 exsposcit
3351 2473 3626 2535 appareat.
3662 2459 3838 2530 Opor-

2248 2574 2364 2621 tere
2420 2573 2599 2618 autem
2629 2564 2880 2618 existimo
2908 2561 3037 2617 nihil
3085 2576 3272 2624 eorum
3319 2573 3439 2628 qua:
3467 2557 3611 2628 circa
3658 2555 3837 2608 homi-

2247 2673 2370 2713 nem
2399 2658 2546 2726 prius
2567 2654 2757 2710 eﬁ‘ecta
2786 2654 3099 2718 creduntur,
3131 2660 3187 2708 et
3213 2665 3333 2721 qua:
3361 2644 3685 2717 corripienda
3709 2659 3836 2714 spe-

2244 2756 2435 2802 rantur
2479 2748 2530 2800 in
2563 2755 2858 2814 posterum,
2910 2757 3136 2812 quaeque
3180 2755 3323 2794 nunc
3353 2739 3405 2792 in
3438 2737 3681 2806 przesenti
3713 2751 3833 2790 cer-

2227 2843 2464 2908 nuntur,
2487 2838 2841 2894 indiscussum
2872 2851 3091 2906 prorsus
3113 2835 3381 2895 omittere,
3406 2847 3475 2886 ne
3498 2830 3673 2885 minor
3711 2845 3836 2898 pro-

2241 2932 2496 2986 missione
2525 2938 2706 2984 nostra
2762 2930 2872 2983 haec
2912 2925 3177 2996 expositio
3207 2924 3428 2978 forsitan
3477 2928 3752 2989 arguatur.
3785 2920 3833 2974 si

2240 3026 2458 3079 homine
2489 3026 2540 3078 in
2570 3023 3027 3093 contemplatione
3070 3020 3351 3090 proposito
3383 3016 3831 3087 praetermittatur

2239 3116 2438 3183 aliquid
2466 3130 2651 3169 eorum
2705 3129 2824 3184 qua:
2871 3113 2938 3167 ad
2966 3127 3184 3167 causam
3211 3111 3488 3182 pertinere
3515 3117 3829 3164 monstran-

2237 3217 2343 3261 tur.
2375 3205 2481 3260 Sed
2505 3215 2560 3260 et
2588 3221 2706 3274 qum
2732 3205 2980 3258 videntur
3007 3218 3133 3270 erga
3161 3219 3286 3258 eum
3314 3202 3578 3257 accidisse
3607 3208 3830 3257 contra-

553 3309 737 3369 specta
766 3309 912 3367 sunt,
944 3299 1238 3369 adjicienda
1260 3299 1600 3364 credidimus,
1634 3300 1935 3353 nullatenus
1976 3315 2214 3365 occa-3.;
2236 3300 2336 3360 ria,
2364 3308 2418 3352 et
2446 3313 2542 3352 cur
2572 3313 2677 3350 non
2709 3297 2796 3349 illa
2828 3310 2950 3364 quae
2997 3296 3064 3349 ab
3098 3295 3250 3349 initio
3280 3293 3420 3348 facta
3448 3302 3593 3357 sunt,
3627 3293 3680 3347 in
3708 3292 3826 3362 ejus

2236 3399 2427 3445 natura
2478 3391 2844 3458 reperiantur,
2903 3404 2998 3455 per
3037 3387 3332 3458 quamdam
3377 3388 3822 3443 consecutionem

2235 3483 2616 3546 necessariam,
2633 3498 2750 3551 quae
2773 3492 2880 3535 tam
2892 3481 3292 3552 Seriptnrarum
3315 3481 3638 3536 auctoritate
3657 3495 3821 3549 quam

2233 3575 2458 3629 rationis
2487 3573 2882 3641 excogitatione
2911 3573 3140 3627 collecta
3179 3580 3280 3637 est,
3327 3573 3608 3628 decentius
3648 3573 3820 3642 expli-

2271 3678 2429 3722 antur
2456 3685 2469 3719 :
2501 3667 2572 3720 ita
2603 3675 2663 3720 ut
2707 3666 2808 3720 sibi
2848 3675 3114 3721 consonet
3140 3666 3389 3722 universa
3420 3666 3668 3735 materia,
3696 3682 3818 3722 cum

2157 3683 2370 3821 grando
2399 3775 2463 3814 ac
2490 3760 2656 3821 series
2683 3774 2800 3821 qu:e
2830 3767 3047 3821 putatur
3073 3759 3318 3821 adversa,
3345 3758 3413 3812 ad
3444 3774 3611 3814 unum
3641 3761 3818 3815 termi-

2231 3777 2264 3816 ο

2267 3757 2370 3815 rdo
2399 3775 2463 3814 ac
2490 3760 2656 3822 series
2683 3774 2800 3829 qu:e
2830 3767 3047 3828 putatur
3073 3759 3318 3821 adversa,
3345 3758 3413 3812 ad
3444 3774 3611 3814 unum
3641 3761 3820 3815 termi-

2230 3869 2357 3908 num
2381 3851 2738 3921 eumdcmque
2764 3852 3068 3917 conveniat,
3098 3853 3176 3907 sic
3195 3852 3373 3905 divina
3395 3866 3500 3921 ope
3528 3861 3696 3922 atque
3719 3853 3815 3908 vir-

2227 3951 2342 3998 tute
2371 3959 2521 4012 spem
2542 3951 2728 3996 contra
2750 3957 2899 4011 spem
2941 3951 2998 3997 et
3043 3942 3352 3996 lacultatem
3394 3943 3552 3997 nobis
3578 3958 3645 3998 ex
3673 3943 3810 3998 difﬁ-

2226 4035 2425 4091 cultate
2453 4041 2761 4104 praestante.
2792 4032 3238 4088 Manifestationis
3267 4042 3447 4088 autem
3474 4035 3644 4104 gratia
3673 4037 3813 4104 opti-

2224 4141 2370 4180 mum
2410 4125 2526 4180 fore
2567 4124 2770 4179 credidi
2823 4132 3138 4194 przesentem
3180 4139 3484 4181 sermonem
3541 4127 3634 4180 tibi
3663 4128 3808 4198 capi-

538 4217 657 4271 dain
714 4217 1039 4287 perspicacis
1079 4216 1440 4286 intelligentia:
1487 4233 1706 4272 suorum
1735 4215 2119 4286 discipulorum
2137 4223 2203 4267 \lt‘
2222 4219 2350 4272 tulis
2371 4216 2663 4287 explicare,
2689 4231 2796 4285 quo
2845 4217 3019 4286 possis
3048 4216 3101 4269 in
3130 4215 3279 4272 brevi
3329 4219 3495 4273 totius
3520 4219 3700 4288 operis
3733 4218 3806 4272 ef-

539 4317 744 4362 mentes
798 4310 1057 4364 imbuere.
1081 4308 1231 4366 Nunc
1259 4325 1387 4379 ergo
1425 4309 1574 4378 juxta
1607 4310 1746 4362 vires
1791 4316 2003 4363 nostras
2041 4307 2114 4375 id,

538 4400 679 4468 quod
730 4402 904 4456 minus
953 4383 1429 4472 deestfexponere
1458 4403 1711 4470 aggressi,
1744 4401 1789 4454 si
1837 4401 1964 4472 quid
2011 4399 2118 4454 tale

538 4493 804 4562 reperitur
830 4494 881 4546 in
911 4495 1111 4548 nostris
1151 4495 1296 4568 quod
1317 4494 1432 4562 ejus
1461 4495 1718 4549 doctrina:
1753 4510 1859 4547 non
1890 4495 1958 4548 sit
1981 4493 2120 4547 indi-

2224 4305 2422 4364 fectum
2454 4323 2550 4378 per
2587 4307 2796 4376 singula
2825 4315 3128 4378 coeptorum
3159 4316 3467 4364 nostrorum
3495 4317 3801 4377 argumenta

2223 4414 2574 4470 cognoscere.

1161 4721 1316 4830 D-
1405 4716 2306 4831 GBEGORII
2379 4714 3161 4828 NYSSENI

887 4911 1083 5036 DE
1183 4911 2070 5040 CREATIONE
2170 4907 2838 5038 HOMINIS
2933 4909 3446 5062 LIBER,

1031 5083 1662 5146 SUPPLEMENTUM
1720 5082 2225 5144 HEXAMERON
2283 5083 2574 5144 BASILll
2625 5081 2886 5144 MAGNI
2933 5083 3293 5155 FRATRIS,

1491 5201 1888 5244 INTERPRETE
1936 5198 2226 5242 DIONYSIO
2271 5199 2530 5244 ROMANO
2573 5199 2839 5243 Ειιρῠο.

1063 5393 1291 5451 CAPUT
1329 5395 1616 5451 PRIMUM.

541 5510 877 5583 Pnrticularis
906 5510 1142 5583 quietiam
1170 5512 1501 5583 ratiocinatio
1547 5510 1610 5563 sie
1639 5510 1829 5583 mundo
1848 5552 1863 5576 ,
1887 5515 2106 5583 natura-

602 5583 763 5645 lisque
812 5580 1092 5650 disputatio
1137 5590 1185 5633 et
1240 5582 1430 5634 clarior
1477 5581 1730 5650 expositio
1769 5580 1833 5632 de
1878 5580 1956 5631 Itis
1995 5596 2148 5649 quin

602 5658 743 5723 prius
770 5654 824 5706 in
855 5654 1074 5705 hominis
1105 5653 1410 5720 formatione
1442 5661 1594 5720 pacta
1625 5660 1996 5703 monstrantur.

599 5765 699 5821 llic
730 5763 883 5829 liber,
915 5763 990 5816 ait
1015 5761 1308 5829 Scriptura,
1340 5761 1698 5831 generationis
1724 5762 1845 5818 caeli
1873 5770 1928 5817 et
1954 5770 2110 5818 terra:

2134 5398 2191 5458 1)
2211 5390 2430 5462 quando
2457 5390 2698 5461 perfecta
2719 5399 2844 5447 sunt
2872 5393 3051 5448 omnia
3073 5407 3195 5463 qua:
3219 5395 3489 5466 videntur,
3510 5407 3568 5455 et
3594 5399 3661 5455 ad
3680 5413 3789 5471 pro-

2214 5485 2390 5554 prium
2419 5486 2578 5540 situm
2618 5486 2825 5556 singula
2853 5486 3088 5542 discreta
3117 5499 3419 5557 cesserunt,
3463 5494 3682 5561 quando
3708 5504 3790 5547 vo-

2212 5576 2377 5631 luhile
2419 5578 2522 5632 hoc
2569 5593 2770 5648 corpus
2811 5577 2933 5633 coeli
2978 5587 3175 5634 cuncta
3227 5583 3523 5648 constituit,
3557 5584 3784 5639 medium

2211 5683 2342 5722 vero
2372 5667 2551 5722 locum
2593 5669 2760 5724 totius
2788 5677 3054 5726 creaturae
3079 5674 3262 5740 gravia
3292 5690 3523 5745 corpora
3557 5686 3611 5732 et
3639 5677 3784 5732 deor-

2213 5777 2332 5818 sum
2353 5761 2628 5831 vergentia
2655 5763 2846 5819 sortita
2885 5771 3030 5833 sunt,
3055 5773 3199 5822 terra
3226 5767 3435 5826 scilicet
3463 5778 3626 5840 atque
3652 5784 3780 5841 aqua
