4092 6348
1170 216 1198 242 κ

226 306 340 365 549

1038 296 1214 353 LIBRI
1251 296 1339 350 DE
1377 291 1764 358 CREATIONE
1803 291 2084 354 HOMINIS'
2115 285 2687 351 INTERPRETATIO.

3394 289 3504 346 550

229 437 354 484 sese
382 426 568 474 mutuo
611 415 964 472 continentia.
995 413 1282 470 Vinculum
1323 419 1504 467 autem
1543 408 1816 481 quoddam
1845 413 1900 474 Α
1916 409 2073 479 juxta
2101 410 2330 466 localem
2360 410 2782 474 translationem,
2813 422 3002 464 verum
3021 413 3077 462 et
3097 405 3251 476 juxta
3277 404 3502 466 vertibi-

230 523 399 584 atque
440 510 838 582 ﬁrmamentum
894 521 1082 562 eorum
1114 519 1233 574 quae
1283 502 1422 558 facta
1462 509 1589 557 sunt
1634 500 1816 556 divina

230 616 547 676 mternaque
574 602 813 673 potentia
842 606 948 668 est,
982 598 1305 654 exstantium
1337 595 1546 650 naturis
1595 595 1820 661 inserta,

230 713 356 769 qua:
383 693 608 764 geminis
628 691 906 748 eﬂ'ectibus
928 689 1175 744 universa
1213 687 1540 742 moderatur.
1573 685 1629 740 In
1675 695 1821 738 statu

1921 504 2026 558 lem
2073 503 2288 557 modum
2337 511 2498 573 atque
2527 503 2838 558 mutabilem
2868 501 2964 558 ﬁat
2998 519 3013 555 :
3045 502 3283 569 itemque
3309 506 3504 554 natura

1919 595 2123 652 stabilis
2146 602 2349 650 motum
2379 595 2469 662 qui
2493 593 2552 647 ﬁt
2580 609 2676 664 per
2716 593 3217 657 commutationem,
3241 590 3390 646 nulla
3419 605 3508 644 ra-

1925 688 2070 741 tione
2099 686 2325 755 recipiat
2355 703 2365 738 :
2399 685 2664 754 sapientia
2708 684 2803 738 Dei
2832 685 3188 754 proprietates
3247 682 3505 736 uniuscu-

234 803 471 870 namque
502 794 558 841 et
599 792 745 844 motu
777 798 887 836 non
913 781 1090 836 solum
1120 795 1186 834 ex
1235 794 1344 854 non
1370 777 1638 833 stantibus
1666 790 1825 852 gene-
1847 780 1896 838 ς
1919 776 2113 847 jusque
2142 784 2471 846 permutans,
2500 776 2827 830 immobilem
2857 775 3076 844 quidem
3095 783 3345 829 naturam
3373 787 3506 826 con-

234 865 526 944 rationem,
551 877 646 933 sed
673 873 1106 946 permansionem
1145 869 1576 933 subsistentibus,
1607 865 1820 922 maelii-

236 981 368 1028 nata
399 978 481 1027 est
501 964 1036 1042 circaigravissimam
1063 969 1119 1016 et
1148 957 1636 1016 incommutabilem
1668 964 1827 1010 natu-

237 1079 314 1118 ra:
353 1059 816 1122 immobilitatem,
845 1053 1008 1109 veluti
1045 1051 1330 1122 quemdam
1381 1063 1537 1106 axem
1578 1046 1825 1100 stabilem

1925 869 2225 926 vertibileni
2249 867 2395 932 fecit,
2427 867 2680 922 mobilem
2709 882 2840 920 vero
2864 865 3324 921 inconvertibilem
3354 880 3366 915 :
3391 878 3512 932 pro-

1927 963 2160 1018 videntia
2206 961 2436 1031 quadam
2466 961 2581 1014 hate
2610 959 2682 1014 ita
2714 958 3057 1028 dispensans;
3077 959 3151 1012 ‘n‘e
3180 956 3325 1025 quod
3373 955 3510 1009 divi-

1929 1069 2012 1107 na:
2059 1061 2263 1106 natura:
2306 1050 2794 1119 estnsingulare-vel
2842 1049 3118 1118 proprium
3151 1046 3244 1117 (id
3271 1055 3354 1100 est
3399 1046 3499 1098 im-

237 1163 405 1230 ξῐίιυθ
435 1149 816 1210 ίίΐωίδείῐηυῐη,
840 1144 1238 1200 VCIOCiSSimam
1268 1140 1391 1198 εωὶί
1420 1137 1828 1194 CiI‘CUIaliODCm
1932 1143 2202 1198 mobilitas
2231 1150 2286 1195 et
2334 1140 2846 1196 incommutabilitas
2874 1139 2892 1208 )
2937 1139 2990 1191 in
3039 1138 3220 1205 aliqua
3265 1144 3513 1190 creatura

240 1225 311 1299 ad
360 1245 526 1300 instar
555 1248 684 1296 rota:
706 1239 906 1308 jugiter
943 1235 1276 1306 pervehens,
1306 1241 1360 1286 et
1412 1229 1864 1286 indissolubileml

1956 1241 2222 1304 mnspecta
2263 1233 2430 1286 Deum
2476 1231 2745 1285 aestimare
2789 1229 2994 1284 faceret
3027 1237 3344 1283 creaturam.
3397 1225 3515 1279 Non

243 1333 606 1389 substantiam
656 1345 752 1398 per
809 1327 1126 1382 alterutrum
1185 1325 1426 1392 utrisque
1480 1335 1829 1377 conservans.

242 1425 382 1482 Nam
412 1433 467 1479 et
492 1422 739 1478 volubilis
765 1420 989 1474 materia
1021 1434 1116 1488 per
1144 1417 1481 1471 celerrimum
1510 1422 1717 1468 motum
1745 1427 1835 1466 so-

243 1517 515 1572 liditatem
568 1523 723 1568 terra:
793 1513 1121 1566 circumacta
1172 1508 1530 1575 constringit,
1575 1515 1629 1561 et
1682 1516 1838 1560 terra:

243 1610 512 1666 stabilitas
535 1622 630 1676 per
657 1605 984 1659 immobilem
1021 1601 1348 1663 lirmitatem,
1378 1599 1692 1653 volubilium
1723 1598 1839 1652 eir-

246 1700 400 1755 cuitu
458 1698 792 1752 incessanter
855 1693 1166 1748 extenditur
1213 1710 1225 1744 :

1289 1706 1440 1759 aequa
1495 1707 1624 1744 vero
1686 1689 1860 1759 juxta:
1882 1698 1918 1754 ς

3569 1181 3602 1318 ἒ

1936 1326 2076 1382 enim
2104 1325 2304 1396 poterit
2334 1324 2510 1376 anima
2541 1322 2706 1375 videri
2755 1322 3064 1389 opinionem
3096 1318 3293 1372 habere
3322 1314 3522 1370 Divini—
3571 1314 3586 1358 ἶ,

1939 1417 2082 1480 tatis,
2107 1415 2251 1486 quod
2290 1413 2490 1468 mobile
2521 1411 2604 1466 vel
2629 1411 2880 1466 mutabile
2910 1410 3084 1464 fuerit.
3118 1408 3341 1471 Idcirco,
3357 1413 3520 1460 terra

1940 1508 2156 1579 quidem
2178 1505 2404 1570 stabilis,
2437 1503 2530 1558 sed
2561 1503 2832 1557 mutabilis
2855 1510 2964 1566 est;
2990 1501 3183 1556 emtum
3209 1513 3337 1552 vero
3361 1512 3525 1551 econ-

1945 1600 2108 1653 trario
2138 1615 2260 1654 cum
2289 1614 2394 1652 non
2425 1598 2494 1652 sit
2524 1597 2802 1664 mutabile,
2849 1595 3009 1651 simul
3055 1609 3153 1648 nec
3180 1591 3372 1647 stabile
3393 1597 3477 1643 est
3507 1606 3520 1640 :

1946 1702 2006 1749 ut
2044 1695 2216 1749 stabili
2246 1693 2461 1762 quidem
2508 1690 2818 1746 substantia:
2867 1688 3295 1749 mutabilitatem,
3328 1684 3529 1738 incom-

248 1791 671 1860 unumquodque
723 1803 909 1842 eorum
950 1801 1176 1856 quorum
1219 1784 1463 1855 operatio
1511 1783 1698 1848 distat,
1727 1797 1842 1835 ma-
1876 1799 1920 1858 Β
1946 1786 2190 1840 mutabili
2240 1801 2368 1839 vero
2399 1785 2752 1838 mobilitatem
2793 1782 2972 1836 divina
3000 1781 3172 1835 virtus
3210 1778 3524 1839 adnectens,

249 1884 479 1955 gnitudo
505 1889 784 1952 compacta
817 1889 920 1946 est,
963 1879 1013 1932 id
1060 1887 1161 1943 est,
1207 1887 1312 1930 tam
1344 1876 1458 1944 ejus
1486 1891 1605 1945 quae
1633 1875 1838 1928 stabilis

257 1984 471 2034 natura:
519 1982 620 2038 est,
661 1987 823 2044 quam
873 1971 1011 2024 illius
1058 1984 1176 2038 qua:
1224 1967 1527 2022 incessabili
1574 1967 1841 2020 rotatione

248 2075 523 2137 raptatur,
558 2080 682 2118 nam
729 2078 906 2131 neque
959 2070 1100 2115 terra
1141 2068 1322 2129 potest
1352 2075 1382 2113 a
1413 2059 1630 2128 propria
1657 2057 1843 2112 solidi-

252 2170 368 2224 tate
412 2157 710 2220 transferri,
766 2171 942 2226 neque
983 2155 1181 2210 coelum
1225 2168 1458 2222 unquam
1501 2151 1918 2216 velocissimap

251 2263 441 2312 motus
463 2253 541 2308 sui
574 2250 890 2306 circuitione
914 2248 1102 2302 laxari.
1126 2245 1251 2300 Haec
1279 2254 1460 2299 autem
1485 2252 1542 2300 et
1567 2243 1736 2314 prima
1766 2258 1849 2297 se-

253 2345 495 2408 cundum
520 2342 828 2398 Conditoris
857 2338 1182 2409 sapientiam,
1206 2336 1371 2391 veluti
1407 2335 1675 2406 quoddam
1699 2333 1848 2404 prin-

254 2439 462 2508 cipium
507 2435 670 2489 totius
700 2432 960 2487 machinae
998 2430 1296 2500 probantur
1334 2442 1455 2483 esse
1508 2433 1846 2491 constructa,

255 2529 573 2596 declat-ante
627 2523 911 2594 magniﬁco
959 2522 1053 2576 illo
1109 2521 1293 2590 Moyse
1349 2535 1446 2588 per
1491 2519 1594 2574 hoc
1625 2517 1848 2586 quodin

1945 1884 2000 1929 et
2027 1877 2342 1929 alterutrum
2370 1890 2468 1944 per
2492 1875 2768 1942 utriusque
2795 1871 3233 1933 contrarietatem
3265 1868 3373 1922 suis
3403 1882 3528 1934 pro-

1945 1972 2261 2041 prietatibus
2291 1971 2568 2040 copulans,
2603 1985 2632 2023 a
2665 1969 2963 2024 Divinitatis
2993 1967 3250 2036 opinione
3278 1977 3521 2018 remove-

1944 2070 2046 2127 ret,
2076 2062 2222 2131 quod
2253 2071 2500 2134 neutrum
2533 2061 2723 2116 horum
2757 2059 2931 2129 (sicut
2958 2057 3157 2112 dictum
3187 2054 3306 2123 est)
3337 2051 3532 2106 divina:

1948 2163 2154 2208 natura:
2180 2135 2551 2223 putabiturf‘id
2580 2149 2724 2220 quod
2745 2148 3000 2204 mutabile
3031 2155 3088 2202 et
3116 2144 3364 2200 instabile
3389 2156 3535 2196 com-

1946 2231 2561 2318 probabiturf’Universa
2585 2245 2745 2314 igitur
2769 2244 2835 2298 ad
2865 2258 3022 2298 suum
3053 2241 3212 2296 ﬁnem
3241 2250 3538 2304 congruen-
3569 2245 3590 2310 ἢ

1949 2345 2034 2402 ter
2060 2344 2243 2408 aptata
2293 2343 2437 2392 sunt.
2469 2335 2722 2400 Perfecta
2767 2340 2893 2390 sunt
2939 2333 3112 2397 enim,
3141 2331 3280 2385 sicut
3326 2326 3536 2395 Moyses

1951 2431 2043 2493 ait,
2090 2429 2284 2484 coelum
2329 2435 2386 2482 et
2413 2436 2556 2482 terra
2609 2436 2665 2481 et
2691 2440 2811 2494 quae
2842 2425 2982 2478 inter
3030 2423 3145 2478 haec
3172 2418 3346 2474 media
3387 2423 3532 2480 sunt.

1951 2523 2131 2579 omnia
2177 2521 2312 2574 mira
2365 2517 2785 2589 pulchritudine,
2813 2514 3020 2584 singula
3051 2525 3276 2581 qumque
3305 2520 3529 2575 compe-

260 2621 528 2694 principio
569 2619 765 2674 emtum
808 2625 866 2672 et
905 2622 1105 2670 terram
1133 2612 1298 2666 aDeo
1324 2611 1466 2664 facta
1517 2621 1881 2668 commemo-A,

1956 2624 2128 2670 tenter
2167 2620 2360 2668 ornata
2395 2611 2630 2667 :cuelum
2671 2608 2888 2679 quidem
2937 2604 3212 2661 stellarum
3251 2597 3541 2654 luminibus

257 2723 372 2779 rat,
403 2723 456 2770 et
475 2712 616 2781 quod
644 2727 714 2766 ex
736 2719 885 2764 motu
911 2716 967 2763 et
993 2706 1227 2760 statione
1254 2719 1371 2773 quae
1399 2702 1646 2756 videntur
1666 2701 1720 2754 in
1751 2700 1851 2754 hac

262 2805 536 2872 creatura,
566 2805 720 2874 juxta
765 2802 1001 2857 divinum
1057 2797 1358 2854 consilium‘
1394 2795 1446 2849 in
1501 2793 1852 2864 generatione

265 2908 464 2955 cuncta
516 2897 778 2967 producta
818 2899 962 2949 sunt.
991 2890 1128 2945 Cum
1180 2902 1310 2957 ergo
1357 2886 1552 2942 ccelmu
1601 2891 1658 2938 et
1707 2893 1852 2938 terra

265 2990 538 3046 mensuris
567 2988 736 3058 aequis
759 2986 913 3055 juxta
943 2981 1270 3044 contrariam
1299 2976 1593 3034 efﬁcaciam
1623 2975 1691 3029 ab
1719 2973 1856 3027 invi-

1953 2708 2193 2770 micans;
2219 2719 2368 2758 mare
2392 2717 2522 2757 vero
2551 2709 2713 2768 atque
2742 2714 2836 2752 aer
2861 2694 3223 2751 animantibus
3253 2699 3360 2744 tam
3393 2697 3541 2742 nata-

1960 2800 2157 2857 bilibus
2184 2813 2346 2868 quam
2371 2794 2681 2850 volatilibus
2711 2792 2843 2844 mire
2877 2788 3172 2857 tripudians
3197 2802 3211 2848 ;
3241 2791 3384 2838 terra
3404 2793 3542 2834 vero

1956 2888 2286 2946 multimodis
2312 2885 2599 2940 herbarum
2629 2882 2854 2943 naturis,
2890 2878 3241 2946 virgultorum
3258 2872 3542 2938 diversita-

1958 2981 2100 3038 tibus
2149 2976 2382 3046 quodam
2434 2973 2594 3028 modo
2646 2970 2912 3040 gestiens,
2965 2981 3084 3037 qua:
3129 2968 3544 3021 conservantem

266 3075 393 3138 cent
421 3081 689 3150 disparata
719 3079 848 3144 sint,
898 3091 961 3130 ea
993 3082 1242 3128 crealul‘a
1270 3079 1388 3141 qua:
1416 3070 1468 3124 in
1499 3068 1676 3122 medio
1727 3078 1925 3127 con-50
1961 3077 2152 3127 cuncta
2199 3067 2380 3121 divino
2418 3072 2550 3118 nutu
2603 3069 2848 3130 vegetata
2892 3056 3214 3128 progenuit;
3243 3061 3299 3108 et
3338 3051 3544 3120 repleta

267 3173 564 3227 trariorum
591 3181 690 3237 est,
739 3189 805 3228 ex
839 3179 994 3242 parte
1041 3167 1270 3239 quadam
1321 3164 1706 3222 cohaerentium
1754 3161 1858 3217 sibi
1891 3177 1938 3239 ρ
1966 3161 2186 3234 quidem
2216 3166 2334 3215 erat
2361 3155 2647 3226 speciebus
2695 3151 2957 3206 universis
2981 3147 3141 3204 simul
3171 3159 3293 3200 cum
3322 3141 3545 3196 ﬂoribus

267 3267 625 3342 participans,
658 3265 993 3320 summitates
1046 3262 1244 3317 divisas
1288 3259 1502 3330 propria
1535 3255 1859 3312 mediatione

271 3359 573 3426 connectit.
605 3357 681 3412 Ita
706 3366 763 3412 ut
785 3356 1082 3424 manifestae
1109 3354 1217 3409 sint
1255 3352 1651 3414 contrariorum
1681 3346 1750 3400 ad
1775 3346 1858 3400 al-

274 3458 543 3510 terutrum
573 3450 674 3504 hac
705 3448 1117 3516 interpositione
1145 3442 1559 3513 conjunctionis.
1588 3439 1722 3504 Nam
1753 3453 1861 3500 mo-

275 3542 401 3598 bilis
429 3552 642 3610 semper
670 3547 726 3595 et
767 3537 1100 3593 subtilissimi
1129 3536 1268 3604 ignis
1297 3532 1653 3589 substantiam
1687 3529 1860 3582 imita~
1882 3545 1914 3562 ν·

277 3643 370 3690 tur
397 3633 734 3702 aliquatenus
765 3646 876 3694 aer,
902 3639 1009 3690 tam
1033 3630 1252 3684 levitate
1272 3635 1478 3680 natum
1497 3637 1657 3691 quam
1685 3628 1863 3674 motus

277 3726 685 3797 Opportunitate
718 3741 732 3778 :
768 3739 876 3778 non
918 3730 1095 3776 tamen
1126 3717 1438 3788 bujusmodi
1469 3723 1573 3781 est,
1602 3721 1662 3767 ut
1690 3728 1719 3766 a
1770 3725 1863 3766 so-

282 3820 663 3875 lidissimorum
719 3815 1042 3884 cognatione
1095 3813 1339 3868 videatur
1393 3809 1638 3874 alienus,
1691 3818 1866 3874 neque

280 3926 499 3981 semper
527 3909 814 3965 immobilis
843 3920 1189 3977 permanens,
1220 3915 1394 3972 neque
1419 3899 1619 3969 jugiter
1644 3895 1866 3952 efﬂuens

283 4010 450 4072 atque
496 3999 797 4056 deﬁciens:
856 3996 952 4052 sed
1001 3998 1278 4064 utriusque
1325 3992 1656 4063 proprietate
1701 3986 1885 4041 veluti-

283 4094 608 4167 quibusdam
635 4093 1026 4148 contrariorum
1059 4088 1339 4144 etleetibus
1369 4081 1595 4140 conﬁnis
1618 4079 1865 4144 efﬁcitur,

285 4189 597 4244 immiscens
635 4185 794 4242 simul
844 4193 900 4240 et
927 4182 1174 4238 dividens
1228 4182 1282 4235 in
1323 4179 1502 4246 seipso
1528 4190 1646 4244 quae
1676 4183 1870 4229 natura

286 4281 524 4336 discreta
545 4287 693 4342 sunt,
715 4277 1008 4334 secundum
1033 4276 1172 4330 hanc
1193 4274 1459 4328 rationem
1484 4286 1512 4324 a
1532 4269 1728 4338 liquida
1745 4282 1874 4337 quo-

289 4388 397 4443 que
451 4371 748 4434 substantia
806 4369 1017 4439 gemina
1065 4366 1329 4428 charitate
1367 4362 1594 4418 subnixa
1632 4359 1873 4428 utrisque

1965 3252 2168 3316 fructus
2209 3262 2425 3318 quoque
2455 3244 2777 3316 producens,
2804 3240 2962 3310 plena
2992 3245 3048 3294 et
3089 3243 3276 3308 parata
3299 3233 3382 3288 bis
3424 3245 3545 3316 quae

1963 3347 2016 3408 in
2043 3324 2123 3398 eis
2143 3341 2302 3397 solita
2321 3347 2447 3394 sunt
2468 3337 2596 3392 oriri
2619 3353 2631 3388 :
2651 3341 2843 3389 cuncta
2862 3345 3076 3402 quoque
3101 3328 3257 3383 dorsa
3287 3313 3546 3380 montium

1966 3447 2128 3507 atque
2158 3433 2440 3490 cacumina
2468 3437 2522 3484 et
2547 3425 2806 3498 quidquid
2862 3436 3163 3478 convexum
3213 3426 3376 3488 atque
3403 3414 3550 3486 supi-

1969 3548 2115 3596 num,
2147 3530 2230 3586 vel
2280 3528 2334 3582 in
2381 3523 2715 3586 convallibus
2742 3520 2964 3590 planum
3012 3524 3174 3584 atque
3217 3513 3547 3567 substratum

1967 3624 2252 3680 herbarum
2285 3634 2420 3674 nova
2452 3614 2633 3686 Specie
2660 3621 2715 3667 et
2743 3611 2892 3666 varia
2939 3608 3196 3663 arborum
3246 3601 3546 3674 pulchritu-

1967 3717 2092 3772 dine
2130 3712 2547 3773 coronabantur,
2579 3707 2740 3762 modo
2781 3701 2996 3774 quidem
3025 3700 3095 3756 de
3131 3696 3288 3753 terris
3317 3693 3550 3749 eminen-

1969 3808 2070 3873 tia;
2101 3806 2196 3861 sed
2222 3803 2289 3857 ad
2313 3798 2660 3872 perfectionis
2687 3812 2797 3851 suae
2838 3789 3216 3850 concurrentia
3243 3800 3368 3844 mox
3396 3783 3550 3840 deco.

1969 3920 2082 3960 rem
2138 3900 2486 3962 lmtabantur,
2518 3895 2767 3949 universa
2805 3891 2956 3960 juxta
2987 3885 3202 3942 modum
3231 3895 3385 3938 suum
3415 3892 3554 3949 prze-
3650 3910 3654 3914 -

1899 4015 1934 4043 ’.
1971 4003 2130 4063 cepto
2180 3990 2444 4044 vivilicata
2492 3985 2690 4038 divino.
2736 3981 2985 4035 Jumenta
3031 3974 3247 4046 quidem
3288 3967 3550 4039 gregatim

1968 4089 2118 4156 juxta
2147 4083 2423 4152 preprium
2453 4093 2621 4147 genus
2645 4076 2697 4128 in
2739 4073 2871 4128 silva
2897 4066 3251 4124 diseurrentia
3275 4060 3556 4117 moraban-

1975 4188 2091 4240 tur;
2120 4175 2435 4228 aviumvero
2458 4166 2744 4222 modulatis
2763 4162 3009 4217 cantibus
3037 4158 3274 4211 omnium
3301 4154 3553 4207 silvarum

1979 4279 2220 4324 consona
2246 4260 2597 4318 resonabant.
2626 4255 2786 4309 Maris
2809 4254 2968 4306 etiam
3000 4249 3161 4304 facies
3183 4247 3263 4317 (ut
3290 4243 3558 4316 aestimare

1977 4357 2140 4426 licet)
2172 4353 2404 4408 maxima
2437 4358 2562 4406 tunc
2605 4356 2721 4402 erat
2751 4341 3070 4417 placiditate
3099 4347 3152 4393 et
3173 4325 3559 4404 tranquillitate

290 4448 762 4520 contrarietatibus
803 4467 1084 4528 coaptatur
1109 4475 1122 4521 ;
1150 4454 1295 4526 quod
1350 4453 1493 4508 enim
1539 4450 1716 4519 gravis
1743 4457 1798 4503 et
1820 4448 1902 4514 ind,
1918 4469 1945 4519 δ
1979 4450 2090 4505 suis
2124 4424 2669 4512 congregationibus
2734 4430 3165 4509 profundissimis
3242 4424 3554 4480 constituta.

292 4555 544 4611 deorsum
591 4552 840 4624 proclivis
891 4513 994 4616 est,
1024 4513 1193 4602 multa
1216 4545 1284 4599 ad
1309 4551 1581 4598 terrenam
1625 4547 1873 4594 naturam
1903 4513 2140 4619 bJuxta
2181 4548 2344 4606 quam
2400 4529 2660 4586 stationes
2706 4533 2761 4580 et
2808 4530 3000 4594 portus
3054 4520 3233 4574 divina
3280 4513 3560 4569 voluntate

295 4601 544 4611 --ων----
595 4601 833 4624 .μη-η--
1903 4601 1953 4619 ν
2199 4601 2214 4606 _

295 4645 620 4714 cognatione
643 4641 937 4698 fmderatur
966 4657 978 4693 :
1009 4638 1155 4708 quod
1181 4651 1308 4692 vero
1335 4633 1490 4689 ﬁuxm
1512 4640 1566 4686 et
1594 4631 1878 4684 deeurreu-
1897 4640 1949 4674 'v‘.
1979 4627 2145 4684 veluti
2171 4623 2389 4694 quidam
2417 4621 2567 4675 sinus
2615 4615 2793 4672 eﬁecti
2839 4629 2938 4684 per
2967 4612 3146 4666 littora
3189 4607 3347 4662 terris
3393 4601 3562 4656 maria

298 4737 368 4792 tis
388 4733 640 4792 efﬁcacia:
662 4741 766 4798 est,
797 4748 906 4787 non
935 4731 1082 4786 omni
1113 4729 1273 4784 modo
1303 4735 1512 4780 naturas
1539 4721 1754 4778 mobilis
1783 4735 1880 4774 ex-

294 4846 422 4903 pers
471 4845 591 4886 esse
643 4827 1026 4896 cognoscitur:
1060 4823 1302 4893 quaedam
1359 4832 1589 4889 namque
1639 4831 1737 4886 per
1775 4815 1880 4868 hoc

298 4923 476 4990 ipsum
504 4920 562 4972 lit
583 4919 952 4988 oppositorum
975 4917 1204 4970 mixtura
1234 4920 1395 4982 atque
1416 4908 1725 4976 concursio,
1749 4906 1878 4961 dum
1894 4917 1957 4967 se

301 5017 358 5064 et
373 5008 606 5076 gravitas
627 5009 680 5061 in
703 5017 851 5062 motu
875 5013 1129 5070 transeat,
1153 5017 1254 5057 nec
1276 5009 1454 5055 motus
1471 5001 1596 5054 item
1618 4998 1882 5066 gravitate

303 5100 564 5163 tardetur,
596 5099 692 5154 sed
719 5100 784 5168 ad
813 5114 932 5168 sese
962 5096 1307 5162 conveniant,
1341 5108 1461 5165 qua:
1485 5093 1639 5162 juxta
1659 5091 1885 5145 summi-

303 5202 442 5264 tates
483 5167 799 5245 naturaliter
837 5197 964 5244 sunt
1010 5177 1200 5251 divisa,
1229 5185 1357 5239 dum
1387 5184 1487 5238 sibi
1537 5190 1726 5236 mutuo
1754 5167 1888 5252 qua-

301 5285 425 5340 dam
455 5284 782 5356 mediatione
812 5281 1154 5354 copulantur,
1195 5279 1304 5333 imo
1333 5279 1512 5347 potius
1542 5273 1888 5343 diligentissi-

302 5392 444 5432 mam
469 5375 734 5448 rationem
765 5388 864 5428 nec
890 5372 1002 5442 ipsa
1033 5362 1424 5442 contrariorum
1446 5366 1741 5421 substantia
1768 5363 1970 5426 sine35

307 5466 662 5538 permixtione
679 5466 902 5520 alterius
929 5460 1276 5533 prOprietatis
1305 5458 1520 5513 existat.
1541 5457 1696 5522 Item,
1722 5471 1888 5525 quan-

307 5549 418 5613 tum
450 5573 590 5625 reor,
618 5558 866 5613 universa
892 5569 1012 5626 qum
1042 5554 1095 5608 in
1128 5550 1326 5628 mundo
1357 5556 1667 5612 cernuntur,
1704 5556 1889 5602 mutua

306 5653 408 5708 sibi
460 5653 721 5706 societate
751 5649 1116 5710 consentiunt,
1150 5652 1203 5714 et
1238 5643 1290 5697 in
1339 5655 1502 5695 unum
1534 5636 1708 5693 omnis
1739 5652 1892 5692 crea-

310 5735 428 5798 tura
478 5743 791 5811 conspirare
838 5737 1210 5809 cognoscitur,
1242 5733 1366 5788 dum
1421 5729 1471 5782 in
1521 5729 1894 5799 oppositorum

1985 4716 2327 4789 copulabant,
2351 4708 2669 4782 quietissimi
2701 4705 2858 4761 etiam
2890 4711 3069 4757 motus
3099 4699 3360 4754 undarum
3385 4693 3564 4749 vibra-

1982 4810 2177 4863 bantur
2209 4805 2370 4859 veluti
2412 4809 2567 4873 prata
2613 4797 2861 4861 virentia,
2909 4791 3234 4866 tenuissimis
3277 4797 3439 4856 atque
3490 4785 3567 4837 in-

1987 4899 2163 4957 noxiis
2193 4896 2405 4951 ﬂatibus
2454 4893 2778 4949 summitatis
2809 4886 3146 4958 superﬁciem
3178 4896 3412 4951 congrua
3442 4867 3568 4932 sub-

1987 4993 2178 5046 tilitate
2200 4988 2517 5056 crispantes,
2544 4993 2599 5039 et
2627 4983 2904 5037 universus
2931 4979 3076 5033 orbis
3104 4974 3398 5031 secundum
3425 4984 3572 5023 crea-

1989 5084 2189 5138 tionem
2213 5095 2367 5134 suam
2392 5083 2532 5133 terra
2560 5077 2805 5146 marique
2837 5081 3056 5146 paratus
3084 5067 3310 5146 astabat.
3344 5059 3452 5144 Sed.
3478 5060 3571 5134 qui

1989 5179 2072 5234 his
2097 5183 2339 5231 uteretur
2368 5171 2586 5244 interim.
2607 5183 2717 5248 non
2747 5174 2882 5221 erat.

2611 5296 2842 5359 CAPUT
2879 5296 2945 5353 II.

2081 5421 2186 5478 Cur
2211 5419 2519 5476 novissimus
2547 5423 2662 5486 post
2689 5420 2980 5468 creaturam
3001 5409 3173 5479 facta:
3202 5405 3270 5460 sit
3297 5401 3472 5457 homo.

2063 5535 2306 5593 Nondum
2337 5544 2566 5601 namque
2595 5540 2790 5595 magna
2820 5525 2936 5579 hinc
2956 5530 3010 5577 et
3041 5521 3272 5591 pretiosa
3301 5533 3389 5574 res
3414 5517 3578 5572 homo

1993 5629 2177 5687 mundi
2221 5627 2471 5682 dominus
2523 5621 2740 5688 aderat,
2791 5633 2890 5672 nec
2945 5617 3088 5671 enim
3129 5613 3384 5669 decuerat
3416 5609 3578 5677 prius

1999 5725 2230 5780 existere
2253 5719 2547 5790 principem
2575 5728 2734 5781 quam
2765 5711 2855 5765 illa
2884 5723 3110 5779 quorum
3146 5713 3357 5775 gereret
3389 5699 3582 5771 princi-

309 5797 728 5909 proprietatibus
757 5797 1043 5912 invenitur.
1075 5825 1208 5906 Nam
1239 5840 1362 5902 cum
1382 5797 1695 5902 [notus:non
1721 5819 1928 5876 solum,
2001 5823 2207 5886 patum.
2257 5807 2364 5864 Sed
2395 5805 2486 5862 ubi
2513 5811 2707 5860 cuncta
2755 5804 2804 5859 ei
2833 5798 3162 5886 subjicienda
3206 5803 3397 5886 parata
3433 5797 3578 5856 sunt,
