4092 6348
597 260 698 318 831
1474 258 1475 261 “
1865 257 2224 317 DlONYSlUS
2260 257 2582 318 EXIGUUS.
3749 273 3832 332 35!

590 379 707 449 jam
725 392 1061 449 consequens
1086 385 1207 435 erat
1231 390 1493 450 apparere
1513 384 1809 434 rectorem.
1851 376 1990 446 Quia
2016 378 2177 447 igitur
2201 381 2257 440 Α
2282 377 2338 432 in
2364 378 2630 435 creaturis
2675 378 2975 437 visibilibus
3006 380 3183 437 simile
3225 382 3533 454 reperitur,
3559 384 3716 444 verbo
3739 392 3833 449 solo

594 470 763 526 veluti
782 471 1055 541 quoddam
1078 471 1230 541 regni
1249 469 1581 526 domicilium
1599 468 1780 527 futuro
1806 471 1921 540 regi
1948 469 2178 526 Creator
2279 476 2582 547 perﬁcitur,
2612 485 2670 532 et
2707 491 2844 548 opus
2888 486 3001 533 tam
3038 476 3287 535 mirabile
3334 493 3442 535 nec
3476 480 3623 538 unde
3647 481 3733 540 ﬁat
3755 502 3834 546 nec

599 561 963 618 universitatis
992 560 1266 629 effecerat,
1296 562 1351 618 id
1399 569 1580 618 autem
1627 571 1746 618 erat
1774 570 1937 630 terra,
1968 563 2175 631 insulas,
2280 570 2545 639 qualiter,
2575 569 2859 628 intimatur
2889 590 2903 627 :
2949 575 3029 632 sic
3056 581 3111 629 et
3149 575 3365 645 singula
3394 590 3626 648 qumque
3660 592 3835 640 creatu-

593 655 787 722 maria,
817 660 871 709 et
889 668 1052 726 super
1078 652 1196 710 haec
1224 653 1420 710 ccelum
1459 655 1514 710 in
1547 654 1765 710 modum
1800 670 2029 710 camerze
2049 671 2175 712 eur-
2278 675 2483 731 rarum,
2505 662 2692 731 aether,
2724 664 2894 720 stellae
2937 673 2991 720 et
3018 680 3115 721 aer
3149 668 3241 737 qui
3269 668 3521 724 medium
3547 668 3717 727 locum
3736 689 3836 731 con-

593 752 811 811 vatum;
857 743 1071 799 divitias
1096 759 1229 800 vero
1269 753 1591 817 reposuerat
1636 746 1789 816 regni
1821 746 2174 817 multiplices;
2212 755 2249 801 5’
2279 754 2435 822 tinet,
2484 771 2655 822 mare,
2709 764 2878 825 terra,
2927 758 3184 814 animalia
3231 769 3290 816 et
3334 763 3619 817 nascentia
3666 766 3834 836 omnia,

594 835 807 891 divitias
834 844 1015 891 autem
1044 836 1165 892 dico
1187 845 1357 893 totam
1385 845 1688 892 creaturam
1716 837 1974 907 quidquid
2015 846 2095 893 est
2122 839 2178 895 in
2279 846 2447 901 verbo
2478 848 2853 903 tantummodo
2880 848 3248 918 producuntur
3276 858 3340 906 ut
3364 853 3477 907 sint
3504 870 3519 919 ;
3557 853 3623 909 ad
3641 835 3835 915 hominis

593 925 774 981 herbis
802 933 859 981 et
884 926 1081 996 plantis
1128 935 1183 982 et
1211 927 1517 994 arboribus,
1550 927 1806 997 quidquid
1843 929 1897 982 in
1935 930 2183 1000 spiritali-

593 1013 695 1069 bus
725 1022 781 1070 et
812 1016 1101 1072 sensilibus
1136 1024 1192 1072 et
1210 1017 1476 1083 animatis,
1512 1016 1656 1087 quod
1682 1017 1781 1072 nisi
1805 1019 2025 1074 metalla
2044 1034 2183 1089 quo-

597 1120 704 1175 que
756 1106 842 1162 his
898 1110 1153 1163 convenit
1198 1108 1540 1165 adnumerari
1565 1109 1765 1165 divitiis
1793 1128 1911 1182 qua:
1960 1121 2183 1183 propter

593 1197 839 1254 colorum
869 1200 1319 1270 pulchritudinem
1346 1202 1841 1272 pretio‘sahumanis
1866 1207 2037 1262 oculis
2066 1208 2181 1263 visa
2208 1222 2243 1253 ut
2282 1236 2427 1276 mam
2484 1197 2754 1292 primaeva;
2803 1239 2867 1278 ac
2922 1225 3238 1295 principalis
3270 1197 3703 1296 ’ρυιξιπίωάίηίε
3743 1232 3833 1300 ejus

595 1297 738 1353 sunt,
771 1299 831 1346 ut
855 1293 969 1347 auri
1010 1302 1067 1349 et
1094 1295 1298 1363 argenti
1328 1302 1384 1349 et
1428 1294 1671 1365 lapidum
1702 1312 1891 1352 eorum
1916 1313 2053 1367 quos
2076 1299 2181 1355 ho-

596 1382 777 1438 mines
806 1392 1007 1450 amant,
1037 1384 1228 1440 horum
1258 1384 1499 1441 omnium
1546 1387 1756 1457 copiam
1784 1390 1933 1444 velut
1968 1391 2185 1460 quibus-

598 1475 721 1531 dam
751 1477 1019 1547 regalibus
1072 1478 1339 1535 thesauris
1391 1489 1549 1536 terrae
1590 1480 1784 1539 ﬁnibus
1809 1485 2095 1552 occulens,
2127 1486 2182 1541 in

598 1569 740 1624 hunc
765 1569 1026 1625 mundum
1056 1571 1330 1627 hominem
1361 1573 1605 1643 protinus
1634 1575 1949 1642 introduxit,
1974 1584 2036 1631 ut
2054 1592 2185 1646 quo-

598 1664 843 1718 rumdam
888 1664 1272 1721 miraculorum
1319 1675 1595 1737 spectator
1622 1669 1899 1737 existeret,
1931 1685 2217 1740 quorum-1

2246 1666 2263 1673 .α

2238 1708 2253 1715 4

2282 946 2461 993 autem
2486 940 2656 996 solius
2677 940 3043 997 conditionem
3068 958 3191 997 cum
3218 944 3457 999 consilio
3480 944 3835 1015 quodammodo

2282 1030 2545 1088 Conditor
2580 1034 2949 1091 universitatis
3001 1036 3243 1104 accedit,
3298 1046 3359 1094 et
3415 1041 3689 1097 materiam
3737 1058 3831 1113 quae

2282 1126 2671 1183 constructioni
2693 1128 2811 1198 ejus
2838 1130 2908 1184 sit
2930 1132 3241 1187 necessaria
3268 1142 3569 1203 praeparat,
3599 1142 3651 1189 et
3674 1135 3735 1190 ad
3756 1137 3836 1193 for—

2284 1322 2502 1385 coaptat
2525 1315 2953 1381 similitudinem,
2978 1325 3035 1373 et
3057 1318 3423 1374 intentionem
3441 1359 3457 1385 ,
3484 1320 3633 1388 cujus
3658 1321 3729 1375 rei
3747 1336 3835 1391 gra-

2286 1407 2359 1461 tia
2404 1404 2516 1472 ﬁat,
2544 1407 2800 1473 insinuat,
2832 1424 3126 1481 congruam
3166 1411 3244 1466 illi
3296 1398 3555 1467 naturam
3600 1410 3833 1468 effectibus

2284 1500 2393 1555 suis
2433 1499 2735 1566 instituens,
2766 1516 2886 1571 qua:
2928 1502 2996 1557 ad
3046 1504 3389 1574 propositum
3440 1503 3707 1575 aptissima
3742 1519 3834 1562 esse

2283 1593 2564 1665 probatur.

2911 1686 3140 1743 CAPUT
3176 1685 3268 1743 IV.

597 1753 721 1809 dam
748 1770 881 1811 vero
904 1755 1238 1811 dominatum
1267 1757 1638 1828 principaliter
1669 1760 1971 1853 obtineret;
1998 1769 2186 1830 quate-
2214 1765 2262 1826 B
2291 1779 2465 1846 Quare
2501 1797 2593 1849 per
2620 1781 2795 1835 οηιηξα
2850 1781 3182 1850 imperiosam
3232 1781 3517 1853 quamdam
3576 1789 3832 1852 parmam.

596 1861 698 1900 nus
726 1861 823 1916 per
870 1862 935 1902 ea
965 1848 1159 1918 quibus
1204 1855 1448 1904 uteretur
1494 1850 1819 1921 intelligeret
1846 1852 2179 1922 largitorem,

598 1951 697 2007 per
739 1952 803 1991 ea
858 1953 990 1993 vero
1050 1954 1169 2008 quae
1225 1941 1447 2011 pulchra
1513 1950 1570 1997 et
1612 1944 1895 2011 magnilica
1949 1955 2187 2003 contem-

597 2029 795 2099 platur,
818 2029 1145 2086 ineffabilem
1168 2032 1251 2086 sui
1279 2031 1502 2089 factoris
1522 2043 1706 2104 posset
1733 2035 2053 2106 investigare
2081 2055 2183 2109 po-

598 2122 844 2177 tentiam.
871 2121 1164 2196 Propterea
1186 2127 1511 2182 novissimus
1540 2127 1595 2181 in
1624 2128 1766 2185 hunc
1785 2130 2041 2185 mundum
2061 2140 2184 2202 post
2210 2168 2215 2179 ι

598 2221 902 2270 creaturam
942 2213 1278 2272 introductus
1307 2225 1392 2272 est
1436 2218 1599 2274 homo
1631 2237 1644 2273 :
1675 2235 1784 2275 non
1813 2230 1874 2275 ut
1895 2221 2186 2278 vilissimus

596 2308 653 2363 in
679 2315 922 2364 extrema
942 2318 1095 2380 parte
1116 2311 1427 2381 projectus,
1456 2312 1551 2368 sed
1592 2328 1752 2382 quem
1783 2315 2005 2370 decebat
2033 2318 2186 2385 geni-

597 2406 712 2454 tum
743 2415 868 2455 mox
893 2415 1015 2457 esse
1039 2410 1327 2458 rectorem.
1358 2404 1492 2460 Nam
1530 2406 1668 2461 sicut
1692 2407 1908 2476 quidam
1946 2409 2185 2479 Optimus

600 2490 860 2547 invitator
886 2508 995 2547 non
1018 2493 1167 2564 prius
1195 2494 1249 2549 in
1279 2494 1497 2551 domum
1528 2512 1842 2566 pransorem
1870 2514 2031 2568 quam
2054 2516 2185 2571 prae-

596 2590 750 2656 paret
778 2583 964 2655 epulas
1012 2584 1329 2653 introducit,
1376 2584 1471 2641 sed
1497 2601 1715 2642 omnem
1744 2596 2059 2658 apparatum
2110 2590 2217 2645 in-.

598 2682 831 2744 struens,
881 2676 1208 2747 domumque
1250 2686 1623 2747 congruenter
1655 2692 1963 2746 exornans,
2012 2680 2186 2736 discu-

603 2768 778 2824 bitum
804 2784 1025 2841 quoque
1052 2778 1107 2825 et
1135 2785 1379 2825 mensam
1407 2779 1463 2825 et
1497 2779 1729 2838 caetera;
1778 2779 1908 2828 tunc
1955 2772 2025 2827 ad
2053 2788 2185 2845 prte-

600 2869 820 2931 paratas
866 2860 977 2931 jam
1028 2861 1251 2917 delicias
1300 2872 1659 2919 convocatum
1716 2864 1910 2919 invitat
1959 2881 1974 2918 :
2027 2865 2183 2936 juxta

593 2952 738 3010 hunc
764 2953 983 3010 modum
1023 2954 1177 3011 dives
1198 2962 1254 3011 et
1278 2956 1532 3027 copiosus
1560 2964 1759 3014 nostrae
1780 2958 2033 3015 conditor
2057 2960 2187 3016 edu-

596 3052 855 3116 catorque
881 3046 1215 3112 substantiae,
1246 3046 1402 3103 bonis
1430 3049 1679 3106 omnibus
1704 3049 1919 3119 replens
1967 3050 2181 3107 habita-
2202 3072 2223 3107 δ

594 3138 774 3194 culum
802 3137 987 3194 mundi
1025 3139 1184 3209 hujus
1209 3148 1265 3195 et
1291 3155 1515 3210 magnas
1534 3142 1632 3197 has
1680 3141 1867 3212 epulas
1894 3144 2181 3215 variasque
2205 3163 2255 3227 ς

595 3232 903 3304 disponens,
930 3232 1007 3288 sic
1051 3232 1352 3288 introduxit
1396 3233 1696 3303 hominem,
1749 3234 1885 3291 dans
1938 3235 1991 3291 ei
2046 3253 2183 3309 opus

601 3324 858 3379 eximium
886 3322 1163 3380 custodire
1194 3310 1507 3379 mandatum
1534 3363 1550 3389 ,
1574 3339 1682 3393 quo
1705 3340 1814 3380 non
1835 3326 2079 3396 appetitu
2104 3342 2188 3385 re-

596 3431 716 3472 rum
762 3431 872 3472 non
910 3416 1270 3484 exstantium,
1314 3416 1412 3472 sed
1456 3418 1804 3488 praesentium
1843 3420 2186 3489 possessione

599 3507 877 3579 gauderet.
919 3506 1127 3565 Idcirco
1177 3508 1341 3564 etiam
1386 3509 1614 3580 duplicis
1661 3512 2074 3582 compositionis
2130 3515 2184 3571 ei

597 3616 786 3657 causas
838 3602 1089 3672 intexuit,
1122 3608 1338 3658 terreno
1367 3603 1647 3674 spirituale
1695 3605 2075 3672 commiscens,
2123 3616 2186 3663 ut

598 3706 697 3763 per
724 3692 1004 3761 utriusque
1032 3693 1413 3763 cognationem
1454 3702 1685 3764 utraque
1729 3696 2064 3766 proprietate
2091 3712 2185 3768 po-

598 3785 809 3851 tiretur,
842 3783 955 3840 Deo
977 3784 1194 3855 quidem
1214 3786 1566 3856 spiritualiter
1588 3786 1789 3857 fruens,
1814 3796 2030 3846 terrena
2050 3804 2184 3846 vero

598 3875 742 3933 bona
769 3877 1041 3949 corporali
1066 3894 1166 3935 usu
1188 3880 1508 3952 percipiens.

1211 3994 1437 4053 CAPUT
1473 3996 1561 4053 Ill.
2174 3984 2235 4031 ‘ii

603 4082 754 4152 Quod
780 4088 1054 4159 pretiosior
1090 4092 1229 4165 omni
1276 4100 1531 4165 creatura»
1556 4108 1672 4165 quis
1715 4091 1935 4160 videtur,
1991 4094 2185 4152 existat

1134 4162 1359 4217 humana
1397 4162 1643 4218 conditio.

669 4252 895 4325 Dignum
922 4272 1053 4313 vero
1100 4265 1184 4313 est
1233 4264 1291 4312 ut
1338 4273 1442 4313 nec
1480 4259 1580 4313 ista
1628 4274 1719 4316 res
1757 4260 2184 4333 incontemplata

599 4352 904 4415 prmtereat,
934 4348 1081 4418 quod
1132 4349 1267 4403 tanti
1297 4348 1453 4418 hujus
1476 4350 1624 4405 orbis
1662 4354 1958 4408 exstructio
1987 4360 2039 4407 et
2070 4369 2188 4423 par-

2561 1853 2677 1922 ipsa
2697 1853 3009 1906 constructio
3046 1853 3273 1905 humana
3305 1854 3589 1923 signiﬁcet.

2324 1968 2327 1971 ·
2358 1943 2509 1999 Sicut
2536 1942 2679 1998 enim
2700 1943 2755 1997 in
2784 1942 2886 1997 hac
2906 1942 3015 1996 vita
3044 1943 3109 1996 ad
3130 1942 3408 2012 quoslibet
3438 1958 3565 1998 usus
3584 1944 3647 1998 ab
3666 1941 3834 1999 artiﬁci-

2286 2034 2387 2089 bus
2416 2034 2768 2089 instrumenta
2798 2042 3172 2103 competenter
3199 2042 3482 2104 aptantur.
3510 2035 3583 2089 ita
3601 2035 3747 2089 veluti
3766 2034 3833 2090 res'

2252 2142 2259 2169 ι
2286 2125 2531 2197 quaedam
2560 2126 2627 2181 ad
2669 2140 2805 2197 opus
2834 2126 3044 2196 imperii
3081 2140 3390 2195 congruens
3422 2127 3490 2182 ab
3518 2128 3705 2200 optimo
3728 2130 3829 2183 arti-

2288 2208 2390 2274 ﬁce
2415 2226 2606 2272 natura
2635 2227 2820 2273 nostra
2849 2220 3199 2287 construitur,
3222 2235 3348 2289 quae
3374 2221 3490 2277 sive
3514 2222 3659 2292 juxta
3682 2223 3831 2277 anima:

2286 2311 2717 2381 praerogativam,
2745 2326 2839 2365 seu
2881 2308 3036 2379 juxta
3065 2312 3315 2382 corporis
3344 2312 3587 2366 habitum
3621 2312 3726 2366 talis
3748 2312 3831 2366 exi-

2287 2409 2474 2465 steret,
2503 2415 2621 2469 quae
2649 2400 2717 2454 ad
2764 2400 3135 2471 imperandum
3167 2402 3540 2472 opportunior
3564 2409 3827 2471 appareret:

2285 2490 2517 2559 denique
2538 2491 2737 2556 anima,
2776 2489 2832 2544 id
2862 2490 3006 2559 quod
3032 2490 3213 2559 regale
3252 2500 3427 2560 atque
3447 2490 3829 2546 sublimissimum

2236 2598 2267 2651 ς
2286 2591 2388 2647 est,
2407 2597 2517 2636 sua:
2544 2582 2854 2638 substantiae
2879 2590 2935 2636 et
2956 2597 2986 2636 a
3011 2583 3218 2653 privata
3248 2584 3447 2653 procul
3476 2582 3747 2637 humilitate
3766 2597 3829 2651 se;

2279 2672 2527 2744 junctum
2576 2675 2769 2730 clarius
2796 2674 2923 2730 hinc
2951 2674 3275 2739 declaratur,
3308 2675 3466 2745 quod
3498 2675 3681 2730 nullius
3703 2672 3837 2741 subji-‘

2285 2767 2458 2823 ciatur
2486 2768 2729 2838 imperio,
2758 2768 2963 2822 habens
2992 2767 3197 2822 arbitrii
3222 2767 3560 2835 libertatem,
3588 2780 3765 2835 suoque
3784 2778 3828 2820 se

2284 2867 2416 2913 nutu
2446 2866 2606 2927 atque
2634 2858 3005 2914 moderatione
3051 2858 3395 2929 dispensans,
3430 2858 3580 2927 cujus
3602 2857 3728 2912 enim
3752 2856 3828 2909 hoc

2283 2950 2387 3004 nisi
2432 2950 2742 3021 imperantis
2770 2958 2853 3005 est
2880 2946 3211 3020 proprium?
3229 2947 3415 3019 Super
3463 2949 3577 3003 haec
3600 2948 3739 3003 etiam
3763 2953 3826 3000 to-

2284 3041 2389 3097 tius
2410 3050 2672 3097 creatura:
2692 3042 2951 3098 Dominus
2971 3042 3041 3097 ad
3067 3043 3363 3112 imaginem
3394 3042 3477 3098 sui
3503 3040 3747 3097 Creatoris
3766 3036 3825 3092 ef-

2284 3133 2473 3199 fectus,
2498 3135 2629 3189 nihil
2653 3136 2796 3191 aliud
2824 3136 3043 3201 indicat,
3071 3137 3173 3191 nisi
3200 3138 3356 3207 quod
3395 3152 3521 3193 mox
3542 3136 3593 3191 in
3635 3150 3693 3189 eo
3715 3131 3825 3201 regis

2286 3239 2478 3285 natura
2506 3229 2735 3285 formata
2778 3229 2867 3285 sit.
2894 3231 3044 3285 Sicut
3071 3231 3215 3286 enim
3237 3231 3400 3300 juxta
3439 3233 3708 3286 humanam
3730 3239 3827 3280 con-

2284 3318 2645 3385 suetudinem,
2675 3319 2767 3388 qui
2822 3319 3126 3390 principum
3173 3319 3471 3389 imaginem
3518 3317 3721 3387 ﬁngunt,
3745 3327 3826 3367 non

2284 3410 2461 3467 solum
2514 3411 2920 3482 impressionem
2962 3412 3149 3467 formae
3194 3410 3312 3481 ejus
3353 3412 3639 3479 imitantur,
3682 3416 3827 3462 verum

2289 3504 2455 3560 etiam
2484 3505 2685 3561 amictu
2701 3519 2975 3576 purpureo
2988 3502 3303 3562 describunt
3321 3506 3532 3577 regiam
3545 3502 3824 3572 dignitatem,
3842 3550 3845 3551 ν

2284 3602 2339 3649 et
2363 3594 2542 3665 imago
2569 3596 2684 3665 ipsa
2708 3596 2820 3665 jam
2847 3612 2946 3666 pro
2974 3596 3375 3653 consuetudine
3428 3596 3615 3652 dicitur
3640 3593 3827 3660 impera-

2286 3695 2401 3753 tor;
2442 3687 2520 3743 sic
2571 3695 2627 3741 et
2666 3688 2900 3744 humana
2923 3689 3237 3744 substantia.
3268 3689 3528 3760 quoniam
3557 3686 3619 3740 ad
3645 3681 3826 3737 aliorum

2283 3779 2524 3847 regimen
2548 3779 2879 3835 condebatur
2907 3788 3130 3851 propter
3177 3781 3579 3837 similitudinem
3604 3775 3727 3844 regis
3744 3768 3829 3825 uni-

2284 3873 2752 3941 versorum,velut
2772 3873 3017 3943 quaedam
3046 3875 3222 3944 imago
3251 3876 3491 3929 animata
3512 3864 3825 3941 componillﬂ'.

2284 3966 2472 4037 prima:
2497 3980 2628 4020 vero
2667 3965 2853 4021 formae
2879 3974 2937 4021 et
2956 3967 3173 4021 nomine
3206 3975 3261 4022 et
3289 3967 3502 4021 honore
3529 3957 3823 4034 participans,

2284 4070 2392 4111 non
2422 4055 2658 4124 tegmine
2687 4055 3093 4111 circumamicto
3123 4070 3385 4127 purpura,
3412 4070 3513 4110 nec
3533 4058 3727 4120 sceptro
3760 4039 3825 4095 vel

2287 4143 2591 4199 diademate
2613 4144 2835 4213 gloriam
2862 4158 2971 4199 sua:
2990 4143 3263 4215 dignitatis
3281 4144 3585 4199 insinuans:
3608 4152 3699 4193 nec
3715 4131 3824 4188 enim

2284 4236 2596 4310 principalis
2651 4237 2823 4291 forma
2850 4236 2903 4290 in
2954 4236 3038 4290 his
3081 4250 3201 4290 esse
3229 4236 3601 4309 conspicitur:
3646 4224 3727 4282 sed
3751 4234 3823 4292 pro

2284 4346 2556 4402 purpureo
2577 4330 2871 4395 velamine,
2896 4330 3090 4385 vestita
3117 4330 3315 4385 virtute
3344 4339 3452 4395 est,
3489 4341 3601 4399 qua:
3629 4317 3823 4378 omnium

602 4437 730 4490 tium
761 4438 878 4506 ejus
906 4440 1102 4511 quibus
1121 4440 1175 4494 in
1203 4440 1487 4495 elementis
1515 4441 1823 4497 continetur
1842 4443 2181 4512 universitas,

2287 4431 2727 4479 ornamentorum
2758 4423 3015 4492 regalium
3051 4424 3340 4493 pretiosior
3359 4422 3679 4495 approbatur
3694 4421 3823 4514 ξηρτο

601 4543 632 4582 a
661 4504 840 4584 divina
880 4504 1122 4599 potentia
1152 4530 1460 4601 perﬁciatur
1499 4534 1770 4602 extemplo
1818 4535 2021 4604 parite.-
2059 4504 2182 4593 ουηί
2212 4538 2259 4598 ι)
2285 4525 2502 4586 sceptro
2532 4530 2663 4570 vero
2694 4515 3023 4570 beatitudine
3044 4524 3098 4570 et
3128 4516 3535 4572 immortalitate
3556 4504 3823 4568 sustollitur,

598 4622 843 4690 jussione
899 4624 1227 4690 subsistens,
1286 4625 1521 4680 hominis
1568 4634 1749 4680 autem
1804 4626 2184 4687 formationem

603 4715 827 4769 artiﬁcis
853 4716 1193 4785 praecedebat
1232 4718 1364 4772 tanti
1394 4718 1695 4785 consilium,
1728 4727 1784 4774 et
1821 4719 2186 4791 descriptione

602 4806 753 4861 verbi
782 4806 926 4877 quod
970 4808 1208 4864 futurum
1258 4818 1343 4864 est
1392 4816 1519 4865 ante
1569 4810 1834 4878 signatur,
1865 4811 2188 4883 qualemque

604 4913 723 4958 esse
769 4908 1041 4970 oporteat,
1070 4909 1126 4957 et
1152 4901 1305 4972 cujus
1333 4902 1518 4973 primae
1544 4902 1728 4958 formze
1772 4904 2188 4961 similitudinem
2224 4912 2245 4943 π

603 4992 822 5060 referat,
845 4994 917 5048 ob
939 5009 1101 5065 quam
1122 5010 1341 5051 causam
1373 4994 1494 5065 ﬁat,
1521 4997 1718 5067 quidve
1746 4997 1926 5054 ﬁnitus
1960 4999 2182 5068 efﬁciat,

604 5097 661 5144 et
687 5103 916 5161 quorum
967 5086 1300 5145 dominatum
1349 5098 1532 5161 gerat,
1564 5092 1743 5147 omnia
1782 5093 1931 5163 prius
1965 5094 2186 5149 actione

604 5191 886 5253 perspecta
914 5190 1056 5247 sunt,
1110 5190 1171 5237 ut
1195 5191 1325 5238 ante
1363 5184 1770 5252 generationem
1824 5200 1978 5240 suam
2019 5187 2187 5242 homo

606 5275 962 5345 antiquiorem
1010 5273 1414 5345 quodammodo
1461 5279 1686 5333 sortitus
1732 5277 1804 5332 sit
1842 5279 2182 5347 dignitatem,

605 5366 916 5437 priusquam
940 5368 1259 5425 subsisteret
1284 5368 1657 5427 universorum
1680 5370 1960 5441 p05sidens
1988 5371 2188 5441 princi-
2206 5368 2259 5415 ἓιὶ

605 5466 812 5530 patum.
843 5459 988 5515 Dixit
1005 5461 1146 5516 enim
1178 5460 1358 5517 Deus:
1392 5459 1670 5517 Faciamus
1692 5460 1948 5515 hominem
1976 5460 2046 5514 ad
2066 5460 2195 5514 ima-

607 5551 778 5621 ginem
804 5559 853 5604 et
880 5551 1265 5607 similitudinem
1295 5562 1545 5618 nostram,
1571 5560 1621 5605 et
1649 5551 1940 5606 dominetur
1966 5550 2191 5622 piscibus

609 5641 790 5706 maris,
821 5649 870 5695 et
898 5639 1070 5697 bestiis
1114 5652 1265 5700 terra?
1294 5653 1344 5699 et
1370 5643 1661 5699 volatilibus
1690 5644 1826 5712 caeli,
1855 5652 1903 5698 et
1925 5644 2192 5715 pecoribus

610 5734 861 5789 universa:
910 5744 1082 5792 teme.
1126 5734 1172 5789 Ο
1206 5735 1365 5804 quale
1400 5735 1745 5791 miraculum!
1783 5736 1866 5792 sol
1895 5736 1973 5803 ﬁt,
2002 5745 2058 5793 et
2082 5736 2199 5791 nul-

612 5823 725 5880 lum
753 5825 1012 5899 praecedit
1050 5825 1371 5895 consilium;
1403 5824 1603 5886 coelum
1644 5843 1884 5901 quoque,
1932 5830 2019 5888 cui
2060 5828 2227 5888 nihil

2289 4615 2344 4664 et
2381 4608 2548 4676 regali
2577 4615 2722 4663 serto
2757 4608 2980 4677 justitite
3007 4624 3209 4663 corona
3234 4609 3557 4664 decoratur:
3587 4603 3653 4658 ita
3680 4605 3729 4653 ut
3751 4604 3825 4663 per

2288 4704 2404 4759 haec
2426 4702 2604 4757 omnia
2633 4710 2960 4757 monstretur
2979 4702 3045 4757 ad
3074 4702 3389 4772 dignitatem
3411 4700 3605 4770 regiam
3632 4688 3821 4763 genitam

2290 4791 2742 4866 pulchritudinem
2772 4792 2828 4847 in
2854 4806 2915 4849 se
2960 4792 3228 4863 primmvze
3254 4792 3441 4848 formae
3470 4787 3730 4855 diligenter
3752 4787 3823 4827 ex—

2262 4910 2265 4917 -
2290 4884 2544 4956 primere.

2938 4994 3167 5052 CAPUT
3194 4995 3261 5051 ν.

2519 5085 2669 5152 Quod
2695 5088 2845 5143 homo
2868 5088 3151 5143 similitudo
3182 5087 3423 5159 probetur
3458 5079 3668 5153 imperii.

2366 5182 2608 5236 Divinam
2638 5195 2767 5237 vero
2803 5180 3254 5251 pulchritudinem
3283 5197 3390 5237 non
3429 5176 3606 5235 habitu
3633 5159 3822 5251 quodam

2295 5288 2358 5329 ac
2386 5273 2586 5342 specie,
2615 5271 2701 5326 vel
2730 5272 2954 5342 alicujus
2982 5274 3228 5328 claritate
3258 5272 3454 5329 coloris
3481 5269 3724 5324 ornatam,

2274 5352 2546 5420 'Vinell'abili
2566 5362 2832 5420 felicitatis
2848 5366 3052 5421 honore
3076 5366 3295 5436 provehi
3317 5368 3541 5421 constat.
3559 5349 3820 5448 Sicuten‘lln

2292 5456 2493 5512 formas
2509 5457 2785 5512 hominum
2815 5471 2911 5528 per
2934 5458 3145 5513 colores
3174 5457 3432 5529 quosdam
3457 5452 3679 5524 pictores
3696 5438 3740 5490 in
3758 5436 3820 5481 ῐ³⁴

2292 5549 2430 5605 bulis
2484 5548 2849 5617 transferunt,
2900 5550 3163 5605 tincturas
3210 5550 3458 5621 proprias
3506 5530 3824 5632 0096723”?

2294 5643 2598 5708 miscentes,
2632 5644 2704 5698 ita
2731 5644 3071 5714 utprimaeva:
3089 5642 3273 5699 forma:
3301 5643 3467 5699 decor
3487 5638 3537 5692 in
3564 5612 3820 5724 siniilitutlt—

2294 5751 2417 5791 nem
2439 5736 2841 5806 diligentissima
2868 5738 3166 5794 mutatione
3198 5736 3569 5803 transmigrei:
3606 5721 3677 5823 sic

2294 5826 2403 5900 ligo
2432 5800 2630 5887 nostrae
2649 5828 2962 5889 substantiae
2986 5830 3357 5898 formatorem,
3385 5800 3532 5886 velut
3554 5800 3820 5887 quilla-idam
