4092 6348
237 312 351 367 355

1033 310 1207 368 LIBR!
1245 311 1331 367 DE
1367 309 1752 369 CREATIONE
1781 312 2056 374 HOMlNlS
2093 317 2661 380 INTERPRETATIO.

3400 323 3509 381 354

234 429 498 484 virtutum
530 425 826 490 coloribus,
851 427 1042 482 miram
1078 427 1528 497 pulchritudinem
1557 443 1667 482 sua:
1692 430 1824 482 ima-
1849 434 1902 492 Α
1927 432 2010 485 lus
2047 433 2206 488 debet
2234 435 2586 505 multiplicem
2613 436 2729 507 ejus
2754 439 3040 494 essentiam
3081 438 3384 510 suspicari?
3405 439 3507 506 Qui

235 519 672 590 ginicontulisse,
698 518 751 573 in
780 521 935 575 nobis
956 520 1344 588 exprimentem
1370 521 1646 590 proprium
1676 521 1824 590 prin-

238 613 495 682 cipatum.
528 610 665 664 Sunt
710 619 891 665 autem
921 611 1239 680 multiplices
1266 619 1322 665 et
1351 610 1704 668 multiformes
1732 627 1822 667 co-

239 703 385 758 lores
400 702 557 772 hujus
583 702 848 770 imaginis,
867 702 1060 771 quibus
1074 718 1213 756 verm
1234 702 1418 758 forma:
1433 704 1722 759 similitudo
1739 705 1827 760 de-

237 795 494 865 pingitur,
519 811 626 850 non
649 809 869 849 cerussa
895 802 950 848 et
967 795 1302 864 purpurisso,
1326 811 1425 849 nec
1447 796 1635 850 horum
1657 796 1824 852 mixta
1865 809 1872 848 :

237 903 362 942 cum
393 888 562 942 altero
589 888 836 956 qualitas,
864 902 963 942 nec
991 887 1217 957 alicujus
1242 888 1531 958 nigredinis
1561 890 1823 958 superdu-

237 980 350 1035 ctio
381 979 502 1033 cilia
531 979 822 1050 oculosque
845 979 1085 1042 sublinit,
1119 989 1172 1034 et
1193 995 1288 1050 per
1317 981 1528 1049 aliquod
1557 990 1824 1051 tempera-

237 1081 481 1128 mentum
497 1071 748 1142 depressa
769 1082 823 1127 et
845 1088 1078 1127 concava
1103 1072 1428 1128 assimilatur
1451 1074 1728 1129 character
1740 1075 1826 1131 vel

235 1179 573 1234 quaecunque
603 1163 796 1219 similia
826 1164 1094 1233 pictorum
1129 1179 1317 1219 manus
1355 1163 1572 1220 artificis
1601 1180 1824 1234 compo-

236 1273 400 1314 suere
427 1258 677 1323 solertia;
705 1257 800 1312 sed
829 1274 929 1329 pro
955 1259 1070 1315 istis
1099 1259 1250 1314 adest
1277 1260 1503 1330 puritas,
1527 1261 1827 1330 impassibi-

233 1350 384 1418 litas,
400 1351 691 1416 beatitudo,
718 1351 952 1421 malique
971 1351 1135 1408 totius
1156 1352 1386 1418 aversio,
1421 1361 1476 1406 et
1495 1367 1826 1422 quaecunque

232 1449 453 1516 generis
471 1446 622 1502 istius
651 1447 904 1512 existunt,
934 1463 1032 1517 per
1069 1462 1187 1516 qum
1221 1447 1274 1500 in
1310 1446 1615 1502 hominibus
1645 1447 1827 1516 impri-

231 1537 405 1591 mitur
453 1537 744 1592 similitudo
792 1536 993 1591 divina.
1043 1536 1258 1590 Talibus
1306 1535 1524 1591 ﬂoribus
1571 1537 1826 1592 mirabilis

231 1628 499 1685 Conditor
527 1630 810 1700 imaginem
841 1629 1134 1699 propriam,
1165 1629 1216 1683 id
1239 1637 1322 1684 est
1356 1638 1599 1684 naturam
1629 1639 1826 1685 nostras

230 1721 559 1778 conditionis
588 1722 817 1775 ornavit.
849 1720 906 1775 Si
937 1737 1068 1776 vero
1096 1721 1352 1775 discutias
1378 1731 1433 1775 et
1461 1722 1563 1776 alia
1590 1737 1687 1792 per
1705 1737 1825 1792 quze

1925 525 2068 579 enim
2098 525 2358 595 plantavit
2385 543 2587 593 aurem,
2618 545 2724 584 non
2751 530 2942 586 audit?
2969 540 3062 586 aut
3081 531 3173 601 qui
3199 530 3351 585 finxit
3374 545 3507 586 ocu-

1924 615 2055 680 lum,
2104 632 2210 672 non
2245 618 2594 673 considerat?
2623 619 2771 676 Sicut
2809 622 3073 692 propheta
3115 630 3361 688 testatur,
3412 636 3510 691 per

1926 709 2043 764 haec
2065 710 2309 780 exempla
2335 713 2680 781 operationcs
2719 713 3025 782 hujusmodi
3055 715 3219 770 veluti
3250 714 3509 785 quasdam

1925 802 2170 856 humana:
2197 811 2401 858 naturae
2448 804 2756 859 notissimas
2778 805 3157 874 impressiones
3184 806 3460 860 insinuans
3493 821 3506 857 :

1926 893 2210 949 Faciamus
2232 897 2398 960 enim,
2429 897 2504 950 ait
2533 897 2692 962 Deus,
2742 898 3002 951 hominem
3045 899 3115 952 ad
3141 899 3420 970 imaginem
3451 903 3505 949 et

1927 988 2316 1043 similitudinem
2343 998 2591 1044 nostram.
2625 989 2730 1044 Sed
2775 989 2861 1044 ubi
2913 989 3044 1043 mihi
3091 1005 3234 1044 nunc
3289 986 3510 1043 haeresis

1930 1077 2388 1135 Eunomianorum
2462 1080 2692 1136 nefanda
2745 1081 3019 1144 subsistet,
3077 1079 3204 1150 quid
3256 1079 3510 1135 adversus

1927 1170 2067 1226 hanc
2094 1171 2286 1226 dicturi
2314 1181 2440 1226 sunt
2486 1174 2710 1228 vocem?
2752 1171 3035 1239 Quomodo
3079 1187 3178 1242 per
3206 1172 3318 1226 haec
3347 1171 3510 1226 verba

1928 1264 2222 1318 novitatem
2243 1264 2322 1320 sui
2350 1263 2623 1319 defensuri
2652 1270 2776 1319 sunt
2803 1263 3106 1334 dogmatis?
3131 1262 3364 1317 Putasne
3391 1274 3514 1330 pos-

1927 1356 2082 1412 sibile
2104 1372 2242 1423 esse,
2274 1357 2474 1423 dicent,
2505 1365 2566 1412 ut
2592 1357 2769 1426 imago
2798 1372 2903 1412 una
2933 1355 3267 1412 dissimilium
3313 1354 3514 1408 forma-

1927 1464 2047 1504 rum
2094 1450 2498 1506 similitudinem
2545 1451 2779 1505 referat?
2807 1450 2866 1504 Si
2906 1450 3048 1505 enim
3087 1449 3240 1518 juxta
3294 1447 3509 1502 illorum

1927 1541 2248 1596 sententiam
2271 1550 2474 1595 naturae
2497 1539 2670 1596 Patris
2700 1541 2875 1612 impar
2908 1549 2990 1595 est
3019 1539 3204 1602 Filius,
3232 1536 3508 1607 quomodo
3538 1523 3546 1534 ’

1926 1634 2258 1690 diversarum
2312 1641 2624 1689 naturarum
2653 1649 2817 1687 unam
2865 1633 3006 1688 Deus
3042 1630 3288 1686 condidit
3323 1628 3512 1698 imagi-

1928 1727 2086 1780 nem?
2115 1725 2216 1790 Qui
2242 1725 2384 1779 enim
2423 1724 2556 1780 dixit
2587 1742 2600 1778 :
2632 1723 2913 1778 Faciamus
2941 1724 3201 1777 hominem
3228 1722 3296 1774 ad
3324 1721 3510 1790 imagi-

229 1813 471 1869 divinum
495 1813 657 1870 decus
681 1815 876 1879 elucet,
905 1813 1021 1869 haec
1049 1815 1209 1868 etiam
1236 1815 1288 1868 in
1315 1815 1545 1884 imagine
1585 1816 1652 1870 ad
1675 1816 1815 1871 illius
1845 1819 1894 1880 B
1920 1831 2035 1869 nem
2078 1823 2330 1882 nostram,
2377 1830 2473 1884 per
2502 1814 2765 1884 pluralem
2805 1813 3218 1885 significantiam
3264 1821 3508 1869 sanctam

228 1906 638 1961 similitudinem
668 1905 815 1960 salva
861 1905 1106 1975 profecto
1138 1906 1396 1975 reperies,
1443 1921 1595 1960 mens
1623 1907 1822 1960 etenim

228 2006 285 2054 et
315 1999 543 2052 verbum
573 2006 656 2053 est
679 2012 886 2052 summa
913 1996 1194 2052 Divinitas.
1223 1996 1278 2050 In
1310 1996 1572 2066 principio
1593 2011 1826 2066 namque

225 2096 353 2144 erat
379 2087 635 2152 Verbum,
663 2095 717 2142 et
743 2087 855 2156 qui,
890 2086 1188 2144 secundum
1233 2086 1478 2151 Paulum,
1511 2087 1819 2157 proficiunt,

223 2187 470 2235 mentem
499 2178 730 2242 Christi,
755 2180 845 2247 qui
876 2179 932 2233 in
961 2179 1040 2233 eis
1067 2178 1320 2247 loquitur,
1345 2193 1404 2233 se
1431 2178 1630 2234 habere
1660 2179 1824 2249 profi-
1853 2225 1855 2228 .

225 2279 441 2327 tentur.
471 2270 588 2326 Non
613 2285 742 2339 ergo
771 2269 958 2339 procul
988 2269 1101 2324 haec
1140 2283 1170 2323 a
1218 2277 1406 2324 natura
1433 2269 1666 2324 humana
1689 2286 1822 2327 con-

223 2366 464 2437 spicias:
490 2367 542 2421 in
572 2377 625 2421 te
653 2381 886 2436 namque
905 2375 961 2421 et
988 2367 1210 2422 verbum
1239 2375 1295 2422 et
1325 2367 1676 2437 intelligentia
1718 2378 1818 2434 est,

225 2474 355 2531 qua:
412 2459 688 2515 imitantur
738 2459 962 2514 verbum
1007 2468 1350 2529 mentemque
1404 2461 1660 2515 divinam.
1689 2460 1823 2516 Item

221 2550 486 2616 charitas,
511 2548 735 2618 fonsque
750 2550 1052 2617 charitatis;
1072 2551 1174 2606 hoc
1203 2550 1369 2614 enim,
1387 2551 1461 2605 ait
1481 2565 1704 2620 magnus
1735 2553 1824 2607 ille

221 2639 486 2707 Joannes,
510 2643 764 2710 quoniam
794 2642 1030 2698 cbaritas
1073 2657 1139 2697 ex
1182 2641 1293 2698 Deo
1323 2651 1424 2697 est.
1457 2641 1609 2700 Hanc
1636 2653 1836 2700 autem
1868 2632 1894 2682 ί

222 2734 388 2789 nobis
412 2734 577 2788 veluti
598 2731 1150 2804 personamChristus
1171 2733 1430 2788 formator
1475 2745 1670 2790 nostrae
1695 2735 1823 2790 sub-

223 2825 443 2880 stantia:
469 2824 768 2890 conferens,
795 2825 872 2879 ait
900 2842 913 2878 :
944 2823 1010 2878 In
1037 2825 1131 2879 hoc
1158 2835 1465 2896 cognoscent
1494 2842 1666 2880 omnes
1691 2842 1820 2898 quo-

225 2917 375 2971 niam
413 2918 512 2970 mei
550 2917 671 2970 estis
700 2917 960 2984 discipuli,
999 2917 1046 2970 si
1084 2917 1410 2971 dilectionem
1440 2917 1720 2971 habueritis
1751 2917 1821 2971 ad

221 3008 466 3062 invicem.
493 3007 648 3075 Quod
682 3007 727 3062 si
775 3007 993 3062 dilectio
1018 3008 1174 3063 nobis
1221 3007 1323 3062 ista
1365 3006 1615 3075 defuerit,
1659 3008 1821 3066 totius

223 3101 478 3169 imaginis
524 3101 732 3171 species
777 3099 1050 3170 figuraque
1097 3101 1354 3156 solvetur.
1409 3099 1614 3157 Cuncta
1653 3102 1818 3157 etiam

1923 1905 2080 1961 nobis
2107 1906 2383 1961 insinuans
2411 1905 2749 1973 Trinitatem,
2801 1920 3142 1974 nequaquam
3168 1904 3511 1974 singulariter

1923 2015 2077 2055 suam
2106 2007 2396 2054 testaretur
2434 1997 2750 2067 imaginem,
2782 1999 2828 2054 si
2872 1998 3137 2067 primaevae
3173 1995 3357 2052 forma:
3404 1993 3510 2050 sibi

1924 2091 2208 2147 dissimiles
2233 2089 2582 2146 exstitissent.
2615 2089 2727 2144 Nec
2754 2089 2896 2144 enim
2923 2089 3176 2159 possibile
3203 2097 3286 2143 est
3328 2095 3387 2142 ut
3414 2102 3508 2141 eo-

1922 2201 2044 2240 rum
2065 2185 2157 2252 qui
2177 2183 2277 2238 sibi
2299 2183 2526 2237 invicem
2571 2189 2876 2250 congruunt
2896 2181 3118 2235 minime
3139 2219 3155 2246 ,
3185 2194 3288 2234 una
3317 2178 3507 2234 simili-

1923 2277 2055 2333 tudo
2077 2283 2432 2342 monstretur;
2463 2275 2559 2331 sed
2589 2276 2635 2331 si
2673 2275 2902 2330 diversae
2950 2283 3106 2330 erant
3128 2282 3350 2342 naturae,
3383 2288 3508 2342 pro-

1924 2369 2068 2425 fecto
2098 2369 2335 2424 diversas
2363 2383 2552 2424 eorum
2597 2375 2652 2423 et
2679 2367 2899 2436 singulis
2929 2374 3286 2435 congruentes
3316 2365 3507 2433 imagi-

1924 2473 2020 2514 nes
2042 2458 2384 2514 condidisset.
2411 2456 2601 2512 Utrum
2639 2457 2765 2526 quia
2793 2471 2900 2511 una
2943 2455 3158 2527 quidem
3188 2456 3384 2525 imago,
3414 2455 3508 2510 sed

1923 2569 2033 2608 non
2063 2567 2168 2607 una
2191 2551 2435 2620 imaginis
2456 2550 2628 2605 forma
2664 2559 2766 2612 est,
2795 2550 2916 2621 quis
2948 2549 3020 2603 ita
3044 2550 3286 2619 privatur
3313 2547 3510 2602 intelli-

1923 2643 2101 2713 gentia
2131 2651 2188 2697 ut
2217 2642 2462 2711 ignorare
2490 2649 2672 2712 queat,
2697 2640 2842 2711 quod
2869 2656 2932 2696 ea
2955 2656 3074 2710 qua:
3095 2641 3185 2696 uni
3213 2641 3510 2710 probantur

1923 2751 2043 2792 esse
2062 2737 2274 2799 similia,
2299 2745 2354 2792 et
2373 2737 2441 2792 ad
2463 2752 2521 2791 se
2551 2735 2778 2791 invicem
2802 2735 3204 2790 similitudinem
3231 2734 3507 2805 propriam

1922 2825 2038 2881 sine
2078 2826 2410 2881 dubitatione
2453 2827 2817 2882 conservent?
2855 2825 2923 2879 Et
2954 2826 3175 2880 forsitan
3221 2833 3505 2895 propterea

1921 2931 2102 2972 sermo
2131 2917 2342 2972 divinus
2368 2918 2506 2973 hanc
2543 2917 2800 2970 malitiam
2846 2916 2900 2971 in
2925 2916 3233 2972 conditione
3262 2917 3508 2970 humana:

1921 3007 2044 3060 vita:
2093 3007 2442 3076 prospiciens,
2488 3005 3052 3076 Eunomianorumque
3100 3006 3506 3077 perversitatem

1875 3153 1880 3156 ,
1921 3112 2190 3162 resecans,
2223 3098 2296 3151 ait
2333 3116 2346 3150 :
2402 3096 2684 3152 Faciamus
2731 3097 2990 3153 hominem
3029 3096 3099 3151 ad
3146 3098 3423 3169 imaginem
3458 3105 3508 3151 et

223 3193 500 3262 conspicit
542 3193 859 3264 exauditque
894 3193 1152 3248 Divinitas
1183 3200 1238 3247 et
1285 3192 1464 3247 omnia
1511 3202 1818 3263 perscruta-
1843 3198 1889 3260 α
1919 3189 2313 3245 similitudinem
2341 3200 2594 3246 nostram.

224 3295 342 3341 tur.
374 3284 554 3340 Habes
580 3293 634 3340 et
669 3294 725 3341 tu
753 3301 849 3356 per
877 3285 1064 3340 oculos
1087 3293 1142 3340 et
1167 3300 1324 3340 aures
1346 3285 1502 3355 hujus
1530 3285 1608 3339 rei
1635 3285 1816 3341 effica-

223 3373 370 3429 ciam
398 3372 610 3427 vitalem
637 3381 690 3428 et
719 3374 1089 3429 scrutatricem
1111 3389 1298 3430 eorum
1319 3389 1438 3446 quae
1465 3380 1592 3432 sunt
1618 3373 1820 3432 intelli-

221 3466 468 3537 gentiam
495 3474 551 3523 te
575 3465 852 3538 possidere
879 3468 1180 3538 cognoscis.

845 3600 1072 3658 CAPUT
1107 3601 1197 3659 Vl.

223 3693 526 3767 Inquisitio,
557 3711 710 3767 quam
736 3696 877 3749 consi
915 3695 1178 3750 nationem
1198 3709 1342 3748 mens
1367 3692 1553 3750 habeat
1571 3694 1642 3749 ad
1665 3702 1818 3750 natu-

300 3784 436 3820 ram.
466 3769 520 3819 in
539 3783 638 3820 auo
667 3767 820 3820 etiam
848 3714 1011 3820 agiter
1033 3765 1483 3820 Eunomiunorum
1511 3766 1699 3820 doama
1727 3783 1813 3820 re-

300 3765 436 3908 ;aum,
466 3769 520 3819 in
539 3765 638 3837 quo
667 3767 820 3821 etiam
848 3765 1011 3822 obiter
1033 3765 1483 3822 Eunomiunorum
1511 3766 1699 3837 dagma
1727 3783 1813 3822 re-

327 3856 353 3891 e
397 3847 517 3890 itur.

304 3927 414 3984 Nec
459 3943 548 3983 me
597 3929 879 3998 quisquam
931 3928 1238 3999 suspicetur
1290 3930 1359 3985 ad
1414 3929 1818 3986 similitudinem

224 4021 561 4092 operationis
608 4023 854 4076 humana:
903 4020 1126 4076 diversis
1154 4021 1435 4078 effectibus
1475 4023 1709 4078 divinam
1739 4023 1820 4078 di-

225 4129 360 4169 cere
410 4115 704 4184 potentiam
731 4122 926 4171 cuncta
966 4111 1272 4184 complecti.
1302 4113 1413 4169 Nec
1459 4114 1601 4167 enim
1631 4114 1711 4168 fas
1739 4121 1821 4169 est

227 4204 287 4258 in
341 4203 429 4258 illa
472 4203 651 4260 divina
698 4205 1040 4275 simplicitate
1091 4205 1299 4258 variam
1362 4205 1821 4274 multiplicemque

224 4295 488 4350 virtutem
543 4299 871 4368 Operationis
909 4296 1211 4361 advertere,
1243 4309 1346 4350 nec
1389 4295 1442 4349 in
1485 4295 1640 4349 nobis
1674 4295 1818 4349 enim

226 4386 415 4441 multae
443 4387 690 4458 quaedam
744 4397 868 4444 sunt
916 4388 1160 4444 efficaces
1199 4404 1379 4444 rerum
1429 4403 1819 4458 causarumque

227 4481 508 4551 potentiae,
531 4482 658 4538 licet
682 4497 744 4537 ea
771 4498 890 4552 qua:
920 4483 986 4537 ad
1013 4483 1176 4537 vitam
1206 4483 1511 4553 pertineant
1539 4482 1818 4552 multiplici

2519 3298 2749 3358 CAPUT
2785 3300 2896 3358 VII.

1919 3395 2024 3452 Cur
2052 3396 2219 3451 nudus
2261 3394 2408 3451 homo
2436 3395 2759 3470 naturalibus
2780 3395 2938 3450 armis
2960 3402 3010 3451 et
3032 3395 3370 3452 velaminibus
3399 3414 3496 3470 ap-

2581 3465 2840 3537 probetur.

1842 3597 1846 3604 .
1879 3559 1892 3604 ι’
1991 3557 2101 3615 Sed
2149 3557 2278 3630 quid
2305 3557 2405 3614 sibi
2429 3558 2541 3614 vult
2568 3566 2624 3613 et
2651 3558 2817 3630 ipsius
2857 3556 3182 3614 habitudinis
3210 3559 3499 3626 rectitudo,

1921 3651 2048 3721 quid
2064 3659 2243 3705 autem
2273 3666 2380 3706 non
2404 3650 2473 3705 ad
2498 3651 2664 3704 vitam
2697 3659 3126 3720 congenerantur
3152 3652 3367 3724 corpori
3397 3651 3506 3706 vir-

1924 3744 2052 3798 tutis
2080 3742 2326 3810 eﬂ'ectus,
2374 3759 2560 3798 verum
2609 3742 2782 3798 nudus
2811 3742 3024 3812 quidem
3067 3739 3397 3800 naturalibus
3425 3753 3507 3801 te-

1922 3836 2191 3906 gumentis
2219 3836 2438 3891 inermis
2465 3835 2628 3890 etiam
2667 3843 2723 3890 et
2764 3835 2920 3904 inops
2949 3835 3296 3906 omniumque
3317 3851 3508 3892 neces-

1921 3933 2188 3987 sariarum
2213 3945 2394 3986 rerum
2426 3928 2802 4000 egentissimus
2823 3929 2986 3985 homo
3017 3929 3070 3984 in
3100 3930 3235 3985 hanc
3257 3930 3510 4000 producis

1924 4029 2012 4075 tur
2040 4021 2227 4086 vitam,
2268 4021 2358 4090 qui
2406 4020 2558 4089 juxta
2608 4019 2659 4073 id
2690 4018 2836 4089 quod
2880 4019 3117 4074 cernitur
3164 4019 3510 4076 miseratione

1924 4112 2103 4182 potius
2153 4127 2316 4180 quam
2371 4109 2628 4165 felicitate
2673 4109 2864 4178 dignus
2909 4123 3028 4165 esse
3078 4108 3345 4164 videatur.
3389 4110 3507 4166 Non

1924 4205 2070 4259 enim
2117 4211 2358 4257 armatur
2405 4201 2762 4272 productione
2792 4215 3071 4266 cornuum,
3106 4217 3215 4256 non
3254 4202 3508 4269 unguium

1925 4293 2008 4348 vel
2032 4292 2272 4348 dentium
2305 4291 2531 4346 tuitione
2570 4290 2826 4354 munitur,
2857 4305 2957 4344 nec
2988 4290 3171 4358 aliquo
3210 4290 3400 4346 aculeo
3428 4291 3507 4345 le-
3535 4310 3540 4314 -

1926 4384 2176 4439 thiferum
2207 4385 2353 4439 virus
2382 4381 2706 4447 infunditur;
2739 4382 2932 4451 quibus
2961 4381 3120 4436 rebus
3149 4381 3406 4451 pleraque
3434 4379 3512 4436 fe-

1899 4492 2105 4531 _rarum
2153 4484 2316 4544 atque
2345 4475 2674 4544 serpentium
2715 4474 2766 4528 in
2795 4473 3052 4528 ultionem
3088 4473 3170 4528 sui
3197 4473 3513 4528 naturaliter
3546 4466 3560 4539 ξ

228 4550 516 4628 videantur
569 4550 883 4643 operatione
927 4550 1258 4643 contingere.
1313 4573 1428 4629 Una
1469 4550 1709 4644 namque
1741 4576 1824 4631 vis
1853 4584 1905 4644 υ
1930 4569 2293 4634 instruuntur;
2323 4583 2426 4623 nec
2456 4567 2575 4637 pilis
2603 4581 2799 4636 corpus
2828 4566 3113 4634 obtegitur,
3147 4580 3267 4621 cum
3296 4575 3514 4636 oporte~

227 4663 474 4733 quaedam
502 4664 658 4718 nobis
689 4665 883 4719 mentis
913 4666 1112 4721 inserta
1142 4674 1245 4732 est,
1290 4681 1410 4735 quae
1446 4682 1543 4736 per
1583 4667 1824 4734 singulos

229 4770 424 4811 sensus
443 4772 758 4823 excurrens,
778 4773 841 4812 ea
867 4773 984 4826 quae
1004 4759 1102 4813 sibi
1133 4758 1430 4813 ofleruntur
1457 4760 1818 4829 amplectitur.

229 4846 359 4904 Haec
386 4866 480 4918 per
509 4851 692 4906 oculos
715 4867 834 4920 qum
853 4851 1085 4906 videnda
1102 4861 1229 4906 sunt
1255 4853 1554 4922 conspicit;
1585 4853 1700 4906 hmo
1724 4867 1823 4922 per

231 4958 397 4998 aures
424 4959 543 5013 quae
562 4945 808 5000 dicuntur
831 4946 1079 5015 exaudit;
1108 4949 1222 5003 haec
1248 4950 1301 5003 in
1326 4949 1408 5003 liis
1435 4964 1554 5017 quae
1574 4957 1699 5003 sunt
1724 4963 1822 5004 νο-
1839 4955 1857 4976 ⁴·

231 5036 342 5090 tiva
373 5035 604 5101 laetatur,
633 5047 686 5093 et
709 5039 776 5094 ab
805 5041 887 5096 his
914 5057 1032 5112 qu:c
1054 5041 1289 5096 insuavia
1319 5041 1636 5111 probantur,
1660 5057 1820 5097 aver-

231 5126 385 5181 titur.
433 5125 678 5183 Manibus
726 5131 886 5184 etiam
925 5131 1135 5201 perficit
1179 5146 1512 5202 quaecunque
1565 5132 1820 5200 voluerit,

230 5218 472 5274 retinens
527 5220 612 5274 his
668 5229 723 5276 et
763 5238 948 5277 rursus
985 5223 1244 5292 abjiciens
1289 5224 1590 5292 horumque
1621 5223 1824 5277 instru-

231 5318 537 5366 mentorum
567 5312 848 5369 effectibus
878 5322 1035 5369 utens
1077 5323 1136 5369 ut
1182 5316 1435 5384 expedire
1488 5315 1820 5384 probaverit.

231 5397 290 5452 Si
317 5415 445 5470 ergo
466 5404 521 5458 in
544 5404 787 5472 homine,
815 5406 902 5462 cui
933 5406 1143 5462 diversa
1165 5407 1526 5460 membrorum
1556 5405 1730 5462 officia
1755 5406 1827 5461 ab
1851 5411 1892 5446 δι’

233 5501 454 5548 auctore
473 5493 702 5551 formata
723 5506 866 5560 sunt,
901 5513 1006 5552 una
1035 5497 1330 5565 eademque
1359 5512 1444 5551 res
1467 5505 1566 5562 est,
1589 5511 1707 5565 quae
1727 5511 1826 5565 per

235 5601 422 5643 omnes
460 5605 650 5646 sensus
701 5601 982 5661 operatur,
1025 5601 1182 5646 utens
1210 5588 1434 5659 singulis
1462 5599 1826 5657 congruenter

233 5686 298 5732 ut
333 5695 492 5736 causa
540 5684 884 5753 poposcerit,
936 5699 1038 5740 nec
1089 5682 1465 5754 operationum
1507 5678 1824 5735 differentiis

235 5779 443 5828 natura:
481 5790 590 5830 sua:
637 5775 744 5831 vim
789 5778 1193 5848 potentiamque
1243 5783 1572 5840 commutat;
1615 5781 1822 5843 quanto

236 5865 406 5934 magis
453 5866 509 5925 in
532 5866 666 5940 Deo,
694 5869 820 5941 quia
847 5871 956 5929 sint
983 5869 1204 5928 effectus
1231 5869 1486 5926 virtutum
1513 5865 1671 5935 varii,
1702 5865 1848 5923 nul-‘

1932 4669 2020 4718 ret
2042 4676 2164 4717 eum
2193 4661 2285 4732 qui
2305 4659 2372 4714 ad
2401 4661 2626 4715 aliorum
2656 4660 3057 4730 proponebatur
3085 4659 3364 4731 imperium
3391 4674 3516 4730 pro-
3545 4635 3557 4690 ὲ

1931 4755 2062 4826 priis
2083 4754 2247 4810 armis
2277 4753 2504 4808 naturali
2534 4735 2844 4822 piovisione
2884 4753 3098 4820 vallari,
3145 4768 3214 4808 ne
3239 4752 3306 4806 ad
3335 4761 3517 4808 custo-

1931 4849 2074 4904 diam
2099 4849 2182 4904 sui
2222 4847 2450 4903 aliorum
2478 4846 2813 4903 adminiculis
2843 4845 3126 4919 indigeret.
3157 4845 3306 4901 Nunc
3336 4856 3515 4901 autem

1932 4940 2018 4995 leo
2050 4938 2267 5008 quidem
2295 4951 2350 4994 et
2370 4953 2500 5008 aper
2521 4946 2578 4994 et
2604 4939 2756 5008 tigris
2777 4948 2833 4994 et
2853 4938 3070 5009 pardus,
3104 4938 3190 4992 vel
3213 4938 3258 4992 si
3286 4939 3410 5006 quid
3434 4936 3518 4991 his

1931 5031 2108 5086 simile
2133 5038 2236 5097 est,
2263 5027 2618 5083 sufﬁcientem
2641 5044 2740 5097 pro
2765 5029 2940 5084 salute
2962 5043 3062 5084 sua
3080 5028 3332 5082 virtutem
3362 5035 3520 5080 natu-

1930 5123 2116 5177 raliter
2139 5119 2378 5191 possidet
2408 5127 2502 5187 ;et
2529 5130 2686 5176 tauro
2709 5136 2916 5176 cornua
2951 5128 3098 5185 sunt,
3127 5127 3183 5174 et
3225 5117 3518 5189 pernicitas

1931 5216 2128 5286 lepori,
2163 5229 2430 5283 cervoque
2459 5214 2627 5269 saltus
2679 5221 2736 5270 et
2782 5223 2960 5270 certus
3007 5211 3250 5278 intuitus,
3296 5218 3352 5266 et
3399 5208 3518 5267 aliis

1932 5307 2293 5363 animantibus
2337 5306 2681 5375 magnitudo,
2728 5314 2783 5361 et
2831 5305 3039 5361 caeteris
3073 5302 3383 5374 prominens
3407 5301 3518 5358 oris

1931 5400 2189 5466 ofﬁcium,
2220 5398 2366 5469 quod
2389 5397 2766 5470 proboscidem
2786 5397 2976 5466 vulgus
3004 5393 3266 5466 appellat;
3293 5392 3519 5450 volatili-

1929 5495 2032 5550 bus
2071 5493 2236 5549 etiam
2285 5507 2584 5562 pennarum
2634 5487 2870 5544 officium
2923 5496 2979 5543 et
3025 5487 3216 5556 apibus
3243 5486 3514 5547 aculeum.

1932 5589 2246 5656 cunctisque
2271 5601 2494 5656 prorsus
2516 5599 2678 5639 unum
2701 5579 2919 5650 aiiquou
2940 5591 3182 5635 naturale
3209 5581 3518 5650 priesidmm

1930 5687 2144 5735 constat
2165 5692 2284 5733 esse
2305 5677 2580 5734 collatum.
2631 5673 2791 5728 Solus
2817 5679 2996 5726 autem
3024 5670 3188 5725 homo
3215 5685 3326 5739 pra:
3351 5667 3518 5724 omni-

1926 5772 2029 5827 bus
2056 5770 2291 5826 creditur
2319 5769 2621 5830 destitutus,
2643 5773 2699 5820 et
2727 5764 2810 5819 his
2833 5763 2928 5834 qui
2956 5761 3207 5818 currendi
3225 5759 3517 5816 velocitate

1879 5849 1885 5857 ’
1926 5863 2274 5937 proeminent
2300 5860 2522 5933 pigrior,
2566 5859 2668 5919 illis
2691 5865 2870 5915 autem
2900 5856 2992 5928 qui
3019 5853 3263 5927 corporis
3281 5851 3520 5910 eminent
