4092 6348
571 266 676 329 355
1864 267 2224 331 DIONYSIBS
2262 266 2585 328 Εχιρυυε.
3772 266 3909 329 35G

506 418 533 445 υ
568 384 709 441 mole
736 384 968 451 tenuior,
1002 385 1084 441 his
1108 383 1269 440 etiam
1298 384 1388 455 qui
1418 386 1751 440 naturalibus
1781 388 1947 442 armis
1973 387 2151 442 exccl-
2185 397 2224 447 Α
2257 395 2602 455 potestatem.
2655 383 2894 452 Denique
2932 383 3083 455 quod
3111 385 3258 441 solus
3306 384 3384 441 ita
3431 386 3699 443 formatus
3742 396 3859 441 est
3880 426 3901 453 ,

568 477 685 531 lunt
714 478 1018 548 despectior
1047 496 1164 534 esse
1194 479 1557 546 cognoscitur.
1590 479 1657 533 Et
1686 480 1979 550 quomodo,
2012 480 2158 535 dicet
2262 489 2689 546 cmterorumque
2737 477 2977 531 omnium
3016 493 3187 547 prona
3240 479 3347 532 sint
3394 494 3657 549 corpora,
3712 488 3785 534 et
3840 478 3907 533 in

569 570 781 641 aliquis,
810 588 1177 627 universorum
1207 572 1458 627 dominus
1482 572 1605 626 talis
1644 574 1868 628 sortitus
1898 581 1981 628 est
2008 574 2157 642 prin-
2262 571 2512 627 deorsum
2562 571 2855 639 proclivius
2892 571 3173 635 inclinata,
3227 571 3509 626 manifesta
3555 570 3917 649 diﬂerenlial

569 665 844 734 cipatum?
872 663 977 719 Sed
1008 664 1075 718 ad
1106 665 1218 721 haec
1245 664 1374 718 nihil
1407 665 1640 721 arbitror
1670 681 1789 721 esse
1820 664 2038 721 difficile
2064 665 2158 721 de-
2262 662 2485 717 honoris
2522 660 2640 729 ejus
2678 662 2982 717 ostenditur
3016 680 3029 715 :
3078 662 3205 716 dum
3253 671 3465 718 constet
3507 663 3596 717 illa
3639 660 3919 732 quideml

570 768 891 823 monstrare,
936 773 1031 827 per
1054 758 1105 812 id
1133 758 1277 825 quod
1308 766 1514 812 natura:
1544 767 1742 813 nostrm
1763 758 1951 813 deesse
1981 757 2158 814 credi-
2188 770 2233 827 5
2264 754 2425 823 hujus
2470 769 2590 809 esse
2630 754 2875 823 subjecta
2915 753 3170 823 potentiae
3192 795 3210 823 ,
3254 754 3400 809 hunc
3445 763 3623 808 autem
3672 768 3909 823 super—

572 857 676 909 tur,
731 858 879 902 certa
928 850 1087 903 datur
1130 848 1365 913 occasio,
1410 864 1515 917 qua
1540 848 1876 905 subditorum
1919 850 2161 905 omnium
2268 846 2553 902 eminentis
2577 846 3122 913 existeredignitatis.
3153 845 3665 914 Namaliisquidem
3688 845 3923 901 omni-‘

568 939 864 993 dominium
919 950 1301 1012 consequatur.
1336 941 1469 995 Nam
1515 943 1561 996 si
1612 942 1771 1013 hujus
1826 952 1969 998 esset
1996 943 2161 997 homo
2266 942 2367 996 bus
2418 940 2687 996 anteriora
2740 940 2982 994 membra
3032 939 3278 1010 corporis
3322 940 3487 1009 pedes
3540 947 3689 1007 sunt,
3743 939 3907 1008 quia

568 1032 841 1099 potentiae,
876 1040 933 1085 ut
980 1046 1175 1100 equum
1233 1032 1519 1087 velocitate
1561 1044 1861 1103 superaret,
1921 1050 2026 1089 nec
2070 1048 2165 1105 pes
2268 1032 2413 1101 quod
2444 1031 2647 1087 acclive
2690 1044 2792 1099 est,
2823 1032 3019 1101 egebat
3058 1032 3302 1102 profecto
3333 1032 3599 1087 firmitatis
3651 1031 3929 1091 adnisa.

568 1121 685 1190 ejus
709 1130 1063 1189 attereretur,
1095 1123 1188 1177 sed
1224 1124 1540 1191 ungularum
1573 1126 1892 1183 inniteretur
1912 1126 2165 1183 ﬁrmitate
2269 1122 2326 1178 1n
2368 1124 2605 1179 hominis
2642 1132 2823 1179 autem
2880 1124 3190 1179 conditione
3227 1124 3342 1178 haec
3386 1124 3629 1179 membra
3675 1138 3931 1177 manus.

569 1214 879 1283 praevalida,
928 1231 1129 1271 cornua
1160 1232 1376 1285 quoque
1424 1217 1507 1271 vel
1558 1218 1781 1274 aculeos
1829 1220 2038 1291 aliquos
2068 1237 2166 1275 un-
2185 1238 2193 1281 ί
2212 1242 2241 1279 ρ
2271 1214 2460 1272 effecta
2489 1225 2635 1285 sunt,
2664 1218 2789 1285 quia
2816 1217 3139 1272 rectitudine
3162 1216 3377 1271 habitus
3402 1216 3521 1285 ejm
3545 1232 3688 1273 unus
3718 1230 3903 1283 gres-

570 1320 809 1374 guesque
840 1306 1119 1375 prteferret
1161 1308 1402 1364 ultores:
1434 1310 1666 1378 primum
1708 1310 1925 1379 quidem
1982 1312 2168 1368 bestiis
2272 1323 2362 1363 sus
2404 1307 2689 1361 videbatur
2726 1323 2844 1363 esse
2886 1307 3181 1371 suﬂiciens,
3226 1307 3321 1377 qui
3369 1306 3596 1377 geminis
3644 1306 3935 1375 pedibllll

570 1398 831 1453 existeret
854 1400 1059 1463 similis,
1094 1408 1148 1454 et
1178 1402 1493 1457 occursione
1541 1402 1656 1471 ipsa
1688 1402 1922 1459 difﬁcilis
1948 1420 2171 1476 appare-
2271 1398 2451 1453 standi
2503 1401 2861 1454 constantiam
2906 1408 3065 1454 cauta
3096 1399 3402 1469 provisione
3432 1396 3693 1454 ﬁrmaret.
3729 1398 3904 1451 Alias
3936 1426 3937 1449 ι

570 1497 673 1553 ret,
710 1488 1080 1557 hujuscemodi
1101 1492 1314 1559 corpori
1346 1493 1463 1560 ejus
1485 1493 1823 1549 adminiculis
1854 1498 2173 1552 naturaliter
2274 1505 2491 1559 quoque
2519 1491 2585 1545 ad
2618 1508 2769 1546 usum
2798 1492 3026 1547 rationis
3050 1491 3230 1546 .oﬂicia
3278 1506 3470 1548 manus
3495 1499 3681 1559 aptata
3728 1499 3901 1554 sunt.
3938 1520 3939 1525 π

571 1578 843 1633 attributis
876 1597 888 1631 :
920 1580 1114 1635 deinde
1140 1592 1427 1651 sperneret
1454 1584 1510 1637 in
1537 1585 1673 1640 alios
1696 1602 1955 1642 exercere
1994 1588 2172 1642 domi-
2276 1589 2330 1636 et
2356 1582 2402 1637 si
2432 1584 2551 1651 quis
2580 1584 2832 1638 rationali
2860 1590 3063 1638 natura:
3086 1583 3443 1639 ministerium
3471 1598 3730 1638 manuum
3758 1597 3905 1652 pro-

572 1679 760 1723 natum
790 1685 1019 1740 quorum
1070 1674 1229 1729 nullis
1280 1690 1502 1743 prorsus
1550 1676 1833 1747 adjutoriis
1889 1679 2172 1747 indigeret.

2287 1673 2457 1741 prium
2482 1675 2607 1743 quid
2639 1690 2759 1731 esse
2787 1675 3001 1741 dixerit,
3033 1676 3255 1731 minime
3296 1674 3593 1745 delinquet.
3637 1675 3763 1730 Non
3793 1691 3903 1730 so-

570 1760 724 1817 Nunc
751 1771 933 1819 autem
958 1766 1011 1819 in
1038 1767 1260 1835 singulis
1307 1784 1427 1837 qua:
1457 1770 1612 1824 nobis
1634 1772 2014 1841 mancipantur
2048 1788 2175 1828 usus
2206 1774 2254 1835 B
2282 1770 2391 1826 lum
2419 1768 2564 1821 enim
2605 1768 2673 1823 ad
2703 1768 2809 1823 hoc
2837 1767 2982 1836 timid
3008 1782 3299 1823 commune
3345 1774 3401 1823 ει
3446 1774 3767 1835 promptum
3806 1774 3905 1820 θεί

570 1853 695 1907 vita:
720 1865 919 1910 nostrae
947 1857 1241 1924 dirimitur,
1275 1868 1332 1913 ut
1378 1862 1744 1923 necessarium
1774 1862 1827 1917 in
1854 1864 1932 1919 eis
1959 1864 2175 1933 penitus
2280 1861 2651 1929 intelligentia:
2681 1868 2877 1914 nostra:
2898 1860 3150 1929 respicio,
3178 1858 3324 1929 quod
3349 1857 3555 1913 scilicet
3582 1857 3751 1913 verba
3796 1858 3900 1911 lit-

570 1946 939 2015 principatum
982 1948 1172 2003 haberi
1200 1949 1511 2016 videamus;
1556 1968 1679 2006 nam
1729 1955 1973 2024 corporis
2005 1955 2176 2011 nostri
2200 1970 2217 1983 -'
2234 1970 2257 1997 λ
2281 1952 2411 2007 teris
2436 1966 2628 2006 manus
2652 1951 3117 2006 administratione
3141 1951 3436 2019 εὶεηθωυεο
3462 1958 3519 2005 εί
3536 1949 3761 2019 quidm
3790 1960 3907 2002 “ec

458 360 491 412 x/

3908 218 3909 267 l

3908 304 3911 357 l

3912 390 3913 427 ι

3913 478 3915 561 l

3914 564 3917 649 l

3918 650 3919 707 l

3908 736 3921 795 ll

3922 822 3923 865 l

3924 908 3925 947 l

3926 994 3927 1029 ι

572 2040 800 2094 tarditas
830 2049 883 2094 et
912 2041 980 2096 ad
1027 2050 1230 2099 motum
1282 2045 1515 2100 celerem
1564 2045 1865 2109 difficultas,
1913 2064 2176 2117 equorum

574 2131 732 2185 nobis
765 2133 1021 2188 adhibere
1046 2136 1443 2203 providentiam
1472 2138 1618 2204 fecit,
1645 2141 1774 2209 quin
1797 2141 1960 2195 etiam
1984 2143 2177 2199 annuis

574 2222 822 2278 lanarum
846 2224 1108 2282 reditibus
1122 2243 1186 2283 ea
1209 2244 1329 2299 qua:
1340 2239 1544 2284 natura:
1557 2231 1781 2287 deerant
1802 2234 2179 2303 supplementa

576 2316 917 2387 prospiciens
952 2336 965 2372 :
995 2335 1063 2374 ex
1112 2320 1232 2375 aliis
1280 2337 1499 2392 quoque
1528 2326 1713 2385 causis.
1748 2342 1869 2395 quae
1917 2328 1984 2383 ad
2010 2330 2179 2383 vitam

575 2408 877 2462 necessaria
928 2408 1177 2478 deerant,
1240 2414 1681 2483 comprobantur.
1718 2412 1970 2475 Jumenta
2019 2418 2178 2475 nobis

578 2497 647 2551 ad
680 2514 847 2554 onera
874 2502 1057 2570 gravia
1088 2502 1307 2559 ferenda
1339 2505 1583 2575 subjecta
1638 2516 1794 2575 sunt,
1827 2517 1882 2564 et
1926 2510 2074 2581 quod
2113 2510 2181 2566 ad

2282 2043 2381 2098 ista
2407 2043 2579 2112 gratia
2608 2042 2885 2098 rationalis
2915 2044 3087 2111 impar
3113 2052 3197 2098 est
3224 2042 3519 2109 dignitatis,
3552 2040 3707 2112 quod
3736 2039 3901 2093 litte-

2190 2188 2213 2203 ι,
2246 2134 2359 2189 oris
2383 2133 2533 2202 loqui
2552 2148 2769 2202 quoque
2802 2148 3090 2203 possumus
3114 2141 3171 2189 et
3190 2134 3352 2188 modo
3371 2132 3603 2202 quodam
3631 2132 3902 2186 manibus
3954 2202 3955 2217 χ

2282 2224 2620 2294 disputamus
2656 2226 2710 2279 in
2747 2224 3141 2287 elementorum
3194 2226 3379 2294 ﬁguris
3425 2235 3673 2281 nostrum
3722 2238 3901 2293 repo-

2234 2326 2476 2372 vneutes
2505 2316 2799 2386 eloquium.
2830 2315 2937 2372 Sed
2966 2330 3067 2385 ego
3096 2318 3163 2372 ad
3194 2318 3297 2372 alia
3329 2332 3550 2386 prorsus
3578 2316 3898 2381 intendens,

2284 2409 2465 2477 studio
2516 2410 2753 2478 quodam
2801 2411 3201 2479 cooperationis
3256 2409 3636 2479 obtemperare
3686 2423 3901 2471 manus

2287 2501 2498 2557 altirmo
2527 2502 2754 2557 rationis
2783 2503 3025 2572 imperio.
3058 2502 3253 2559 Verum
3283 2512 3569 2572 antequam
3600 2503 3714 2559 hoc
3741 2501 3901 2557 idem

576 2588 748 2645 instar
775 2592 1089 2648 animalium
1118 2595 1314 2651 herbas
1353 2596 1647 2667 depascere
1694 2616 2050 2671 nequeamus,
2083 2606 2221 2681 bo-1
2238 2594 2663 2675 5discutiamus,
2688 2592 2919 2653 effusius,
2940 2596 3202 2649 rationem
3234 2594 3402 2662 magis
3440 2609 3606 2663 quam
3655 2602 3900 2663 printer-

578 2697 673 2738 ves
702 2684 859 2739 nobis
888 2685 953 2741 ad
1004 2704 1158 2743 usum
1216 2691 1529 2761 mancipare
1575 2697 1899 2763 curavimus,
1950 2713 2180 2767 quorum
2287 2688 2561 2755 ῐηίδίωυει
2614 2688 2966 2755 ίηίῖυίΐεηὶυε·
3013 2685 3157 2741 Pe“
3186 2701 3420 2755 ηδιικιιιε
3466 2682 3735 2739 “domm
3787 2699 3903 2740 “05

576 2772 762 2829 labore
794 2776 994 2832 victum
1025 2777 1234 2836 facilius
1260 2780 1659 2853 comparemus.
1688 2788 1821 2854 Quia
1845 2806 1975 2846 vero
1996 2808 2182 2848 morsu

574 2864 944 2934 indigehamus
968 2878 1023 2924 et
1053 2871 1307 2929 dentibus
1338 2874 1405 2930 ad
1437 2878 1767 2935 cohibendas
1793 2882 1932 2937 tales
1978 2883 2180 2940 bestias

578 2954 803 3023 ultione,
838 2958 888 3012 id
911 2962 1052 3029 quod
1079 2964 1231 3017 nobis
1260 2964 1429 3019 defuit
1448 2984 1644 3024 canum
1670 2981 1862 3027 natura
1883 2975 2176 3044 supplevit,

2288 2779 2444 2845 ordo,
2499 2786 2557 2833 et
2593 2793 2757 2834 causa
2808 2776 3159 2847 latuitjcujus
3209 2777 3285 2831 rei
3324 2777 3506 2845 gratia
3554 2776 3901 2847 praecedant,

2285 2871 2603 2928 Germinent
2633 2881 2789 2926 terra:
2815 2871 3061 2935 virentia,
3088 2870 3281 2925 dehinc
3328 2871 3715 2927 irrationabilia
3760 2870 3904 2927 sub-

2284 2973 2583 3034 sequantur
2610 2964 2882 3028 animalia,
2922 2972 2978 3020 et
3014 2964 3087 3018 ita
3119 2972 3241 3032 post
3287 2963 3477 3019 horum
3518 2963 3905 3018 conditionem

579 3050 668 3117 qui
695 3051 857 3104 etiam
910 3068 1033 3108 cum
1075 3055 1369 3113 velocitate
1414 3064 1699 3131 congenita
1746 3066 1913 3122 veluti
1957 3057 2408 3141 quidamgcloco
2441 3058 2603 3112 tertio
2628 3057 2796 3114 homo
2822 3055 3106 3112 formetur.
3147 3054 3415 3111 Fortassis
3449 3054 3593 3108 enim
3642 3070 3742 3121 per
3772 3054 3903 3109 haec

577 3143 846 3198 animatus
876 3146 1083 3212 gladius
1112 3151 1309 3205 nostris
1338 3162 1419 3207 est
1468 3155 1651 3211 usibus
1704 3159 2026 3226 attributus;
2078 3177 2178 3230 pro

2288 3165 2395 3205 non
2428 3157 2640 3204 tantum
2670 3163 2734 3203 ea
2762 3164 2881 3217 qua:
2926 3158 3051 3207 sunt
3098 3147 3381 3205 manifesta
3427 3146 3709 3211 sentimus,
3740 3145 3905 3214 quod

579 3235 832 3289 cornibus
870 3239 1032 3292 etiam
1059 3240 1143 3294 vel
1178 3244 1451 3310 unguibus
1472 3244 1663 3301 fortius
1703 3264 1768 3303 ac
1794 3253 2181 3319 penetrabilius

580 3320 779 3378 ferrum
811 3327 879 3380 ab
909 3329 1221 3387 hominibus
1268 3334 1547 3390 inventum
1580 3348 1683 3393 est.
1716 3338 1870 3406 Quod
1902 3359 2011 3397 non
2037 3359 2179 3398 sem-

579 3434 677 3488 per
707 3421 861 3474 nobis
893 3425 1213 3480 naturaliter
1261 3429 1518 3494 inlueret,
1549 3432 1687 3487 sicut
1740 3435 1826 3487 illa
1880 3438 2178 3490 munimina

580 3510 1040 3571 irrationabilibus
1064 3516 1284 3584 bestiis;
1318 3521 1412 3576 sed
1442 3522 1495 3575 in
1526 3531 1770 3593 tempore
1824 3525 1949 3579 belli
1996 3527 2181 3581 confe-
2206 3550 2223 3583 ς,

580 3628 707 3667 reus
764 3612 1071 3682 praesidium
1137 3612 1346 3682 gladius
1406 3614 1658 3683 deinceps
1714 3626 1897 3671 manet
1952 3619 2177 3673 otiosus.

582 3702 715 3758 Item
746 3703 987 3773 ejusdem
1018 3704 1148 3759 ferri
1200 3720 1328 3759 usus
1358 3721 1458 3775 pro
1512 3706 1770 3761 crocodili
1823 3709 2063 3777 squamis
2096 3726 2184 3763 as-

584 3807 843 3853 sumetur.
892 3797 987 3853 Est
1016 3806 1195 3853 autem
1226 3797 1446 3866 quando
1478 3807 1533 3853 et
1565 3810 1745 3871 tergus
1791 3802 1961 3871 ipsius
1993 3803 2182 3858 bellum

585 3887 639 3942 in
668 3888 854 3958 prmlio
880 3889 1153 3943 munimen
1186 3889 1445 3957 impertit,
1471 3890 1710 3959 alioquin
1739 3898 1822 3961 (ut
1849 3892 2055 3947 dictum
2075 3895 2180 3966 cst)

585 3978 651 4033 ad
693 3979 811 4047 ejus
854 3980 1263 4035 similitudinem
1315 3978 1513 4034 ferrum
1545 3983 1611 4035 ab
1642 3980 1849 4038 artifice
1899 3984 2255 4063 figuratum»,L

585 4069 730 4137 quod
759 4071 1068 4125 necessitati
1126 4070 1440 4126 deserviens
1488 4088 1650 4143 quem
1708 4076 1939 4130 armavit
1969 4078 2020 4130 in
2056 4078 2183 4133 belli

586 4169 849 4232 tempore,
884 4162 1208 4235 derelinquit
1263 4166 1317 4218 in
1368 4164 1663 4235 paceiNec
1704 4183 1813 4223 non
1860 4179 1917 4225 et
1947 4170 2183 4226 volatilia

585 4257 785 4311 nostris
806 4260 1146 4319 commodata
1170 4269 1295 4315 sunt
1326 4261 1524 4324 usibus,
1552 4277 1787 4331 quorum
1835 4264 1997 4318 etiam
2024 4266 2178 4319 velo-

588 4348 806 4403 citatem
838 4350 975 4405 ratio
1002 4353 1308 4419 excogitata
1337 4369 1444 4408 non
1471 4355 1748 4423 prmterit;
1783 4372 1905 4409 nam
1932 4358 2185 4424 quaedam

588 4454 655 4493 ex
685 4441 763 4494 eis
794 4441 1159 4497 mansuefacta
1190 4444 1439 4498 videntur
1465 4446 1904 4514 cooperantibus,
1935 4448 2182 4517 quaedam

2286 3245 2770 3315 pr0ptcrjumenta
2801 3244 2885 3299 vel
2924 3244 3161 3298 maxime
3210 3241 3472 3298 Conditor
3522 3240 3901 3295 universitatis

2287 3331 2582 3391 instituerit
2602 3337 2891 3393 herbarum
2914 3345 3183 3400 naturam,
3226 3344 3450 3404 propter
3494 3333 3739 3390 homines
3791 3347 3900 3385 au-

2288 3436 2395 3484 tem
2416 3429 2658 3498 jumenta
2686 3430 2973 3485 creaverit.
3004 3428 3152 3483 Unde
3179 3436 3235 3483 et
3263 3436 3389 3481 ante
3427 3440 3619 3495 greges
3665 3424 3895 3494 pabula,

2288 3530 2416 3577 ante
2437 3521 2710 3575 hominem
2740 3535 2869 3574 vero
2894 3534 3013 3588 quze
3038 3520 3283 3579 humanm
3313 3518 3436 3571 vitae
3475 3523 3694 3585 possent
3714 3515 3863 3568 admi

2286 3618 2465 3671 nicula
2496 3616 2755 3685 praebere,
2786 3614 3116 3683 produxerit.
3150 3610 3256 3665 Sed
3286 3610 3413 3663 mihi
3444 3609 3655 3663 videtur
3690 3622 3893 3661 conse-

2288 3708 2504 3777 qucntia
2542 3707 2699 3775 hujus
2726 3705 2922 3773 eloquii
2972 3703 3187 3773 aliquod
3219 3702 3411 3771 dogma
3441 3699 3507 3756 de
3554 3698 3891 3754 absconditis

2290 3802 2559 3856 intimare.
2595 3801 2686 3854 Sic
2716 3800 2858 3855 enim
2884 3797 3059 3852 Moses
3087 3797 3154 3851 de
3180 3804 3322 3850 statu
3357 3795 3550 3849 anima:
3577 3794 3757 3848 divino
3789 3793 3892 3845 ini-

2288 3897 2442 3964 perio
2484 3894 2837 3963 philosophia:
2885 3892 3182 3948 reservavit
3226 3904 3522 3955 arcanum,
3564 3889 3633 3944 de
3678 3903 3783 3956 qua
3832 3902 3891 3941 re

2289 3989 2505 4058 quidem
2534 3995 2591 4042 et
2612 3985 2846 4041 eruditio
2864 3995 3062 4040 extera
3106 3982 3321 4037 sibimet
3372 3982 3660 4051 imaginata
3690 3987 3773 4035 est
3799 3978 3895 4033 ali-

2290 4077 2447 4146 quid;
2480 4078 2575 4132 sed
2617 4092 2723 4131 non
2770 4076 2919 4131 clare
2946 4090 3068 4145 qum
3117 4083 3274 4129 erant
3321 4072 3551 4128 videnda
3591 4071 3887 4142 perspexit.

2292 4170 2537 4227 Perlth
2566 4184 2717 4239 ergo,
2750 4178 2808 4224 ut
2837 4171 3093 4237 arbitror,
3141 4169 3254 4240 ipsa
3296 4166 3436 4220 ratio
3463 4164 3624 4221 docet
3648 4164 3793 4232 quod
3836 4163 3891 4217 in

2292 4264 2464 4319 tribus
2487 4262 2803 4318 differentiis
2825 4263 3003 4317 vitalis
3036 4262 3149 4315 haec
3179 4269 3340 4327 atque
3371 4257 3620 4314 animalis
3649 4255 3891 4325 potentia

2292 4356 2619 4411 declaretur.
2652 4355 2955 4410 Herbarum
2998 4354 3266 4424 siquidem
3301 4361 3494 4406 natura
3542 4350 3892 4404 incrementis

2275 4458 2376 4515 ,est
2420 4458 2626 4504 tantum
2670 4457 2727 4503 et
2774 4448 3119 4504 nutrimentis
3166 4445 3540 4509 accommoda,
3592 4457 3892 4511 congruum

591 4545 719 4586 vero
750 4535 1034 4602 praesentia
1083 4537 1185 4601 sui,
1243 4536 1488 4604 capiendi
1536 4553 1697 4593 causa
1747 4548 1873 4593 sunt
1902 4539 2021 4595 aliis
2066 4556 2185 4610 quae
2215 4562 2268 4620 D
2295 4543 2540 4612 pnebcns
2570 4540 2652 4595 his
2679 4541 2769 4610 qui
2800 4555 2867 4595 ex
2896 4555 2959 4596 ea
2991 4547 3253 4610 paventur
3283 4545 3656 4604 augmentum,
3693 4550 3813 4603 quae
3840 4542 3895 4588 et

590 4623 789 4680 nostris
820 4626 1138 4681 utilitatibus
1187 4628 1542 4697 applicentur.
1572 4629 1678 4685 Sed
1709 4639 1764 4686 et
1795 4642 2030 4700 pennata
2080 4634 2187 4689 tela

592 4718 747 4772 nobis
775 4734 862 4773 ars
890 4720 1158 4789 exquisita
1211 4722 1460 4791 perlecit,
1491 4706 1611 4792 ηερ
1657 4740 1753 4793 per
1804 4740 1988 4779 arcum
2038 4735 2188 4783 tensa

590 4823 805 4864 cursum
850 4810 1128 4865 volucrem
1160 4813 1320 4867 rebus
1351 4813 1597 4870 humanis
1625 4815 1885 4871 exhibuit.
1915 4815 2071 4883 Quod
2100 4835 2191 4873 au-

591 4907 701 4965 tem
732 4898 924 4969 pedum
956 4910 1261 4957 nostrorum
1292 4905 1513 4972 vestigia
1545 4906 1609 4960 ad
1658 4907 2055 4964 coiilicieudum
2087 4911 2189 4965 iter

592 4987 799 5046 facilius
846 5000 1168 5061 atteruntur,
1200 4998 1504 5051 necessaria
1544 4999 1911 5068 subjectorum
1966 5003 2189 5058 admini-

592 5082 712 5138 cula
742 5084 898 5141 nobis
924 5085 1169 5142 indicunt
1198 5102 1266 5142 ex
1291 5088 1487 5158 quibus
1502 5089 1870 5149 calceamenta
1892 5109 2191 5165 congruen-

594 5185 676 5234 ter
706 5188 983 5249 aptentur.

1184 5297 1415 5354 CAPUT
1454 5299 1586 5355 Vill.

595 5383 699 5439 Cur
721 5390 940 5444 hominis
969 5400 1136 5467 rectus
1157 5392 1224 5444 sit
1254 5391 1481 5467 habitus,
1509 5402 1560 5445 et
1602 5411 1756 5465 quam
1786 5403 1998 5467 propter
2024 5398 2190 5453 ratio-

666 5472 990 5538 nem_ntanus
1015 5465 1153 5517 data:
1181 5474 1319 5538 sunt,
1349 5466 1406 5518 in
1431 5481 1531 5538 quo
1554 5467 1791 5537 quedam
1828 5465 1890 5520 et
1925 5468 1988 5521 de
2029 5468 2187 5538 (li/Ie-

663 5532 845 5584 rentiis
866 5534 1161 5589 animarum
1187 5532 1471 5605 disputatio
1495 5532 1699 5599 natura:
1720 5538 2001 5593 inducitur.

665 5641 821 5711 Quod
850 5660 980 5699 vero
1006 5655 1183 5702 rectus
1206 5660 1288 5703 est
1317 5651 1549 5706 hominis
1579 5652 1793 5706 habitus
1822 5660 1879 5707 et
1900 5651 1969 5707 ad
1993 5652 2188 5707 omium

595 5753 715 5795 sese
765 5738 1055 5794 sustollens
1108 5758 1432 5813 sursumque
1476 5745 1773 5815 respiciens
1796 5786 1810 5810 ,
1870 5747 2188 5819 principalia

595 5832 713 5890 hac
739 5829 883 5888 dona
906 5846 1026 5892 esse
1044 5835 1409 5899 certissimum
1437 5847 1541 5905 est,
1586 5838 1939 5909 approbantia
1988 5839 2191 5911 regiam
2224 5902 2231 5907 _

2294 4633 2658 4703 germinabilis
2681 4633 2898 4697 dicitur,
2929 4632 3231 4701 eademque
3277 4630 3329 4683 in
3360 4627 3607 4696 virgultis
3635 4634 3693 4681 et
3729 4627 3893 4680 arbo-

2294 4725 2443 4780 ribus
2484 4725 2783 4781 substantia
2815 4725 3144 4795 pervidetur.
3177 4722 3276 4778 Est
3320 4731 3500 4776 autem
3548 4721 3601 4774 in
3638 4720 3731 4774 his
3767 4720 3896 4788 ipsis

2295 4831 2415 4886 quae
2461 4817 2831 4887 germinantur
2884 4816 3065 4870 vitalis
3100 4814 3346 4883 quaedam
3395 4810 3659 4883 potentia,
3706 4825 3897 4866 sensus

2232 4962 2237 4981 ξ
2264 4938 2267 4943 >
2296 4911 2625 4966 animatione
2649 4910 2876 4980 privata.
2912 4908 3112 4963 Prteter
3142 4908 3281 4962 hanc
3308 4923 3439 4962 vero
3462 4916 3546 4960 est
3567 4915 3623 4960 et
3643 4905 3746 4959 alia
3777 4905 3896 4958 vita:

2293 5004 2522 5073 species,
2548 5003 2632 5059 cui
2654 5000 2883 5057 Creator
2899 5010 2955 5056 et
2977 5002 3310 5057 incrementa
3332 5000 3580 5059 contulit.
3605 5008 3660 5053 et
3680 4999 3895 5067 dispen-

2301 5098 2522 5153 sandam
2546 5096 2792 5151 sensibus
2818 5095 3121 5165 imperavit,
3151 5110 3314 5165 quam
3354 5093 3407 5147 in
3450 5102 3642 5147 natura
3685 5091 3900 5145 irratio-

2298 5187 2741 5244 nabiliumfacile
2768 5201 3115 5254 cnntuemur,
3140 5201 3261 5256 qua:
3284 5202 3391 5242 non
3425 5185 3601 5239 solum
3631 5192 3691 5237 ut
3731 5183 3897 5238 herba

2299 5293 2550 5336 crescens
2582 5278 2829 5334 nutritur
2875 5289 2931 5333 et
2987 5279 3175 5345 nutrit,
3226 5277 3320 5332 sed
3369 5276 3534 5332 etiam
3590 5275 3898 5330 sensibilem

2298 5376 2407 5429 vim
2437 5376 2714 5446 possidere
2743 5375 3111 5446 cognoscitur.
3151 5372 3399 5429 Perfecta
3429 5387 3561 5427 vero
3590 5370 3752 5425 tertia
3793 5368 3900 5420 vita

2300 5467 2546 5538 corporis
2575 5468 2629 5522 in
2660 5468 2897 5522 hominis
2921 5467 3155 5522 essentia
3191 5464 3439 5519 rationali
3467 5464 3763 5519 constituta
3793 5467 3895 5524 est,

2298 5576 2418 5630 qua:
2443 5568 2499 5615 et
2526 5561 2763 5616 nutritur
2788 5567 2844 5614 et
2872 5560 3042 5615 nutrit
3069 5566 3128 5614 et
3167 5558 3353 5621 sentit,
3384 5565 3441 5612 et
3482 5555 3703 5610 rationis
3731 5552 3900 5623 parti-

2300 5657 2489 5726 cipans
2519 5666 2699 5709 mente
2728 5662 3029 5720 vegetatur.
3060 5651 3330 5707 Debemus
3357 5659 3539 5705 autem
3568 5648 3731 5711 scire,
3753 5642 3898 5715 quod

2299 5748 2423 5803 talis
2450 5748 2696 5819 quaedam
2724 5762 2913 5803 eorum
2953 5760 3075 5814 qua:
3120 5752 3245 5799 sunt
3281 5743 3420 5797 ratio
3459 5739 3733 5801 divisionis
3779 5740 3895 5793 exi-

2298 5848 2432 5909 stat,
2460 5848 2519 5896 ut
2542 5839 2688 5895 aliud
2712 5836 3080 5896 intellectuale
3122 5838 3214 5901 sit,
3259 5835 3406 5915 aliud
3453 5832 3757 5904 corporale.
3785 5832 3896 5891 Sed
