4092 6348
198 201 323 264 ’557

1048 209 1226 267 LlBlil
1264 208 1351 264 DE
1390 204 1777 266 CREATIONE
1817 202 2094 262 HOMINIS
2123 206 2682 266 lNTERPRETA'iIU
3400 206 3509 266 3.”);

213 325 604 385 intellectualis
630 327 880 382 essentiao
908 342 1050 382 nunc
1079 328 1360 382 omittatur
1386 327 1439 380 in
1463 342 1558 381 sua
1582 325 1820 395 prOpric-
1849 329 1891 379 Α
1925 328 2046 384 tur;
2097 321 2350 389 spiritalis
2400 333 2579 378 autem
2628 324 2836 393 judicat
2865 325 3065 393 omnia,
3109 334 3225 398 ipse
3267 337 3448 384 autem
3475 325 3520 385 ίδ

92 411 196 518 :2“:
217 431 333 476 tate
359 421 573 476 divisno.
599 418 709 474 Nec
740 419 881 474 enim
910 421 1064 474 nobis
1089 430 1171 474 est
1198 419 1265 474 de
1304 421 1406 474 bac
1452 435 1512 474 re
1556 418 1822 472 sermonis

217 515 468 572 occasio.
498 511 810 588 Corporalis
832 521 1013 569 autem
1047 513 1361 569 substantia:
1407 511 1554 568 aliud
1593 521 1676 568 est
1713 527 1808 568 om

219 615 354 668 nino
401 614 523 669 sine
578 612 684 667 vita
713 650 728 675 ,
784 612 928 667 aliud
973 613 1096 667 vita:
1146 611 1478 684 participat:
1522 626 1708 668 rursus
1753 613 1826 667 vi-

220 707 338 726 .-I:_
375 705 667 726 e.-___.__..|:..
702 705 797 726 -li-
840 713 960 726 ---_.-
1010 705 1275 726 --_-2I-:I:_
1351 703 1447 726 -12..
1497 719 1621 726 -.ιι-Α
1664 719 1822 726 ,Λυνςη

90 757 188 810 πει
223 757 338 760 ἠ’
375 757 598 810 ’ζ’τ”ξ⁷
629 757 665 760 7‘
705 757 729 810 ί
1008 757 1130 810 ’ίζλῖ

90 796 188 902 ibi;
220 802 491 860 carentia'
527 809 584 855 ut
611 809 737 856 sum
764 800 926 854 etiam
955 798 1133 872 Capilli
1162 799 1331 874 nostri
1358 809 1412 854 et
1440 813 1662 868 ungues.
1690 796 1824 852 Item

219 896 502 951 sensibilia
535 896 586 949 in
619 894 821 948 naturis
851 893 1253 948 rationabilium
1279 901 1334 946 et
1373 892 1824 947 irrationabilium

220 986 560 1040 dividuntur.
594 982 886 1054 Propterea
918 994 1042 1054 post
1067 985 1375 1038 exanimem
1409 984 1688 1038 materiam
1711 983 1820 1052 pri-

220 1097 371 1135 nmm
403 1083 554 1135 velut
597 1079 929 1150 crepidinem
960 1077 1245 1147 quamdam
1293 1077 1434 1134 banc
1472 1075 1825 1146 germinalem

142 1141 176 1243 ’ξ
221 1175 588 1234 substantiam
649 1171 923 1242 legislator
967 1173 1231 1243 expressit
1269 1189 1282 1224 :
1334 1171 1589 1241 deinceps
1637 1186 1854 1225 corum-

91 1237 176 1346 :i:
219 1269 640 1338 generationem
666 1282 787 1336 quae
807 1267 1053 1322 sensibus
1073 1265 1441 1321 tantummodo
1457 1266 1823 1331 continentur,

219 707 344 760 talis
367 705 671 775 corporalis
699 705 801 758 alia
839 713 964 758 sunt
1007 705 1302 767 sensibilia,
1349 703 1454 760 alia
1497 719 1626 758 vero
1662 719 1825 760 sensu
1855 755 1860 760 .

1926 412 2140 466 nemine
2159 412 2450 482 judicatur.
2483 416 2724 487 Denique
2757 418 2898 476 sicut
2925 421 3125 481 carnali
3153 421 3399 480 animalis
3429 447 3526 486 su-

1927 519 2243 584 pereminet,
2270 517 2424 584 juxta
2453 519 2698 572 eamdem
2729 535 3034 578 mensuram
3061 522 3348 582 animalem
3377 537 3484 594 quo

1929 623 2032 678 que
2060 609 2316 678 spiritalis
2344 610 2580 664 excellit.
2621 609 2776 677 Quod
2825 626 2954 682 ergo
3002 614 3352 670 n0vissitntttn
3400 612 3554 682 post

1929 702 2110 756 omnia
2140 702 2344 756 factum
2378 700 2652 758 hominem
2681 703 2956 774 Scriptura
2996 719 3400 776 commemorat,
3442 711 3518 761 ni;

1927 792 2002 847 liii
2031 794 2175 848 aliud
2206 808 2367 862 quam
2397 793 2466 850 de
2496 803 2639 850 statu
2662 796 2854 851 anima:
2896 799 3259 870 philosophari
3290 816 3388 856 nos
3426 801 3514 854 dr-

1926 885 2056 940 bere
2102 887 2334 940 latenter
2379 886 2653 952 informat,
2702 892 3005 946 necessaria
3049 893 3294 961 quaedam
3341 911 3520 948 rerum

1927 980 2334 1048 consequentia,
2362 981 2412 1035 id
2443 981 2660 1051 quidem
2693 982 2988 1052 perfectum
3018 985 3070 1038 in
3112 987 3405 1054 postremis
3437 987 3522 1040 in-

1926 1073 2162 1128 sinuans.
2214 1073 2411 1128 Natura
2459 1091 2692 1146 namque
2739 1077 3020 1132 rationalis
3047 1088 3252 1134 cetera
3306 1095 3524 1149 quoque

1927 1165 2171 1220 continet
2186 1173 2242 1220 et
2262 1166 2596 1222 incrementa
2611 1169 2889 1236 germinis,
2915 1178 2970 1223 et
2995 1185 3186 1227 sensus
3211 1172 3521 1239 animantis,

1927 1267 2119 1312 natura
2148 1259 2310 1314 etiam
2331 1261 2602 1316 sensibilis
2621 1261 2971 1330 germinalem
2998 1263 3236 1334 speciem
3261 1263 3382 1318 sine
3421 1264 3527 1318 du-

1927 1351 2187 1407 bitatione
2241 1353 2640 1423 complectitur.
2709 1354 2835 1410 Haec
2881 1367 3059 1414 autem
3107 1367 3329 1427 prepter
3380 1356 3528 1426 quod

1927 1444 2293 1499 innuatcrialis
2334 1454 2417 1500 est
2454 1461 2513 1500 se
2553 1447 2668 1502 sola
2694 1449 3088 1518 complectitur.
3119 1449 3529 1520 Consequenter

1928 1536 2093 1605 igitur
2121 1547 2311 1594 natura
2345 1539 2510 1594 veluti
2557 1556 2657 1610 per
2692 1541 2956 1610 quosdam
2989 1546 3206 1611 gradus,
3238 1545 3362 1598 vita:
3406 1544 3530 1600 dico

1929 1630 2338 1700 proprietatum,
2391 1633 2458 1687 ab
2505 1632 2850 1688 inferioribus
2896 1634 2962 1688 ad
3008 1635 3334 1705 perfectiora
3387 1650 3524 1691 con-
3612 1695 3628 1712 υ

2557 1836 2788 1892 CAPUT
2826 1837 2914 1891 ΙΧ.

1936 1925 2088 1993 Quod
2099 1931 2371 2000 aptissima
2393 1929 2616 1984 hominis
2638 1929 2884 2012 habitudo
2911 1931 2982 1984 ad
3009 1947 3138 2002 Opus
3159 1932 3378 1987 rationis
3402 1949 3530 1988 conv

2570 2012 2767 2055 structa
2792 2011 2878 2056 stt.

221 1363 464 1432 aperuit.
521 1360 587 1415 Et
641 1361 765 1431 quia
821 1360 1114 1414 secundum
1173 1359 1330 1415 istam
1381 1359 1825 1427 consequentiam

221 1468 286 1507 ea
316 1468 449 1522 quae
476 1452 640 1506 vitam
675 1452 726 1506 in
759 1467 923 1506 carne
966 1453 1158 1506 sortita
1187 1463 1336 1518 sunt,
1380 1449 1654 1504 sensibilia
1707 1450 1825 1518 qni-

221 1544 348 1600 dem
379 1546 505 1600 sine
533 1543 952 1612 intelligibilibus
983 1560 1078 1614 per
1112 1559 1171 1599 se
1215 1544 1505 1599 subsistere
1549 1541 1824 1611 videntur,

223 1638 518 1694 rationalis
544 1647 726 1694 autem
762 1639 1063 1693 substantia
1095 1653 1203 1692 non
1242 1645 1422 1706 potest
1468 1637 1521 1691 in
1564 1636 1672 1691 alio
1723 1636 1824 1690 nisi
1848 1651 1892 1688 t~
1923 1633 1926 1636 ’

223 1731 477 1787 sensibili
524 1746 755 1801 corpore
811 1732 1089 1796 contueri;
1144 1730 1347 1785 idcirco
1394 1738 1516 1800 post
1585 1732 1825 1798 germina
1858 1731 1907 1790 B
1934 1723 2161 1778 scendit.

223 1833 397 1893 atque
422 1823 668 1894 jumenta
698 1823 871 1879 factus
898 1834 982 1879 est
1028 1825 1210 1887 homo,
1242 1825 1329 1879 via
1364 1824 1597 1894 quadam
1628 1839 1825 1880 conse-

223 1924 467 1986 quenter
493 1918 560 1971 ad
583 1917 968 1985 perfectionem
1016 1924 1206 1971 natura
1233 1893 1539 1986 perliciens.
1577 1915 1826 1969 Omnium
1861 1921 1895 1971 ἴ

224 2022 475 2078 namque
502 2008 821 2077 specierum,
853 2007 904 2062 id
934 2017 1033 2072 est,
1067 2017 1122 2063 et
1149 2009 1441 2064 crescentis
1479 2009 1736 2077 germinis
1775 2017 1832 2062 et

224 2101 502 2156 sensualis
524 2101 815 2156 animantis
841 2101 943 2155 boc
966 2102 1228 2156 rationale
1250 2101 1448 2156 animal
1472 2101 1636 2157 homo
1665 2101 1870 2170 parti-ia.
1888 2121 1908 2146 ς.

223 2194 402 2262 cipat.
454 2191 696 2247 Nutritur
743 2193 885 2246 enim
927 2192 1082 2260 juxta
1128 2193 1427 2247 naturalem
1477 2193 1833 2247 substantiam

227 2285 432 2338 anima:
459 2286 713 2352 qualitas,
743 2284 1058 2339 incrementi
1083 2300 1213 2339 vero
1241 2288 1346 2338 vim
1369 2285 1604 2340 sensuali
1632 2284 1835 2338 submi-

227 2375 561 2430 nistratione
614 2377 868 2440 sortitur,
914 2391 1031 2444 qua:
1075 2376 1227 2443 juxta
1274 2377 1560 2446 quemdam
1617 2374 1834 2429 modum

225 2481 396 2520 suum
425 2466 564 2520 inter
589 2465 1011 2521 intellectualem
1038 2475 1093 2521 et
1122 2469 1452 2522 materialem
1482 2468 1835 2522 substantiam

229 2559 286 2613 in
349 2559 528 2613 medio
578 2559 863 2621 collocata,
921 2569 1182 2628 quantum
1227 2559 1369 2615 illius
1429 2559 1838 2628 comparatione
1857 2565 1870 2596 ’-

83 2627 142 2722 ᾇ
230 2654 492 2718 crassior,
529 2661 736 2707 tantum
767 2652 881 2720 ejus
908 2654 1223 2722 pmelatione
1261 2654 1474 2708 videtur
1516 2668 1634 2708 esse
1657 2653 1840 2708 since-

232 2748 376 2801 rior.
409 2746 612 2800 Deinde
637 2745 908 2801 sensibilis
940 2747 1016 2800 rei
1043 2749 1188 2814 quod
1229 2756 1311 2801 est
1339 2747 1746 2801 subtilissimum
1785 2761 1842 2808 et

236 2837 637 2892 lucidissimum
672 2837 1020 2892 intellectuali
1057 2839 1320 2893 sociatum
1371 2838 1428 2892 lit
1464 2839 1706 2908 quatdam
1753 2856 1841 2894 na-

235 2940 381 2987 turae
413 2931 701 3000 permixtio
731 2931 1080 2995 conveniens,
1125 2931 1197 2983 ita
1228 2931 1364 2985 utin
1390 2929 1560 2984 tribus
1606 2931 1722 2985 istis
1759 2931 1842 2984 vi-

235 3023 439 3077 deatur
470 3024 632 3077 homo
662 3021 974 3077 subsistere.
1006 3022 1138 3076 Nam
1167 3031 1222 3077 et
1245 3024 1561 3092 Apostolum
1603 3029 1709 3078 tale
1751 3023 1844 3076 ali-

239 3207 351 3260 bus
380 3222 541 3259 orans
563 3207 635 3259 ait
659 3206 824 3277 :“1pse
849 3218 1019 3261 autem
1057 3206 1195 3260 Deus
1241 3209 1385 3279 pacis
1427 3209 1713 3277 sanctiﬁcet
1759 3226 1844 3264 vos

80 3283 132 3314 δί’
242 3317 346 3370 per
366 3300 562 3363 omnia,
585 3309 639 3352 ut
667 3290 866 3372 integer
889 3302 1099 3370 spiritus
1129 3311 1290 3355 vester
1309 3311 1358 3354 et
1384 3303 1563 3356 anima
1591 3311 1638 3355 et
1661 3319 1846 3372 corpus

243 3395 366 3447 sine
395 3393 602 3463 querela
638 3395 692 3447 in
720 3393 996 3449 adventum
1023 3393 1236 3448 Domini
1273 3396 1436 3449 nostri
1483 3395 1608 3449 Jesu
1652 3394 1846 3450 Christi

80 3471 94 3501 ι
405 3493 416 3501 .
785 3497 796 3501 _
839 3487 868 3501 σι
895 3487 944 3501 ο..
1091 3497 1100 3501 ,
1739 3489 1766 3501 ..
1795 3488 1845 3501 ...

251 3578 515 3642 animam,
547 3594 644 3649 pro
671 3579 1021 3634 intellectuali
1051 3582 1296 3650 spiritum
1331 3597 1556 3652 ponens.
1590 3581 1847 3638 Similiter

252 3679 312 3724 et
361 3671 594 3724 scribam
645 3671 698 3724 in
745 3669 1034 3740 Evangelio
1081 3673 1340 3729 Dominus
1384 3675 1655 3730 instruens
1701 3675 1850 3730 omni

254 3761 514 3816 mandato
541 3762 884 3818 dilectionem
917 3764 1128 3819 Domini
1171 3767 1452 3836 praeponit,
1483 3781 1601 3836 qua:
1638 3782 1705 3822 ex
1737 3774 1851 3820 toto

257 3851 429 3907 corde
453 3860 508 3906 et
531 3867 600 3908 ex
629 3861 740 3908 tota
765 3855 943 3909 anima
973 3865 1030 3909 et
1067 3871 1136 3910 ex
1175 3865 1294 3912 toto
1324 3857 1597 3912 intellectu
1639 3857 1854 3926 pertici-

259 3950 370 3997 tur.
402 3941 534 3996 Nam
563 3951 619 3998 et
647 3944 699 3998 in
731 3946 981 4014 praesenti
1010 3945 1255 4001 eamdem
1305 3947 1434 4000 mibi
1486 3963 1664 4002 sermo
1702 3945 1924 4002 diﬂ‘e-"~

255 4035 493 4091 rentiam
521 4037 735 4092 videtur
779 4039 1243 4108 interpretationis
1292 4029 1854 4110 olferreJCorpulen-

256 4128 460 4183 tiorem
516 4129 728 4198 quidem
785 4130 1078 4186 eﬂicaciam
1135 4146 1230 4185 cor
1268 4131 1574 4202 appellans,
1621 4133 1855 4187 animam

257 4234 398 4276 vero
427 4221 654 4276 mediam
682 4221 865 4278 sedem
908 4231 1094 4278 tenere
1144 4221 1470 4291 signilimns.
1519 4223 1855 4279 Intellectum

257 4330 446 4371 antem
496 4316 860 4371 sublimiorem
914 4317 1268 4372 substantiam
1325 4317 1658 4371 rationabilis
1727 4318 1858 4372 insi-

260 4425 440 4463 nuans
465 4410 940 4479 perspicabilisque
969 4411 1200 4464 virtutis.
1247 4407 1402 4464 Unde
1431 4418 1487 4463 et
1526 4419 1634 4464 tres
1663 4408 1892 4478 distan-g.

259 4499 371 4552 tias
428 4498 762 4553 voluntatum
821 4500 969 4554 novit
1019 4501 1307 4570 Apostolus

262 4591 413 4647 circa
442 4601 686 4648 ventrem
720 4601 776 4648 et
802 4593 1081 4648 inferiores
1109 4604 1290 4663 partes
1334 4593 1700 4665 voluptatibus
1741 4602 1862 4648 tan-

262 4691 382 4736 tum
409 4681 619 4740 vitiosis
645 4685 990 4754 obsequitur;
1019 4687 1305 4740 animalem
1339 4702 1494 4750 vero,
1528 4702 1648 4755 quae
1686 4687 1862 4742 media

265 4774 411 4828 inter
455 4775 707 4830 virtutem
755 4777 1122 4846 malitiamque
1149 4785 1414 4841 versatur,
1460 4777 1598 4831 hanc
1644 4778 1861 4847 quidem

263 4865 701 4933 supergrediens,
732 4866 870 4920 illius
889 4876 1069 4922 autem
1089 4883 1428 4938 nequaquam
1456 4869 1723 4938 particeps
1748 4869 1863 4922 sin-

266 4955 511 5010 ceritatis
555 4957 790 5012 existens
816 4975 827 4986 ·
858 4966 914 5012 et
939 4958 1334 5028 spiritalitatem
1363 4957 1476 5012 Deo
1501 4959 1707 5029 placitae
1735 4975 1865 5014 con-

265 5047 594 5102 versationis
621 5049 944 5118 assequitur.
976 5049 1066 5105 Sic
1105 5052 1248 5106 enim
1301 5051 1542 5107 scribens
1580 5051 1648 5106 ad
1673 5051 1867 5107 Corin-

268 5139 414 5194 tliios
431 5141 734 5210 'exprobrat
773 5143 851 5198 eis
889 5142 1124 5198 studium
1169 5145 1487 5214 voluptaria:
1535 5145 1656 5200 vita:
1701 5154 1866 5214 atque

268 5231 557 5300 passibilis,
579 5233 803 5288 dicens:
837 5231 1030 5288 Nonne
1067 5236 1302 5289 carnales
1341 5239 1484 5302 estis,
1515 5247 1565 5290 et
1583 5237 1864 5292 secundum

269 5325 528 5381 horninem
567 5326 867 5392 ambulatis,
905 5327 958 5382 id
1000 5336 1102 5394 est,
1149 5328 1557 5398 perfectioribus
1605 5332 1864 5388 doctrinis

270 5416 560 5488 incapaces
596 5434 715 5474 esse
745 5421 1068 5490 probamini.
1118 5420 1186 5475 Et
1233 5422 1358 5476 alibi
1398 5425 1861 5493 comparationem

271 5511 558 5580 quamdam
586 5513 772 5570 media.-
811 5515 969 5585 hujus
997 5516 1064 5570 ad
1090 5516 1235 5570 illam
1262 5516 1544 5572 celsiorem
1574 5519 1863 5587 perfectio-

271 5618 496 5673 remque
521 5607 742 5673 iaciens,
774 5607 905 5663 dicit
930 5627 942 5661 ε
969 5609 1224 5663 Animalis
1244 5616 1414 5662 autem
1441 5609 1591 5664 homo
1613 5627 1713 5664 non
1746 5628 1865 5680 per-

272 5695 396 5766 cipit
417 5712 479 5750 ea
507 5713 622 5769 qua
648 5709 766 5752 sunt
801 5701 1015 5770 spiritus
1054 5699 1173 5756 Dei.
1217 5700 1453 5756 Stultitia
1499 5703 1639 5757 enim
1669 5711 1751 5757 est
1787 5702 1865 5758 illi

274 5795 330 5848 et
356 5805 463 5847 non
491 5799 676 5864 potest
719 5791 1041 5864 intelligere,
1076 5796 1202 5866 quia
1247 5793 1561 5868 spiritaliter
1587 5794 1866 5851 examina-

245 3493 523 3539 servetur:
571 3502 668 3555 pro
708 3487 946 3540 nutribili
988 3497 1139 3556 parte
1194 3504 1408 3557 corpus,
1456 3505 1554 3558 pro
1609 3488 1849 3543 sensibili
1879 3507 1896 3551 έν

2005 2093 2140 2162 Quia
2175 2095 2335 2163 igitur
2366 2093 2630 2150 rationale
2678 2094 2878 2148 animal
2906 2093 3090 2158 homo,
3123 2095 3416 2166 Oportebat
3445 2096 3530 2150 ni-

1935 2189 2018 2244 sui
2063 2189 2288 2245 rationis
2313 2188 2641 2244 conveniens
2684 2187 2890 2242 institui
2925 2189 3171 2258 corporis
3200 2190 3533 2245 insnumen-

1938 2290 2073 2336 tum.
2112 2281 2262 2336 Sicut
2305 2280 2447 2335 enim
2474 2281 2719 2336 videmus
2747 2282 2968 2340 musica:
2996 2281 3353 2352 peritissimos
3376 2284 3534 2351 juxta

1939 2373 2127 2441 organi
2155 2373 2396 2442 speciem
2447 2372 2682 2428 studium
2734 2372 3120 2428 modulaminis
3163 2389 3448 2440 exercere,
3481 2382 3535 2430 et

1940 2481 2115 2536 neque
2139 2465 2434 2520 tubicinare
2462 2452 2731 2520 barbitlim
2775 2467 2976 2534 nervis,
3006 2482 3183 2537 neque
3210 2469 3537 2523 citharizare

1943 2558 2204 2614 tubicines
2236 2577 2248 2610 :
2291 2557 2446 2626 juxta
2474 2557 2616 2613 hunc
2647 2559 2867 2614 modum
2898 2559 3378 2616 instrumentorum
3408 2578 3538 2617 con-

1942 2649 2292 2704 structionem
2325 2650 2614 2719 oportebat
2660 2665 2780 2706 esse
2806 2651 3005 2706 rationi
3055 2654 3482 2709 consentientem
3520 2673 3535 2709 :

1943 2739 2018 2794 ita
2054 2748 2112 2794 ut
2136 2739 2413 2808 aptissime
2452 2750 2636 2810 posset
2683 2741 2750 2794 ad
2780 2757 2935 2796 usum
2965 2757 3218 2798 resonare
3255 2745 3540 2813 sermonis,

1944 2834 2037 2900 qui
2077 2832 2346 2887 vocalium
2396 2832 2760 2886 membrorum
2807 2831 3132 2888 formaretur
3172 2833 3383 2890 officiis.
3415 2833 3543 2890 ideo

1946 2931 2126 2976 autem
2149 2938 2338 2976 manus
2369 2929 2634 2990 coaptata:
2666 2931 2794 2978 sunt
2821 2924 3060 2992 corpori,
3090 2932 3144 2978 et
3167 2927 3412 2993 quamvis
3436 2927 3543 2980 uti-

1946 3014 2126 3068 litates
2176 3013 2324 3068 mille
2353 3013 2476 3067 vitae
2524 3012 2682 3081 hujus
2727 3028 3050 3069 enumerare
3073 3013 3388 3069 facillimum
3439 3023 3541 3082 est,

239 3117 376 3186 quid
408 3115 782 3182 cognoscimus
812 3115 1083 3180 intimare,
1112 3116 1198 3170 ubi
1230 3132 1326 3185 pro
1355 3115 1844 3171 Thessalonicensi-
1869 3121 1916 3184 C
1947 3123 2080 3177 quas
2119 3107 2235 3161 hch
2288 3113 2594 3175 OppUl‘lUHa
2639 3115 2694 3159 el
2743 3105 3005 3160 durabilia
3050 3121 3304 3161 manuum
3347 3108 3546 3163 instru-

1951 3212 2132 3259 menta
2158 3211 2370 3257 navnter
2400 3201 2796 3266 administrent,
2828 3217 3044 3256 omnem
3095 3212 3265 3257 artem
3299 3218 3542 3258 omnem-

1951 3313 2055 3368 que
2081 3293 2452 3366 operatiOnem
2479 3294 2622 3348 bello
2643 3303 2698 3348 et
2711 3310 2841 3364 pace
2861 3303 3235 3364 competenter
3250 3295 3543 3365 implentia;

1951 3399 2127 3443 tamen
2163 3404 2269 3458 pra:
2300 3388 2418 3441 aliis
2447 3388 2694 3441 omnibus
2724 3387 2949 3441 rationis
2997 3403 3160 3442 causa
3211 3404 3401 3442 manus
3430 3404 3548 3443 cor-

1951 3484 2070 3555 pori
2094 3493 2282 3537 natura
2315 3490 2676 3550 congruenter
2715 3481 2984 3550 apposuit.
3015 3481 3147 3535 Nam
3171 3483 3215 3534 si
3246 3482 3411 3537 homo
3435 3481 3550 3537 sine

1952 3575 2199 3630 manibus
2219 3578 2538 3636 exstitisset,
2558 3573 2804 3642 profecto
2825 3575 3292 3644 percipiendormn
3307 3576 3550 3630 cborum

1956 3671 2278 3724 necessitate
2307 3668 2546 3722 membra
2575 3667 2755 3721 vultus
2797 3666 2914 3736 ejus
2953 3666 3018 3720 ad
3051 3667 3218 3721 instar
3247 3667 3542 3739 quadrupe-

1955 3762 2081 3816 dum
2112 3759 2494 3824 formarentur,
2526 3759 2597 3812 ita
2627 3768 2686 3813 ut
2730 3759 2963 3828 oblonga
3006 3757 3175 3814 facies
3219 3767 3551 3826 tenuaretur,

1957 3859 2116 3914 simul
2135 3866 2192 3912 et
2219 3858 2485 3912 emineret
2506 3855 2558 3910 in
2581 3855 2820 3920 naribus,
2851 3857 2962 3911 oris
2988 3855 3151 3909 etiam
3181 3855 3321 3909 labia
3351 3855 3552 3911 callosa

1957 3963 2013 4008 et
2041 3953 2311 4022 grossiora
2343 3961 2525 4006 essent
2554 3960 2717 4018 atque
2764 3949 3099 4015 firmissima;
3131 3956 3188 4004 et
3229 3949 3297 4003 ad
3328 3963 3552 4018 carpen-

1959 4045 2056 4100 das
2088 4044 2282 4099 herbas
2330 4051 2704 4111 competenter
2744 4051 2948 4110 aptata,
2999 4056 3099 4095 nec
3151 4056 3258 4094 non
3299 4048 3352 4094 et
3381 4040 3552 4108 lingua

1959 4135 2234 4204 grandiori
2260 4147 2491 4203 corpore
2517 4132 2704 4186 durior
2733 4142 2875 4186 esset
2905 4141 2962 4186 et
2981 4133 3248 4200 asperior,
3281 4148 3399 4200 quae
3425 4147 3550 4186 coo-

1961 4235 2246 4295 peraretur
2277 4223 2545 4285 dentibus,
2581 4222 2648 4275 ad
2677 4237 2740 4275 ea
2765 4237 2886 4290 qua:
2917 4222 3217 4275 mandenda
3252 4222 3553 4290 perciperet

1962 4314 2216 4384 liquidior
2244 4315 2504 4382 existens,
2537 4321 2592 4366 et
2633 4315 2785 4382 juxta
2836 4321 3122 4382 utrumque
3152 4312 3290 4366 latus
3318 4313 3538 4368 ellusior

1917 4447 1932 4484 μ,
1963 4410 2138 4481 qualis
2166 4417 2250 4464 est
2280 4425 2474 4464 canum
2506 4417 2560 4463 et
2590 4417 2907 4462 ceterorum
2949 4422 3068 4477 qua:
3119 4419 3414 4462 vescuntur
3435 4424 3558 4463 car-

1351 4521 1363 4554 ;
1406 4501 1700 4567 carnalem,
1741 4517 1861 4572 quae
1892 4511 1937 4570 ι)
1967 4502 2143 4566 nibus,
2176 4516 2274 4570 per
2322 4516 2511 4570 aSpera
2548 4499 2789 4554 dentium
2835 4499 3115 4553 intervalla
3147 4500 3471 4554 discurrens.
3504 4497 3560 4573 Si

1963 4610 2091 4664 ergo
2120 4610 2311 4648 manus
2342 4611 2447 4648 non
2496 4593 2749 4648 adessent
2796 4592 3034 4664 corpori,
3071 4595 3342 4664 quomodo
3372 4595 3424 4650 ei
3453 4610 3560 4649 vox

1965 4687 2245 4741 articulata
2277 4684 2616 4754 ﬁguraretur,
2668 4701 2791 4741 cum
2839 4685 2959 4740 talis
3007 4685 3117 4738 oris
3157 4686 3274 4753 ejus
3311 4686 3562 4741 formatio

1966 4778 2032 4832 ad
2056 4794 2212 4832 usum
2242 4779 2506 4833 sermonis
2536 4777 2754 4831 minime.
2779 4777 3118 4844 conveniret,
3161 4778 3230 4831 ita
3257 4788 3313 4832 ut
3342 4793 3562 4832 necesse

1919 4887 1924 4898 '
1967 4880 2111 4925 esset
2134 4871 2410 4924 hominem
2440 4868 2525 4922 vel
2553 4868 2764 4923 balatus
2786 4869 3056 4928 emittere,
3082 4869 3165 4922 vel
3198 4869 3444 4933 latratus,
3469 4876 3562 4922 aut

1970 4971 2028 5016 ut
2053 4978 2224 5033 equus
2250 4961 2507 5022 hinniret,
2538 4968 2632 5013 aut.
2661 4973 2848 5014 vocem
2897 4959 3052 5014 daret
3090 4960 3262 5013 bubus
3288 4960 3562 5028 asinisque

1967 5053 2322 5116 consimilem,
2357 5059 2451 5106 aut
2501 5051 2738 5120 aliquem
2786 5052 3019 5122 rugitum
3050 5060 3324 5120 promeret
3358 5051 3561 5105 bestia-

1966 5147 2093 5201 lem.
2119 5144 2272 5199 Nunc
2295 5152 2476 5198 autem
2500 5158 2689 5196 manus
2715 5144 3138 5198 accommodata:
3167 5149 3293 5196 sunt
3322 5145 3558 5213 corpori,

1966 5246 2028 5293 ut
2054 5254 2116 5292 os
2142 5239 2205 5290 ad
2231 5236 2584 5290 ministerium
2609 5235 2754 5290 veibi
2780 5235 3004 5290 liberum
3029 5245 3403 5304 permaneret;
3432 5250 3562 5303 ergo

1967 5329 2244 5400 proprium
2275 5327 2529 5397 quiddam
2560 5335 2644 5383 est
2681 5335 2886 5380 naturae
2929 5325 3178 5379 rationali
3219 5325 3417 5382 habere
3448 5343 3563 5382 ma»

1967 5440 2067 5480 nus
2095 5424 2147 5478 in
2178 5438 2427 5493 corpore,
2458 5422 2531 5476 ita
2563 5429 2620 5475 ut
2651 5435 2746 5491 per
2772 5433 2866 5474 eas
2898 5418 3138 5474 onmimn
3164 5415 3459 5478 Conditore
3481 5419 3561 5476 fa-

1967 5516 2222 5572 cultatem
2255 5530 2374 5569 con.
2394 5513 2589 5567 edente
2646 5511 2933 5567 sermonis.
2967 5510 3103 5566 Cum
3161 5525 3292 5584 ergo
3318 5515 3560 5571 divinum

1967 5609 2256 5679 quemdam
2300 5605 2485 5676 gratiae
2549 5603 2908 5674 principatum
2965 5605 3278 5675 imaginisve
3334 5607 3562 5664 contulit

1967 5701 2132 5770 Deus,
2161 5709 2217 5756 et
2238 5701 2501 5756 bonorum
2529 5711 2748 5752 suorum
2774 5713 2996 5754 munera
3024 5701 3272 5756 rationali
3304 5699 3560 5769 ﬁgmento

1969 5793 2283 5863 contribuit,
2311 5797 2601 5864 propterea
2628 5789 2834 5865 reliqua
2873 5792 3090 5864 quidem
3140 5795 3282 5850 bona
3307 5781 3562 5854 humana
