4092 6348
583 362 700 422 559

1872 354 2229 415 DIONYSIUS
2265 352 2588 417 EXIGUUS.

3788 355 3885 412 360

589 489 796 536 natura:
822 478 911 550 pia
952 478 1272 536 liberalitate
1314 476 1537 548 largitus
1565 483 1669 542 est,
1692 486 1930 533 mentem
1958 492 2089 533 vero
2119 483 2175 531 et
2199 477 2252 538 Α
2275 475 2531 532 Salomon
2578 473 2811 546 quodam
2850 474 2969 532 loco
3010 480 3239 530 testatus
3262 479 3353 530 est
3395 469 3550 544 quod
3572 473 3742 529 etiam
3761 474 3883 531 mihi

592 573 1017 643 intelligentiam,
1044 570 1257 629 nonest
1279 573 1495 643 proprie
1521 572 1701 628 dicere
1730 571 1857 643 quia
1878 571 2045 637 dedit,
2076 570 2173 626 sed

591 667 719 736 quia
762 666 988 723 contulit
1013 666 1287 736 proprium
1338 674 1543 721 naturae
1586 680 1695 723 sua:
1738 664 1923 731 decus,
1954 663 2175 731 imagini

591 757 855 814 deferens.
888 757 1030 827 Ergo
1051 757 1178 827 quia
1200 772 1352 813 mens
1373 756 1721 826 intelligibilis
1748 753 1994 827 quzedam
2014 762 2070 810 et
2088 754 2173 809 in-

591 861 853 917 corporea
880 862 968 903 res
1016 856 1117 915 est,
1174 848 1735 905 incommunicabilem
1776 845 2174 917 quodammodo

591 939 891 1010 possideret
918 942 1165 1010 gratiam,
1184 941 1285 997 nisi
1306 950 1483 997 motus
1498 940 1830 1013 operationis
1855 955 1965 997 suae
1983 938 2175 1008 aliqui-

588 1032 691 1088 bus
728 1033 1213 1101 excogitationibus
1240 1032 1532 1090 intimaret.
1555 1031 1726 1102 Hujus
1753 1030 1834 1087 rei
1859 1030 2031 1102 gratia
2070 1029 2176 1084 hac

588 1126 817 1194 indiguit
863 1128 1266 1183 constructione
1312 1128 1682 1182 membrorum
1730 1132 1792 1180 ut
1844 1124 1902 1179 in
1955 1122 2174 1179 modum

587 1216 780 1288 plectri
805 1218 1069 1274 vocabilia
1092 1219 1449 1273 instrumenta
1474 1218 1811 1287 contingens,
1838 1231 1936 1288 per
1947 1215 2176 1285 qualita-

590 1316 703 1365 tem
748 1311 1021 1367 sonituum
1058 1321 1263 1377 motum
1305 1313 1750 1383 interpretaretur
1790 1312 2079 1375 internum.
2107 1308 2177 1364 Et

591 1402 1041 1470 quemadmodum
1097 1405 1143 1459 si
1190 1406 1308 1477 quis
1353 1406 1557 1461 musica
1594 1405 1830 1461 imbutus
1876 1412 2011 1470 arte,
2042 1420 2174 1473 pro-

596 1492 771 1560 priam
794 1509 980 1548 vocem
1010 1495 1190 1564 aliqua
1218 1496 1470 1566 passione
1498 1512 1609 1552 non
1636 1496 1850 1561 habeat,
1877 1495 2173 1563 volensque

590 1597 742 1639 suam
765 1586 1099 1644 manifestam
1131 1588 1311 1646 facere
1333 1590 1694 1661 disciplinam,
1734 1591 1925 1646 alienis
1952 1590 2174 1645 vocibus

588 1677 887 1743 aemuletur,
911 1680 1187 1749 publicans
1214 1691 1385 1738 artem
1407 1683 1521 1754 lyra
1541 1684 1628 1745 vel
1660 1682 1787 1737 tibia
1807 1700 1820 1737 :
1837 1682 1916 1737 sic
1941 1682 2175 1736 humana

589 1782 741 1823 mens
787 1785 909 1825 cum
948 1773 1379 1829 omnimodorum
1409 1775 1777 1829 intellectuum
1814 1774 2072 1843 probetur
2100 1773 2174 1827 in-
2210 1790 2211 1795 π

2272 570 2486 626 videtur
2533 584 2653 626 esse
2679 569 2767 624 vel
2806 568 3041 623 maxime
3081 584 3193 639 pra:
3218 567 3605 637 omnibusque
3635 567 3690 620 in
3736 568 3884 622 nobis

2275 660 2735 717 subadmiratione
2783 661 3182 733 dignissimum,
3224 675 3357 731 quae
3397 659 3473 716 sit
3520 658 3755 714 latitudo
3800 659 3880 715 illa

2275 754 2588 824 capacitatis
2638 753 2986 820 intrinsecus,
3029 754 3084 807 in
3116 768 3283 823 quam
3342 759 3552 808 cuncta
3615 749 3881 805 conﬂuunt

2276 862 2395 917 qua:
2420 845 2712 901 funduntur
2751 845 2960 911 auditu,
2989 844 3082 917 qui
3110 853 3238 900 sunt
3276 843 3362 898 illi
3392 841 3753 898 memoriales
3796 842 3879 911 qui

2276 937 2665 993 introeuntium
2731 953 2986 993 sensuum
3057 943 3425 991 monumenta
3504 933 3878 999 conscribunt,

2276 1046 2439 1102 quam
2461 1032 2638 1101 ampla
2684 1031 3020 1101 susceptoria
3064 1029 3602 1099 intelligentiarum,
3640 1042 3760 1096 qua:
3792 1043 3878 1098 per

2277 1138 2437 1180 aures
2455 1132 2790 1195 reponuntur
2810 1123 3056 1189 interius,
3090 1132 3145 1178 et
3180 1122 3477 1194 quomodo
3509 1136 3639 1176 cum
3669 1129 3726 1174 et
3752 1122 3876 1174 mul-

2277 1216 2480 1287 tiplicia
2518 1216 2624 1271 sint
2670 1231 2789 1286 quae
2817 1225 3190 1286 supponantur
3223 1214 3595 1281 alterutrum,
3650 1209 3874 1266 confusio

2228 1332 2247 1363 πη
2278 1313 2458 1361 tamen
2483 1314 2538 1361 et
2549 1322 2700 1361 error
2716 1305 2870 1375 juxta
2894 1304 3163 1377 pr0priam
3181 1306 3529 1375 positionem
3560 1318 3751 1359 eorum
3773 1318 3877 1371 qua:

2276 1396 2581 1452 inferuntur
2622 1396 2844 1453 omnino
2875 1412 2981 1452 non
3023 1397 3283 1465 gignitur.
3320 1396 3604 1450 Similiter
3624 1394 3780 1449 etiam
3808 1393 3874 1449 ef-

2280 1488 2521 1545 ficaciam
2544 1490 2688 1545 visus
2710 1490 2832 1560 quis
2855 1490 3055 1560 poterit
3073 1488 3355 1544 aestimare
3373 1489 3399 1541 ?
3426 1486 3615 1555 Eque
3633 1485 3773 1540 enim
3793 1502 3876 1555 per

2278 1580 2465 1635 oculos
2492 1595 2645 1635 mens
2672 1596 2737 1635 ea
2768 1596 2890 1651 quas
2916 1590 3070 1636 extra
3112 1595 3317 1651 corpus
3347 1587 3487 1634 sunt
3515 1576 3871 1648 apprehendit,

2279 1677 2335 1723 et
2357 1669 2410 1723 in
2439 1684 2498 1724 se
2526 1669 2904 1726 similitudines
2947 1670 3335 1741 apparentium
3368 1668 3668 1738 pertrahit,
3696 1666 3871 1736 figuras

2238 1759 2529 1825 ;similium
2556 1760 2658 1816 sibi
2687 1760 2801 1830 ipsa
2851 1760 3185 1816 describens.
3216 1759 3288 1814 Et
3336 1758 3799 1828 quemadmodum
3836 1757 3870 1811 si

588 1860 821 1926 ventrix,
854 1877 954 1917 nec
996 1864 1167 1933 possit
1203 1865 1345 1920 nuda
1373 1866 1552 1920 anima
1593 1866 1679 1919 his
1707 1881 1828 1935 quae
1855 1881 1953 1936 per
1980 1880 2171 1921 sensus

2283 1868 2378 1922 qua
2405 1852 2595 1907 civitas
2621 1852 2976 1909 multitudinis
3017 1867 3188 1923 capax
3231 1868 3362 1921 quae
3386 1850 3624 1906 diversis
3653 1850 3866 1903 aditibus

590 1950 830 2018 corporis
852 1951 1093 2019 audiant,
1107 1953 1339 2025 impetus
1362 1971 1472 2011 sure
1488 1956 1853 2027 intelligentiae
1877 1956 2172 2024 declarare,

590 2040 743 2109 quasi
768 2056 866 2110 per
914 2042 1335 2101 modulationem
1363 2046 1649 2116 quamdam
1676 2047 1789 2102 haec
1834 2045 2176 2102 artiﬁciosius

589 2130 827 2186 animata
856 2132 1212 2189 instrumenta
1241 2138 1580 2206 contingens,
1627 2153 1816 2193 eorum
1846 2138 1994 2193 sonis
2017 2138 2177 2193 intel-

588 2220 823 2290 ligentia:
842 2239 951 2280 sua:
970 2228 1184 2287 occulta
1207 2228 1532 2285 manifestat.
1558 2231 1778 2286 Mixtam
1796 2246 1925 2287 vero
1946 2231 2179 2286 variam-

590 2327 696 2383 que
724 2314 866 2371 hanc
913 2318 1174 2374 musicam
1204 2320 1574 2377 instrumentis
1602 2322 1955 2379 humanorum
1986 2338 2178 2392 possu-

589 2418 711 2459 mus
736 2406 1079 2465 considerare
1100 2412 1465 2467 membrorum
1490 2431 1503 2467 :
1527 2430 1647 2484 qua:
1667 2414 1816 2469 velut
1837 2415 1953 2486 lyra
1969 2422 2022 2468 et
2046 2414 2177 2468 tibia

589 2505 859 2553 concentu
874 2500 1107 2568 quodam
1126 2502 1356 2572 idipsum
1377 2504 1477 2559 sibi
1501 2505 1729 2563 invicem
1747 2515 2023 2560 resonant.
2042 2504 2178 2559 Nam

588 2601 685 2643 vas
708 2587 839 2644 illud
886 2591 1028 2660 quod
1071 2594 1276 2665 recepit
1322 2595 1587 2666 spiritum,
1619 2597 1665 2651 si
1693 2597 1907 2665 quando
1936 2596 2179 2666 pulsatur

588 2676 857 2749 loquentis
881 2681 1104 2753 impetu,
1123 2693 1179 2741 et
1198 2686 1253 2741 in
1272 2703 1466 2755 yocem
1491 2687 1803 2744 formaverit
1826 2703 1943 2743 eam
1969 2696 2178 2758 partem
2240 2744 2243 2745 ν

589 2784 709 2840 quze
753 2775 1114 2843 repercutitur
1164 2777 1390 2837 internis
1436 2780 1785 2847 accessibus,
1816 2780 2179 2836 rotunditates

591 2859 697 2917 illa:
724 2878 844 2933 qua:
885 2866 955 2922 ad
1004 2867 1171 2924 instar
1211 2870 1461 2926 tibiarum
1510 2872 1661 2928 factae
1708 2880 1864 2939 sunt,
1904 2872 2181 2927 imitantur

590 2953 834 3023 profecto
863 2956 1007 3012 illam
1035 2975 1248 3027 vocem,
1294 2977 1413 3032 qua:
1440 2964 1710 3034 profertur
1754 2980 1823 3020 ex
1852 2965 2013 3032 tibiis,
2046 2980 2182 3034 quas

592 3037 650 3096 in
679 3041 908 3100 circuitu
928 3049 1308 3106 membranulae
1352 3054 1720 3123 prominentes
1748 3058 2042 3124 exagitant.
2074 3056 2180 3110 Su-

595 3132 779 3200 perius
806 3149 938 3192 vero
986 3138 1243 3209 paulatim
1285 3158 1581 3198 concavum
1612 3144 1679 3200 de
1715 3145 2060 3202 inferioribus
2087 3162 2180 3202 so-
2202 3158 2213 3175 λ

2281 1943 2348 1997 ad
2376 1957 2434 1997 se
2454 1943 2645 2012 recipit
2673 1944 3027 2007 conﬂuentes,
3057 1960 3167 1998 non
3196 1951 3393 1999 tamen
3426 1943 3484 1997 in
3508 1956 3679 1997 unum
3706 1940 3872 1994 civita-

2280 2035 2351 2090 tis
2379 2034 2554 2090 locum
2585 2036 2819 2091 universi
2850 2038 3176 2092 conveniunt
3206 2054 3220 2090 :
3271 2035 3375 2092 sed
3423 2036 3525 2090 alii
3555 2034 3771 2104 quidem
3813 2032 3867 2086 ad

2279 2126 2477 2192 forum,
2518 2127 2608 2181 alii
2652 2126 2722 2181 ad
2769 2127 3078 2183 habitacula
3116 2143 3235 2192 sua,
3291 2127 3392 2182 alii
3441 2126 3513 2181 ad
3551 2123 3804 2179 ecclesias
3825 2128 3868 2175 et

2252 2266 2255 2269 λ
2281 2220 2507 2291 plateas,
2535 2220 2689 2289 juxta
2716 2237 2869 2276 suam
2915 2221 3142 2290 quisque
3191 2219 3529 2275 sententiam
3561 2222 3863 2289 properant;

2281 2312 2446 2367 talem
2490 2311 2887 2381 quodammodo
2913 2312 3076 2366 etiam
3106 2310 3307 2365 mentis
3340 2318 3553 2365 nostra:
3601 2305 3866 2363 considero

2284 2404 2560 2459 civitatem
2605 2403 2833 2458 interius
2878 2402 3267 2469 constitutam,
3299 2416 3473 2472 quam
3521 2399 3648 2453 licet
3698 2408 3865 2453 sensus

2284 2491 2455 2550 nostri
2479 2494 2704 2549 diversis
2751 2495 2985 2550 aditibus
3015 2494 3296 2564 impleant,
3356 2501 3543 2547 tamen
3573 2489 3773 2559 singula
3799 2487 3865 2540 in-

2285 2587 2614 2642 troeuntium
2640 2600 2837 2655 genera
2859 2602 3008 2641 mens
3034 2585 3224 2641 eadem
3254 2583 3568 2655 dijudicans
3595 2592 3750 2649 atque
3769 2577 3863 2632 dis-
3946 2606 3947 2609 η

2285 2695 2540 2745 cernens,
2566 2679 2697 2734 locis
2748 2679 3114 2749 intelligentia:
3140 2677 3403 2747 congruis
3433 2676 3684 2731 universa
3711 2671 3864 2740 dispo-

2285 2773 2384 2827 nit.
2412 2770 2479 2825 Et
2500 2773 2639 2828 sicut
2666 2772 2900 2827 civitatis
2929 2772 3261 2841 exemplum,
3286 2770 3540 2826 videmus
3571 2766 3722 2821 unius
3747 2778 3860 2833 gen-

2287 2864 2355 2919 tis
2375 2871 2538 2934 atque
2566 2863 2902 2935 cognationis
2923 2864 3171 2919 homines
3193 2879 3302 2919 non
3331 2877 3434 2933 per
3454 2857 3674 2917 easdem
3698 2864 3861 2926 portas
3946 2852 3947 2919 Ῡ

2287 2955 2519 3025 ingredi,
2541 2954 2637 3011 sed
2666 2955 2801 3010 alios
2823 2971 2921 3025 per
2948 2956 3112 3010 alium
3141 2955 3372 3019 aditum,
3406 2961 3468 3008 ut
3489 2968 3607 3007 sors
3635 2965 3692 3005 se
3718 2947 3860 3003 obtu-

2287 3048 2429 3113 lerit,
2463 3049 2685 3104 introire
2708 3066 2722 3115 ;
2745 3049 3091 3104 nihilominus
3120 3056 3301 3103 tamen
3348 3047 3498 3102 intra
3522 3057 3702 3098 muros
3725 3036 3865 3093 eﬂeo—

2288 3148 2377 3196 tos
2404 3140 2599 3195 iterum
2636 3141 2796 3195 simul
2843 3156 2981 3207 esse,
3025 3140 3117 3209 qui
3146 3138 3531 3193 familiaritate
3559 3140 3737 3188 mutua
3760 3128 3868 3197 jun-

594 3235 725 3277 num
767 3227 1058 3297 recipiens,
1088 3239 1143 3287 et
1188 3234 1417 3301 geminis
1474 3226 1661 3291 fistulis
1708 3237 1776 3292 ad
1824 3253 1984 3293 nares
2011 3253 2184 3307 usque
2211 3237 2261 3303 c
2290 3231 2558 3302 gebantur
2583 3249 2597 3286 :
2628 3242 2694 3287 ut
2718 3233 3024 3289 econtrario
3047 3229 3161 3287 fieri
3191 3246 3362 3301 posse
3383 3225 3674 3290 concedas,
3706 3231 3757 3277 et
3787 3216 3862 3288 qni

596 3314 929 3384 pertingens,
958 3334 1147 3376 vocem
1179 3338 1305 3393 erga
1326 3324 1573 3380 colatorii
1594 3327 1712 3382 loca
1742 3328 2045 3399 disrumpit,
2068 3345 2185 3384 ma-

591 3402 848 3477 joresque
875 3412 1084 3468 sonitus
1128 3415 1318 3484 ellicit;
1350 3419 1690 3475 maxillarum
1738 3437 1957 3493 quoque
1999 3430 2055 3478 et
2083 3423 2186 3479 lin-

597 3512 715 3568 gua:
760 3500 1103 3575 fauciumque
1132 3510 1267 3564 mira
1309 3509 1579 3580 formatio,
1606 3512 1759 3582 juxta
1788 3529 1906 3584 quze
1942 3524 2186 3571 mentum

595 3587 705 3646 leni
724 3590 871 3649 ﬂuxu
900 3594 1189 3654 deductum
1212 3616 1307 3670 per
1333 3603 1570 3672 speciem
1591 3603 1932 3659 rotunditatis
1953 3606 2182 3662 acuitur.

600 3678 728 3737 Haec
750 3693 931 3742 autem
951 3690 1130 3744 omnia
1152 3700 1355 3747 motum
1366 3694 1612 3750 videntur
1623 3695 1857 3752 similare
1872 3712 2182 3765 nervorum,

600 3789 721 3845 quae
749 3793 901 3835 mens
928 3780 1009 3849 (ut
1036 3798 1177 3853 saepe
1199 3784 1401 3840 dictum
1423 3796 1505 3842 est
1531 3788 1552 3859 )
1590 3788 1779 3858 plectri
1820 3789 1939 3844 vice
1967 3789 2185 3845 contin-

600 3878 755 3936 gens,
785 3871 933 3926 varie
962 3883 1124 3944 atque
1146 3875 1513 3946 multipliciter
1541 3879 1595 3933 in
1621 3895 1720 3934 suo
1754 3889 1997 3950 tempore
2024 3890 2189 3952 prout

598 3972 737 4028 opus
780 3964 1056 4032 exegerit,
1087 3964 1277 4021 modos
1321 3967 1485 4022 nimia
1525 3969 1813 4025 velocitate
1862 3972 2183 4041 componit:

598 4045 863 4108 labiorum
890 4066 1021 4108 vero
1045 4053 1321 4123 adapertio
1361 4064 1521 4125 atque
1548 4057 1825 4113 conclusio
1848 4058 2075 4129 idipsum
2106 4060 2189 4115 fa-

599 4137 695 4203 cit,
720 4141 863 4210 quod
886 4142 1035 4213 digiti
1063 4146 1153 4215 qui
1177 4146 1421 4217 spiritum
1446 4148 1587 4204 tibiae
1600 4149 1755 4219 juxta
1777 4153 2186 4207 consonantiam

598 4227 982 4288 modulationis
1010 4236 1253 4302 assumit,
1283 4238 1527 4308 scitaque
1554 4254 1707 4294 mens
1727 4255 1825 4310 per
1845 4240 1961 4295 haec
1990 4241 2192 4297 instru-

598 4328 780 4383 menta
833 4325 1196 4381 membrorum
1246 4329 1511 4385 rationem
1562 4330 1871 4385 modulatur
1897 4331 1953 4386 in
2005 4332 2182 4400 nobis,

602 4424 698 4479 per
722 4425 882 4479 quam
910 4414 1073 4467 etiam
1101 4416 1397 4471 rationales
1426 4418 1719 4487 probamur
1746 4417 1921 4475 ell'ecti
1939 4460 1953 4484 ,
1981 4435 2189 4489 nequa-

600 4513 783 4568 quam,
816 4509 874 4555 ut
924 4504 1180 4573 arbitror,
1226 4506 1489 4562 habentes
1517 4509 1748 4565 rationis
1776 4511 2025 4578 gratiam.
2057 4510 2188 4568 Sine

2293 3325 2395 3381 sibi
2417 3332 2541 3380 sunt
2568 3326 2813 3380 extranei
2850 3325 2939 3380 vel
2961 3323 3249 3393 incogniti,
3276 3339 3390 3379 uno
3430 3319 3625 3391 saepius
3652 3311 3861 3372 civitatis

2294 3416 2443 3472 aditu
2471 3424 2709 3482 utantur,
2742 3418 2837 3471 sed
2859 3432 2969 3471 non
3014 3415 3341 3486 copulentur
3372 3414 3608 3469 invicem
3643 3418 3861 3463 εοωιηυτ

2294 3509 2473 3565 nionis
2497 3497 2749 3575 introitu;
2786 3516 3011 3578 possunt
3037 3508 3182 3563 enim
3230 3507 3561 3561 intrinsecus
3606 3491 3859 3555 constituti
3946 3534 3947 3578 θ

2238 3606 2275 3637 «ί
2292 3599 2613 3655 habitaculis
2641 3599 2838 3654 dirimi.
2871 3597 3002 3654 Tale
3022 3597 3151 3668 quid
3178 3604 3233 3652 et
3263 3598 3322 3653 in
3354 3595 3553 3652 mentis
3581 3602 3771 3647 nostra:
3793 3585 3861 3639 la-

2294 3692 2523 3747 titudine
2569 3690 2683 3746 fieri
2726 3708 2885 3762 posse
2912 3692 3207 3762 conspicio.
3247 3689 3590 3760 Frequenter
3626 3683 3761 3739 enim
3803 3692 3859 3732 ex

2295 3784 2524 3839 diversis
2550 3783 2801 3839 sensibus
2825 3784 3053 3840 scientia
3098 3799 3203 3838 una
3233 3784 3398 3839 nobis
3447 3776 3732 3845 colligitur,
3757 3781 3859 3840 qua:

2293 3876 2540 3932 eamdem
2570 3891 2685 3931 rem
2714 3876 2995 3946 multiplici
3025 3890 3279 3932 sensuum
3305 3874 3572 3930 varietate
3593 3862 3855 3924 distribuit.

2292 3970 2537 4043 Itemque
2564 3971 2693 4026 huic
2744 3970 3077 4027 contrarium
3121 3978 3204 4026 est
3229 3970 3440 4034 videre,
3471 3982 3541 4022 ex
3565 3978 3671 4024 uno
3698 3958 3858 4025 aliquo

2293 4079 2477 4131 sensu,
2507 4064 2674 4119 multa
2702 4065 2963 4134 variaque
2992 4064 3126 4119 nihil
3156 4063 3257 4118 sibi
3286 4063 3520 4118 invicem
3548 4058 3698 4128 juxta
3722 4058 3859 4105 natu-

2292 4172 2411 4213 ram
2433 4155 2815 4212 concordantia
2838 4156 3299 4226 consonantiaque
3316 4152 3645 4225 perdiscere,
3668 4152 3726 4199 ut
3749 4146 3859 4211 ροιε

2292 4258 2629 4321 proponatur
2649 4250 2865 4324 (melius
2890 4258 2973 4305 est
3000 4250 3144 4304 enim
3173 4246 3437 4317 exemplis
3457 4240 3735 4299 enucleare
3760 4245 3859 4324 sen-

2293 4319 2553 4411 tentiam)
2608 4319 2806 4409 aliquid
2861 4340 2927 4395 de
2972 4355 3185 4394 morum
3226 4337 3559 4407 proprietate
3612 4319 3854 4411 perquiri,

2294 4431 2423 4500 quid
2450 4446 2617 4485 suave
2666 4430 2736 4485 sit
2780 4431 3061 4495 sensibus,
3094 4427 3289 4498 quidve
3336 4422 3669 4497 gustantibus
3696 4416 3761 4471 sit
3787 4410 3855 4463 vi-

2268 4522 2539 4577 tandum.
2591 4522 2933 4595 Experientia
2961 4522 3161 4593 quippe
3200 4520 3313 4589 ipsa
3343 4516 3547 4589 reperit
3572 4500 3856 4595 amaritudio

600 4589 705 4699 hos
753 4606 881 4645 casu
912 4606 1076 4661 grave
1121 4594 1559 4668 laboriosumque
1613 4601 1891 4654 δθΐνίίίυη]
1942 4604 2189 4672 corporis
2220 4638 2271 4699 ι)
2297 4630 2422 4669 nem
2453 4615 2612 4679 fellis,
2659 4589 2944 4683 mellisque
2973 4589 3335 4682 gratissimam
3380 4607 3707 4678 qualitatem.
3736 4593 3853 4648 Cum

599 4680 785 4740 usibus
821 4686 1192 4741 tantummodo
1234 4688 1498 4745 labiorum
1537 4693 1816 4761 acquirere
1845 4708 2183 4763 cogeremur.

599 4766 755 4826 Nunc
781 4782 960 4829 autem
990 4792 1180 4833 manus
1208 4778 1262 4833 in
1292 4795 1351 4835 se
1380 4781 1485 4836 hoc
1530 4782 1766 4837 officium
1800 4784 2188 4844 transferentes

601 4873 665 4916 os
693 4861 919 4923 liberum
948 4866 1016 4923 ad
1044 4871 1309 4926 sermonis
1337 4873 1694 4930 ministerium
1720 4878 2075 4955 reliquerunt.

1233 5001 1460 5061 CAPUT
1497 5005 1564 5061 X.

924 5112 1077 5181 Quod
1095 5134 1187 5187 per
1212 5134 1392 5176 sensus
1420 5138 1562 5179 mem
1604 5134 1858 5195 aperetur.

670 5222 876 5299 Duplex
903 5238 1084 5287 autem
1136 5232 1293 5305 hujus
1341 5236 1683 5295 instrumenti
1711 5242 2081 5300 consideretur
2108 5244 2192 5299 ef-

598 5320 789 5380 fectus.
823 5324 979 5381 Aliud
1033 5328 1177 5383 enim
1216 5330 1332 5401 ejus
1384 5342 1639 5403 operatur
1684 5336 1993 5406 eloquium,
2038 5336 2188 5393 aliud

602 5429 735 5471 vero
758 5428 917 5473 vacat
945 5418 1013 5474 ad
1040 5421 1406 5492 suscipiendas
1432 5425 1813 5496 intelligentias
1838 5443 1958 5498 qua:
1981 5427 2189 5483 extrin-

600 5523 760 5565 secus
785 5513 1025 5581 veniunt,
1071 5532 1171 5572 nec
1197 5519 1423 5575 alterum
1450 5522 1710 5578 miscetur
1758 5522 1933 5590 alteri,
1959 5525 2052 5580 sed
2082 5525 2189 5579 im-

600 5599 713 5669 plet
740 5603 1110 5671 Operationem
1141 5624 1301 5677 quam
1331 5622 1522 5669 natura
1554 5614 1852 5681 constituit,
1879 5616 2079 5670 nullam
2108 5616 2193 5671 af—

600 5686 780 5746 ferens
817 5692 993 5749 vicino
1024 5696 1342 5755 molestiam.
1384 5702 1516 5758 Nam
1554 5720 1657 5759 nec
1686 5705 1898 5761 auditus
1928 5707 2190 5778 loquitur,

602 5795 705 5872 nec
731 5798 840 5840 vox
861 5786 1027 5842 audit.
1055 5786 1179 5848 Hrec
1197 5795 1339 5851 enim
1369 5812 1585 5869 semper
1611 5799 1813 5871 aliquid
1844 5804 2064 5872 promit,
2096 5818 2196 5859 au-

603 5870 746 5932 ditus
771 5882 951 5936 autem
975 5880 1274 5957 suscipiens
1292 5885 1493 5959 jugiter
1528 5904 1640 5950 non
1669 5870 2012 5966 adimp'letur.
2035 5891 2194 5958 Sicut

2300 4706 2414 4761 haec
2442 4721 2571 4774 ergo
2593 4712 2743 4760 certa
2768 4705 2893 4770 sint,
2920 4718 3081 4758 unam
3111 4701 3321 4758 confert
3340 4698 3642 4759 scientiam,
3775 4695 3853 4782 ett:

2300 4798 2423 4855 dem
2470 4767 2837 4866 intelligentiae
2881 4767 3082 4851 nostrae
3135 4792 3424 4849 multifarie
3478 4779 3781 4853 conquisita,
3809 4767 3854 4824 id

2299 4898 2403 4957 est,
2450 4905 2548 4961 per
2570 4896 2804 4958 gustum,
2835 4889 3028 4955 visum,
3073 4887 3333 4953 auditum,
3384 4884 3663 4940 odoratum
3711 4867 3849 4961 etiarn

2299 4957 2613 5050 frequenter
2656 4986 2710 5034 et
2735 4988 2959 5034 tactum.
2990 4978 3123 5033 Nam
3154 4978 3262 5032 mel
3298 4974 3561 5047 quispiam
3588 4957 3851 5050 videns._e‘

2299 5084 2504 5124 nomen
2532 5068 2648 5136 ejus
2697 5068 2944 5137 audiens,
2972 5077 3029 5123 et
3056 5075 3271 5136 gustum
3308 5060 3622 5136 percipiens,
3654 5058 3704 5105 et
3730 5043 3846 5100 odo—

2298 5175 2417 5215 rem
2462 5160 2723 5225 sentiens,
2756 5168 2813 5215 et
2841 5168 2992 5214 tactu
3040 5158 3417 5229 comprobans,
3444 5164 3596 5208 unam
3637 5155 3740 5198 rem
3767 5145 3849 5234 ιξεξτ

2301 5268 2491 5309 omnes
2520 5268 2710 5309 sensus
2736 5254 3002 5321 agnoscit.
3033 5252 3163 5308 ltem
3188 5253 3338 5306 varia
3368 5257 3578 5320 quoque
3611 5244 3662 5291 et
3688 5227 3842 5323 muitr

2300 5343 2495 5399 formia
2535 5360 2633 5415 per
2662 5360 2826 5400 unum
2855 5345 3167 5415 quempiam
3208 5359 3277 5399 ex
3304 5338 3545 5397 sensibus
3571 5322 3845 5421 complef‘}:

2302 5451 2425 5490 mur
2453 5444 2509 5491 et
2536 5444 2813 5503 tenemus;
2838 5411 2963 5491 nam
2993 5411 3048 5491 et
3085 5435 3298 5491 auditus
3324 5424 3649 5488 multimodas
3669 5411 3840 5513 θξςίῐξξί

2302 5544 2492 5596 νοοεεν
2528 5538 2583 5585 et
2612 5530 2891 5586 oculorum
2914 5529 3060 5584 visus
3080 5528 3422 5583 indiscretam
3437 5529 3590 5589 atque
3616 5496 3839 5568 multiph‘

2305 5638 2425 5679 cem
2456 5622 2624 5677 habet
2649 5621 2946 5677 efficaciam
2976 5621 3043 5677 ad
3071 5619 3430 5676 centuendum
3453 5628 3513 5669 ea
3540 5618 3649 5676 qum
3664 5597 3836 5665 εεηετθ

2302 5722 2431 5769 sunt
2452 5713 2680 5769 diversa.
2736 5711 2996 5769 Similiter
3023 5713 3167 5769 enim
3195 5713 3373 5768 album
3407 5681 3833 5791 οοιιῑθιηρίδξυῗξξ

2302 5806 2517 5875 nigrum
2545 5814 2601 5862 et
2628 5806 2810 5862 omnia
2836 5821 2956 5877 qum
2975 5805 3075 5861 sibi
3098 5814 3224 5862 sunt
3245 5805 3479 5861 colorum
3499 5776 3832 5877 οοηίηήθίίω

2302 5871 2584 5971 distantia,
2607 5896 2747 5957 sicut
2766 5871 3046 5968 odoratus,
3087 5896 3231 5960 sicut
3254 5903 3457 5971 gustus,
3483 5891 3535 5946 et
3558 5882 3711 5939 tactus
3731 5871 3827 5921 θην
