4092 6348
228 307 349 362 361

1058 303 1233 358 LIBRI
1276 303 1362 358 DE
1399 303 1786 359 CREATIONE
1825 302 2102 359 HOMINIS
2140 302 2702 364 lNTEliPRETATlU.

3400 319 3506 371 56?.

227 421 583 477 nimodarum
637 420 912 477 scientiam
958 435 1136 475 rerum
1184 421 1292 475 suis
1321 435 1516 490 capere
1562 429 1821 490 prouatur
1850 420 1896 477 A
1924 419 2080 487 hens,
2111 421 2164 475 in
2194 438 2330 491 quos
2383 425 2613 479 voluerit
2660 425 2880 483 effectus
2929 438 3189 499 erumpat.
3240 430 3316 484 Ad
3365 433 3505 488 hanc

221 510 540 569 ctTectibus.

848 622 1075 678 CAPUT
1122 624 1211 679 XI.

223 714 345 771 Cur
388 717 558 771 nudus
608 716 758 770 Itonia
814 714 1135 768 naturalibus
1187 718 1347 770 armis
1394 726 1442 770 et
1491 718 1822 772 velaminibus

865 785 1194 855 approbctur.

308 897 449 966 Quid
497 898 657 967 igitur
700 904 781 952 est
824 912 974 953 mens
1024 897 1173 966 juxta
1227 905 1474 952 naturam
1525 898 1819 969 propriam,

222 1004 359 1059 qua:
386 990 724 1044 sensualihus
760 989 1016 1059 potentiis
1045 1005 1164 1044 sese
1193 989 1482 1057 distribuit,
1516 997 1569 1045 et
1593 1006 1689 1060 per
1716 990 1824 1045 sin-

223 1081 390 1148 gulas
436 1088 808 1149 competenter
856 1095 1041 1135 eorum
1081 1095 1200 1150 qua:
1248 1090 1374 1135 sunt
1422 1082 1699 1136 scientiam
1734 1098 1823 1136 su-

224 1173 371 1226 mit?
400 1170 553 1238 Quod
598 1171 739 1225 enim
779 1171 921 1227 aliud
959 1171 1208 1240 quiddam
1250 1172 1320 1226 sit
1354 1180 1547 1242 prmter
1584 1187 1818 1237 sensum,

224 1261 529 1330 quemlibet
550 1260 890 1331 prudentium
919 1261 1164 1318 dubitare
1194 1280 1301 1319 non
1332 1264 1581 1319 arbitror.
1616 1264 1749 1319 Nam
1775 1266 1820 1318 si

224 1352 470 1421 idipsum
516 1367 667 1407 mens
713 1352 855 1423 quod
902 1369 1090 1409 sensus
1143 1364 1314 1421 esset,
1361 1357 1520 1411 unius
1574 1354 1820 1428 profecto

223 1444 383 1511 juxta
406 1459 595 1499 sensus
616 1442 907 1499 eﬁicaciam
928 1446 1270 1516 proprietatis
1287 1448 1562 1513 existeret,
1576 1454 1822 1517 propter-

224 1547 297 1587 ea
334 1532 480 1602 quod
528 1535 754 1604 simplex
794 1536 1007 1603 quidem
1039 1537 1152 1607 ipsa
1181 1538 1250 1593 sit
1281 1546 1335 1591 et
1362 1538 1494 1591 nihil
1524 1538 1575 1591 in
1605 1553 1665 1592 re
1693 1538 1820 1591 sim-

222 1624 363 1693 plici
389 1624 593 1679 varium
643 1626 878 1697 conspici
927 1635 1090 1696 queat
1127 1646 1140 1681 :
1176 1645 1318 1684 nunc
1364 1637 1542 1683 autem
1573 1628 1819 1683 omnibus

221 1714 713 1780 consentientibus,
746 1715 890 1769 aliud
920 1725 1002 1771 est
1031 1723 1205 1771 tactus
1227 1758 1241 1785 ,
1274 1717 1417 1770 aliud
1447 1716 1733 1782 odoratus,
1764 1725 1818 1785 et
1852 1732 1885 1768 κ

1927 521 2104 566 autem
2133 515 2397 568 rationem
2427 517 2589 571 veluti
2622 526 2788 574 testes
2812 521 3061 577 videntur
3089 523 3282 579 afferre
3305 525 3506 579 tristiﬁv

1927 616 2018 656 cas
2039 611 2200 673 atque
2224 605 2516 661 irascibiles
2530 608 2761 665 hominis
2784 612 3093 669 affectiones
3110 635 3121 668 :
3138 617 3280 685 quod
3302 618 3505 673 scilicet

1925 692 2231 761 hujusmodi
2269 698 2547 764 passiones
2578 699 2718 754 hanc
2737 710 2942 769 partem
2983 704 3047 757 ad
3079 708 3505 774 compassionem

1856 796 1881 843 ες
1925 798 2264 839 commovere
2289 786 2589 841 videantur.
2621 789 2721 855 Qui
2747 806 2878 847 vero
2899 795 3178 849 cerebrum
3206 798 3507 867 intelligen-

1928 874 2014 927 tia:
2054 873 2383 931 domicilium
2412 879 2657 943 credunt,
2688 882 2839 949 quasi
2870 885 3154 952 quamdam
3185 903 3362 943 arcem
3390 891 3508 944 uni-

1924 967 2065 1024 versi
2094 971 2336 1040 corporis
2365 982 2524 1043 caput
2552 986 2801 1030 asserunt
2824 993 2852 1031 a
2883 988 3076 1035 natura
3115 992 3502 1046 constructum,

1925 1059 1978 1113 in
2008 1075 2117 1129 quo
2145 1072 2384 1119 mentem
2412 1067 2565 1135 quasi
2595 1069 2834 1137 reginam
2876 1073 3163 1140 quamdam
3204 1076 3507 1131 inhabitare

1925 1155 2293 1220 pronuntiant,
2325 1171 2444 1225 quae
2472 1160 2634 1213 veluti
2677 1162 2996 1229 quibusdam
3026 1167 3228 1221 nuntiis
3256 1184 3351 1222 seu
3381 1184 3509 1238 pro-

1858 1268 1899 1299 ευ
1928 1246 2221 1302 tectoribus
2246 1247 2319 1302 ita
2349 1251 2594 1306 sensibus
2623 1252 3040 1325 circumquaque
3069 1260 3313 1313 valletur.
3343 1260 3504 1329 Signa

1922 1352 2053 1392 vero
2078 1346 2134 1393 et
2162 1340 2247 1394 isti
2286 1340 2664 1410 hujuscemodi
2688 1347 3010 1416 suspicionis
3039 1349 3330 1417 insinuant,
3362 1352 3505 1421 quod

1923 1444 2077 1486 mens
2105 1428 2289 1486 tunea
2318 1444 2471 1488 recto
2516 1436 2742 1491 consilio
2791 1446 2845 1491 et
2892 1439 2959 1492 ab
3008 1455 3074 1494 eo
3122 1441 3266 1509 quod
3315 1442 3508 1497 deceat

1924 1520 2238 1589 abducatur,
2272 1524 2486 1593 quando
2536 1526 2745 1581 cerebri
2791 1529 3101 1583 membrana
3154 1541 3401 1595 vexatur,
3451 1544 3506 1586 et

1923 1610 2067 1679 quod
2096 1612 2150 1666 in
2173 1614 2473 1682 ignorantia
2504 1617 2803 1672 honestatis
2831 1618 3047 1687 degant,
3098 1637 3236 1689 quos
3272 1623 3505 1677 ebrietas

1923 1713 2131 1772 gravat.
2156 1704 2238 1759 Ad
2282 1706 2395 1760 haec
2445 1715 2623 1761 autem
2673 1715 2727 1762 et
2773 1708 2978 1778 aliquas
3007 1726 3195 1765 causas
3231 1714 3503 1768 naturales

220 1806 370 1861 alios
397 1806 612 1876 quidem
643 1808 1109 1864 incommutabiles
1140 1817 1194 1864 et
1234 1810 1607 1880 impermixtos
1633 1810 1819 1864 simili-

1926 1794 2215 1864 adjiciunt,
2256 1797 2449 1865 quibus
2488 1799 2769 1867 opiniones
2806 1815 2930 1854 suas
2979 1801 3200 1869 singulis
3255 1818 3386 1873 quas
3437 1803 3503 1857 de

222 1904 317 1950 ter
352 1912 476 1952 esse
511 1912 699 1953 sensus
736 1898 801 1952 ad
840 1899 1099 1965 invicem,
1139 1908 1195 1956 et
1235 1901 1361 1970 quia
1407 1916 1559 1955 mens
1595 1901 1817 1970 singulis

220 1988 511 2056 aequaliter
538 1989 708 2053 adest,
740 1990 884 2045 aliud
904 1992 1031 2060 quid
1057 2001 1273 2062 oportet
1300 2008 1419 2048 eam
1448 2000 1669 2064 propter
1688 2008 1814 2047 seu.

221 2079 439 2133 sualem
469 2078 700 2135 difﬁnire
728 2080 1105 2147 substantiam,
1140 2098 1207 2137 ne
1235 2083 1361 2153 quid
1389 2084 1469 2138 rei
1498 2084 1815 2152 intelligibili

222 2172 404 2241 possit
434 2172 711 2226 varietatis
748 2174 961 2228 ascribi.
1003 2173 1130 2239 Quis
1178 2176 1409 2247 cognorit
1454 2192 1660 2230 sensum
1700 2175 1813 2230 Do-
1850 2184 1903 2222 ὲν

223 2265 397 2319 mini?
419 2265 707 2335 Apostolus
736 2266 842 2328 ait;
868 2281 967 2335 ego
998 2276 1175 2322 autem
1205 2251 1323 2322 dico
1349 2286 1361 2321 :
1396 2268 1523 2333 Quis
1542 2268 1813 2338 propriam

225 2361 469 2408 mentem
497 2355 839 2411 considerare
866 2357 1179 2427 praevaluit?
1200 2358 1388 2413 Dieant
1416 2360 1506 2428 qui
1530 2360 1623 2414 Dei
1653 2369 1813 2414 natu-

225 2461 346 2500 ram
375 2461 435 2501 se
464 2455 653 2517 putant
679 2463 840 2518 posse
880 2450 1369 2519 comprehendere,
1402 2451 1446 2506 si
1477 2467 1536 2507 se
1566 2452 1814 2507 conside-

224 2546 376 2607 rant,
422 2540 467 2594 si
516 2542 711 2594 mentis
754 2556 864 2595 sua:
899 2543 1249 2598 substantiam
1288 2553 1514 2610 norunt;
1545 2546 1590 2600 si
1633 2546 1815 2601 multi-

225 2627 391 2683 moda
413 2629 656 2699 quaedam
679 2639 782 2697 est,
803 2632 1071 2703 variatque
1093 2636 1518 2704 compositionis.
1545 2637 1813 2705 quomodo
1850 2674 1851 2677 η
1876 2674 1885 2679 η-

227 2717 286 2771 in
316 2718 641 2789 multiplices
669 2736 856 2776 sensus
892 2722 1160 2789 inseritur,
1194 2725 1463 2794 quomodo
1491 2726 1546 2780 in
1574 2727 1812 2795 singula-

225 2809 392 2865 ritate
425 2810 566 2878 quod
592 2812 821 2877 varium,
848 2815 1122 2882 quomodo
1152 2815 1205 2869 in
1236 2817 1496 2872 varietate
1534 2818 1676 2887 quod
1704 2821 1814 2872 sin-

226 2900 417 2967 gulare
452 2910 529 2955 est
556 2901 861 2958 invenitur?
891 2904 997 2959 Sed
1026 2906 1218 2974 agnovi
1248 2908 1571 2964 solutionem
1600 2909 1812 2963 difﬁcil-

226 2992 371 3046 lima:
416 2995 756 3063 quaestionis,
804 2996 870 3051 ad
912 2999 1080 3068 ipsam
1121 3015 1310 3055 vocem
1359 3001 1590 3055 divinam
1631 3017 1815 3057 recur—

226 3097 357 3136 rens
386 3100 400 3135 :
426 3082 729 3153 Faciamus,
762 3088 953 3158 inquit,
987 3090 1242 3145 hominem
1271 3092 1341 3144 ad
1367 3093 1641 3162 imaginem
1674 3103 1722 3146 et
1750 3096 1815 3146 si-

1919 1889 2201 1959 principali
2220 1889 2454 1944 hominis
2477 1900 2631 1960 parte
2651 1892 2915 1957 deferunt,
2942 1894 3259 1950 confirmare
3283 1895 3502 1949 videan-

1919 1989 2024 2035 tur.
2050 1979 2115 2034 Et
2144 1981 2231 2035 hic
2259 1981 2473 2050 quidem
2505 1981 2572 2036 ad
2602 1982 2812 2051 igneam
2842 1993 3086 2038 naturam
3109 1986 3284 2040 cordis
3305 2000 3502 2054 cogna—

1917 2073 2119 2127 tionem
2150 2079 2395 2127 motuum
2439 2074 2634 2129 mentis
2672 2073 2925 2143 afﬁrmat,
2960 2084 3246 2147 propterea
3276 2076 3417 2146 quod
3447 2087 3502 2131 et

1917 2163 2113 2218 mentis
2140 2170 2196 2217 et
2226 2163 2363 2231 ignis
2392 2162 2806 2219 indormitabilis
2832 2167 3090 2236 probetur
3112 2181 3231 2221 esse
3252 2167 3500 2221 substan-

1918 2253 2009 2317 tia,
2042 2262 2097 2307 et
2123 2253 2245 2322 quia
2279 2252 2331 2307 in
2361 2254 2543 2309 cordis
2582 2264 2734 2323 parte
2765 2264 2999 2310 mentem
3030 2256 3225 2311 fatetur
3252 2255 3494 2316 inﬂuere.

1916 2344 2120 2399 idcirco
2144 2344 2441 2399 mobilitate
2470 2344 2697 2402 fervoris
2725 2355 2929 2401 motum
2971 2348 3263 2418 temperari
3304 2350 3499 2403 mentis

1917 2434 2133 2499 astruit,
2164 2438 2564 2505 receptaculum
2598 2446 2801 2492 natura:
2845 2439 3192 2507 intelligibilis
3236 2455 3333 2496 cor
3379 2457 3498 2496 esse

1915 2527 2288 2596 pronuntians,
2313 2528 2367 2582 in
2396 2543 2503 2597 quo
2528 2529 2676 2584 calor
2696 2532 2951 2586 exundat.
2986 2528 3137 2587 Alter
3156 2545 3336 2588 autem
3366 2550 3496 2590 cun-

1902 2626 2125 2673 ctorum
2170 2635 2424 2675 sensuum
2476 2622 2640 2677 veluti
2683 2624 3005 2694 principium
3054 2634 3221 2695 atque
3264 2628 3497 2684 radicem

1916 2710 2122 2764 cerebri
2172 2712 2538 2765 membranam
2585 2728 2705 2768 esse
2754 2722 3001 2780 testatur,
3053 2732 3313 2787 suamque
3340 2719 3499 2773 ratio-

1916 2812 2039 2852 nem
2068 2799 2171 2854 hac
2200 2797 2303 2855 ﬁde
2332 2800 2634 2868 conﬁrrnat,
2667 2804 2810 2872 quod
2852 2820 2958 2859 non
3000 2806 3127 2862 alibi
3166 2808 3234 2861 sit
3277 2807 3497 2863 effectus

1917 2887 2280 2956 intelligentiae
2303 2891 2617 2956 collocatus,
2651 2894 2751 2946 nisi
2782 2894 2834 2947 in
2864 2910 2925 2948 ea
2956 2906 3110 2964 parte
3138 2896 3225 2950 ubi
3256 2906 3313 2950 et
3340 2913 3497 2952 aures

1917 2988 2112 3048 aptatae
2152 2981 2420 3036 irruentes
2460 2998 2622 3038 voces
2666 2987 2958 3055 accipiunt,
2990 2996 3045 3042 et
3086 2989 3307 3043 intuitus
3342 2990 3495 3059 juxta

1917 3072 2030 3140 ipsa
2057 3072 2334 3128 oculorum
2373 3074 2638 3145 profunda
2683 3088 2970 3135 concretus
3018 3090 3362 3137 occurrentes
3400 3098 3495 3153 pu-

224 3173 573 3229 militudinem
597 3188 843 3232 nostram.
870 3178 1048 3250 Imago
1071 3197 1301 3252 namque
1322 3171 1555 3253 quandiu
1586 3185 1637 3238 in
1668 3185 1814 3239 nullo
1843 3181 1888 3242 C
1919 3164 2059 3232 pilus
2085 3165 2376 3233 imaginum
2400 3167 2600 3223 formas
2629 3172 2945 3227 transmittit
2973 3173 3215 3239 ίηίθτίυδν
3244 3177 3495 3251 “qua”

224 3268 450 3338 proﬁcit
477 3270 543 3324 ab
570 3271 652 3327 his
678 3287 798 3341 quae
827 3274 880 3327 in
910 3277 1161 3345 primaeva
1190 3276 1362 3333 fomta
1392 3280 1656 3348 substant,
1687 3296 1811 3351 pro-

225 3359 352 3432 prie
382 3363 555 3433 imago
585 3369 953 3435 cognoscitur;
986 3366 1029 3423 si
1058 3386 1187 3426 vero
1209 3387 1237 3425 a
1260 3370 1609 3428 similitudine
1630 3373 1811 3428 formae

226 3456 536 3520 recesserit,
565 3455 718 3525 juxta
747 3474 867 3513 eam
908 3469 1117 3530 partem
1157 3463 1332 3531 imago
1366 3479 1474 3518 non
1513 3465 1634 3519 erit.
1668 3464 1813 3531 Quo-

224 3543 397 3600 modo
437 3547 600 3617 igittir
638 3556 693 3603 et
736 3552 841 3606 hoc
877 3570 1037 3607 unum
1081 3570 1149 3608 ex
1177 3555 1259 3609 his
1287 3563 1369 3611 est
1404 3571 1521 3625 qum
1552 3558 1602 3612 in
1631 3558 1809 3612 divina

226 3643 421 3690 natura
448 3637 880 3707 considerantur,
900 3644 1041 3712 quod
1070 3646 1620 3717 incomprehensibilis
1646 3650 1810 3705 habe-

227 3738 318 3784 tur
346 3732 612 3800 essentiaz,
642 3751 859 3791 necesse
883 3746 967 3792 est
993 3749 1046 3792 et
1085 3740 1367 3809 imaginem
1408 3743 1673 3814 primaeva:
1704 3746 1811 3800 for-

223 3836 329 3874 ma:
359 3822 558 3877 imitari
602 3827 975 3883 substantiam.
1027 3829 1180 3897 Quod
1224 3834 1267 3887 si
1315 3834 1573 3904 imagines
1619 3846 1809 3892 natura

222 3916 692 3984 comprehendere
742 3929 948 3989 potest,
989 3938 1110 3977 cum
1154 3926 1404 3996 primaeva
1427 3927 1597 3983 forma
1630 3930 1683 3984 in
1714 3947 1809 3986 sua

222 4006 817 4075 comprehensibilitate
859 4024 1191 4082 permaneat,
1221 4032 1287 4071 ex
1317 4016 1419 4072 hac
1451 4018 1563 4088 ipsa
1595 4031 1810 4077 contra-
1840 4024 1862 4067 λ’

221 4093 422 4150 rietate
463 4112 567 4165 qua
614 4104 1090 4171 comprehenditur
1117 4122 1236 4164 esse
1265 4095 1535 4167 dissimilis
1560 4129 1810 4184 compro-

220 4184 401 4240 batur.
430 4187 596 4244 Porro
626 4205 749 4245 cum
790 4190 958 4262 fugiat
988 4196 1274 4252 humanam
1302 4200 1581 4255 scientiam
1614 4205 1808 4259 mentis

221 4289 426 4334 nostra:
468 4290 677 4349 natura,
709 4301 826 4354 quae
857 4295 939 4341 est
967 4287 1155 4343 effecta
1193 4291 1261 4345 ad
1292 4292 1607 4361 imaginem,
1642 4298 1807 4351 refert

221 4370 863 4440 incomprehensibilitate
892 4379 973 4432 sui
1004 4380 1448 4451 omnipotentiam
1492 4395 1694 4441 natura:
1724 4388 1806 4442 in-

223 4462 729 4530 comprehensibilis
759 4470 1084 4537 exprimens.

823 4606 1050 4663 CAPUT
1087 4609 1196 4664 XII.

228 4687 507 4759 Inquisitio
543 4692 630 4746 ubi
668 4696 955 4777 principale
985 4700 1208 4777 {laminis
1234 4720 1346 4757 esse
1373 4684 1634 4777 videatur,
1660 4722 1710 4766 et
1738 4714 1801 4766 de

786 4767 1026 4838 lacrymis
1051 4781 1100 4823 et
1121 4774 1247 4826 risu.

1918 3266 2056 3313 tates
2077 3259 2301 3315 odorum
2323 3263 2593 3318 variorum
2614 3264 2990 3319 discernuntur
3013 3256 3495 3323 attractm."Seiisus

1914 3351 2075 3405 etiam
2104 3352 2197 3422 qui
2222 3362 2377 3421 gustu
2406 3355 2698 3425 perﬁcitur,
2726 3357 2923 3414 indicio
2943 3360 3324 3415 membranula:
3347 3376 3490 3416 cerc-

1912 3440 1992 3497 bri
2038 3442 2199 3513 (sicut
2247 3446 2656 3523 supratdictum
2698 3448 2799 3519 est)
2852 3452 3211 3521 approbatur,
3263 3467 3381 3521 qua:
3430 3452 3493 3506 de

1898 3534 2160 3603 proximo
2189 3526 2449 3605 quosnam
2481 3553 2767 3593 nervorum
2795 3544 3128 3597 ramusculos
3169 3558 3233 3597 ex
3274 3559 3332 3597 re
3379 3544 3492 3614 ipsa

1912 3626 2195 3681 sensibiles
2222 3643 2321 3697 per
2346 3630 2517 3685 nodos
2545 3632 2669 3686 colli
2698 3648 2864 3702 usque
2894 3634 2959 3688 ad
2991 3650 3055 3689 ea
3083 3636 3202 3690 loca
3246 3651 3365 3705 qua:
3404 3651 3485 3691 ρος

1912 3716 2089 3772 latorii
2139 3718 2307 3773 instar
2349 3722 2604 3788 existunt,
2638 3728 2691 3778 et
2720 3726 2993 3780 musculos
3048 3728 3491 3797 circumjacentes

1912 3809 2201 3865 interserit.
2231 3811 2342 3881 Ego
2371 3824 2569 3881 autem,
2610 3818 2735 3884 quia
2764 3833 2793 3871 a
2826 3818 3091 3887 passionis
3120 3834 3340 3873 accessu
3379 3822 3466 3874 ani

1911 3919 2009 3959 nne
2036 3905 2389 3974 intelligentia
2432 3924 2575 3978 smpe
2619 3910 2883 3977 turbatur,
2913 3918 2967 3965 et
2995 3912 3116 3980 quia
3143 3911 3294 3980 juxta
3336 3922 3484 3967 natu-

1910 3996 2079 4052 ralem
2106 3998 2345 4065 vigorem
2389 4000 2729 4067 cogitationis
2751 4000 2972 4057 effectus
2994 4003 3325 4069 obtunditur,
3354 4020 3485 4073 qua-

1908 4087 2031 4141 dam
2082 4089 2185 4143 hoc
2234 4090 2375 4145 idem
2433 4093 2674 4159 corporis
2730 4098 3087 4161 aegrotatione
3139 4099 3485 4166 contingere,

1913 4192 2093 4231 verum
2120 4195 2239 4234 esse
2268 4183 2580 4249 pronuntio,
2613 4192 2667 4237 ct
2695 4184 2897 4239 fontem
2928 4188 3212 4256 quemdam
3240 4206 3486 4259 corpora-

1909 4266 1973 4319 lis
2014 4268 2210 4321 caloris
2256 4284 2350 4323 cor
2395 4285 2513 4325 esse
2544 4287 2649 4325 non
2682 4286 2842 4340 nego,
2887 4275 3029 4343 quod
3073 4276 3140 4330 ad
3193 4279 3486 4334 irascibiles

1908 4356 2137 4427 impetus
2166 4357 2322 4414 facile
2350 4370 2739 4416 commovetur.
2785 4363 2959 4433 Super
3003 4365 3106 4421 hoc
3144 4368 3486 4431 nihilominus
3580 4366 3583 4371 ’

1812 4472 1881 4513 κη
1907 4462 2136 4515 praeesse
2173 4451 2513 4506 sensibilibus
2559 4452 2720 4508 rebus
2765 4456 3188 4512 membranulam
3241 4460 3484 4531 cerebri,

1830 4546 1880 4606 ι)
1900 4537 2054 4607 j'tixta
2100 4540 2363 4596 rationem
2394 4557 2579 4597 eorum
2610 4546 2700 4614 qui
2733 4545 2845 4600 haec
2872 4548 3104 4602 naturali
3127 4549 3485 4620 disputatione

292 4869 465 4925 Sileat
487 4887 618 4942 ergo
655 4879 833 4932 omnis
869 4881 1248 4949 conjecturalis
1290 4895 1347 4941 et
1390 4905 1526 4943 vana
1576 4892 1774 4949 locutio
1818 4900 1843 4951 .ii

216 4978 341 5033 quae
387 4968 536 5023 mille
580 4971 897 5040 quibusdam
944 4977 1104 5030 rebus
1138 4982 1415 5048 corporeis
1454 4983 1556 5037 vim
1588 4986 1799 5041 intelleo

217 5054 412 5108 etualis
450 5060 781 5127 operationis
830 5063 1095 5118 includit:
1128 5081 1196 5122 ex
1240 5069 1432 5136 quibus
1479 5073 1694 5140 quidam
1740 5076 1795 5129 id

216 5141 368 5210 quod
412 5145 645 5205 hominis
690 5153 984 5223 principale
1011 5166 1111 5223 est,
1144 5158 1197 5213 in
1228 5161 1394 5217 corde
1419 5166 1750 5220 constituunt
1778 5185 1789 5221 :

216 5235 436 5303 quidam
458 5252 589 5294 vero
616 5240 671 5295 in
702 5244 927 5297 cerebro
955 5247 1245 5304 subsistere
1271 5256 1628 5325 suspicantur,
1656 5272 1792 5327 qua-

216 5323 342 5377 dam
363 5329 646 5397 superﬁcie
674 5336 1081 5402 persuasionum
1111 5341 1417 5409 Opinionem
1447 5323 1794 5417 hujus'robo-
1826 5374 1833 5389 τ

213 5422 420 5469 rantes.
451 5416 501 5471 ls
524 5421 667 5474 enim
695 5424 786 5490 qui
815 5425 866 5479 in
897 5427 1061 5482 corde
1098 5432 1389 5502 principale
1416 5416 1648 5495 hominis
1674 5456 1794 5497 esse

212 5502 422 5569 deﬁnit,
454 5522 521 5561 ex
550 5510 654 5565 loci
689 5514 794 5567 situ
832 5530 1146 5584 argumenta
1189 5524 1376 5579 nititur
1422 5542 1531 5583 suae
1569 5533 1793 5589 rationis

210 5608 510 5693 apponere,
552 5614 838 5673 propterea
888 5613 1031 5678 quod
1078 5617 1308 5671 medium
1354 5619 1531 5675 locum
1580 5624 1793 5681 videtur

208 5688 310 5741 co'r
356 5688 521 5743 totius
570 5697 812 5763 corporis
852 5702 1148 5769 continere,
1194 5717 1458 5775 quatenus
1486 5727 1544 5767 se
1574 5727 1785 5783 sponta-

212 5787 347 5833 ueus
372 5787 551 5836 motus
576 5798 609 5837 e
636 5788 813 5844 medio
841 5791 908 5844 ad
939 5808 1096 5851 omne
1147 5814 1341 5871 corpus
1390 5802 1598 5862 facilius
1637 5811 1788 5864 exhi-
1816 5818 1869 5868 bi

1818 5852 1843 5868 α
1862 5854 1867 5857 .

497 5876 766 5940 Pnaor.
818 5885 1064 5949 LXVI].

1903 4640 2259 4702 pertractant,
2308 4636 2675 4707 complectens
2725 4639 2824 4693 sub
2870 4654 2930 4694 se
2977 4642 3285 4709 cerebrum,
3334 4645 3485 4713 cujus

1903 4724 2067 4777 etiam
2116 4724 2286 4780 foveri
2336 4729 2691 4797 vaporatione
2741 4730 3078 4799 pinguedinis
3125 4733 3367 4801 audiens,
3418 4739 3483 4792 ab

1901 4815 1985 4871 his
2031 4817 2122 4884 qui
2166 4833 2225 4873 se
2276 4821 2595 4875 anatomicis
2646 4823 3067 4891 in‘spectionibus
3120 4838 3481 4897 occuparunt,

1902 4905 2109 4961 irritum
2137 4910 2279 4977 quod
2305 4910 2498 4965 dicitur
2526 4914 2747 4968 omnino
2785 4929 2890 4970 non
2937 4920 3101 4985 facio;
3132 4923 3224 4976 sed
3266 4936 3374 4975 non
3415 4937 3479 4975 ex

1902 4998 1985 5053 his
2030 5001 2261 5069 probare
2307 5003 2629 5059 contendam
2669 5008 2812 5074 quod
2858 5011 3120 5068 localibus
3165 5015 3479 5083 quibusdam

1902 5089 2483 5159 circumscriptionibus
2513 5095 2829 5166 incorporea
2857 5104 3154 5158 substantia
3197 5105 3479 5159 concluda-

1902 5187 2008 5233 tur.
2038 5179 2173 5234 Nam
2213 5197 2312 5236 nos
2361 5198 2616 5241 excessus
2662 5188 3055 5247 irrationabiles
3099 5194 3212 5247 fieri
3261 5211 3367 5249 non
3412 5212 3476 5251 ex

1901 5270 2090 5339 capitis
2118 5276 2495 5341 aggravatione
2518 5278 2830 5335 didicimus.
2863 5282 3193 5338 Medicorum
3220 5300 3350 5341 vero
3389 5302 3477 5358 pe-

1898 5360 2160 5426 ritissimi,
2189 5365 2428 5435 utrisque
2457 5368 2731 5437 lateribus,
2763 5373 2957 5441 quibus
2986 5374 3224 5443 ejusdem
3265 5380 3475 5434 cerebri

1895 5454 2276 5509 membranulm
2322 5460 2688 5527 continentur,
2731 5463 2905 5530 aliqua
2946 5465 3195 5534 passione
3222 5469 3470 5537 turbatis,

1894 5544 2158 5600 rationale
2203 5556 2445 5601 nostrum
2493 5562 2760 5618 mgrotans
2808 5554 3088 5621 deﬁniunt,
3140 5559 3473 5629 appellantes

1894 5629 2203 5686 freneticam
2264 5636 2597 5703 passionem,
2656 5640 2779 5709 quia
2842 5641 3029 5697 iisdem
3085 5648 3467 5704 membranulis

1893 5721 2069 5778 frenes
2099 5742 2295 5781 nomen
2342 5730 2544 5783 existit.
2596 5729 2855 5787 Similiter
2898 5736 3058 5791 etiam
3106 5740 3323 5794 tristitia
3372 5756 3468 5796 cor

1893 5814 2031 5871 allici
2064 5817 2395 5886 suspicantes
2424 5821 2666 5879 profecto
2696 5824 2968 5879 falluntur.
3002 5825 3137 5883 Cum
3178 5831 3318 5883 enim
3358 5846 3463 5884 non

2963 5921 3035 5978 12
