4092 6348
618 276 723 332 5ῦῦ

618 408 736 456 cor,
764 390 859 445 sed
890 406 952 444 os
981 392 1184 446 ventris
1213 406 1442 447 interere
1470 393 1735 459 turbetur,
1769 394 1838 447 ad
1882 411 1977 449 cor
2028 396 2196 455 morbi

620 488 777 558 hujus
802 487 1201 543 incommodum
1232 486 1476 556 imperite
1507 489 1892 544 transmittunt.
1938 487 2063 544 Hoc
2100 504 2196 544 au-

616 591 730 639 tem
756 578 1045 642 disserunt,
1075 577 1168 646 qui
1206 577 1518 647 passionum
1557 593 1747 634 causas
1790 579 2072 647 diligenter
2117 580 2198 633 in-

623 672 883 740 vestigare
911 677 1186 736 curarunt,
1217 669 1360 737 quod
1393 669 1443 723 in
1475 684 1706 724 mmrore
1744 671 2066 741 compressis
2099 685 2197 725 na-

623 762 865 818 turaliter
907 759 1072 814 totius
1111 758 1355 828 corporis
1404 759 1849 828 evaporationum
1900 759 2198 814 tramitibus
2222 756 2266 813 ἔ

620 866 781 925 atque
810 852 1079 910 conclusis
1118 852 1169 906 in
1211 849 1650 921 profundissimas
1685 851 2014 906 internorum
2044 852 2199 908 sedes

620 946 861 1015 cogitur,
901 942 1159 1015 quidquid
1191 958 1285 1012 per
1314 942 1411 996 hos
1447 941 1817 1011 respirationis
1845 940 2023 999 aditus
2050 942 2198 997 exire

620 1038 952 1109 prohibetur.
986 1033 1139 1089 Unde
1175 1035 1542 1102 coaugustatis
1569 1033 1863 1088 visceribus
1892 1034 2199 1089 accenditur

621 1128 867 1193 tristitia,
899 1140 1041 1195 srepe
1070 1124 1360 1178 violentior
1383 1124 1600 1193 spiritus
1636 1139 1703 1178 ex
1732 1124 1839 1178 imo
1866 1124 2112 1188 trahitur,
2144 1134 2200 1178 ut

620 1219 873 1275 dilatetur
900 1218 950 1273 id
978 1214 1123 1288 quod
1152 1222 1485 1271 contractqu
1517 1223 1618 1269 est.
1670 1213 1736 1268 Et
1786 1215 1927 1269 hunc
1975 1215 2196 1270 halitum
2226 1229 2259 1261 ιτ

621 1326 780 1382 quem
809 1325 1009 1366 mteror
1042 1308 1299 1373 extrudit,
1331 1308 1494 1363 etiam
1528 1307 1782 1376 gemitum
1821 1324 2096 1374 vocamus,
2145 1307 2198 1362 id

624 1411 705 1459 est
734 1401 883 1457 nimii
909 1399 1113 1455 doloris
1164 1398 1435 1452 indicium.
1475 1397 1579 1453 Sed
1608 1398 1698 1467 qui
1731 1406 1914 1468 putant
1962 1398 2063 1453 hac
2102 1415 2196 1455 ea-

623 1496 742 1550 dem
760 1491 1012 1565 passione
1042 1489 1178 1545 allici
1208 1489 1523 1560 particulam
1548 1489 1726 1544 cordis
1749 1490 1829 1559 (ut
1851 1489 1982 1560 dixi)
2006 1490 2200 1544 fallun-

623 1597 729 1657 tur,
755 1600 876 1643 cum
898 1600 1003 1640 non
1030 1583 1226 1650 cordis,
1243 1583 1336 1637 sed
1365 1582 1474 1638 oris
1493 1582 1696 1637 ventris
1716 1582 1786 1637 sit
1806 1582 1908 1637 ista
1930 1582 2197 1651 molestia,

621 1693 687 1733 ex
716 1692 781 1732 ea
809 1674 1091 1732 occasione
1116 1688 1278 1743 quam
1307 1672 1556 1739 diximus,
1586 1672 1731 1741 quod
1760 1673 1967 1728 scilicet
1995 1690 2199 1744 evapo-
2228 1692 2231 1699 '

622 1770 888 1824 rationum
917 1765 1240 1836 compressis
1282 1764 1535 1833 aditibus,
1564 1764 1698 1819 fellis
1726 1774 2073 1834 coangustata
2101 1782 2195 1822 ve-

621 1858 788 1916 sicula
816 1859 1095 1913 humorem
1123 1857 1270 1911 illum
1301 1871 1549 1927 asperum
1584 1865 1743 1927 atque
1793 1858 2100 1913 mordacem
2142 1860 2194 1914 in

622 1966 685 2005 os
729 1950 933 2005 ventris
978 1947 1220 2003 effundit.
1262 1945 1327 2001 Et
1356 1947 1470 2002 haec
1497 1956 1578 2002 est
1606 1946 1764 2015 hujus
1809 1948 1887 2002 rei
1927 1948 2197 2017 probatio,

623 2038 765 2111 quod
789 2038 1054 2108 depressis
1083 2036 1195 2108 ipsa
1237 2036 1438 2091 coloris
1465 2036 1775 2106 superficies
1803 2038 1950 2091 velut
1992 2037 2198 2106 origine

623 2128 907 2205 (aurigine)
937 2128 1147 2183 videtur
1172 2125 1388 2190 infecta,
1421 2126 1548 2182 dum
1576 2126 1716 2183 fellis
1742 2129 1934 2185 humor
1956 2130 2009 2184 in
2047 2130 2233 2187 venis.

623 2221 783 2278 nimia
808 2220 1188 2277 constrictione
1215 2219 1544 2276 diffunditur.
1577 2219 1683 2277 Sed
1711 2222 1826 2277 haec
1852 2224 1990 2277 ratio
2014 2238 2081 2279 ex
2105 2224 2197 2279 illo

621 2327 839 2383 quoque
876 2311 1063 2367 morbo
1110 2312 1200 2381 qui
1241 2310 1365 2367 huic
1400 2312 1611 2368 videtur
1638 2328 1757 2369 esse
1783 2316 2111 2381 contrarius,
2141 2315 2194 2370 id

622 2410 707 2457 est
758 2402 849 2471 qui
886 2417 952 2457 ex
1001 2402 1184 2457 laetitia
1232 2403 1450 2471 risuque
1495 2404 1777 2475 contingit,
1838 2407 1916 2463 vel
1966 2407 2199 2469 maxime

622 2492 1045 2551 commendatur.
1074 2493 1377 2548 Dilatantur
1401 2497 1541 2550 enim
1570 2497 1801 2571 quodam
1828 2498 1988 2559 modo
2016 2512 2072 2560 et
2090 2506 2198 2562 dis.

620 2589 900 2644 solvuntur
923 2606 1022 2660 per
1040 2590 1272 2661 aliquam
1302 2592 1630 2661 voluptatem
1660 2595 1825 2649 totius
1850 2599 2279 2667 evaporatio-«g

625 2696 720 2737 nes
748 2682 992 2752 corporis
1028 2683 1343 2745 suavissima
1384 2685 1691 2754 cognitione
1730 2696 2000 2757 percepta.
2047 2688 2198 2747 Sicut

618 2774 761 2829 enim
788 2774 981 2830 ibidem
1006 2790 1105 2846 per
1126 2791 1410 2833 man-orem
1435 2785 1621 2833 tenues
1648 2786 1703 2833 et
1720 2780 1940 2835 incerta:
1960 2781 2195 2852 respira-

620 2864 792 2920 tiones
842 2865 1036 2921 iterum
1088 2867 1518 2937 comprimuntnr
1561 2876 1617 2923 et
1661 2870 1885 2925 interius
1930 2872 2192 2928 viscerum

615 2956 1043 3025 constringentes
1068 2956 1315 3013 allectum
1345 2958 1410 3011 ad
1440 2968 1604 3029 caput
1629 2968 1684 3014 et
1721 2961 1788 3015 ad
1828 2962 2207 3019 membranam

616 3048 823 3103 cerebri
852 3063 1107 3118 vaporem
1134 3050 1407 3105 humidum
1439 3053 1797 3121 supprimunt,
1835 3055 1927 3125 qui
1964 3056 2192 3110 multum

616 3140 669 3194 in
696 3142 948 3196 concavis
985 3141 1083 3195 sub
1127 3142 1329 3197 relictis
1364 3158 1460 3212 per
1506 3143 1684 3198 aditus
1726 3148 2195 3216 evaporationibus

616 3231 853 3286 excurrit
894 3231 961 3285 ad
1008 3232 1220 3295 oculos,
1267 3240 1323 3287 et
1362 3236 1762 3303 compressione
1808 3236 2054 3291 ciliorum
2095 3253 2193 3308 per

614 3328 793 3390 guttas
820 3324 1091 3391 egeritur:
1122 3322 1235 3378 huic
1263 3331 1443 3378 autem
1487 3332 1637 3392 gutta
1679 3326 1910 3397 lacryma
1952 3328 2195 3382 nomina-

617 3421 721 3477 tur,
772 3412 847 3466 ita
892 3413 1291 3482 intelligendum
1339 3423 1421 3469 est
1458 3431 1522 3470 ex
1570 3414 1860 3473 afﬂictione
1882 3421 2190 3475 contraria:

616 3522 737 3560 cum
787 3506 907 3575 plus
949 3506 1112 3561 solito
1157 3506 1531 3562 distenduntur
1577 3509 1949 3577 respirationis
1978 3511 2227 3579 itinera;

616 3613 712 3667 per
739 3612 802 3651 ea
829 3598 1055 3666 spiritus
1077 3598 1129 3651 in
1160 3597 1283 3652 altis
1310 3613 1368 3653 se
1396 3599 1700 3654 recessibus
1742 3600 1957 3665 inserit,
2010 3608 2065 3656 et
2100 3616 2195 3670 per

615 3687 725 3742 oris
750 3686 953 3740 aditum
982 3686 1228 3756 protinus
1258 3702 1287 3741 a
1314 3695 1503 3742 natura
1532 3689 1869 3758 propellitur,
1901 3690 2195 3745 visceribus

615 3778 824 3834 cunctis
853 3785 909 3833 et
953 3778 1186 3833 maxime
1209 3777 1396 3848 jecore
1427 3780 1898 3849 (quemadmodum
1927 3782 2076 3836 aiunt
2102 3782 2194 3851 qui

613 3869 753 3923 circa
782 3868 883 3923 ista
911 3868 1068 3939 periti
1097 3869 1243 3939 sunt)
1272 3884 1370 3938 per
1388 3868 1674 3938 quamdam
1702 3871 2050 3939 agitationem
2077 3888 2193 3927 mo-

611 3968 832 4029 tumque
886 3960 1335 4015 ferventissimum
1361 4003 1377 4029 ,
1437 3961 1809 4031 hujuscemodi
1872 3971 2190 4034 conceptum

611 4050 856 4119 spiritum
906 4049 960 4105 in
999 4050 1267 4105 exteriora
1307 4051 1646 4121 pellentibus.
1682 4050 1835 4107 Unde
1878 4052 2191 4109 facilitatem

610 4140 898 4211 quamdam
940 4140 1179 4196 exituum
1221 4140 1460 4212 ejusdem
1500 4143 1721 4213 spiritus
1749 4152 1942 4198 natura
1988 4145 2192 4200 machi-

611 4241 766 4300 nata,
815 4232 1009 4286 rictum
1064 4234 1173 4287 oris
1219 4248 1284 4288 ex
1338 4244 1642 4289 transverso
1694 4235 1951 4305 patefacit
1999 4249 2190 4304 genam

611 4331 892 4391 utramque
932 4322 1272 4387 distendens,
1314 4332 1369 4379 et
1407 4325 1552 4394 quod
1602 4325 1731 4381 hinc
1776 4326 2006 4382 efﬁcitur
2049 4326 2192 4382 risus

610 4429 806 4468 nomen
857 4414 1085 4482 accepit.
1137 4414 1246 4470 Nec
1296 4424 1520 4484 propter
1554 4416 1659 4472 hoc
1694 4417 1858 4485 igitur
1894 4416 2192 4487 principale

611 4505 845 4560 hominis
885 4519 1004 4559 esse
1053 4505 1104 4558 in
1148 4504 1331 4573 jecore
1376 4506 1668 4575 putandum
1698 4514 1801 4571 est,
1832 4521 1935 4561 nec
1970 4515 2193 4576 propter

611 4597 876 4651 fervorem
920 4596 1212 4665 sanguinis,
1260 4596 1351 4665 qui
1392 4597 1646 4666 copiosus
1682 4612 1807 4667 erga
1846 4597 2026 4653 cordis
2067 4598 2188 4653 loca

614 4692 887 4752 versatur,
918 4701 1019 4742 nec
1044 4685 1113 4740 ob
1141 4684 1362 4741 affectus
1391 4686 1688 4743 irascibiles
1731 4688 2101 4743 testimandum
2133 4689 2186 4743 in

608 4778 776 4835 corde
803 4793 922 4835 esse
948 4779 1143 4835 mentis
1179 4778 1488 4850 hospitium.
1520 4778 1624 4834 Sed
1669 4781 1782 4836 haec
1809 4780 1876 4835 ad
1904 4781 2189 4851 qualitates

607 4886 900 4944 corporeas
946 4870 1226 4927 referenda
1272 4881 1413 4927 sunt.
1447 4870 1680 4927 Mentem
1708 4887 1836 4928 vero
1861 4872 2211 4931 credendum:

608 4972 692 5020 est
716 4962 996 5033 aequaliter
1021 4962 1259 5017 membra
1313 4962 1518 5033 singula
1555 4962 1711 5032 juxta
1758 4963 2024 5018 ineﬂ‘abile
2053 4971 2187 5018 tem-

607 5062 976 5126 peramentum
1002 5054 1231 5109 rationis
1248 5053 1529 5122 attingere.
1560 5053 1629 5108 Et
1653 5054 1699 5109 si
1728 5052 2059 5125 Scripturam
2089 5070 2184 5109 no-

608 5144 688 5200 bis
723 5143 791 5200 ad
833 5145 938 5200 hoc
978 5144 1221 5199 nonnulli
1261 5142 1567 5214 proferunt,
1597 5152 1865 5216 quatenus
1890 5145 2187 5216 principale

608 5240 660 5294 iu
697 5239 860 5295 corde
908 5238 1139 5295 hominis
1178 5252 1298 5294 esse
1336 5244 1622 5305 testentur,
1670 5255 1779 5295 non
1828 5238 1881 5294 id
1926 5239 2184 5293 debemus

607 5332 940 5402 inexplorata
969 5332 1179 5388 ratione
1204 5331 1502 5402 percipere.
1534 5330 1638 5398 Qui
1676 5333 1820 5387 enim
1860 5332 2037 5386 cordis
2065 5346 2182 5385 me-

605 5424 757 5478 minit
796 5432 851 5477 et
890 5438 1051 5479 renes
1091 5424 1319 5479 asseruit
1365 5424 1553 5480 dicens
1584 5442 1597 5477 :
1632 5423 1884 5480 Scrutans
1928 5424 2087 5479 corda
2135 5433 2183 5476 et

535 5510 545 5529 ⁸
603 5532 750 5571 renes
778 5513 940 5571 Deus.
970 5514 1049 5569 lta
1077 5523 1168 5569 aut
1194 5524 1424 5584 utroque
1449 5522 1544 5569 aut
1590 5524 1783 5570 neutro
1821 5515 1927 5570 hoc
1968 5515 2181 5571 intelle-

604 5608 779 5666 ctuale
806 5606 1043 5663 hominis
1061 5605 1242 5660 licebit
1269 5605 1487 5660 includi.
1520 5602 1754 5660 Obtundi
1791 5619 1922 5659 vero
1966 5604 2180 5658 easdem

612 5697 993 5757 .ntellectuales
1021 5695 1334 5763 efficentias,
1362 5698 1449 5752 vel
1477 5696 1640 5753 etiam
1667 5696 1785 5752 sine
1812 5695 2007 5752 effectu
2028 5710 2181 5765 pror-

603 5809 693 5848 sus
739 5791 1001 5864 existere,
1052 5802 1150 5857 per
1196 5787 1508 5858 qualitatem
1556 5802 1832 5858 corporeae
1884 5786 2211 5844 aﬂ‘ectiouis.

1872 278 2231 337 “DIONYSICS
2270 284 2581 344 l-IXlGUUS.

3749 300 3835 351 ’568

2232 411 2266 458 Α
2304 399 2546 467 edoctus,
2576 419 2683 457 non
2708 404 2835 459 satis
2859 404 3108 459 idoneum
3138 402 3369 459 arbitror
3393 417 3767 477 argumentum,
3793 424 3839 465 ut
3934 424 3935 439 π

2302 492 2433 547 locis
2462 493 2726 562 aliquibus
2766 495 3015 547 virtutem
3067 494 3261 548 mentis
3314 508 3545 549 asseram
3582 500 3836 564 contineri.

2302 592 2554 652 tanquam
2601 600 2698 655 per
2727 592 2963 639 tumores
3005 584 3244 655 partibus
3278 586 3552 655 occupatis
3589 602 3616 639 a
3651 591 3838 659 propria

2302 676 2579 731 latitudine
2608 676 2777 745 possit
2805 676 3017 746 expelli.
3045 675 3355 744 Corporalis
3384 674 3525 730 enim
3554 677 3661 733 haec
3684 681 3840 749 opinio

2300 775 2400 830 est,
2431 778 2488 821 ut
2513 784 2606 822 vas
2629 777 2952 839 prmventum
2977 768 3226 824 immissis
3250 768 3410 823 rebus
3430 768 3569 823 aliud
3588 770 3838 841 quidquam

2302 870 2532 928 nequeat
2558 862 2775 916 omnino
2805 861 3065 931 recipere.
3098 861 3478 917 lntellectualis
3507 880 3722 933 namque
3742 867 3839 922 sub-

2300 952 2493 1005 stantia
2522 967 2696 1021 neque
2726 954 2778 1007 in
2808 955 2991 1009 vacuis
3013 963 3067 1007 et
3092 955 3349 1009 convexis
3373 957 3607 1026 partibus
3630 960 3839 1027 corporis

2299 1040 2635 1109 immoratur,
2666 1059 2765 1098 nec
2794 1043 3161 1113 magnitudine
3199 1044 3281 1098 vel
3312 1046 3457 1100 mole
3484 1047 3656 1101 carnis
3680 1056 3834 1102 extru-

2300 1133 2461 1189 ditur.
2511 1135 2617 1189 Sed
2663 1136 2786 1205 quia
2834 1144 3050 1192 constat
3089 1136 3256 1190 veluti
3304 1150 3564 1205 organum
3608 1138 3835 1206 quoddam

2246 1229 2265 1261 ελ
2301 1225 2561 1280 musicum
2594 1235 2763 1281 totum
2795 1227 3030 1282 hominis
3058 1243 3252 1297 corpus
3288 1236 3644 1292 exstructum,
3673 1237 3722 1283 et
3746 1229 3838 1299 ple-

2300 1331 2524 1386 rumque
2589 1319 2852 1387 contingit
2916 1328 2974 1371 ut
3030 1318 3083 1371 hi
3130 1319 3221 1388 qui
3284 1319 3506 1371 musica:
3552 1318 3697 1388 periti
3738 1328 3838 1371 sunt

2299 1420 2449 1459 suam
2480 1418 2745 1477 nequeant
2773 1408 3056 1463 ostendere
3080 1408 3416 1479 disciplinam
3439 1419 3651 1478 propter
3669 1408 3836 1464 instru-

2300 1500 2464 1554 menti
2494 1502 2833 1556 mutilitatem
2868 1503 2999 1557 artis
3030 1502 3349 1556 industriam
3383 1499 3684 1563 renuentis,
3721 1498 3836 1567 quod

2300 1595 2392 1641 aut
2428 1596 2671 1659 tempore
2714 1591 2957 1644 vitiatum
3007 1600 3109 1656 est,
3162 1600 3255 1645 aut
3302 1591 3482 1659 aliquo
3528 1604 3647 1643 casu
3691 1588 3834 1641 disru-
3934 1648 3935 1657 χ

2270 1684 2481 1750 'ptum,
2533 1692 2625 1736 aut
2671 1682 2913 1751 rubigine
2962 1684 3045 1737 vel
3095 1684 3322 1737 humore
3367 1682 3614 1736 detritum
3658 1686 3755 1741 est,
3794 1687 3837 1731 et
3934 1672 3935 1679 “

2300 1775 2501 1830 idcirco
2540 1776 2656 1830 sine
2701 1792 2956 1831 sonorum
3003 1784 3184 1831 manet
3226 1776 3527 1843 elfectibus,
3555 1774 3671 1828 licet
3704 1774 3761 1826 ab
3784 1788 3835 1827 eo

2300 1869 2387 1939 qui
2414 1869 2641 1925 tibicina:
2669 1870 2801 1925 artis
2828 1878 2911 1925 est
2951 1872 3155 1941 peritus
3183 1871 3508 1942 inspiretur;
3542 1870 3617 1924 sic
3641 1878 3691 1924 et
3713 1884 3834 1922 mens

2299 1974 2396 2028 per
2444 1975 2603 2014 omne
2652 1962 2896 2030 corporis
2924 1963 3191 2017 transiens
3218 1962 3621 2016 instrumentum
3657 1960 3832 2014 intelle-

2298 2050 2561 2106 ctualibus
2589 2051 2957 2106 effectualihus
2990 2056 3007 2074 '
3035 2062 3245 2123 partes,
3274 2054 3413 2108 sicut
3458 2061 3639 2105 natura
3684 2059 3831 2118 aptum

2298 2149 2401 2207 est,
2432 2152 2800 2213 competenter
2826 2144 3073 2213 attingit:
3107 2152 3162 2199 et
3186 2145 3237 2198 in
3266 2145 3347 2198 his
3373 2144 3580 2213 quidem
3609 2144 3690 2212 qui
3709 2141 3831 2208 juxta

2297 2236 2647 2290 substantiam
2677 2246 2996 2307 permanent
3021 2238 3131 2293 vim
3167 2254 3275 2292 sua:
3302 2236 3622 2306 operationis
3647 2235 3793 2290 exerit
3816 2252 3827 2283 :

2300 2326 2354 2382 in
2384 2327 2467 2382 his
2501 2337 2681 2383 autem
2712 2344 2829 2397 qua:
2858 2344 2955 2399 per
2984 2329 3172 2382 vitium
3219 2327 3487 2403 quoddam
3532 2324 3829 2386 artiﬁciosum

2297 2429 2502 2482 motum
2549 2421 2667 2496 ejus
2711 2421 2997 2482 admittere
3045 2436 3339 2497 nequeunt,
3388 2424 3577 2495 praeter
3620 2422 3828 2477 effectum

2297 2519 2631 2587 operationis
2660 2519 2861 2573 existit.
2891 2518 3220 2573 Naturaliter
3266 2518 3409 2572 enim
3447 2515 3666 2585 quodam
3701 2512 3830 2567 modo

2297 2625 2452 2665 mens
2480 2618 2605 2681 apta
2634 2617 2715 2665 est
2744 2610 2798 2664 in
2827 2610 2911 2665 his
2947 2609 3202 2664 membris
3242 2608 3460 2678 proprie
3494 2611 3831 2674 congruenter-

2296 2717 2402 2772 que
2444 2703 2666 2767 versari,
2710 2717 2828 2771 qua:
2864 2717 2960 2757 sua
2998 2702 3259 2771 sospitate
3300 2705 3606 2769 vegetamur
3633 2713 3645 2748 :
3670 2694 3729 2747 ab
3764 2691 3830 2745 his

2296 2804 2476 2851 autem
2532 2810 2752 2867 prorsus
2804 2795 3068 2864 alienari,
3116 2808 3236 2863 qu:e
3285 2791 3511 2862 quadam
3564 2786 3829 2843 inﬁrmitate

2297 2898 2489 2943 vexata
2515 2897 2660 2943 sunt.

2229 1826 2273 1883 B

2228 3066 2241 3089 ς
2883 3027 3111 3085 CAPUT
3149 3025 3267 3081 XIII

2297 3139 2670 3211 Contemplatio
2699 3139 2933 3209 quazdum
2963 3137 3217 3211 naturalis
3245 3138 3320 3211 de
3361 3136 3570 3188 materia
3603 3142 3646 3186 et
3680 3139 3832 3184 natura

2771 3218 2819 3264 et
2848 3210 3031 3263 mentis
3060 3208 3405 3278 inspectione.

2366 3323 2494 3379 Mihi
2534 3339 2663 3378 vero
2692 3321 2904 3377 videtur
2931 3328 2985 3376 et
3012 3320 3134 3391 plus
3173 3333 3291 3375 esse
3343 3332 3499 3389 quam
3540 3310 3768 3368 naturalis
3793 3308 3832 3362 in

2294 3416 2396 3472 hac
2421 3422 2573 3486 parte
2601 3412 3003 3483 contemplatio,
3036 3426 3136 3481 per
3162 3424 3338 3479 quam
3368 3420 3638 3479 possumus
3670 3398 3832 3469 aliquid

2293 3510 2362 3565 de
2422 3506 2726 3562 utilioribus
2780 3502 3058 3560 informari
3112 3498 3480 3571 dogmatibus.
3532 3494 3656 3564 Quia
3703 3491 3834 3559 igitur

2293 3598 2553 3670 optimum
2575 3605 2631 3652 et
2652 3611 2919 3651 summum
2941 3609 3051 3665 pne
3076 3592 3337 3648 onmibus
3365 3608 3427 3647 ac
3446 3586 3737 3661 praaminens
3756 3581 3833 3635 bo-

2293 3705 2421 3745 num
2441 3697 2523 3745 est
2552 3690 2666 3760 ipsa
2696 3686 2974 3752 Divinitas,
3006 3684 3073 3740 ad
3099 3699 3259 3757 quam
3290 3684 3545 3739 universa
3572 3677 3830 3732 recurrunt.

2294 3796 2623 3854 quacunque
2664 3779 2792 3835 boni
2836 3776 3106 3833 desiderio
3152 3775 3521 3839 continentur,
3574 3767 3752 3824 idcirco
3789 3769 3832 3854 et

2293 3851 2551 3929 mentem,
2572 3871 2829 3936 fatemur,
2862 3876 2924 3924 ut
2951 3876 3079 3939 pote
3102 3866 3171 3922 ad
3200 3866 3488 3936 imaginem
3517 3862 3696 3916 factam
3729 3851 3826 3926 pul-

2292 3964 2545 4020 cherrimi
2594 3962 2924 4026 Conditoris,
2980 3959 3269 4031 quamdam
3318 3952 3699 4013 similitudinem
3736 3943 3826 4016 pri-

2293 4070 2473 4111 maevze
2500 4054 2684 4109 forma:
2710 4052 3000 4117 custodire,
3026 4058 3081 4106 et
3109 4051 3284 4120 ipsam
3318 4050 3372 4104 in
3412 4044 3619 4118 optimis
3644 4048 3827 4111 prorsus

2292 4147 2559 4211 existere;
2614 4145 2659 4200 si
2698 4160 2828 4200 vero
2867 4151 3021 4198 extra
3068 4157 3188 4197 eam
3235 4140 3419 4206 fuerit,
3460 4136 3683 4193 simulet
3708 4144 3761 4185 ea
3787 4127 3827 4179 in

2291 4254 2395 4308 qua
2443 4246 2561 4293 erat
2604 4236 3001 4308 pulchritudine
3030 4232 3310 4288 denudari.
3349 4231 3499 4286 Sicut
3526 4234 3690 4281 autem
3716 4217 3825 4317 dici-

2293 4345 2412 4384 mus
2441 4338 2673 4383 mentem
2700 4324 3045 4381 similitudine
3070 4321 3485 4394 pulchritudinis
3514 4318 3682 4372 formae
3707 4321 3826 4380 prm-

2226 4464 2229 4475 .
2264 4423 2479 4493 -cipalis
2519 4419 2723 4486 ornari,
2753 4416 2915 4473 veluti
2941 4416 3208 4485 quoddam
3235 4413 3510 4483 speculum
3545 4401 3825 4478 praeminen-

2294 4517 2362 4571 tis
2403 4514 2752 4585 impressione
2790 4510 3079 4580 refulgens,
3130 4511 3283 4578 juxta
3325 4506 3564 4565 eamdem
3599 4498 3823 4556 rationem

2222 4567 2269 4625 D
2294 4608 2461 4678 ipsam
2476 4567 2703 4677 rquoque
2726 4614 2969 4657 naturam
3010 4616 3041 4655 a
3082 4610 3285 4667 mente,
3312 4615 3419 4669 qua
3454 4595 3762 4664 dispensatur
3783 4588 3825 4681 (ξι

2290 4698 2514 4767 regitur,
2547 4695 2817 4751 credimus
2845 4692 3113 4749 contineri
3144 4692 3370 4761 ejusque
3396 4686 3572 4758 specie
3594 4682 3821 4736 decorari.

2292 4791 2485 4846 factam
2526 4788 2693 4843 veluti
2737 4785 3006 4855 quoddam
3052 4784 3327 4854 speculum
3357 4778 3575 4851 speculi.
3600 4772 3640 4827 A
3665 4772 3822 4863 natura

2291 4894 2506 4951 quoque
2552 4879 2804 4934 sustineri
2848 4876 2951 4931 hoc
2995 4874 3274 4929 materiale
3321 4878 3514 4927 nostrae
3556 4862 3821 4958 substattllm

2289 4950 2621 5040 profitemur,
2672 4968 2814 5023 circa
2854 4981 3014 5035 quam
3064 4963 3255 5019 eadem
3293 4971 3483 5018 natura
3520 4950 3819 5040 conspicitur-

2288 5035 2421 5117 Cum
2452 5060 2615 5128 igitur
2643 5059 2871 5114 alterum
2902 5056 3244 5112 contineatur
3288 5070 3355 5109 ex
3401 5050 3588 5112 altero,
3624 5055 3713 5114 per
3740 5035 3820 5090 1105

2288 5152 2466 5208 omnis
2491 5151 2633 5206 illius
2658 5149 2852 5205 summi
2880 5155 2936 5203 et
2972 5146 3087 5202 veri
3129 5141 3469 5230 participatio
3506 5128 3819 5230 consulting:

2288 5243 2547 5309 excurrit,
2594 5256 2693 5310 per
2729 5238 3061 5309 superiorem
3108 5236 3162 5291 id
3204 5233 3348 5305 quod
3391 5227 3603 5287 inferius
3644 5216 3818 5313 videi"?

2287 5339 2626 5388 exornatum.
2663 5330 2720 5386 Si
2748 5330 2965 5399 quando
2990 5343 3121 5384 vero
3150 5327 3307 5395 hujus
3348 5324 3502 5378 home
3528 5314 3817 5407 communit?

2287 5425 2369 5480 nis
2394 5424 2557 5479 fuerit
2582 5422 2724 5478 facta
2754 5388 3003 5485 divulsio,
3030 5425 3086 5474 et
3109 5433 3141 5473 e
3169 5413 3439 5473 contrario
3459 5402 3686 5477 superior
3703 5388 3814 5450 infe-

2285 5516 2425 5571 riora
2452 5521 2693 5570 sectatur
2724 5530 2737 5565 :
2764 5520 2889 5566 tunc
2914 5508 3230 5565 deformitas
3258 5502 3489 5560 materiae
3508 5493 3659 5566 ipsius
3680 5494 3816 5554 alii)"

2284 5616 2401 5663 reat
2425 5622 2547 5662 cum
2574 5621 2607 5659 a
2636 5612 2828 5659 natura
2859 5601 3143 5657 deseritur.
3175 5595 3420 5655 Informis
3449 5589 3582 5646 enim
3609 5573 3812 5663 ιιυωάπη

2283 5662 2370 5751 res
2408 5704 2463 5751 et
2506 5694 2865 5764 incomposita
2891 5699 2973 5746 est
3002 5691 3117 5760 ipsa
3157 5686 3417 5743 materies
3439 5694 3532 5751 per
3555 5688 3631 5740 se,
3653 5677 3702 5722 et
3722 5662 3814 5755 hac

2282 5785 2607 5841 iuformitate
2636 5763 2753 5854 ejus
2779 5781 2957 5849 simul,
2990 5790 3044 5836 et
3073 5775 3425 5852 pulchritudo
3464 5776 3655 5827 natura:
3682 5763 3818 5811 ωιτν
