4092 6348
253 369 371 425 565

1069 360 1247 415 unm
1290 359 1374 414 DE
1413 361 1799 416 cnnamum
1840 358 2119 416 1’10)!!le
2157 344 2725 413 tarsumenno.

3429 359 3532 411 5136

254 485 439 553 pitur,
478 495 596 551 qua:
637 476 830 533 mentis
873 473 1154 531 vivacitate
1190 476 1479 528 decoratur
1509 492 1521 525 :
1552 490 1615 529 ac
1659 476 1737 530 sic
1782 476 1848 530 ad
1880 484 1924 539 Α
1953 481 2101 527 motu
2147 472 2478 543 procedens,
2526 474 2579 526 in
2624 474 2726 528 hoc
2755 472 2915 526 liabet
2947 472 3209 528 existendi
3237 474 3343 528 vim
3375 489 3533 544 atque

256 576 435 642 ipsam
464 584 678 641 quoque
715 575 954 623 mentem
984 580 1080 635 per
1111 574 1314 620 natura:
1341 566 1606 620 defectum
1631 567 1845 621 deriva-

259 674 352 718 tur
378 661 625 717 materiei
650 658 982 722 deformitas,
1016 657 1089 711 ita
1130 665 1189 711 ut
1229 656 1404 723 imago
1443 656 1539 710 Dei
1583 657 1695 727 jam
1738 674 1849 713 non

261 757 440 826 possit
470 754 658 825 inspici
712 753 765 805 in
810 751 911 805 bac
960 749 1311 819 impressione
1357 747 1633 816 ﬁgmenti;
1686 751 1849 805 veluti

260 847 542 917 quoddam
566 859 793 913 namque
822 841 1127 912 speculum,
1160 840 1211 895 id
1251 850 1361 904 est,
1396 842 1648 896 bonitatis
1677 841 1848 897 forma

258 949 433 1009 atque
460 938 674 994 virtutis
700 944 823 1007 post
850 937 1069 991 dorsum
1097 950 1155 990 se
1183 950 1390 1005 ponens
1417 935 1599 1005 abjicit
1633 936 1847 1005 quidem

258 1032 572 1103 splendoris
599 1029 782 1086 eximii
810 1028 1135 1084 claritatem.
1164 1026 1550 1081 Informitatem
1581 1042 1711 1082 vero
1736 1043 1851 1080 ma-

257 1126 418 1182 teria:
461 1125 514 1179 in
555 1138 614 1179 se
651 1135 873 1192 prorsus
917 1119 1141 1174 assumit
1172 1136 1185 1172 :
1218 1117 1405 1173 ethoc
1436 1118 1597 1174 modo
1638 1115 1697 1172 fit
1723 1119 1851 1174 mali

262 1214 543 1281 nativitas,
592 1215 721 1269 boni
768 1213 1067 1284 privatione
1118 1211 1459 1281 subserpens.
1510 1210 1717 1266 Bonum
1768 1219 1853 1265 est

258 1314 469 1368 autem,
501 1304 758 1373 quidquid
801 1318 1011 1357 summo
1058 1302 1201 1357 bono
1236 1300 1599 1370 conjungitur,
1631 1299 1777 1369 quod
1805 1301 1850 1354 si

263 1405 427 1449 extra
478 1395 881 1449 similitudinem
934 1392 1090 1461 hujus
1144 1391 1443 1448 eil‘ectionis
1495 1390 1686 1458 fuerit,
1736 1393 1852 1447 sine

261 1488 413 1543 bono
440 1488 629 1557 procul
653 1488 815 1543 dubio
839 1486 1190 1557 permanebit.
1222 1485 1354 1540 Cum
1374 1485 1535 1554 igitur
1554 1484 1851 1539 secundum

260 1579 565 1649 inspectam
613 1578 881 1633 rationem
928 1584 1141 1633 constat
1190 1592 1310 1633 esse
1346 1591 1613 1631 summum
1649 1576 1850 1631 bonum

258 1667 414 1736 quod
454 1682 582 1721 vere
618 1666 818 1721 bonum
860 1676 965 1733 est,
1014 1682 1168 1722 mens
1213 1674 1391 1721 autem
1444 1666 1513 1720 ad
1565 1665 1853 1735 imaginem

260 1759 462 1813 summi
490 1757 620 1814 boni
646 1760 784 1813 facta
813 1767 914 1825 est,
944 1767 999 1814 et
1027 1760 1139 1829 ipsa
1166 1759 1374 1829 accepit
1403 1766 1460 1812 ut
1487 1759 1539 1814 ei
1581 1759 1720 1814 bene
1746 1760 1847 1826 sit;
1872 1778 1883 1815 λ
1906 1800 1926 1817 ,

1952 555 2270 634 potentiam,
2304 570 2363 617 ut
2390 580 2664 633 nunquam
2694 580 2914 633 prorsus
2940 581 2968 618 a
3000 577 3147 621 motu
3174 566 3407 633 desinat,
3439 566 3532 622 sed

1954 655 2129 725 veluti~
2165 652 2357 708 fluvius
2403 655 2618 724 quidam
2663 655 2820 724 juxta
2848 674 3004 713 suum
3036 655 3329 713 decurrens
3358 660 3530 728 impe-

1954 758 2088 813 tum,
2120 745 2335 815 plenum
2362 745 2577 817 quidem
2608 744 2943 803 demonstret
2982 749 3191 803 alveum
3231 765 3328 819 per
3373 766 3531 817 quem

1894 858 1913 869 ν
1951 837 2236 892 delabitur.
2288 824 2407 891 Non
2453 844 2631 890 tamen
2679 837 2865 891 eadem
2907 853 3045 907 aqua
3093 838 3237 893 circa
3286 840 3534 893 eumdem

1951 928 2126 1000 locum
2157 943 2277 983 esse
2317 927 2580 992 videatur,
2631 928 2726 982 sed
2773 928 2917 983 aliud
2962 929 3175 1000 quidem
3206 929 3321 999 ejus
3351 940 3529 984 trans-

1950 998 2137 1086 cu‘rrit,
2178 1020 2324 1075 aliud
2370 1036 2497 1075 vero
2544 1021 2856 1090 supervenit
2888 1038 2900 1073 :
2934 1021 3007 1074 ita
3039 1030 3089 1075 et
3119 1022 3222 1077 boc
3247 1022 3527 1077 materiale

1953 1112 2073 1165 vitae
2099 1112 2394 1182 prazsentis,
2428 1127 2526 1181 per
2550 1112 2837 1181 quemdam
2885 1121 3090 1166 motum
3142 1114 3533 1169 contrariorum

1950 1199 2219 1271 frequenti
2259 1202 2360 1257 sibi
2408 1203 2749 1258 successione
2792 1203 3062 1271 decurrat,
3092 1211 3146 1258 et
3175 1220 3204 1258 a
3232 1219 3535 1261 commuta-

1951 1294 2098 1348 tione
2120 1310 2215 1348 sua
2244 1303 2390 1349 stare
2418 1295 2633 1364 penitus
2663 1311 2767 1349 non
2798 1304 2995 1366 potest,
3025 1295 3117 1350 sed
3139 1296 3339 1367 quietis
3365 1296 3538 1367 impa-

1952 1387 2090 1441 tiens
2128 1386 2311 1457 jugem
2354 1387 2766 1442 conversionem
2794 1404 2973 1441 rerum
3004 1387 3249 1442 similiter
3275 1387 3534 1459 possidet.

1951 1477 2105 1545 Quod
2147 1479 2190 1534 si
2239 1480 2529 1551 aliquando
2560 1497 2590 1534 a
2617 1488 2768 1537 motu
2793 1480 3081 1550 destiterit,
3110 1482 3315 1551 pariter
3340 1490 3395 1535 et
3421 1497 3541 1537 esse

1951 1570 2230 1626 cessabit:
2278 1580 2337 1625 ut
2392 1580 2521 1642 puta
2581 1572 2964 1641 plenitudinem
3017 1573 3225 1629 relaxat
3272 1575 3537 1643 inanitas,

1953 1664 2189 1734 itemque
2217 1664 2463 1719 inanitati
2493 1664 2768 1734 plenitudo
2793 1665 3053 1733 succedit,
3095 1682 3315 1721 somnus
3360 1670 3530 1721 conti-

1953 1769 2118 1807 nuum
2148 1753 2448 1824 vigiliarum
2480 1755 2719 1810 laborem
2745 1764 3030 1810 sustentat.
3064 1756 3304 1826 Itemque
3345 1758 3538 1826 vigilim

260 1861 474 1905 statura
521 1864 655 1905 vero
697 1856 1059 1919 quam’mens
1101 1852 1361 1915 continet,
1410 1851 1561 1920 quasi
1606 1851 1848 1920 quaedam
1882 1855 1929 1914 B
1955 1844 2097 1915 quod
2128 1846 2423 1900 resolutum
2446 1862 2567 1902 esse
2596 1847 2879 1902 videbatur
2919 1849 3288 1917 consolidant,
3315 1859 3368 1903 et
3405 1866 3535 1905 ueu‘

264 1943 449 2010 imago
488 1957 610 1997 esse
644 1942 903 2011 probatur
942 1942 1190 2012 imaginis
1226 1959 1238 1995 :
1271 1940 1575 1997 ostenditur
1602 1957 1699 2011 per
1724 1942 1847 2007 hoc,

255 2031 410 2101 quod
456 2032 736 2087 materiale
782 2040 1026 2087 nostrum
1055 2041 1184 2089 tunc
1218 2032 1358 2088 bene
1396 2033 1651 2088 subsistat
1689 2041 1853 2102 atque

259 2122 407 2177 bene
453 2122 813 2185 contineatur,
854 2122 1069 2193 quando
1109 2136 1141 2175 a
1184 2130 1375 2177 natura
1422 2122 1761 2192 dispensatur
1796 2132 1853 2178 et

262 2216 491 2284 regitur.
520 2214 720 2270 lterum
749 2230 881 2271 vero
910 2215 1135 2271 solvitur
1154 2223 1317 2284 atque
1338 2214 1608 2284 dejicitur,
1636 2216 1851 2285 quando

263 2306 387 2374 ejus
428 2305 738 2376 provisione
784 2307 1042 2376 privatur,
1084 2306 1350 2376 simulque
1376 2321 1421 2361 ra
1458 2306 1589 2361 boni
1632 2306 1852 2377 c0pula-

265 2398 423 2453 tione
460 2397 789 2465 secluditur;
823 2399 927 2454 hoc
953 2408 1135 2454 autem
1162 2416 1271 2456 non
1310 2398 1369 2455 fit
1402 2400 1559 2455 aliter
1586 2400 1689 2455 nisi
1727 2416 1851 2456 cum

259 2489 331 2542 ad
353 2490 680 2545 contrariam
710 2499 915 2561 partem
943 2499 1149 2547 natura:
1176 2491 1340 2548 fuerit
1367 2492 1508 2549 facta
1533 2478 1849 2561 conversio,

260 2597 367 2638 nec
407 2581 473 2635 ad
514 2582 716 2637 bonum
757 2599 1024 2639 summum
1052 2584 1373 2639 desiderium
1402 2584 1519 2654 ejus
1545 2597 1849 2656 promovet,

258 2673 356 2727 sed
388 2671 519 2729 inde
542 2673 805 2739 declinat,
840 2674 986 2743 quod
1012 2674 1409 2744 pulchritudine
1448 2691 1668 2747 semper
1693 2691 1852 2746 egere

258 2762 531 2818 videatur.
566 2763 799 2820 Necesse
824 2773 909 2820 est
952 2766 1099 2833 enim,
1134 2766 1201 2821 ad
1243 2765 1640 2823 deformitatem
1681 2776 1852 2822 mate-

258 2854 362 2908 riei
391 2854 857 2923 despectissimam
899 2865 1063 2925 atque
1103 2854 1452 2912 fmdissimam
1485 2858 1852 2914 conformetur

257 2946 315 3000 id
356 2946 503 3015 quod
546 2947 949 3003 similitudinem
994 2949 1110 3019 ejus
1148 2950 1471 3018 assequitur.
1514 2950 1622 3005 Sed
1665 2952 1777 3006 haec
1817 2968 1849 3006 a

260 3037 423 3093 nobis
442 3038 673 3108 quadam
695 3042 1082 3109 consequentia
1104 3040 1247 3096 dicta
1272 3049 1416 3108 sunt,
1444 3057 1539 3111 per
1564 3043 1845 3112 inspectio-

257 3144 389 3185 nem
420 3130 751 3204 propositam
779 3133 1089 3201 subrogata.
1128 3131 1246 3188 Hoc
1285 3142 1463 3188 autem
1492 3135 1847 3204 quaerebatur,

1954 1945 2097 1987 trum
2131 1933 2325 1988 borum
2356 1935 2409 1989 in
2445 1935 2635 1991 eodem
2685 1944 2830 1990 statu
2871 1947 3174 2007 permanet,
3218 1940 3311 1993 sed
3359 1948 3540 1995 mutua

1961 2025 2063 2079 sibi
2114 2026 2399 2094 prmsentia
2448 2035 2733 2095 utrumque
2779 2028 3037 2083 succedit.
3087 2028 3273 2099 Itaque
3319 2046 3378 2085 se
3426 2032 3541 2101 ipsa

1952 2126 2143 2172 natura
2188 2119 2548 2173 mutationum
2600 2120 2803 2175 vicibus
2859 2122 3171 2191 innovante,
3221 2132 3280 2177 ut
3329 2134 3536 2194 partem

1892 2211 2203 2267 :ovidelicet
2257 2214 2536 2281 utriusque
2585 2215 2853 2284 recipiens
2902 2214 2969 2270 ab
3019 2215 3185 2271 altera
3234 2218 3427 2286 migret
3474 2220 3541 2273 ad

1955 2302 2203 2358 alteram.
2236 2302 2369 2359 Nam
2401 2303 2448 2358 si
2476 2318 2689 2374 semper
2724 2305 2921 2359 animal
2963 2307 3215 2375 persistat
3260 2307 3313 2361 in
3355 2323 3537 2377 opere,

1951 2394 2182 2451 intentio
2224 2395 2611 2464 disruptionem
2648 2396 3110 2464 divulsionemque
3148 2400 3378 2468 partium
3420 2415 3540 2468 qum

1955 2488 2264 2555 tenduntur,
2290 2488 2488 2545 eﬂiciet
2513 2508 2527 2542 :
2552 2491 2810 2545 continua
2836 2507 3049 2561 quoque
3071 2508 3359 2564 corporum
3388 2495 3541 2562 quies

1953 2578 2162 2634 ruinam
2199 2580 2491 2649 quamdam
2533 2582 2964 2651 solutionemque
3006 2592 3176 2639 status
3205 2585 3536 2655 operabitur.

1906 2670 2010 2735 gln
2043 2680 2287 2742 tempore
2313 2689 2443 2729 vero
2487 2673 2819 2729 moderatius
2867 2684 3154 2745 utrumque
3203 2685 3539 2746 perceptum,

1951 2760 2320 2817 fortitudinem
2348 2764 2416 2818 ad
2458 2764 2893 2833 permansionem
2939 2766 3253 2820 substantia:
3301 2782 3543 2820 commo-

1953 2850 2123 2918 dabit,
2170 2867 2290 2921 quae
2328 2869 2424 2924 per
2464 2854 2778 2925 continuum
2817 2854 2884 2907 ad
2935 2855 3207 2909 contraria
3259 2855 3541 2908 transitum

1957 2945 2208 3015 utrinque
2237 2945 2541 3000 alternante
2586 2946 2688 2999 sibi
2729 2946 3067 3001 successione
3114 2955 3417 3016 reparatur.
3451 2945 3541 3001 Sic

1952 3050 2083 3105 ergo
2125 3038 2593 3106 opportunitatem
2642 3038 2838 3106 quietis
2868 3045 3024 3092 nacta
3069 3046 3278 3105 natura,
3322 3038 3540 3093 distenti

1916 3180 1921 3181 γ
1954 3129 2148 3199 vigiliis
2176 3131 2421 3200 corporis
2469 3131 2744 3203 excogitat
2783 3132 3014 3204 qualiter
3050 3131 3231 3188 robori
3255 3130 3542 3189 subveniat

262 3233 453 3278 utrum
482 3224 535 3278 in
562 3223 739 3294 aliqua
762 3234 915 3297 parte
943 3225 1308 3283 membrorum
1336 3226 1714 3284 intellectualis
1744 3227 1855 3284 vir»
1881 3231 1926 3295 C
1959 3238 2055 3296 per
2100 3239 2386 3297 soporem,
2432 3236 2488 3283 et
2533 3230 2777 3283 sensibus
2821 3230 2890 3284 ab
2938 3229 3252 3298 operatione
3297 3230 3537 3293 semotis,

263 3322 354 3368 tus
382 3313 562 3369 locata
585 3316 674 3383 sit,
706 3327 797 3371 aut
830 3333 928 3387 per
963 3335 1153 3374 omnes
1193 3330 1343 3376 artus
1371 3337 1521 3390 requa
1552 3322 1708 3377 lance
1744 3324 1855 3378 dis-

258 3413 471 3461 currat.
513 3405 606 3462 His
652 3409 796 3465 enim
825 3411 916 3480 qui
957 3418 1196 3466 mentem
1238 3413 1319 3483 (ut
1355 3413 1604 3483 superius
1651 3414 1854 3469 dictum

260 3498 370 3568 est)
418 3498 680 3556 localibus
722 3501 1002 3557 includunt
1029 3505 1293 3574 partibus,
1325 3513 1382 3561 et
1413 3505 1482 3559 ad
1520 3505 1854 3561 demonstra-

263 3588 473 3643 tionem
495 3590 770 3659 opinionis
805 3607 914 3647 sute
937 3591 1234 3662 proferunt,
1261 3596 1406 3665 quod
1435 3610 1542 3650 non
1569 3611 1857 3666 prospere-

262 3687 353 3733 tur
380 3677 691 3736 intellectus
720 3698 909 3737 eorum
961 3684 1171 3752 quibus
1193 3694 1381 3740 contra
1419 3693 1665 3741 naturam
1705 3701 1857 3742 cere-

263 3768 351 3824 bri
399 3771 712 3827 membrana
761 3782 1018 3839 vexatur,
1082 3775 1318 3831 ostendit
1362 3777 1503 3833 ratio
1561 3777 1706 3847 quod
1757 3793 1857 3849 per

260 3875 458 3918 manes
502 3872 684 3933 partes
725 3865 975 3921 humanae
1015 3865 1466 3935 confirmationis,
1505 3869 1646 3925 sicut
1669 3879 1854 3939 aptum

260 3962 350 4009 est
380 3957 801 4027 unumquodque
846 3960 1179 4029 membrum,
1221 3962 1541 4017 naturaliter
1576 3972 1852 4033 operetur.

262 4045 527 4104 Similiter
549 4058 731 4105 autem
759 4052 840 4107 vis
865 4052 1058 4107 animae
1081 4061 1278 4122 praeter
1304 4053 1647 4109 efficientiam
1675 4056 1853 4110 subsi—
1892 4076 1913 4081 ν

262 4138 381 4201 stit,
415 4153 537 4193 cum
567 4140 746 4210 aliqua
773 4157 900 4212 pars
929 4143 1174 4212 corporis
1202 4144 1255 4197 in
1287 4154 1479 4198 natura
1510 4161 1615 4198 non
1646 4161 1857 4213 perma-

266 4236 380 4282 net.
414 4227 482 4283 Et
505 4240 727 4301 prepter
754 4232 869 4287 haec
898 4233 1076 4288 oblata
1118 4243 1201 4288 est
1238 4235 1474 4289 sermoni
1517 4244 1702 4289 nostro
1732 4252 1858 4305 pro-

267 4318 448 4385 posita
470 4333 865 4391 consequenter
887 4325 1167 4394 inspectio,
1194 4341 1293 4395 per
1316 4340 1476 4395 quam
1502 4326 1773 4382 discamus
1802 4329 1854 4381 in

268 4408 510 4467 hominis
556 4417 991 4484 constructione,
1051 4434 1083 4472 a
1134 4417 1245 4473 Deo
1300 4419 1516 4488 quidem
1570 4420 1857 4488 gubernari

1957 3318 2125 3372 otium
2158 3318 2224 3373 ad
2255 3327 2464 3389 tempus
2494 3321 2770 3390 impertit,
2802 3329 2858 3376 et
2879 3321 3043 3376 veluti
3071 3336 3240 3391 equos
3268 3330 3391 3391 post
3416 3336 3540 3376 cer-

1957 3411 2159 3465 tamina
2188 3413 2521 3481 sudoresque
2547 3429 2918 3483 compescens.
2950 3414 3265 3471 Necessaria
3292 3430 3422 3470 vero
3458 3424 3541 3470 est

1958 3501 2174 3572 corpori
2202 3504 2377 3572 quies,
2409 3512 2467 3558 ut
2493 3505 2611 3559 sine
2634 3505 3020 3574 impedimento
3048 3520 3264 3576 quoque
3292 3506 3443 3561 cibus
3484 3506 3541 3560 in

1938 3592 2136 3649 somnia
2157 3594 2397 3648 membra
2419 3609 2516 3664 per
2543 3597 2754 3651 occulta
2778 3596 2953 3651 eidem
2980 3598 3172 3651 itinera
3196 3596 3539 3661 diffundatur,

1954 3683 2101 3737 nulla
2129 3684 2443 3740 intentionis
2472 3684 2629 3741 obice
2651 3686 2935 3741 meabilem
2959 3687 3323 3756 praecludeth
3364 3696 3510 3741 trans
3534 3718 3537 3719 ν

1956 3789 2218 3843 gressum.
2251 3774 2384 3830 Nam
2413 3777 2553 3831 sicut
2581 3792 2648 3831 ex
2677 3776 2851 3832 infusa
2906 3778 3163 3832 imbribus
3212 3787 3375 3844 terra,
3415 3793 3539 3831 cum

1956 3864 2119 3920 radiis
2169 3866 2298 3920 solis
2326 3866 2438 3921 fota
2469 3864 2648 3933 fuerit,
2676 3882 2903 3937 vapores
2927 3868 3141 3938 quidam
3168 3867 3448 3934 caliginosi
3474 3868 3543 3921 de

1958 3954 2240 4026 profundis
2289 3957 2405 4027 ejus
2448 3958 2642 4013 finibus
2685 3959 3063 4027 extrahuntur,
3113 3959 3360 4015 similiter
3387 3961 3539 4015 etin

1958 4058 2141 4104 nostra
2172 4048 2229 4104 ﬁt
2254 4058 2396 4105 terra
2422 4069 2435 4103 :
2462 4067 2586 4105 cum
2616 4051 2767 4105 cibus
2796 4052 3118 4107 intrinsecus
3146 4052 3543 4120 eongenitoque

1957 4142 2139 4196 calore
2166 4140 2508 4209 decoquitur,
2540 4156 2711 4210 vapor
2736 4143 2950 4211 quidam
2974 4143 3312 4206 naturaliter,
3339 4151 3544 4210 utpote

1958 4248 2170 4297 aereus,
2201 4233 2270 4286 ad
2307 4247 2538 4301 superna
2579 4232 2878 4299 contendit,
2928 4240 2984 4287 et
3020 4233 3183 4287 veluti
3232 4232 3408 4285 [mnus
3446 4246 3545 4300 per

1958 4328 2122 4381 rimas
2172 4326 2391 4394 parietis
2437 4335 2728 4395 penetrans
2774 4326 2840 4379 ad
2888 4326 3080 4395 capitis
3118 4325 3236 4379 loca
3274 4324 3541 4393 pervenit,

1960 4416 2084 4472 inde
2129 4430 2225 4486 per
2272 4416 2446 4471 dictos
2495 4414 2735 4471 adnexus
2765 4416 3011 4471 sensibus
3055 4416 3356 4471 exbalatur.
3392 4412 3544 4469 Unde

267 4515 508 4559 mentem
527 4546 542 4570 ,
577 4522 606 4561 a
635 4517 816 4563 mente
860 4525 990 4565 vero
1034 4511 1367 4566 materialem
1405 4510 1568 4566 vitam
1613 4522 1854 4567 nostram
1894 4522 2181 4572 :5'necesse
2204 4517 2304 4575 est,
2329 4516 2458 4563 tunc
2478 4523 2667 4563 sensus
2685 4509 2852 4563 otium
2874 4522 3061 4576 gerere
3082 4523 3342 4578 vaporum
3370 4515 3544 4562 trans-

267 4596 565 4663 centineri,
599 4614 721 4652 cum
753 4599 805 4654 in
836 4610 1025 4656 natura
1051 4603 1291 4671 persistit
1326 4620 1339 4656 :
1370 4603 1417 4659 si
1444 4618 1574 4658 vero
1605 4619 1635 4658 a
1665 4612 1855 4660 natura
1890 4614 1931 4669 ί)
1958 4602 2235 4668 gressione
2265 4602 2534 4657 detentos.
2569 4599 2724 4656 Oculi
2764 4602 2926 4671 sopiti
2966 4611 3113 4669 sunt,
3150 4610 3205 4657 et
3258 4601 3543 4670 ralpebra-

266 4690 609 4757 discesserit,
640 4695 802 4749 etiam
834 4698 1222 4765 eooperatione
1255 4699 1454 4752 mentis
1496 4714 1615 4753 eam
1655 4700 1859 4769 privari

266 4795 490 4851 necesse
518 4792 621 4838 est.
653 4782 759 4839 Sed
788 4795 1124 4842 revertamur
1148 4804 1334 4844 rursus
1362 4789 1502 4845 unde
1522 4790 1746 4859 digressi
1769 4808 1859 4847 su~

268 4887 419 4936 mus,
466 4873 614 4944 quod
658 4876 704 4933 si
754 4877 808 4932 in
850 4893 913 4933 ea
962 4893 1083 4948 quae
1122 4895 1154 4935 a
1192 4882 1426 4936 naturali
1471 4885 1859 4941 constitutione

266 4963 491 5019 omnino
512 4968 822 5023 emrbitant
848 4984 946 5039 per
969 4970 1202 5041 aliquam
1234 4973 1557 5043 passionem,
1581 4978 1857 5045 proprium
1882 4998 1883 5001 η

272 5065 427 5108 mens
458 5066 641 5111 servet
674 5057 958 5125 eﬂ‘ectum,
991 5068 1047 5115 et
1074 5061 1128 5115 in
1158 5061 1240 5117 his
1277 5061 1495 5133 quidem
1524 5079 1642 5133 quae
1678 5066 1861 5135 vigent

272 5138 559 5198 incolumis
608 5156 814 5214 manet,
863 5148 1036 5218 impos
1077 5163 1208 5204 vero
1256 5148 1315 5206 fit
1364 5150 1418 5205 in
1466 5150 1549 5206 his
1592 5166 1711 5220 qum
1749 5169 1856 5207 non

272 5240 482 5298 queunt
510 5233 615 5289 vim
646 5236 764 5306 ejus
790 5238 1122 5307 operationis
1151 5240 1420 5309 excipere.
1445 5239 1547 5296 Fas
1573 5251 1657 5297 est
1677 5250 1857 5297 autem

272 5329 330 5375 et
356 5337 425 5377 ex
452 5324 571 5380 aliis
600 5327 763 5381 rebus
802 5328 1171 5397 hujuscemodi
1200 5329 1463 5396 dogmatis
1492 5327 1703 5385 firmare
1730 5348 1860 5387 sen-

274 5415 546 5471 tentiam:
578 5427 636 5474 et
666 5419 766 5474 nisi
794 5434 956 5488 grave
984 5435 1049 5475 ac
1075 5420 1360 5474 molestum
1388 5428 1493 5486 est,
1521 5422 1856 5489 praesentiam

273 5509 544 5564 sermonis
579 5509 835 5585 fatigatus
871 5512 1034 5569 etiam
1072 5512 1141 5568 de
1182 5512 1269 5568 his
1309 5513 1521 5582 paucis,
1550 5522 1607 5568 ut
1645 5523 1858 5583 potero,

275 5600 577 5669 explicabo.

868 5694 1098 5752 CAPUT
1137 5692 1278 5752 XIV.

312 5781 392 5837 De
416 5801 593 5841 somno
621 5795 672 5841 et
698 5789 1021 5853 oscitatione,
1053 5797 1102 5842 et
1132 5788 1195 5842 de
1218 5786 1435 5843 somniis
1458 5786 1810 5841 ratiocinatio.

352 5876 642 5935 Materialis
683 5879 797 5935 brec
844 5890 899 5935 et
948 5878 1087 5935 fluxa
1139 5880 1382 5951 corporis
1427 5879 1536 5936 vita
1564 5893 1779 5950 semper
1807 5878 1859 5933 in

1961 4707 2079 4746 rum
2102 4690 2428 4748 obductione
2451 4691 2615 4746 veluti
2637 4691 2867 4761 quodam
2896 4692 3220 4746 mechanica:
3240 4692 3371 4745 artis
3389 4706 3545 4760 reque

1961 4782 2202 4853 pondere
2242 4790 2603 4853 conteguntur
2654 4784 2832 4854 :ipsis
2887 4798 3104 4853 quoque
3156 4784 3444 4854 vaporibus
3491 4791 3547 4836 et

1965 4876 2180 4931 auditus
2208 4876 2525 4941 obstruitur,
2565 4884 2620 4930 et
2664 4877 2817 4945 quasi
2860 4877 3107 4945 quodam
3140 4878 3281 4931 ostio
3328 4875 3547 4930 auribus

1967 4965 2218 5035 imposito
2263 4980 2295 5018 a
2344 4980 2441 5019 sua
2490 4966 2719 5019 naturali
2766 4967 3081 5035 operatione
3126 4964 3365 5021 feriatur.
3421 4964 3547 5020 ﬂatu

1964 5064 2145 5111 autem
2194 5056 2316 5111 talis
2362 5058 2544 5127 passio
2592 5074 2816 5113 somnus
2869 5059 3085 5128 dicitur,
3132 5059 3447 5114 vacantibus
3490 5073 3547 5112 ιη

1963 5160 2193 5215 corpore
2232 5146 2496 5214 sensibus,
2547 5156 2602 5202 et
2639 5148 2793 5216 juxta
2845 5149 3141 5202 naturalem
3183 5155 3385 5202 motum
3414 5148 3547 5201 nihil

1965 5253 2186 5306 prorsus
2234 5239 2557 5307 agentibus,
2614 5248 2672 5293 ut
2723 5241 3050 5308 digestiones
3100 5254 3345 5293 escarum
3401 5239 3548 5294 exitu
3610 5264 3613 5267 -

1966 5328 2205 5385 faciliore
2229 5331 2564 5399 proveniant,
2590 5330 2796 5386 et'suos
2824 5339 3035 5385 meatus
3063 5330 3178 5399 ipsa
3200 5330 3547 5387 exhalatione

1966 5428 2356 5475 transcurrant.
2387 5422 2726 5492 Quapropter
2750 5422 2793 5476 si
2818 5428 3237 5489 coangustentur
3280 5421 3360 5475 his
3385 5423 3549 5476 exba-

1965 5511 2256 5566 lationibus
2298 5528 2360 5565 ea
2405 5513 2522 5567 loca
2545 5528 2664 5580 qua:
2689 5513 2828 5567 circa
2858 5526 3046 5567 sensus
3072 5521 3215 5579 sunt,
3247 5523 3301 5566 et
3320 5514 3550 5581 quadam

1966 5617 2188 5659 somnus
2226 5605 2579 5673 occupatione
2629 5602 2886 5670 tardetur,
2916 5618 3115 5673 vapore
3161 5605 3546 5674 complentur:

1954 5692 2020 5751 et
2039 5699 2164 5766 quia
2190 5714 2259 5754 ex
2288 5699 2470 5755 nervis
2503 5707 2719 5756 constat
2744 5714 2865 5756 esse
2889 5703 3211 5772 composita,
3240 5711 3299 5756 ut
3322 5702 3448 5757 colli
3487 5716 3549 5755 ac

1966 5788 2195 5845 faucium
2242 5792 2563 5847 naturaliter
2605 5809 2673 5849 ex
2716 5808 2837 5851 sese
2879 5793 3194 5861 tenduntur,
3244 5796 3315 5851 ita
3356 5803 3414 5848 ut
3452 5808 3549 5863 per

1967 5879 2106 5935 banc
2128 5881 2521 5953 extensioncm,
2554 5886 2639 5943 illa
2662 5902 2781 5957 quae
2811 5885 3020 5942 fuerant
3049 5898 3358 5955 compressa
3380 5898 3548 5953 vapo-
