4092 6348
557 324 659 380 567

1836 321 2188 378 DIONYSIUS
2225 318 2537 373 EXIGUL'S.
3673 328 3756 380 303

556 447 731 514 ribus,
770 451 1083 509 termentur,
1138 451 1193 495 ut
1241 444 1351 496 ﬁeri
1396 443 1538 495 solet
1582 443 1648 495 ab
1690 443 1771 495 liis
1819 442 1909 509 qui
1958 450 2133 493 vestes
2166 440 2209 497 Α
2239 436 2404 489 satrix
2449 435 2535 488 illa
2574 434 2811 503 potentia
2860 433 3102 502 corporis
3152 433 3491 504 approbatur,
3530 439 3757 508 siquidem

553 540 752 595 infusus
810 538 972 595 nimia
1027 542 1427 610 cmupressionc
1483 548 1797 609 torquentes
1849 540 2129 592 humorem

553 647 768 688 omnem
818 634 1061 687 nituntur
1108 631 1441 701 exprimere;
1499 639 1553 686 et
1600 632 1723 700 quia
1780 638 1963 699 partes
2014 644 2132 697 qua:

528 728 691 796 ,circa
722 724 901 781 fauces
930 734 1073 789 sunt,
1098 724 1442 779 rotundiores
1464 725 1730 787 videnlur,
1754 721 2133 789 abundantque

552 819 750 885 nervis,
784 827 843 872 ut
883 819 1082 873 dictum
1114 825 1223 881 est,
1257 819 1298 871 si
1330 817 1545 885 quando
1575 815 1803 871 discludi
1834 813 1900 867 ab
1927 813 2010 866 his
2039 827 2133 864 va-
2154 818 2191 854 5

550 927 741 981 porum
770 910 1175 965 crassitudinem
1223 908 1495 973 convenit,
1544 907 1667 977 quia
1712 904 2038 975 impossibile
2065 904 2133 957 sit

550 1001 932 1057 rotunditatem
961 1008 1264 1070 porrectam
1287 1000 1517 1065 ostendi,
1538 1000 1639 1053 nisi
1668 999 1718 1053 id
1740 1014 1836 1053 suo
1862 997 2133 1052 schemate

550 1100 794 1163 peragat,
822 1092 1021 1146 idcirco
1047 1092 1267 1146 relictus
1298 1091 1350 1144 in
1382 1093 1699 1145 oscitatione
1729 1090 1949 1161 Spiritus
1977 1103 2131 1141 men-

552 1196 664 1238 tum
693 1184 908 1253 quidem
941 1184 1192 1238 deorsum
1225 1183 1290 1237 ad
1314 1183 1476 1238 facies
1499 1184 1725 1254 quadam
1749 1181 2133 1236 concavatione

550 1275 835 1343 pertrahit,
866 1282 922 1329 et
950 1275 1156 1329 cunctis
1185 1274 1408 1329 interius
1437 1275 1488 1329 in
1531 1275 1662 1328 orbe
1702 1273 2005 1343 patefactis,
2035 1289 2134 1326 uu-
2155 1289 2198 1321 ιο

549 1366 682 1421 dosa
714 1365 802 1419 illa
828 1364 1119 1435 spissitudo
1146 1381 1264 1435 quae
1289 1366 1342 1419 in
1372 1366 1501 1435 ipsis
1529 1366 1664 1420 locis
1710 1364 1979 1421 insederat
2025 1365 2132 1435 spi—

553 1460 664 1515 ritu
731 1458 1070 1530 prepellente
1133 1459 1400 1527 dirigitur.
1459 1458 1794 1527 Frequenter
1847 1468 2025 1512 autem
2080 1467 2134 1511 et

555 1558 676 1618 post
703 1564 949 1605 somnum
991 1549 1145 1604 nobis
1191 1550 1418 1620 idipsum
1460 1549 1598 1603 solet
1626 1547 1887 1613 accidere,
1916 1563 2037 1603 cum
2066 1563 2132 1602 ex

554 1642 660 1696 illis
686 1642 978 1711 vaporibus
1018 1640 1336 1709 indigestum
1384 1640 1511 1711 quid
1554 1638 1714 1694 fuerit
1761 1639 2128 1694 subrelictum.

550 1731 626 1788 Ex
654 1733 738 1787 his
767 1733 947 1802 itaque
975 1733 1152 1787 causis
1180 1748 1285 1787 uua
1313 1747 1463 1786 mens
1486 1729 1764 1786 evidenter
1810 1730 2187 1795 ostenditurps

2238 542 2388 579 meus
2436 526 2617 580 usibus
2662 525 2837 580 cibum
2885 525 3149 594 providet,
3189 540 3376 580 sensus
3418 534 3582 582 autem
3625 534 3761 586 sumit

2236 620 2375 688 quod
2427 620 2698 688 provisum
2749 625 2849 683 est,
2895 634 2957 672 ea
3012 634 3143 673 vero
3194 620 3429 689 corporis
3467 622 3622 677 virtus
3662 639 3762 693 qua:

2235 711 2575 764 nutrimentis
2606 710 2862 777 invigilat,
2898 710 3113 779 proprie
3142 711 3237 764 sibi
3268 712 3405 781 quod
3434 711 3581 767 datur
3605 716 3764 785 aequi.

2234 798 2336 863 rit;
2370 799 2440 852 ita
2479 814 2574 868 per
2614 808 2858 853 somnum
2890 799 3068 853 ablato
3098 801 3282 854 harum
3314 805 3647 871 potentiarum
3682 821 3765 861 usu

2234 888 2631 957 quodammodo
2662 897 3063 943 commutantur
3092 890 3143 943 in
3192 892 3361 956 nobis,
3403 900 3456 947 et
3499 894 3685 949 obtinet
3723 898 3766 951 id

2234 979 2377 1046 quod
2404 980 2822 1034 irrationabilius
2843 995 2965 1035 esse
2997 981 3271 1050 probatur.
3315 983 3544 1038 Aliorum
3580 987 3764 1053 quidem

2234 1068 2521 1124 efﬁcientia
2552 1071 2903 1140 conquiescit,
2930 1086 3037 1125 non
3067 1080 3247 1127 tamen
3276 1074 3489 1128 omnino
3528 1076 3770 1144 restringi-

2234 1166 2340 1213 tur.
2386 1159 2535 1214 Tunc
2574 1161 2714 1215 enim
2744 1161 2824 1214 vis
2871 1160 3034 1214 animi
3079 1163 3168 1231 qui
3213 1164 3544 1219 nutrimentis
3584 1166 3768 1228 insistit,

2234 1251 2474 1320 quamvis
2503 1267 2600 1321 per
2636 1267 2886 1321 soporem
2934 1253 3000 1307 ad
3040 1253 3352 1321 digestionis
3381 1255 3651 1309 contendat
3673 1257 3770 1310 olli-

2234 1342 2373 1396 cium
2403 1358 2725 1411 omnemque
2756 1352 2999 1398 naturam
3030 1346 3130 1399 sibi
3162 1361 3351 1401 vacare
3382 1326 3769 1415 [ennittatﬁNon

2234 1433 2375 1487 enim
2407 1433 2475 1486 ab
2505 1433 2610 1487 hac
2639 1434 2754 1502 ejus
2792 1436 3107 1503 operatione
3133 1438 3372 1506 potentia
3418 1438 3502 1491 illa
3544 1440 3771 1493 sensualis

2234 1524 2581 1592 abstraliitur,
2615 1541 2715 1580 nec
2741 1526 2881 1579 enim
2913 1526 2990 1580 fas
3019 1536 3104 1582 est
3130 1528 3273 1596 quod
3304 1529 3466 1581 semel
3497 1530 3774 1584 naturaliter

2234 1617 2441 1671 mitum
2466 1631 2567 1682 esr,
2600 1618 2769 1686 possit
2797 1618 2998 1686 divelli,
3029 1622 3121 1673 sed
3147 1620 3457 1678 elucescere
3486 1637 3583 1681 non
3624 1631 3773 1692 potest

2234 1708 2349 1776 ejus
2377 1707 2619 1772 effectus,
2649 1708 2820 1763 somni
2852 1710 2963 1762 otio
3006 1710 3312 1780 impeditus.
3354 1710 3462 1766 liae
3502 1713 3668 1783 itaque
3704 1730 3773 1767 ra-

553 1824 698 1893 quod
738 1799 942 1878 nam’m
990 1838 1291 1892 congruens
1320 1831 1480 1893 atque
1508 1823 1852 1877 consentiens
1891 1837 2010 1877 esse
2052 1823 2130 1877 ‘.i_
2165 1802 2208 1862 Β
2237 1799 2382 1853 tione
2410 1815 2531 1854 cum
2563 1814 2622 1855 se
2652 1816 2803 1854 mens
2829 1800 2896 1853 ad
2927 1801 3193 1855 sensibilis
3222 1802 3386 1891 animi
3417 1805 3633 1872 speciem
3669 1819 3771 1858 vcr-

550 1915 741 1969 deatur
775 1932 787 1966 :
819 1914 947 1968 dum
988 1913 1244 1981 vigilante
1274 1913 1361 1966 illa
1392 1920 1447 1966 et
1472 1912 1586 1966 haec
1615 1927 1741 1965 suos
1761 1910 1981 1965 elfectus
2004 1925 2132 1965 exe-

550 2013 657 2071 rat,
697 2005 934 2059 resoluta
975 2019 1103 2058 vero
1146 2004 1199 2057 in
1229 2019 1478 2058 somnum
1508 2002 1668 2057 etiam
1698 2018 1852 2057 mens
1879 2001 2133 2072 persistat

554 2095 842 2150 immobilis
868 2113 881 2147 :
909 2095 1008 2149 nisi
1034 2095 1173 2149 forte
1199 2095 1606 2162 imaginationes
1627 2093 1959 2149 somniorum
1981 2108 2133 2147 men-

550 2187 620 2242 tis
649 2186 971 2255 agitationes
1002 2201 1120 2240 esse
1148 2184 1267 2255 quis
1287 2184 1533 2249 aestimet,
1564 2198 1789 2252 eamque
1817 2191 2129 2253 operantem
2154 2196 2205 2227 λπ

549 2291 647 2346 per
671 2290 920 2345 soporem
950 2274 1060 2329 suis
1082 2274 1315 2329 motibus
1338 2273 1643 2328 arbitretur.
1668 2272 1774 2327 Nos
1799 2282 1977 2327 autem
2001 2288 2133 2327 con-

550 2372 755 2419 stanter
796 2364 1086 2419 asserimus
1128 2378 1247 2418 eam
1289 2362 1459 2417 solam
1491 2362 1758 2416 actionem
1798 2362 1865 2415 ad
1896 2369 2129 2416 mentem

550 2453 910 2518 referendam,
940 2468 1059 2522 quae
1086 2452 1349 2522 sapientia
1377 2452 1709 2522 consilioque
1737 2450 2025 2521 perlicitur.
2055 2450 2129 2506 Ea

549 2559 679 2599 vero
719 2558 839 2613 qua:
884 2558 982 2613 per
1025 2558 1271 2597 somnum
1300 2542 1735 2611 phantasmatum
1779 2541 2130 2597 deliramenta

550 2635 893 2703 proveniunt,
926 2634 1335 2702 imaginationes
1364 2633 1623 2703 quasdam
1652 2632 1953 2689 efﬁcientia:
1982 2650 2133 2689 ruen-
2158 2666 2167 2671 -
2188 2660 2203 2683 ;

551 2726 619 2781 tis
664 2725 976 2795 opinamur,
1025 2739 1158 2793 quas
1201 2724 1582 2779 irrationabilis
1624 2740 1749 2795 pars
1797 2725 1987 2779 anima:
2035 2741 2134 2795 per

550 2816 848 2873 accidentia
876 2830 1102 2886 qumque
1132 2814 1411 2883 conﬁngit.
1455 2814 1647 2870 Anima
1674 2815 1872 2885 quippe
1901 2832 1931 2869 a
1960 2818 2132 2871 sensi-

548 2908 648 2962 bus
694 2914 915 2962 avocata
966 2921 1065 2976 per
1110 2920 1381 2970 somnum,
1436 2920 1657 2961 necesse
1704 2914 1787 2961 est
1834 2914 1893 2960 ut
1938 2909 2132 2962 mentis

548 3011 765 3066 quoque
792 2996 1031 3066 privetur
1053 2992 1266 3050 eﬁ'ectu.
1304 2994 1407 3050 Per
1436 3011 1627 3051 sensus
1668 2997 1810 3051 enim
1847 2997 1914 3051 ad
1957 2997 2133 3051 homi-

550 3103 669 3143 nem
711 3086 1109 3156 quodammodo
1154 3088 1394 3142 reversio
1443 3089 1637 3144 mentis
1662 3087 1910 3153 efﬁcitur,
1942 3089 2131 3158 quibus
2154 3106 2221 3153 ,λοι

548 3178 860 3233 vacantibus
889 3186 944 3231 et
972 3178 1379 3247 intelligentiam
1416 3194 1637 3235 necesse
1658 3186 1737 3233 est
1760 3179 1917 3234 otiari
1945 3198 1955 3231 :
1984 3181 2135 3247 cujus
2169 3180 2205 3233 tl

548 3268 623 3323 rei
656 3274 1026 3335 argumentum
1076 3276 1180 3336 est,
1235 3270 1380 3338 quod
1430 3270 1737 3341 frequenter
1785 3271 2131 3340 ineptissimis

549 3367 712 3427 atque
732 3357 1042 3412 vvanissimis
1073 3358 1258 3412 formis
1286 3358 1614 3415 dormientes
1643 3359 1917 3414 illudimur
1943 3377 1955 3412 :
1988 3360 2131 3428 quod

552 3462 889 3518 nequaquam
908 3445 1092 3513 rﬁeret,
1137 3449 1181 3503 si
1224 3448 1451 3504 consilio
1478 3457 1605 3505 tunc
1633 3451 1809 3506 anima
1840 3458 1895 3506 et
1922 3453 2133 3507 ratione

551 3546 846 3608 regeretur.
898 3537 1008 3594 Sed
1057 3540 1189 3593 mihi
1235 3539 1466 3605 videtur,
1519 3556 1640 3596 cum
1688 3544 2004 3611 prmsentior
2053 3546 2197 3598 vis"?

552 3629 763 3695 animas,
787 3629 837 3684 id
866 3638 950 3685 est
977 3629 1262 3685 efﬁcientia
1296 3632 1491 3686 mentis
1511 3641 1565 3686 et
1591 3647 1844 3688 sensuum
1874 3636 2129 3704 conquie-

552 3720 670 3785 scit,
704 3719 849 3773 illam
880 3721 1250 3776 tantummodo
1280 3730 1485 3792 partem
1516 3722 1635 3791 ejus
1665 3723 1717 3777 in
1747 3726 1970 3781 somniis
1997 3742 2130 3797 ope-

553 3811 679 3874 rari,
722 3825 843 3880 qua:
893 3811 1217 3865 nutrimenta
1261 3814 1699 3882 incrementaque
1742 3815 2033 3885 dispensat.
2076 3818 2131 3871 Si

552 3908 731 3956 autem
759 3902 863 3959 hoc
892 3902 963 3957 ita
994 3910 1096 3965 est.
1128 3904 1337 3958 somnia
1365 3920 1482 3975 quae
1522 3905 1655 3960 ﬁunt
1692 3914 1747 3961 et
1792 3907 2133 3976 imaginatio-

553 4006 648 4046 nes
676 3992 921 4047 sensibus
945 4000 1001 4047 et
1040 3992 1405 4063 intelligentia:
1442 4006 1801 4067 congruentes
1840 3999 1942 4053 hac
1971 4001 2189 4055 nimi-rs

553 4099 671 4137 rum
700 4098 861 4138 causa
890 4084 1226 4153 contingunt.
1260 4085 1601 4158 Quaecunque
1629 4089 1783 4145 nobis
1814 4105 1912 4160 per
1940 4092 2131 4146 anima:

552 4182 777 4239 partem,
811 4172 862 4226 in
888 4188 994 4242 qua
1025 4175 1281 4229 memoria
1328 4178 1513 4253 viget,
1544 4179 1802 4249 impressa
1844 4189 1987 4245 sunt,
2022 4182 2135 4238 lucc

551 4262 757 4328 eadem,
805 4272 861 4317 ut
905 4279 1024 4319 sors
1075 4266 1335 4330 attulerit,
1382 4270 1547 4323 veluti
1589 4270 1764 4339 pietas
1812 4273 1922 4328 oris
1970 4289 2134 4344 opere

552 4350 870 4420 formantur,
903 4351 1221 4422 ﬁguratione
1249 4356 1481 4425 quadam
1518 4359 1718 4428 jugiter
1743 4361 2050 4417 adhaerente
2080 4364 2133 4419 in

556 4443 656 4498 hac
675 4444 856 4513 specie
882 4445 1072 4499 animae
1100 4460 1205 4516 qua
1234 4449 1495 4503 memoria
1522 4452 1847 4507 continetur.
1895 4452 1989 4509 His
2028 4456 2130 4509 ita-
2170 4470 2177 4495 νν

2239 1890 2321 1954 lit,
2354 1904 2691 1961 consequens
2730 1900 2813 1945 est
2856 1906 2975 1945 cum
3017 1892 3102 1947 hic
3147 1884 3416 1960 movetur,
3446 1895 3518 1947 uti
3566 1902 3616 1947 et
3653 1894 3773 1947 illam

2234 1982 2472 2037 dicamus
2503 1982 2706 2037 moveri
2735 1983 2953 2052 pariter,
2976 1992 3168 2037 etcum
3200 1984 3451 2052 quiescit,
3476 1985 3622 2038 simili
3641 1985 3775 2039 modo

2233 2072 2536 2141 quiescere.
2587 2072 3049 2139 Quemadmodum
3099 2089 3231 2127 vero
3283 2074 3424 2129 circa
3472 2075 3634 2143 ignem
3682 2075 3775 2128 hate

2236 2162 2349 2219 ﬁeri
2399 2165 2643 2219 naturale
2689 2173 2790 2229 est,
2843 2173 2900 2218 ut
2945 2181 3066 2219 cum
3114 2166 3287 2235 paleis
3330 2165 3556 2235 undique
3593 2166 3771 2234 tegitur.

2234 2255 2490 2325 nulloque
2536 2256 2804 2326 spiraculo
2849 2255 3154 2322 suscitatur,
3188 2272 3291 2311 nec
3321 2257 3516 2311 circum
3554 2266 3681 2311 tecta
3707 2256 3777 2309 de-

2236 2351 2436 2412 pascat,
2492 2358 2591 2398 nec
2638 2344 2852 2414 penitus
2901 2343 3303 2412 exstinguatur,
3353 2345 3443 2399 sed
3474 2361 3566 2415 pro
3595 2345 3773 2399 ﬂamma

2233 2434 2448 2502 quidem
2481 2433 2654 2489 fumus
2675 2441 2947 2502 exsurgat,
2972 2435 3115 2503 quod
3146 2436 3188 2489 si
3216 2436 3487 2504 paululum
3511 2442 3775 2491 commotus

2236 2524 2420 2589 fuerit,
2469 2525 2613 2578 illico
2644 2522 2819 2579 fumus
2846 2526 3113 2579 excitatur
3149 2526 3201 2578 in
3227 2524 3495 2580 ﬂammam
3526 2545 3537 2579 :
3568 2526 3777 2579 similiter

2212 2624 2288 2669 ’et
2313 2631 2466 2670 mens
2494 2616 2609 2670 otio
2641 2630 2896 2669 sensuum
2927 2623 3169 2684 tempore
3199 2617 3414 2685 soporis
3441 2617 3657 2681 obtecta,
3693 2629 3776 2669 nec

2234 2706 2447 2760 elucere
2477 2720 2575 2775 per
2629 2720 2723 2760 eos
2775 2712 2974 2774 potest,
3016 2721 3116 2759 nec
3161 2721 3389 2774 prorsus
3430 2706 3675 2775 intercipi,
3700 2703 3777 2759 sed

2234 2796 2399 2850 instar
2418 2796 2610 2850 summi
2632 2795 2842 2852 videtur
2864 2796 3098 2864 operari,
3116 2797 3167 2849 iu
3192 2796 3377 2865 aliquo
3398 2796 3599 2865 quidem
3622 2809 3774 2864 egens,

2236 2890 2286 2943 in
2317 2889 2496 2957 aliquo
2529 2904 2655 2942 vero
2684 2889 2983 2958 praavalens
3017 2907 3029 2941 :
3063 2896 3116 2942 et
3144 2888 3287 2942 sicut
3343 2888 3595 2957 quispiam
3639 2887 3777 2940 musi-

2232 2996 2348 3046 cus,
2378 2979 2627 3034 resolutis
2658 2978 2786 3050 lym
2818 2980 3064 3043 nexibus,
3097 2979 3143 3033 si
3174 2978 3440 3048 plectrum
3481 2978 3642 3033 cordis
3674 2975 3775 3043 inji-

2233 3072 2360 3137 ciat,
2402 3086 2507 3125 non
2559 3071 2607 3125 ei
2656 3070 2952 3125 modulatio
2996 3080 3374 3141 competenter
3417 3071 3635 3126 occurrit
3677 3069 3777 3139 (nec

2241 3162 2384 3217 enim
2432 3170 2710 3217 extentum
2755 3162 2897 3231 quod
2950 3178 3054 3217 non
3085 3173 3167 3217 est
3211 3173 3341 3233 apte
3382 3161 3675 3232 resonabit),
3700 3160 3776 3215 sed

2238 3254 2554 3323 plerumque
2600 3270 2789 3308 manus
2834 3254 3125 3309 artiliciose
3172 3264 3441 3320 movetur,
3472 3255 3657 3310 ducens
3681 3252 3776 3323 ple-

2235 3353 2405 3400 ctrum
2435 3344 2500 3399 ad
2523 3344 2724 3399 locales
2752 3345 3048 3414 positiones
3076 3354 3430 3405 accentuum.
3459 3362 3612 3401 sonus
3628 3352 3777 3400 autem

2235 3457 2343 3496 non
2388 3439 2621 3495 efﬁcitur
2669 3442 2772 3496 nisi
2821 3440 3160 3496 inordinatus
3199 3456 3266 3496 ex
3322 3452 3467 3497 motu
3497 3442 3776 3497 chordarum

2234 3548 2352 3601 quae
2382 3540 2573 3587 vocant
2598 3531 2771 3587 Graeci
2796 3533 3015 3604 βόμϐον;
3047 3533 3116 3587 ita
3144 3547 3245 3602 per
3271 3548 3517 3589 somnum
3562 3530 3781 3587 naturali-

2234 3624 2335 3679 bus
2362 3639 2616 3679 sensuum
2648 3625 2903 3680 membris
2924 3625 3193 3692 resolutis,
3223 3636 3322 3682 aut
3348 3628 3560 3682 omnino
3586 3624 3781 3696 quiescit

2234 3715 2429 3771 artifex
2456 3716 2687 3784 animus,
2715 3718 2759 3771 si
2786 3731 2982 3787 corpus
3027 3717 3187 3771 nimia
3220 3719 3550 3787 plenitudine
3578 3729 3779 3789 prtcgra-

2236 3816 2412 3872 vetur,
2444 3816 2537 3861 aut
2564 3816 2711 3862 certe
2742 3808 3044 3875 languidius
3082 3817 3137 3863 et
3182 3809 3466 3867 obscurius
3488 3809 3777 3880 operabitur,

2235 3916 2358 3956 cum
2387 3901 2493 3955 hoc
2521 3915 2781 3968 organum
2823 3900 3073 3956 seusuale
3102 3900 3414 3969 diligentius
3440 3912 3600 3957 artem
3626 3898 3781 3968 nequit

2235 3992 2504 4061 excipere.
2563 3992 2901 4060 Quapropter
2951 3992 3003 4045 in
3046 3992 3257 4046 somnis
3305 3994 3557 4048 memoria
3595 3988 3778 4060 quidem

2235 4080 2485 4145 confusa,
2535 4081 2869 4152 prmscientia
2919 4096 3047 4137 vero
3092 4082 3415 4152 quibusdam
3470 4080 3779 4137 velaminibus

2236 4171 2446 4235 obruta,
2480 4179 2674 4239 printer
2703 4178 2885 4224 votum
2916 4187 2981 4226 ac
3015 4171 3252 4241 studium
3281 4173 3540 4242 quasdam
3570 4170 3782 4241 specula-

2238 4272 2323 4318 tur
2368 4262 2648 4331 imagines,
2700 4272 2754 4317 et
2802 4263 3001 4334 aliquid
3046 4280 3231 4319 eorum
3268 4279 3643 4334 nonnunquam
3683 4273 3781 4330 qua!

2236 4365 2360 4411 sunt
2386 4364 2610 4411 ventura
2639 4358 2980 4425 praenuntiat.
3013 4357 3142 4412 Nam
3192 4374 3291 4428 per
3330 4360 3669 4415 subtilitatem
3706 4369 3783 4406 na-

2190 4476 2206 4491 λ
2240 4457 2371 4504 tura:
2401 4449 2520 4519 plus
2546 4449 2746 4518 aliquid
2778 4450 2939 4504 habet
2967 4465 3127 4519 quam
3157 4453 3405 4521 corporis
3435 4446 3710 4505 crassitudo
3728 4441 3780 4497 ad

553 4547 661 4602 que
689 4533 1173 4603 phantasiishomo
1203 4535 1489 4605 deluditur,
1522 4555 1628 4594 non
1659 4541 1883 4611 alicujus
1932 4544 2136 4600 ordinis
2166 4547 2210 4604 D
2245 4540 2658 4611 contemplanda
2713 4556 2776 4594 ea
2829 4557 2947 4610 qua:
2991 4542 3240 4597 videntur
3277 4544 3554 4607 accedere,
3582 4539 3670 4595 sed
3695 4551 3782 4591 non

560 4622 774 4676 tramite
820 4622 885 4676 ad
927 4638 1114 4678 eorum
1155 4640 1275 4695 quae
1303 4638 1567 4697 apparent
1590 4631 1851 4688 visionem
1896 4635 2134 4691 collocu-

556 4713 866 4782 tionemque
903 4713 1211 4783 productus,
1245 4718 1340 4772 sed
1382 4719 1564 4775 mixtis
1590 4723 1903 4790 quibusdam
1947 4734 2003 4781 et
2049 4727 2133 4780 in-

567 4804 1020 4873 consequentibus
1064 4806 1318 4862 seductus
1357 4812 1653 4867 erroribus.
1703 4813 1853 4869 Sicut
1896 4817 2038 4871 enim
2085 4819 2133 4871 in

559 4910 728 4966 opere
777 4898 1046 4968 corporali
1104 4899 1393 4970 unicuique
1447 4904 1690 4959 membro
1740 4909 1957 4979 preprie
2006 4910 2209 4977 quid

552 4986 703 5056 juxta
751 4988 858 5043 vim
903 4989 1003 5044 sibi
1052 4991 1368 5047 naturaliter
1405 4993 1620 5049 insitam
1651 4994 1950 5067 peragenti,‘
1973 5002 2133 5055 etiam

555 5080 887 5149 quiescentis
915 5081 1139 5137 membri
1167 5084 1387 5152 quidam
1418 5101 1715 5143 consensus
1742 5093 2139 5160 cooperationis

556 5171 783 5240 accedit,
824 5170 1015 5227 eadem
1046 5172 1272 5249 rationis
1297 5178 1679 5246 consequentia
1701 5177 1768 5234 de
1793 5180 1969 5234 anima
1998 5195 2137 5249 quo-

557 5278 661 5334 que
688 5262 1025 5319 sentiendum
1048 5272 1147 5319 est.
1175 5264 1307 5320 Nam
1336 5283 1455 5322 cum
1482 5269 1733 5338 quiddam
1754 5270 1869 5339 ejus
1889 5272 2135 5340 quiescit,

557 5354 810 5423 quiddam
833 5371 962 5411 vero
994 5364 1268 5424 movetur,
1300 5368 1468 5413 totum
1498 5362 1638 5432 parti
1672 5362 1980 5418 necessario
2008 5378 2139 5417 con-

557 5446 745 5514 sentit,
789 5448 913 5516 quia
959 5464 1059 5504 nec
1102 5452 1355 5520 possibile
1402 5461 1485 5509 est
1533 5455 1796 5510 unitatem
1835 5456 2134 5511 naturalem

559 5544 689 5593 tunc
726 5552 884 5607 posse
932 5538 1113 5605 dividi,
1164 5543 1264 5597 etsi
1314 5559 1435 5613 pars
1483 5546 1727 5613 qumdam
1776 5546 2135 5615 potentiarum

560 5629 677 5699 ejus
720 5629 774 5682 in
828 5630 1145 5698 operatione
1194 5633 1465 5701 persistat.
1524 5634 1629 5689 Sed
1683 5634 2135 5705 quemadmodum

560 5720 901 5793 vigilantibus
947 5729 1003 5776 et
1044 5723 1411 5791 satageutibus
1454 5724 1662 5780 obtinet
1696 5725 1913 5795 quidem
1960 5742 2131 5792 meus,

561 5817 716 5886 eique
740 5828 930 5870 sensus
950 5813 1280 5882 obsequitur,
1308 5834 1409 5875 nec
1427 5818 1504 5874 eis
1528 5825 1704 5873 tamen
1728 5817 1913 5874 adesse
1933 5818 2141 5888 diSpCll-
2170 5844 2171 5847 η

2245 4642 2423 4704 potest
2453 4644 2603 4689 recto
2635 4634 2826 4689 ordine
2857 4633 3031 4689 futura
3060 4651 3329 4701 reserare,
3375 4637 3499 4705 quia
3542 4648 3633 4687 nec
3676 4642 3780 4700 per-

2242 4727 2423 4796 spicua
2452 4736 2506 4781 et
2535 4726 2815 4781 manifesta
2845 4726 3087 4782 doctrina
3118 4730 3440 4799 proponitur
3475 4740 3651 4783 eorum
3686 4732 3785 4791 qua!

2244 4816 2298 4871 in
2326 4817 2531 4871 somnis
2561 4817 2764 4885 digesta
2788 4825 3107 4872 cernuntur.
3136 4818 3239 4873 Sed
3269 4817 3526 4888 quidquid
3555 4812 3672 4869 illud
3696 4815 3781 4870 est.

2244 4907 2490 4976 ambigua
2522 4906 2685 4963 futuri
2709 4906 2774 4963 ﬁt
2801 4908 3164 4975 denuntiatio,
3197 4910 3339 4979 quod
3366 4909 3586 4977 aenigma
3620 4906 3788 4959 vocant

2242 5000 2333 5068 qui
2356 5001 2606 5055 videntur
2633 5000 2732 5055 ista
2757 5000 3085 5065 discernere,
3118 5002 3280 5070 quod,
3326 5002 3371 5055 si
3414 4998 3554 5055 aliud
3583 4997 3789 5053 ostentet

2242 5090 2295 5145 in
2317 5091 2522 5156 verbis,
2554 5091 2695 5145 aliud
2726 5091 2778 5145 in
2819 5091 3178 5146 intellectibus
3207 5089 3413 5146 afferat.
3447 5089 3537 5145 Sic
3563 5088 3789 5160 pincerna

2241 5180 2537 5237 Pharaonis
2582 5181 2797 5236 botrum
2845 5181 3042 5250 premit
3084 5182 3137 5235 in
3180 5191 3396 5252 patera,
3446 5182 3525 5236 sic
3562 5190 3712 5250 panes
3743 5172 3788 5225 in

2242 5276 2476 5329 canistro
2506 5274 2647 5328 ferre
2677 5275 2847 5344 pistor
2875 5275 3217 5343 imaginatur,
3251 5282 3479 5343 uterque
3505 5270 3640 5326 enim
3659 5266 3790 5335 juxta

2242 5364 2474 5420 studium
2502 5364 2645 5433 quod
2672 5364 2913 5419 exercuit
2941 5380 3000 5419 se
3040 5365 3092 5419 in
3133 5365 3335 5419 somnis
3387 5368 3509 5418 esse
3553 5355 3787 5431 pervidet.

2248 5454 2535 5511 Solitarum
2591 5471 2822 5526 namque
2871 5456 3067 5510 artium
3122 5455 3532 5510 simulacrorum
3579 5451 3629 5504 in
3677 5458 3793 5516 pm‘

2248 5546 2471 5601 scientia
2500 5546 2695 5602 mentis
2732 5547 2991 5614 impressa
3019 5560 3117 5615 per
3145 5561 3305 5599 omne
3335 5541 3642 5597 vaticinium
3680 5545 3794 5605 ρπεα

2248 5636 2350 5692 dici
2389 5652 2509 5707 quae
2549 5645 2776 5691 ventura
2806 5634 3016 5691 fuerant
3045 5638 3427 5707 prrestiteruut.
3461 5630 3612 5700 Quod
3636 5634 3791 5682 autem

2249 5729 2435 5784 Daniel
2464 5738 2520 5784 et
2543 5728 2743 5799 Joseph
2770 5743 3066 5798 eorumque
3095 5727 3400 5783 consimiles
3428 5725 3601 5780 divina
3624 5720 3793 5775 virtute

2251 5818 2406 5873 nullis
2462 5818 2656 5871 turbati
2705 5819 2951 5873 sensibus
3000 5819 3063 5874 ad
3117 5819 3416 5873 futurorum
3469 5812 3792 5868 informantur
