4092 6348
315 331 419 386 5G9
1114 327 1290 383 LIBRI
1332 326 1419 380 DE
1460 324 1850 382 CREATIONE
1892 324 2168 386 “Ofillle
2205 328 2773 388 lNTERPltE'l'ATlG.
3200 406 3203 409 ν
3483 338 3586 391 5το

310 441 614 509 scientiam,
647 443 776 497 nihil
804 444 907 498 hoc
935 444 1000 497 ad
1032 456 1351 514 przesentem
1391 453 1623 516 pertinet
1650 446 1902 514 quaestio—
1932 446 1974 500 Α
2006 453 2304 514 stomacho,
2330 462 2383 506 et
2414 453 2529 507 atiaz
2558 455 2763 509 cerebri
2796 456 3043 524 passione
3074 458 3295 523 vexatis,
3321 458 3403 513 lus
3424 459 3586 512 etiam

312 557 459 607 nem,
509 538 635 608 quia
689 553 796 592 non
851 536 967 591 haec
1016 539 1245 607 quisque
1301 537 1512 606 sapiens
1565 537 1898 592 somniorum
2001 539 2091 605 qui
2122 540 2269 595 febre
2298 541 2547 598 laborant
2578 545 2716 614 aliae,
2747 556 2801 601 et
2829 547 2944 623 alite
2972 548 3063 619 qui
3105 563 3171 603 ex
3202 548 3420 603 cholera
3446 549 3589 619 peri-

314 635 603 707 generibus
625 633 890 703 imputare
919 632 1109 695 debet,
1158 633 1395 702 alioquin
1441 643 1497 688 et
1525 633 1640 687 illas
1670 634 1902 688 visiones
2001 630 2258 684 clitautur
2304 641 2359 686 et
2411 634 2679 705 llegmate.
2733 636 2972 707 Itemque
3025 624 3309 695 dissimiles
3360 641 3444 696 his
3494 641 3587 710 qui

313 744 435 798 quae
489 726 741 781 divinitus
796 724 1136 794 vigilantibus
1189 724 1470 791 accidunt,
1505 742 1610 779 non
1668 740 1899 794 superna
2001 721 2333 790 plenitudine
2361 733 2417 779 et
2442 726 2701 783 inanitate
2722 728 3066 785 decumbunt.
3097 730 3174 785 Ex
3198 733 3391 802 quibus
3410 734 3590 803 possi-

312 820 653 882 visitatione,
689 818 781 875 sed
812 827 1019 872 natura:
1062 818 1451 888 consequentia
1485 826 1680 890 Sponte
1710 833 1806 874 sua
1848 817 1899 870 id
1924 813 2107 886 {bile
2134 823 2216 869 est
2245 816 2674 873 animadvertere
2703 821 2849 891 quod
2874 822 2963 876 illa
2993 823 3073 877 vis
3098 825 3288 878 animm
3310 840 3406 895 per
3425 840 3587 894 quam

314 922 575 984 operante
599 912 806 983 putabit
830 925 987 981 posse
1013 911 1343 979 contingere.
1371 911 1523 966 Sicut
1544 926 1671 979 ergo
1690 910 1899 966 cunctis
2001 906 2328 981 nutrimenta
2369 910 2524 965 nobis
2563 911 3001 984 incrementaque
3029 919 3366 987 contingunt,
3393 920 3591 975 habeat

311 1005 621 1061 hominibus
654 1004 807 1073 juxta
849 1018 1003 1057 suum
1042 1018 1162 1058 sese
1201 1002 1602 1057 moderantibus
1641 1002 1895 1066 animum,
2000 997 2233 1067 aliquam
2264 1000 2644 1057 intellectualis
2671 1005 2749 1058 rei
2782 1006 3117 1074 particulam,
3150 1025 3255 1079 qua
3290 1011 3389 1066 sibi
3416 1012 3591 1068 socie-

311 1094 533 1163 quidam
565 1105 690 1150 sunt
716 1094 806 1164 qui
835 1093 1013 1148 divina
1043 1093 1298 1148 illustrari
1327 1093 1764 1149 confabulatione
1794 1110 1903 1147 me-
2001 1098 2112 1145 tate
2141 1082 2445 1148 consertam
2465 1137 2480 1161 ,
2510 1095 2638 1150 dum
2683 1097 2915 1167 qualitas
2964 1099 3262 1157 affectionis
3315 1119 3592 1174 corporea:

312 1194 556 1249 reantur,
607 1186 681 1241 ita
729 1186 1086 1241 communiter
1132 1185 1426 1241 secundum
1456 1194 1705 1240 naturam
1746 1184 1899 1239 nobis
2000 1182 2404 1238 similitudinem
2434 1187 2833 1254 quodammodo
2875 1190 3146 1259 pneferat,
3191 1192 3343 1262 juxta
3383 1195 3591 1265 passio-

309 1296 375 1335 ac
400 1280 648 1335 similiter
674 1279 1005 1335 somniorum
1030 1279 1324 1348 phantasiis
1340 1277 1725 1341 accidentibus,
1757 1294 1894 1332 non-
1924 1293 1972 1333 lo
1998 1287 2121 1327 nem
2144 1288 2264 1342 quae
2294 1276 2501 1331 obtinet
2532 1279 2969 1349 imaginationem
2993 1295 3402 1352 congruentem.
3425 1285 3589 1342 Item-

312 1372 443 1425 nulli
466 1387 566 1442 per
590 1386 842 1442 soporem
868 1370 1061 1425 divinae
1082 1369 1358 1438 cujusdam
1387 1369 1676 1440 participes
1700 1369 1902 1424 revela-
2000 1382 2103 1436 que
2161 1369 2344 1425 multis
2393 1372 2555 1427 etiam
2604 1376 2898 1431 secundum
2952 1394 3166 1434 morum
3222 1380 3591 1439 diversitatem

310 1466 476 1520 tionis
513 1467 780 1530 existunt,
823 1465 1139 1534 czcterisque
1177 1465 1425 1520 omnibus
1466 1463 1593 1519 etsi
1623 1462 1797 1533 aliqua
1840 1476 1899 1517 re
2001 1462 2331 1517 Somniorum
2380 1480 2596 1537 quoque
2643 1469 2758 1525 visa
2810 1470 3128 1527 formantur.
3185 1473 3301 1527 Alia
3354 1489 3593 1545 namque

306 1576 409 1629 per
436 1560 701 1614 somnium
729 1559 1065 1629 prmscientia
1108 1557 1361 1626 gignitur,
1402 1557 1552 1626 juxta
1586 1555 1897 1625 praedictum
2001 1563 2124 1605 sunt
2153 1552 2253 1606 viri
2286 1554 2458 1618 fortis,
2492 1558 2594 1612 alia
2625 1561 2951 1625 meticulosi,
2982 1563 3089 1617 alia
3109 1564 3388 1631 luxuriosi,
3414 1574 3469 1621 et
3488 1566 3592 1634 alia

307 1652 547 1721 gignitur
586 1652 821 1707 modum
854 1651 910 1707 Si
940 1668 1072 1707 vero
1103 1651 1389 1725 Egypuus
1418 1651 1506 1705 me
1534 1651 1620 1706 νει
1650 1650 1899 1722 Assyrius
2000 1643 2351 1710 continentis;
2398 1646 2515 1703 aliis
2562 1648 2743 1719 largus
2783 1659 2839 1705 et
2877 1652 2996 1709 aliis
3037 1669 3233 1710 avarus
3272 1657 3594 1725 imaginibus

309 1751 572 1815 tyrannus
601 1743 667 1797 ad
696 1744 977 1798 scientiam
1010 1724 1311 1798 futurorum
1341 1760 1437 1815 per
1465 1744 1675 1799 somnia
1701 1743 1977 1798 divini-£5
2005 1733 2244 1788 ῘΠυάίῑῑιΓ
2272 1754 2285 1788 ί
2318 1752 2577 1807 DUSQuam
2610 1757 2737 1796 vero
2782 1742 2837 1796 in
2888 1743 2970 1802 his
2999 1745 3351 1815 intellisem»ia
3399 1748 3594 1804 ηιεηιίε

307 1844 401 1890 tus
440 1834 794 1899 instruuntur,
848 1835 994 1889 aliud
1046 1836 1300 1905 quiddam
1349 1844 1432 1890 cst
1479 1834 1622 1904 quod
1666 1850 1764 1904 per
1808 1848 1903 1888 eos

1978 1827 2284 1895 loperatur,
2333 1828 2427 1883 sed
2474 1831 2665 1887 anima:
2711 1848 2836 1902 pars
2881 1835 3331 1901 irrationabilior,
3364 1847 3422 1893 ut
3449 1854 3594 1910 smpe

308 1924 555 1980 miranda
605 1924 1004 1995 dispensatione
1055 1925 1349 1994 peragitur.
1403 1920 1702 1994 Oportebat
1757 1922 1900 1976 enim
2006 1914 2266 1984 diximUS,
2295 1919 2392 1973 has
2419 1920 2731 1989 pbantasias
2761 1925 2917 1991 facit,
2970 1935 3025 1980 et
3074 1927 3483 1999 quibuscunquc
3507 1932 3593 1985 vi-

306 2024 620 2071 sanctorum
648 2017 963 2085 sapientiam
994 2016 1254 2071 declarari
1278 2030 1395 2084 quae
1417 2016 1697 2070 videbatur
1718 2014 1899 2069 occul—
2004 2007 2175 2076 gilans
2223 2009 2413 2066 studiis
2463 2014 2759 2080 assuescit,
2803 2016 2996 2074 horum
3042 2017 3143 2073 sibi
3191 2020 3591 2078 similitudinem

308 2117 387 2171 ta,
418 2120 486 2159 ne
515 2119 855 2159 communem
881 2104 1043 2158 vitam
1075 2104 1193 2158 sine
1215 2104 1445 2158 utilitate
1486 2103 1573 2158 vel
1618 2102 1903 2158 commodo
2005 2096 2315 2167 prtcformat
2342 2100 2393 2154 in
2424 2104 2648 2157 somnis.

307 2194 1163 2299 praeteriret.Quomodonamque
1174 2194 1362 2249 Daniel
1378 2193 1497 2249 talis
1513 2208 1903 2298 essenpscere-
1930 2206 1993 2251 ac
2601 2243 2832 2301 CAPUT
2870 2246 2961 2303 xv

310 2297 417 2353 tur,
448 2287 548 2341 nisi
580 2287 974 2342 ineantatormn
1002 2295 1163 2357 atque
1188 2300 1467 2356 magorum
1491 2285 1901 2355 acquisitionem
2018 2350 2047 2357 Α
2150 2354 2159 2357 _
2263 2355 2271 2357 _
2604 2285 2715 2300 ⁸³⁸³⁸
2743 2285 2780 2301 ν
2799 2285 2821 2301 ⁵
2871 2285 2918 2301 ⁸⁸
2936 2285 2950 2303 ’
2971 2288 2983 2302 ⁸

307 2377 504 2431 somnii
521 2376 805 2432 defecisset
828 2377 1053 2432 intentio
1074 2378 1093 2431 ?
1111 2377 1394 2444 Quomodo
1418 2378 1579 2432 etiam
1602 2378 1903 2433 salvaretur

2007 2350 2159 2416 Quod
2184 2355 2336 2409 unica
2377 2358 2635 2445 duntaafat
2675 2362 2851 2445 animo
2892 2364 2960 2416 sit
3004 2365 3056 2417 in
3087 2382 3299 2436 corpore
3347 2369 3593 2430 humano.

310 2467 577 2540 Egyptus
622 2467 823 2540 Joseph
870 2470 923 2524 in
970 2470 1214 2525 custodia
1261 2471 1591 2537 constituto,
1633 2471 1735 2524 nisi
1778 2486 1901 2525 eum
2082 2538 2106 2540 ῃ
2169 2539 2172 2540 ν
2436 2430 2626 2499 mima
2652 2440 2881 2500 pomum
2908 2444 3170 2490 condam

307 2562 564 2617 discretio
588 2562 919 2617 somniorum
941 2562 1294 2632 pertraxisset
1320 2563 1374 2617 in
1397 2563 1668 2617 medium?
1690 2561 1757 2615 Et
1782 2562 1902 2618 ideo

2074 2538 2182 2593 Sed
2226 2541 2453 2597 multum
2481 2558 2510 2598 a
2540 2547 2817 2615 proposito
2846 2563 3030 2604 sumus
3079 2550 3313 2606 abducti.
3360 2553 3590 2610 Demon-

308 2652 437 2721 quid
464 2652 606 2707 aliud
632 2654 735 2707 ista
768 2653 1127 2723 praetendunt,
1154 2669 1254 2708 nec
1274 2653 1566 2709 secundum
1591 2654 1924 2722 phantasias.

1982 2641 2178 2689 θίγω-θ
2209 2650 2439 2706 namque
2467 2652 2647 2694 sermo
2674 2641 2999 2709 promiserat
3045 2644 3189 2714 quod
3228 2661 3379 2701 mens
3406 2663 3512 2702 non
3544 2648 3598 2702 in

310 2757 628 2796 communes
652 2730 877 2797 omnino
906 2742 1179 2811 pensanda
1222 2750 1367 2808 sunt,
1409 2750 1667 2798 consueta
1706 2742 1904 2814 quippe

2005 2724 2180 2794 aliqua
2208 2736 2360 2796 parte
2382 2729 2626 2798 corporis
2656 2740 2799 2785 esset
2820 2730 3050 2799 inclusa,
3080 2735 3174 2790 sed
3203 2736 3484 2806 :equaliter
3504 2752 3598 2808 per

310 2835 645 2889 somniorum
676 2834 838 2890 facies
865 2834 1053 2888 eadem
1084 2835 1460 2889 universorum
1483 2842 1566 2889 est
1591 2849 1711 2903 qua:
1732 2833 1905 2889 modis
2004 2823 2177 2870 ίοῑυῖη
2206 2833 2389 2887 Sparsa
2418 2818 2706 2889 discurrat.
2744 2823 2897 2892 ,ῖυκῑθ
2948 2835 3150 2881 "illum
3198 2828 3599 2885 Similitudinem

310 2922 554 2993 plurimis
582 2924 763 2993 specie
794 2924 1024 2993 quadam
1056 2924 1456 2994 imaginationis
1496 2925 1749 2980 occurrit.
1801 2925 1906 2978 Aut

2006 2915 2213 2961 motum
2252 2910 2511 2977 subjecta:
2540 2914 2708 2982 partis
2747 2913 3004 2971 efficiens.
3046 2916 3144 2972 Est
3182 2928 3361 2974 autem
3411 2922 3499 2977 ubi
3544 2933 3600 2977 et

310 3014 455 3067 enim
482 3022 825 3083 permanent,
858 3024 915 3069 ut
953 3015 1156 3070 dictum
1195 3023 1297 3077 est,
1334 3015 1387 3068 in
1423 3029 1485 3070 ea
1524 3023 1677 3084 parte
1713 3014 1904 3069 animm
2008 2998 2123 3067 ipsa
2168 3014 2320 3054 mens
2367 3009 2573 3057 natura:
2615 3005 2948 3075 subsequens
2986 3008 3214 3079 impetus
3242 3012 3600 3069 ministerium

309 3122 418 3176 qua
474 3108 731 3163 memoria
788 3108 1117 3176 continetur,
1158 3108 1460 3162 studiorum
1527 3088 2405 3162 similitudines-soq“°damm°d0
2445 3093 2719 3149 seWilmiS
2768 3095 3046 3166 ἰωρεηύἰι.
3082 3099 3416 3169 Frequenter
3456 3103 3599 3158 enim

312 3200 652 3267 diurnorum,
700 3209 795 3255 aut
840 3216 1212 3271 smpenumero
1264 3200 1612 3267 qualitatibus
1638 3215 1898 3270 corpora-
1926 3188 1971 3250 C
2006 3189 2195 3234 natura
2223 3182 2478 3249 pmced“
2507 3186 2780 3253 corporis,
2815 3195 2870 3241 εί
2915 3197 3007 3243 am
3046 3191 3358 3247 occaSiones
3405 3193 3601 3250 meum“

312 3292 445 3344 lium
476 3290 817 3347 affectionum
845 3294 1176 3349 somniorum
1209 3292 1581 3364 pnefiguratur
1605 3293 1899 3363 expressio.

2008 3281 2101 3326 aut
2147 3287 2339 3329 causas
2386 3276 2636 3331 maeroris
2680 3277 2931 3344 insinuat,
2985 3281 3059 3336 ita
3106 3290 3165 3336 ut
3220 3282 3335 3354 ipsa
3383 3285 3600 3356 quidem

312 3382 407 3437 Sic
430 3385 628 3439 etenim
659 3386 749 3455 qui
792 3386 907 3441 sitit
955 3401 1074 3442 esse
1122 3402 1181 3441 se
1230 3386 1455 3440 miratur
1482 3386 1532 3439 in
1560 3384 1815 3450 fontibus,
1850 3394 1905 3439 et
2007 3372 2226 3437 Ρηθειθι
2274 3366 2484 3420 initium
2522 3367 2610 3423 vel
2657 3368 2807 3424 Cibos
2842 3379 3116 3441 appetere:
3176 3370 3260 3427 vel
3306 3375 3601 3442 quamlibe‘

313 3478 521 3533 deliciis
550 3480 745 3547 gaudet
788 3481 879 3549 qui
928 3480 1062 3534 cibis
1114 3479 1337 3547 indiga,
1387 3486 1441 3532 et
1484 3476 1696 3547 juvenis
1742 3483 1904 3531 Male
2006 3458 2164 3513 aliam
2194 3472 2306 3513 rem
2337 3458 2633 3529 voluptatis
2661 3459 2905 3531 implere.
2932 3461 3081 3520 Mens
3107 3473 3285 3520 autem
3318 3467 3452 3521 tales
3485 3483 3603 3521 mo-

290 3571 498 3637 ,vigens
530 3571 819 3639 imaginum
852 3570 1159 3625 ludificatur
1198 3570 1468 3625 illecebris
1510 3584 1609 3640 pro
1650 3568 1906 3625 similitu-.

2008 3560 2089 3605 tus
2121 3552 2299 3605 carnis
2323 3552 2621 3621 excipiens,
2649 3553 2857 3608 consilii
2887 3555 2965 3609 sui
3005 3556 3209 3611 nisibus
3233 3558 3602 3613 considerata-

310 3660 439 3714 dine
468 3662 749 3730 passionis.
783 3662 914 3716 Novi
947 3678 1076 3716 vero
1104 3678 1204 3730 ego
1235 3678 1332 3732 per
1361 3663 1628 3716 somnium
1660 3670 1712 3715 et
1744 3661 1903 3714 aliam

2008 3658 2125 3697 rum
2157 3658 2334 3697 rerum
2365 3652 2519 3714 parat
2547 3644 2792 3700 effectus.
2824 3644 2950 3701 Hmc
2991 3663 3121 3702 vero
3152 3664 3261 3704 non
3308 3649 3365 3704 lit
3394 3650 3448 3704 in
3484 3666 3603 3705 om-

312 3752 656 3819 tenigmatuin
711 3750 1040 3807 medentium
1094 3769 1331 3808 causam.
1385 3753 1515 3807 Nam
1568 3752 1787 3822 quidam
1837 3749 1905 3804 de

2010 3738 2181 3803 nibus,
2211 3737 2303 3793 sed
2333 3738 2386 3792 in
2416 3739 2499 3793 his
2530 3748 2734 3793 tantum
2757 3740 2853 3809 qui
2879 3741 3107 3812 turpiter
3127 3741 3322 3807 allecti,
3355 3742 3600 3798 domina-

314 3843 635 3899 necessariis
666 3844 799 3898 meis
825 3853 1012 3914 captus
1049 3843 1276 3907 frenesi,
1307 3860 1427 3897 eum
1462 3844 1685 3898 nimium
1715 3856 1905 3911 grava-

2011 3838 2120 3883 tum
2187 3829 2412 3884 rationis
2469 3838 2675 3884 natura:
2737 3833 2956 3887 nutibus
3019 3832 3335 3903 subjugant,
3403 3834 3602 3903 quique

315 3942 483 3998 retur,
516 3934 661 4002 quod
693 3934 766 3987 illi
792 3935 945 3989 cibus
968 3934 1088 4004 plus
1114 3936 1478 4005 quaiigvirtus
1507 3935 1623 4003 ejus
1653 3942 1910 4001 exegerat
2009 3919 2273 3987 “magiis
2302 3920 2544 3989 ellISdem
2573 3923 2770 3978 melius
2796 3923 3163 3994 νοῙυΡιθιίδυε
3197 3940 3452 3980 sensuum
3484 3942 3604 3981 sel"

318 4031 466 4078 esset
495 4024 727 4089 oblatus,
762 4026 1058 4080 arbitratus
1079 4036 1161 4081 est
1183 4028 1337 4096 plura
1370 4026 1622 4081 intestina
1666 4034 1934 4081 stercore\

2010 4011 2192 4065 viliter
2219 4011 2609 4079 obsequuntur.
2642 4012 2683 4065 Α
2716 4012 3133 4083 perfectioribus
3156 4026 3339 4070 autem
3376 4030 3486 4071 non
3529 4016 3603 4070 ita

320 4114 479 4183 plena
528 4115 628 4171 sibi
678 4119 994 4187 superponi.
1040 4117 1282 4187 Cumque
1323 4116 1432 4185 jam
1482 4132 1651 4186 prope
1680 4124 1822 4171 esset
1852 4125 1910 4170 ut

2013 4101 2128 4155 fieri
2157 4110 2364 4156 certum
2392 4112 2494 4164 est,
2527 4106 2667 4173 apud
2695 4118 2833 4173 quos
2861 4120 3013 4160 mens
3052 4108 3307 4176 praecedit
3334 4109 3389 4162 in
3430 4110 3606 4164 omni-

321 4205 600 4274 fatigatum
642 4222 839 4277 corpus
871 4210 987 4277 ejus
1026 4208 1313 4262 sudoribus
1360 4209 1660 4271 laxaretur,
1713 4221 1908 4276 aquam

2012 4192 2133 4262 bus,
2158 4202 2212 4247 et
2240 4194 2450 4249 ratione
2472 4194 2651 4264 potius
2678 4210 2838 4264 quam
2865 4198 3113 4267 passione
3141 4199 3194 4253 id
3214 4201 3359 4268 quod
3388 4209 3607 4270 oportet

315 4298 420 4351 sibi
449 4298 659 4353 deferre
689 4313 793 4367 qua
821 4299 1231 4368 perfumleretur
1252 4300 1437 4368 jaeeus
1460 4314 1555 4354 eos
1575 4299 1665 4368 qui
1689 4298 1913 4353 aderant

2015 4298 2416 4358 exsequuntur,
2460 4298 2761 4359 naturaque
2814 4293 3037 4360 vestigia
3087 4295 3360 4362 pereuntis
3401 4295 3604 4350 directa

316 4388 643 4460 precabatur
686 4391 903 4455 obnixe,
953 4406 1053 4445 nec
1097 4390 1331 4456 desinit,
1375 4390 1477 4446 hoc
1510 4406 1632 4445 cum
1675 4390 1913 4446 clamore
2015 4390 2275 4435 sectatur.
2307 4381 2441 4448 Quia
2470 4399 2600 4439 vero
2626 4392 2735 4438 tres
2763 4383 3093 4439 differentias
3127 4386 3305 4440 vitalis
3351 4387 3607 4456 potentia:

316 4480 637 4551 deposcens,
671 4482 843 4537 donec
890 4483 1065 4538 exitus
1111 4500 1289 4537 rermn
1342 4485 1679 4553 querelarum
1725 4484 1911 4539 talium

1992 4474 2157 4527 ’ratio
2187 4473 2557 4544 deprehendit,
2592 4475 2645 4529 id
2666 4484 2746 4530 est
2777 4478 3227 4542 nutrimentalem,
3247 4494 3365 4549 qua:
3388 4488 3607 4550 prapter

316 4589 535 4629 causam
566 4574 889 4630 absolveret.
932 4576 1066 4630 Nam
1094 4578 1251 4632 simul
1281 4586 1335 4631 et
1361 4577 1524 4631 sudor
1551 4578 1812 4647 plurimus
1838 4593 1906 4632 ex

2012 4581 2200 4620 sensus
2240 4567 2447 4636 aliquos
2477 4576 2760 4636 augmenta
2800 4569 3010 4639 recipit,
3042 4578 3097 4623 et
3133 4571 3454 4636 sensualem,
3487 4587 3606 4642 qua:

318 4666 436 4735 ejus
460 4667 637 4736 eru'pit
663 4682 921 4738 corpore,
954 4677 1007 4722 et
1036 4668 1243 4723 solutus
1290 4677 1482 4723 venter
1529 4669 1906 4723 intestinorum

2014 4657 2093 4711 sic
2122 4658 2356 4712 nutritur
2384 4666 2439 4712 ut
2470 4658 2756 4723 sentiatur,
2787 4668 2840 4712 et
2868 4659 3342 4731 rationalem,qu:e
3371 4661 3606 4732 perfecta

316 4759 532 4831 pondus
563 4760 947 4830 interpretatus
977 4769 1078 4816 est.
1111 4761 1264 4828 Quod
1294 4762 1453 4831 igitur
1483 4763 1673 4817 obtusa
1704 4764 1910 4818 valetu-
2014 4756 2097 4802 εει
2125 4757 2179 4803 ει
2207 4763 2304 4818 De?
2333 4749 2430 4803 1135
2456 4763 2645 4804 omnes
2685 4748 3020 4816 eiiendituri
3061 4750 3264 4806 idCil‘CO
3309 4752 3606 4806 ηοιὶυιάυηι

318 4853 446 4908 dine
469 4861 656 4907 natura
688 4862 815 4907 tunc
842 4854 1082 4922 pertulit,
1115 4854 1358 4923 corporis
1388 4853 1733 4922 inaequalitati
1762 4870 1910 4909 com-
2015 4848 2098 4893 εει
2148 4840 2295 4909 (111οά
2334 4858 2435 4894 una
2485 4842 2564 4896 Vis
2607 4844 2981 4899 tamllmmOdO
3023 4844 3432 4910 vitalis'..altera
3476 4860 3607 4897 ver"

320 4960 479 5016 passa
512 4951 611 5009 est,
646 4954 704 4998 ut
752 4945 1053 4999 molestiam
1095 4944 1310 5013 quidem
1341 4945 1592 5007 sentiret,
1640 4953 1694 4998 et
1732 4945 1936 5001 dicere.

1991 4931 2303 4998 ssensualis,
2355 4931 2509 4985 tertia
2557 4948 2686 4988 vero
2736 4948 2846 5003 prae
2878 4936 3088 4989 caeteris
3124 4936 3285 4990 etiam
3330 4934 3607 4989 rationalis

319 5036 537 5105 quidem
568 5046 789 5106 propter
817 5035 1187 5103 mgriludinem
1227 5037 1509 5090 ηηιηίιιρειρ
1553 5052 1660 5089 non
1704 5045 1908 5105 posset,
2017 5022 2241 5107 existat.
2267 5022 2371 5078 Sed
2405 5040 2564 5080 nemo
2593 5042 2690 5096 per
2731 5028 2845 5083 hrec
2891 5029 3121 5084 aestimet
3168 5038 3277 5087 tres
3305 5030 3514 5083 animas
3553 5029 3608 5082 in

322 5125 670 5195 ,dquc,sicul
713 5127 870 5181 datur
920 5127 1164 5197 imenigi,
1215 5128 1314 5181 nisi
1364 5144 1430 5182 ρχ
1475 5128 1913 5183 incommoditate
2018 5112 2249 5169 hominis
2274 5114 2704 5172 conformatione
2734 5120 2965 5190 propriis
3006 5120 3440 5189 circumscriptas
3488 5132 3609 5173 esse

320 5220 679 5287 contingeret,
703 5219 794 5274 sed
824 5220 1053 5273 naturali
1080 5235 1275 5289 sopore
1298 5236 1448 5275 mens
1477 5208 1736 5290 soSpitate
1762 5236 1914 5289 gere-
2020 5204 2296 5270 limitibus,
2326 5216 2382 5261 et
2404 5208 2551 5263 velut
2575 5226 2640 5264 ex
2665 5210 2905 5279 pluribus
2944 5226 3063 5265 eam
3113 5211 3298 5265 credat
3327 5226 3447 5265 esse
3477 5225 3601 5265 cono

322 5320 491 5376 rem,“
543 5312 812 5367 smnuinm
859 5311 1104 5382 profecto
1151 5312 1199 5366 εί
1248 5313 1337 5381 qui
1388 5314 1465 5368 sic
1506 5322 1624 5368 erat
1669 5312 1911 5377 affectus,
2020 5297 2223 5364 ﬂalam,
2256 5315 2375 5353 cum
2407 5317 2532 5358 vera
2566 5311 2621 5357 et
2649 5302 2885 5372 perfecta
2917 5317 3021 5356 una
3045 5302 3114 5357 sit
3142 5302 3320 5354 anima
3349 5300 3603 5355 naturaii-

323 5404 604 5467 existeret,
636 5417 831 5471 aquam
865 5401 1083 5471 quidem
1110 5401 1391 5465 sudorem,
1426 5402 1623 5457 fluxum
1661 5419 1788 5458 vero
1832 5404 1939 5469 in-;

1987 5396 2103 5470 >zter
2150 5391 2443 5459 spiritualis
2482 5401 2645 5461 atque
2689 5391 3052 5459 intelligibilis,
3108 5406 3227 5461 quae
3277 5407 3373 5463 per
3420 5406 3603 5446 sensus

326 5493 649 5548 testinorum
698 5491 1073 5560 gravedinem,
1125 5507 1249 5545 esea
1297 5492 1439 5545 enim
1490 5493 1808 5561 gravitatem
1861 5502 1918 5548 ρι
2021 5481 2276 5537 miscetur
2303 5486 2564 5539 materiali
2594 5485 2923 5539 substantiae.
2957 5482 3128 5561 Omne
3166 5499 3295 5539 vero
3334 5484 3609 5539 materiale

326 5597 635 5655 pressuram
664 5582 930 5638 moventis
959 5582 1213 5638 insinuat.
1246 5580 1360 5636 Hoc
1390 5582 1525 5636 idem
1554 5598 1683 5639 vero
1703 5583 1916 5638 videtur

2018 5584 2179 5643 atque
2208 5592 2529 5655 corporeum
2553 5578 2697 5646 quod
2727 5578 2777 5631 in
2824 5558 3181 5632 conversione
3228 5585 3390 5648 atque
3430 5586 3602 5631 muta-

325 5683 383 5731 ει
426 5675 668 5744 plurimis
712 5675 897 5744 peritis
946 5675 1246 5735 medicina},
1297 5673 1438 5742 quod
1485 5674 1720 5739 scilicet,
1761 5678 1915 5743 juxta
2020 5667 2166 5724 tione
2195 5648 2588 5739 est,.siquidem
2606 5670 2941 5740 participium
2966 5669 3111 5739 capit
3138 5669 3387 5723 animattc
3413 5675 3608 5738 poten—

330 5766 641 5836 passionum
696 5765 1063 5833 differentias,
1114 5765 1444 5820 somniorum
1491 5779 1705 5834 quoque
1756 5765 1914 5818 varia:
2020 5763 2128 5827 tite,
2160 5768 2362 5815 motum
2393 5776 2489 5831 per
2516 5760 2843 5819 incrementa
2883 5760 3123 5817 sortitur.
3170 5759 3227 5815 Si
3258 5774 3387 5814 vero
3423 5757 3491 5811 ab
3532 5754 3609 5809 ef—

331 5845 496 5914 facies
543 5860 927 5929 :egrotantibus
973 5858 1241 5929 accidant,
1275 5856 1387 5913 alia?
1436 5855 1651 5927 quidem
1692 5854 1914 5915 defeetis
1944 5853 2165 5920 epfectu
2222 5851 2369 5909 vitali
2423 5852 2733 5921 recesserit,
2790 5860 2996 5911 motum
3045 5868 3211 5913 suum,
3261 5847 3606 5918 corruptione
