4092 6348
549 295 647 352 δτι
1809 279 2161 340 DIONYSIUS

2267 275 2514 332 EIGL'US.
3719 270 3815 328 379

550 407 852 464 testabitur.
896 399 1065 477 Igitur
1120 415 1218 457 nec
1275 411 1468 455 sensus
1526 403 1748 472 propter
1795 391 2125 447 materialeut
2153 391 2201 448 Α
2229 386 2315 441 vel
2343 386 2606 454 ambiens,
2634 383 2730 440 sed
2756 383 3008 454 invisibili
3047 380 3458 453 quodammodo
3485 389 3544 437 et
3590 381 3818 453 inexplo-

550 474 945 562 substantiam,
1004 509 1104 550 nec
1158 488 1537 547 intellectualis
1581 487 1635 542 in
1682 486 1840 543 nobis
1893 485 2130 557 potentia
2231 485 2350 532 rata
2396 477 2605 560 ratione
2649 484 2854 534 natura:
2897 474 3185 544 conjuncta
3231 483 3407 542 atque
3460 488 3728 542 connexa,
3770 477 3816 532 in

552 596 774 661 prapter
801 600 988 642 sensus
1014 590 1285 654 operatur.
2233 569 2367 640 ipsa,
2398 577 2454 624 et
2497 568 2641 624 circa
2667 568 2836 638 ipsam
2877 583 3098 638 prorsus
3131 567 3427 637 inspicitur
3471 581 3540 622 eo
3578 568 3659 630 (ut
3699 568 3818 636 dixi)

1141 693 1366 751 CAPUT
1403 691 1520 747 XV]
2238 661 2421 728 modo,
2454 677 2562 730 quo
2593 677 2694 716 nec
2725 659 2944 729 intelligi
2971 668 3149 730 potest
3175 659 3412 714 omnino
3440 673 3543 714 nec
3569 658 3693 727 dici,
3728 661 3822 716 nisi

560 793 710 860 Quod
735 792 942 863 proprie
965 790 1189 863 nominis
1225 789 1404 840 anima
1447 781 1718 838 rationalis
1733 790 1795 863 ‘et
1821 781 1890 835 sit
1915 788 1965 834 et
1991 779 2136 834 dica-
2165 749 2216 824 3'4
2235 753 2379 821 quoa
2401 751 2553 821 juxta
2581 751 3124 863 l’fopriumlfr‘finem
3153 749 3357 863 “de”:
3384 749 3608 863 νξξθηίεξ
3642 761 3819 863 ωηιξη

630 840 976 930 55,3{3'M
988 840 1183 913 aint};
1200 875 1290 928 per
1311 864 1470 909 totum
1513 868 1694 924 corpus
1723 852 1842 921 fusa
1885 865 2134 920 nusquam
2237 859 2390 898 mens
2417 857 2632 914 quoque
2671 857 2797 898 suos
2826 840 3046 896 effectus
3089 849 3370 896 exerceat.
3414 841 3474 898 Si
3513 850 3693 899 autem
3734 845 3820 900 de-

628 941 819 986 certum
839 929 1010 984 sedem
1033 929 1236 983 habeat.
2238 934 2364 990 licto
2393 934 2624 1003 quodam
2649 943 2840 988 natura
2871 933 3158 998 nutavcrit,
3198 931 3371 986 etiam
3416 941 3602 987 motus
3645 937 3823 989 mentis

630 1043 785 1111 Quod
813 1042 1056 1112 quaedam
1102 1040 1168 1095 de
1218 1038 1478 1094 creaturis
1523 1037 1624 1092 hac
1669 1034 1721 1090 vi
1770 1031 2139 1088 tantummodo
2239 1027 2473 1082 titubare
2503 1042 2724 1082 necesse
2749 1035 2850 1082 est.

562 1136 825 1197 nituntur,
857 1147 960 1201 qua
994 1130 1300 1186 nutriuntur
1329 1136 1384 1182 et
1407 1134 1678 1190 crescunt,
1709 1126 1827 1180 alia:
1862 1139 1992 1179 vero
2019 1138 2142 1178 sen-
2249 1195 2289 1201 _
2483 1198 2494 1201 _
2575 1196 2602 1201 __
2642 1197 2652 1201 _
2699 1199 2709 1201 _
2807 1114 3037 1201 CAP-UT
3075 1114 3231 1201 XVIII.

561 1239 716 1277 suum
746 1222 983 1292 potentia
1029 1219 1338 1290 prmvalent,
1383 1225 1437 1272 et
1472 1232 1573 1271 nec
1612 1217 1700 1270 illa
1729 1214 2012 1280 sensibilis,
2044 1223 2176 1269 neci

2267 1195 2527 1292 Enarratiol
2551 1196 2711 1250 divini
2730 1197 2977 1250 sermonis
3001 1213 3097 1266 quo
3115 1197 3329 1292 dicitur,
3355 1193 3644 1249 Faciamus
3664 1194 3822 1249 homi-

2315 1283 2435 1292 ...η-..ι
2465 1283 2510 1292 ι..
2563 1268 2844 1292 ζ..-.ι.ι.ξ..ρι..νι
2896 1275 2945 1292 ,ιι
2998 1265 3115 1292 οἷν-αἶ
3143 1268 3230 1292 ει...
3260 1267 3411 1292 ζου-..ς
3473 1275 3706 1292 ﬁnal-nm
3775 1267 3819 1292 ἒ..

562 1267 716 1277 .........
749 1267 983 1292 ,μυ--.ω-
1029 1267 1338 1290 r--_._-----,
1388 1267 1437 1272 π
1473 1267 1570 1271 ---_
1730 1267 2012 1280 --η-ηπ,
2121 1267 2137 1269 _
2174 1267 2176 1269 .

562 1313 664 1368 ista
694 1311 971 1366 rationalis
999 1309 1371 1380 participantia
1417 1307 1713 1377 probantur
1740 1321 1859 1361 esse
1897 1304 2144 1359 substan-

2314 1283 2436 1320 nem
2465 1267 2531 1320 ad
2562 1268 2846 1334 imaginem
2893 1275 2948 1320 et
2997 1267 3412 1319 similitudinem
3472 1275 3727 1328 nostram,
3775 1267 3821 1318 in

2313 1354 2414 1407 quo
2452 1338 2764 1407 perquiritur
2791 1352 2904 1407 qua:
2947 1337 3016 1390 sit
3058 1337 3211 1407 ratio,
3237 1344 3290 1389 et
3333 1336 3537 1407 indque
3565 1336 3728 1388 simile
3764 1336 3822 1387 sit

565 1354 664 1368 μη..
696 1354 971 1366 .....ν.......,
1000 1354 1371 1380 r-.-....,._..-.-
1417 1354 1702 1377 r--__---_-
1743 1354 1857 1361 η--
1898 1354 2114 1359 -___-,-_

563 1407 674 1471 tim,
697 1404 896 1459 idcirco
924 1403 1044 1470 quis
1071 1400 1367 1455 animarum
1396 1413 1515 1454 esse
1552 1396 1943 1452 multitudinem
1973 1395 2146 1466 suspi-

2384 1355 2414 1391 o
2452 1354 2764 1407 perquiritur
2859 1354 2904 1390 ω
2947 1354 3016 1390 su
3058 1354 3211 1401 rauo,
3237 1354 3290 1389 et
3333 1354 3392 1388 ιη
3433 1354 3537 1404 quo
3565 1354 3728 1388 suum
3764 1354 3822 1387 su

2313 1354 2478 1462 ante:
2494 1416 2552 1480 _et
2580 1354 2882 1480 impassiz‘t'lli
2905 1416 3109 1480 natura;
3125 1405 3220 1480 hoc
3255 1404 3517 1480 possibile
3542 1413 3764 1480 nostrum
3780 1415 3824 1458 et

568 1509 742 1563 cetnr,
765 1512 885 1551 cum
916 1494 1270 1549 differentiam
1309 1507 1489 1547 earum
1529 1505 1637 1545 non
1684 1478 2011 1560 competenti
2059 1501 2145 1541 ra-
2316 1478 2552 1563 mor‘mie,
2573 1475 3146 1563 etiluernaanioauniin
3171 1475 3714 1563 imagine'masculus
3739 1491 3822 1555 ap-

568 1545 993 1651 tione’deliniat,
1042 1586 1166 1654 quia
1210 1591 1370 1640 omne
1422 1582 1681 1653 quidquid
1725 1581 1780 1656 in
1808 1545 1995 1636 irebus
2041 1588 2145 1645 est,

2318 1547 2558 1617 probetur
2584 1554 2632 1598 et
2655 1545 2863 1615 femina,
2893 1561 3007 1598 cum
3037 1545 3092 1597 in
3119 1546 3375 1615 primwva
3417 1545 3594 1616 forma
3638 1545 3826 1599 minime

2317 1627 2522 1672 exstare
2550 1617 2836 1670 videantur.

529 1701 534 1709 α
567 1679 828 1749 siquidem
855 1679 1088 1748 perfecte
1112 1685 1168 1730 et
1192 1676 1398 1744 integre
1427 1684 1669 1739 vocatur,
1699 1655 1914 1744 proprie
1935 1679 2148 1728 constat
2177 1660 2240 1732 ις
2317 1655 3023 1752 item“,
3074 1693 3269 1749 divina3
3317 1694 3480 1749 vocis
3524 1693 3824 1749 oraculum,

529 1793 532 1796 ’
569 1785 690 1829 θεεθ
713 1769 855 1838 (ἰυοά
893 1768 1104 1823 dic-im"-
1137 1768 1193 1822 εί
1239 1775 1419 1822 autem
1469 1782 1576 1821 “0"
1617 1781 1714 1836 Ρθτ
1762 1767 1970 1859 οωηίδνν
2003 1765 2149 1834 Ψιοά
2178 1767 2226 1826 Β
2252 1787 2533 1841 Faciamus
2588 1786 2844 1842 hominem
2917 1786 2988 1839 ad
3025 1787 3304 1859 imaginem
3353 1795 3406 1838 et
3460 1785 3827 1840 similitudinem

571 1861 870 1932 appellatur
890 1862 1104 1926 existat,
1134 1860 1292 1914 inane
1315 1875 1510 1914 nomen
1536 1858 1585 1912 ei
1608 1865 1824 1928 putatur
1840 1858 2151 1927 ascriptum,

2267 1889 2501 1944 castram,
2529 1893 2687 1948 quam
2709 1893 2872 1948 parva
2893 1887 3054 1947 atque
3080 1858 3299 1947 indigna
3317 1878 3573 1934 nonnulli
3592 1885 3828 1933 externo-

573 1962 634 2007 ut
660 1962 789 2022 puta
814 1950 957 2020 quod
1000 1967 1180 2006 rerum
1217 1951 1324 2006 vim
1365 1967 1472 2004 non
1527 1949 1876 2039 demonstret,
1929 1948 2156 2039 dicimus
2253 1986 2373 2025 mm
2413 1969 2480 2024 de
2527 1968 2922 2037 magniﬁcentia
2969 1969 3201 2024 hominis
3245 1969 3518 2039 suspicati
3571 1977 3711 2035 sum,
3751 1969 3827 2038 qui

539 2067 543 2070 ~
576 2044 717 2098 enim
745 2042 960 2114 proprie
979 2041 1222 2110 subjecto
1250 2055 1446 2095 nomen
1474 2039 1769 2109 imponere.
1797 2037 1950 2105 Quod
1977 2037 2020 2092 si
2039 2036 2158 2106 quis

2267 2076 2379 2115 eum
2426 2036 2715 2114 collatione
2757 2058 2942 2113 mundi
2991 2057 3150 2128 hujus
3181 2036 3458 2114 extollere
3504 2036 3828 2128 putaverunt.

576 2150 643 2190 ex
671 2133 848 2203 lapide
870 2131 1216 2186 fabrefactam
1238 2129 1638 2186 similitudinem
1659 2129 1774 2184 veri
1794 2128 1949 2199 panis
1970 2135 2222 2184 esten-au
2257 2151 2516 2207 Dixerunt
2543 2149 2683 2204 enim
2713 2163 2936 2219 parvum
2981 2148 3236 2203 mundum
3268 2163 3396 2204 esse
3437 2148 3733 2214 hominem,
3772 2147 3830 2201 de

582 2235 674 2290 tet,
703 2225 790 2280 cui
819 2232 874 2280 et
895 2225 1064 2279 forma
1092 2223 1308 2293 quidem
1350 2223 1464 2292 ipsa
1490 2222 1579 2286 sit,
1629 2230 1684 2276 et
1704 2219 2015 2289 magnitudo
2043 2219 2160 2289 ejus

580 2316 1078 2387 videaturmqualis,
1109 2330 1210 2370 nec
1235 2329 1341 2369 non
1373 2322 1427 2368 et
1463 2311 1708 2370 eamdem
1737 2313 1934 2368 coloris
1970 2313 2157 2368 simili-

582 2389 1109 2478 tudinem‘praeferat,
1140 2406 1214 2460 ita
1241 2415 1301 2460 ut
1338 2404 1518 2460 multis
1547 2403 1757 2460 indiciis
1804 2420 1964 2461 verus
2007 2413 2161 2474 pute-

585 2512 689 2566 tur,
720 2501 858 2555 desit
877 2501 1065 2556 autem
1104 2499 1180 2552 illi
1213 2497 1355 2567 quod
1392 2497 1542 2551 cibus
1570 2497 1740 2566 possit
1779 2496 2032 2562 existere,
2081 2495 2159 2549 id-

583 2592 726 2647 circo
743 2591 874 2663 jam;
895 2589 1124 2660 lapidem
1153 2590 1366 2658 proprie
1395 2588 1482 2643 vel
1527 2587 1858 2654 naturaliter,
1907 2587 2184 2679 nonniisi.
2211 2581 2438 2679 ςίηερω
2463 2581 2753 2662 ῂηιεηιηι.
2803 2606 2933 2660 Nam
2965 2615 3019 2662 ei
3049 2607 3150 2662 iiiis
3191 2623 3258 2662 ex
3301 2581 3542 2678 humum.
3579 2605 3828 2662 eiememis

585 2685 802 2766 abusive
827 2694 980 2759 panis
1009 2681 1420 2758 appellationem
1448 2680 1668 2738 dicimus
1696 2679 1988 2756 accepisse.
2031 2677 2160 2738 item

587 2789 777 2836 caetera
823 2780 978 2849 juxta
1008 2780 1250 2834 eamdem
1295 2783 1558 2834 rationem
1587 2793 1705 2848 quae
1750 2794 1860 2833 non
1906 2788 2028 2833 sunt
2066 2795 2163 2848 per

585 2871 765 2927 omnia
793 2870 936 2941 quod
965 2869 1234 2938 dicuntur,
1273 2871 1472 2925 habent
1514 2885 1580 2925 ex
1630 2870 1886 2925 abusione
1932 2868 2164 2924 vocabu-

585 2966 716 3020 lum.
747 2962 835 3019 Sic
861 2962 1021 3030 igitur
1049 2969 1103 3016 et
1123 2961 1298 3014 anima
1320 2977 1439 3016 cum
1463 2959 1850 3032 perfectionem
1881 2959 1933 3014 in
1955 2959 2163 3014 ratione

2258 2243 2386 2312 ipsis
2431 2249 2732 2296 exstantem
2775 2240 3163 2296 universalibus
3203 2240 3516 2295 elementis.
3565 2240 3669 2295 Sed
3703 2240 3827 2295 enim

2258 2332 2388 2403 quid
2434 2342 2580 2387 tanta
2603 2332 2863 2402 jactantia
2905 2332 3138 2388 nominis
3178 2331 3562 2402 hujuscemodi
3608 2333 3828 2387 humanae

2259 2423 2568 2478 substantiae
2597 2422 2960 2483 contulerunt,
2985 2421 3064 2476 sui
3096 2437 3323 2492 prorsus
3354 2422 3512 2476 obliti
3541 2431 3682 2486 sunt,
3718 2421 3826 2474 dum

2261 2533 2328 2572 ex
2359 2515 2779 2588 proprietatibus
2804 2516 2968 2570 muris
2996 2524 3052 2570 et
3081 2517 3268 2570 culicis
3299 2517 3577 2587 praeconia
3623 2513 3828 2569 hominis

2265 2707 2452 2754 natura
2482 2704 2764 2765 compacta
2792 2705 2898 2767 est,
2931 2705 2984 2751 et
3013 2697 3155 2752 circa
3185 2713 3383 2752 omnes
3411 2696 3705 2750 animantes
3745 2693 3828 2747 ho-

2262 2812 2379 2850 rum
2409 2795 2802 2851 elementorum
2826 2787 2945 2865 plus
2969 2788 3213 2848 minusve
3241 2787 3493 2865 quadam
3524 2786 3692 2866 portio
3724 2805 3825 2846 cerr

2263 2890 2428 2954 nitur,
2457 2890 2574 2944 sine
2600 2903 2706 2958 qua
2753 2887 3048 2944 subsistere
3098 2902 3162 2942 ea
3190 2902 3317 2956 qua:
3348 2895 3574 2941 utuntur
3611 2883 3826 2941 sensibus

2265 2980 2483 3035 omnino
2531 2995 2638 3035 non
2675 2987 2950 3050 poterunt.
3004 2979 3142 3046 Quid
3181 2981 3350 3048 igitur
3390 2978 3643 3049 amplum,
3689 2974 3729 3030 si
3769 2970 3822 3026 ad

587 3065 641 3110 ct
686 3053 958 3109 intellectu
1007 3067 1226 3122 prorsus
1266 3051 1525 3117 obtineat,
1554 3066 1715 3106 omne
1749 3049 2006 3121 quidquid
2053 3049 2234 3139 llatch
2266 3069 2449 3124 mundi
2478 3049 2702 3137 ηεηηώ
2731 3070 2817 3123 νει
2843 3067 3243 3123 simiiiludinem
3270 3077 3498 3139 puleii".
3525 3067 3681 3122 homo
3709 3077 3824 3134 pm,

536 3215 549 3218 -
588 3159 692 3199 non
723 3151 822 3207 est,
855 3143 1129 3213 aequivocc
1175 3141 1387 3211 quidem
1427 3141 1604 3196 anima
1649 3149 1829 3211 potest
1871 3155 2008 3204 esse,
2059 3154 2166 3193 non
2193 3137 2237 3198 C
2269 3157 2416 3226 ferri,
2447 3157 2567 3213 οωιί
2604 3157 2748 3228 quod
2793 3157 3002 3221 transit,
3041 3166 3197 3212 terra,
3240 3137 3377 3212 νέω
3430 3171 3548 3227 ηοω
3598 3160 3821 3212 mum”,

589 3245 765 3290 tamen
795 3250 923 3290 vere
948 3233 1139 3289 dicitur
1160 3234 1355 3300 anima,
1383 3233 1475 3289 sed
1501 3243 1584 3290 est
1610 3233 1786 3288 vitalis
1820 3231 2060 3302 quaedam
2090 3230 2167 3287 ef-

591 3326 820 3381 ticientia
881 3340 1000 3394 quze
1059 3340 1155 3395 per
1205 3325 1517 3379 abusionem
1569 3324 1747 3378 anima
1809 3331 2165 3392 nuncupatur.

2268 3257 2323 3305 et
2347 3248 2583 3304 omnium
2605 3263 2722 3317 qua:
2743 3250 2796 3302 in
2825 3249 2906 3302 his
2925 3248 3266 3303 continentur
3285 3247 3672 3304 continentium
3701 3252 3824 3297 tran-

2269 3341 2395 3408 situ,
2428 3339 2542 3411 pari
2562 3338 2873 3394 conditione
2901 3338 3233 3392 labentium?
3260 3336 3371 3393 Sed
3395 3338 3448 3391 in
3477 3351 3582 3408 quo
3607 3334 3670 3388 sit
3691 3331 3822 3400 juxta

592 3417 820 3487 Propter
840 3417 982 3487 quod
1008 3426 1064 3472 et
1085 3417 1525 3471 irrationabilium
1550 3423 2041 3483 naturastanquam
2061 3429 2169 3467 ηοη
2243 3431 2691 3492 ,ecclesiasticam
2721 3431 2983 3485 rationem
3011 3430 3242 3484 hominis
3269 3429 3602 3499 magnitudo,
3649 3441 3744 3479 non
3778 3421 3822 3473 in

594 3505 782 3576 procul
811 3505 1101 3560 existentes
1129 3519 1158 3557 a
1186 3503 1444 3558 surculari
1474 3502 1558 3556 vel
1595 3502 1834 3556 sentin-ali
1859 3503 1987 3566 vita,
2026 3501 2253 3587 deditis
2272 3542 2338 3581 eo
2363 3524 2508 3595 quod
2536 3523 2603 3578 ad
2624 3522 3022 3577 Simiiiwdinem
3051 3523 3230 3578 mundi
3256 3531 3341 3576 est
3369 3521 3627 3581 conuiuis,
3657 3513 3740 3571 sed
3767 3510 3821 3566 ad

595 3599 662 3652 ad
705 3613 831 3652 usus
871 3597 1148 3652 hominum
1198 3597 1340 3651 Deus
1367 3596 1457 3667 qui
1499 3593 1566 3650 de
1610 3595 1831 3664 singulis
1875 3594 2172 3664 quibusque

595 3687 851 3757 justitiam
881 3687 1012 3755 legis
1038 3701 1148 3741 suae
1173 3685 1358 3752 afﬁxit,
1381 3693 1442 3740 ut
1471 3686 1520 3740 hi
1551 3686 1640 3755 qui
1671 3700 1856 3740 eorum
1885 3693 2173 3740 vescuntur

597 3780 863 3846 carnibus,
895 3796 992 3850 pro
1021 3779 1255 3834 oleribus
1281 3779 1533 3834 habeant.
1575 3777 1772 3832 Omnes
1797 3777 1938 3832 enim
1985 3790 2174 3832 carnes

601 3871 986 3926 manducabitis
1014 3871 1152 3925 sicut
1190 3869 1337 3924 olera
1385 3867 1511 3924 feni.
1553 3867 1745 3922 Parum
1789 3882 2018 3937 namque
2055 3867 2174 3936 plus

603 3962 800 4016 habere
844 3959 1096 4014 videntur
1142 3975 1236 4030 per
1278 3974 1528 4014 sensuum
1563 3959 1973 4027 vegetationem,
2013 3973 2174 4029 quam

604 4053 689 4105 illa
715 4051 906 4120 quibus
940 4051 1171 4114 aluntur,
1215 4060 1270 4104 et
1297 4050 1486 4120 quibus
1535 4057 1804 4104 crementa
1855 4048 2176 4120 percipiunt,

603 4161 721 4215 quze
747 4160 834 4198 res
862 4143 1090 4197 instruat
1119 4151 1386 4197 amatores
1415 4142 1674 4208 carnium,
1708 4159 1813 4196 non
1845 4141 2025 4197 multis
2054 4155 2177 4197 sen-

603 4235 841 4290 sibilibus
871 4234 1103 4287 animum
1143 4247 1297 4286 suum
1325 4242 1562 4296 nectere,
1592 4232 1685 4286 sed
1731 4232 1900 4300 magis
1926 4231 2179 4300 spiritali-

603 4330 700 4382 bus
727 4327 1015 4397 privilegiis
1031 4325 1305 4395 occupari,
1333 4325 1474 4394 quod
1497 4326 1549 4378 in
1581 4324 1665 4378 his
1689 4340 1814 4379 vere
1834 4325 2023 4379 animus
2044 4341 2177 4380 con-

605 4421 897 4489 spiciantur
926 4417 1165 4472 effectus.
1201 4416 1331 4469 Nam
1363 4417 1413 4469 in
1439 4415 1596 4469 rebus
1624 4415 1925 4468 carnalibus
1967 4415 2179 4469 irratio-
2201 4463 2220 4480 ._

2273 3615 2559 3684 imaginem
2587 3614 2761 3668 factus
2797 3620 2883 3666 est
2909 3612 3200 3666 Creatoris.
3247 3610 3518 3666 Fortassis
3553 3608 3684 3662 enim
3722 3615 3822 3670 quin

2273 3705 2344 3760 sit
2372 3703 2615 3770 imaginis
2643 3701 2783 3756 ratio
2811 3715 3042 3769 quaeras,
3085 3701 3360 3770 quomodo
3399 3701 3706 3768 incorporeo
3724 3705 3822 3746 cor-

2274 3797 2460 3869 porale
2485 3796 2554 3850 sit
2590 3794 2784 3858 simile,
2827 3793 2968 3863 quod
2997 3790 3287 3861 temporale
3314 3801 3404 3849 est
3430 3789 3752 3859 sempiterno,
3778 3790 3822 3835 et

2275 3887 2699 3945 incommutabili
2730 3887 2782 3941 id
2807 3885 2950 3956 quod
2971 3886 3240 3940 continuis
3261 3885 3498 3940 motibus
3529 3883 3818 3938 inunutatur,

2280 3978 2597 4051 impassibili
2631 3979 2794 4034 etiam
2824 3952 2896 4032 ’ἆ
2934 3975 3324 4045 incorruptibili
3358 3975 3502 4045 quod
3533 3966 3749 4042 passioni
3778 3972 3822 4017 et

2277 4071 2610 4142 corruptioni
2640 4071 2942 4140 subjectum
2968 4076 3070 4133 est,
3107 4077 3162 4123 et
3190 4069 3238 4123 ei
3265 4069 3360 4138 qui
3409 4069 3522 4122 sine
3550 4061 3732 4118 malitia
3757 4064 3822 4110 est

2279 4164 2384 4219 ulla
2420 4164 2472 4218 id
2501 4162 2647 4234 quod
2671 4170 2883 4232 semper
2905 4162 2957 4215 in
3005 4161 3206 4214 malitia
3253 4168 3308 4215 et
3354 4159 3651 4215 defectione
3675 4162 3820 4205 versa-

2281 4262 2385 4307 tur.
2418 4252 2640 4306 Multnm
2670 4266 2902 4320 namque
2929 4250 3090 4305 distat
3115 4251 3255 4304 inter
3275 4251 3579 4320 primasvam
3607 4244 3819 4299 formam.

2281 4353 2336 4398 et
2361 4359 2481 4397 eam
2510 4359 2627 4413 qua:
2655 4343 2724 4397 ad
2756 4341 3155 4398 similitudinem
3203 4340 3316 4410 ejus
3360 4342 3499 4396 facta
3529 4344 3626 4393 cst.
3671 4332 3820 4394 lmalo

2233 4417 2245 4474 ἶ
2283 4437 2498 4507 quippe,
2522 4437 2566 4491 si
2577 4435 3076 4506 servetprincipalis
3097 4433 3281 4489 formae
3301 4432 3820 4489 similitudinem,vere

606 4511 812 4566 nabiles
842 4509 994 4564 nobis
1023 4516 1146 4562 sunt
1174 4522 1451 4577 compares
1472 4514 1526 4560 et
1551 4506 1801 4577 mquales.
1829 4505 1935 4598 Sed
1966 4507 2016 4560 in
2038 4506 2182 4561 aliud
2210 4514 2262 4573 D
2287 4505 2462 4596 imdg’o
2485 4536 2540 4582 ei
2555 4505 2976 4598 ρτορνίέίῐηεεο
2992 4526 3202 4582 (licium
3226 4525 3282 4580 Si
3328 4541 3460 4581 vero
3481 4523 3546 4578 ab
3561 4513 3820 4589 eiusimm.

609 4604 790 4660 nescio
816 4601 1085 4671 quomodo
1114 4599 1496 4666 consequentia
1537 4598 1798 4652 sermonis
1827 4597 2019 4651 inﬂexa
2061 4609 2141 4652 est
2168 4615 2180 4650 :

613 4709 717 4748 non
749 4693 891 4748 enim
932 4692 1036 4745 hoc
1078 4697 1195 4744 erat
1233 4689 1285 4742 in
1329 4687 1781 4756 contemplatione
1831 4687 2181 4756 propositum,

615 4799 669 4844 ut
698 4787 824 4856 quid
871 4793 1015 4840 esset
1043 4781 1394 4839 excellentius
1424 4780 1478 4834 in
1509 4779 1743 4844 homine,
1778 4787 1954 4832 utrum
1996 4779 2185 4832 mentis

2290 4619 2433 4673 tione
2455 4617 2716 4685 discedat,
2743 4617 2886 4672 aliud
2907 4617 3157 4686 quiddam
3186 4631 3306 4673 esse
3335 4619 3672 4672 monstratur.
3700 4603 3820 4669 090'

2290 4707 2450 4762 modo
2471 4722 2600 4778 ergo
2615 4709 2858 4763 mortalis
2879 4710 3041 4763 homo
3063 4708 3358 4778 purissima:
3374 4705 3511 4761 illius
3522 4711 3573 4757 et
3589 4699 3819 4778 immorta'

2287 4799 2350 4852 lis
2374 4807 2574 4853 natura:
2589 4814 2904 4869 semperque
2917 4798 3252 4853 subsistentis
3277 4798 3453 4865 imago
3473 4806 3586 4848 esse
3605 4775 3818 4860 probabi-

615 4875 856 4947 operatio
894 4883 986 4929 aut
1033 4871 1331 4928 substantia
1378 4869 1687 4932 tnaterialis,
1730 4868 2042 4938 inquireret,
2091 4867 2236 4930 sed?
2289 4887 2407 4941 ειπερ
2435 4886 2608 4943 Deliis
2637 4867 3007 4957 ίιρξιυείεοιοηι
3028 4901 3213 4941 vel-am
3242 4885 3502 4940 rationem
3527 4881 3632 4950 ipsa
3651 4869 3818 4928 veritas

613 4967 756 5040 quod
788 4969 840 5022 in
863 4966 1040 5035 aliqua
1067 4973 1221 5035 parte
1250 4978 1434 5017 eorum
1464 4977 1582 5032 quae
1605 4962 1657 5016 in
1684 4961 1837 5016 nobis
1864 4967 1989 5016 sunt
2036 4975 2186 5014 mens

613 5068 756 5116 esset
783 5059 1000 5118 innexa.
1026 5054 1302 5125 aequaliter
1320 5063 1495 5108 autem
1526 5054 1579 5107 in
1603 5051 1848 5108 omnibus
1876 5061 1925 5107 et
1949 5068 2043 5123 per
2069 5068 2189 5105 om-

617 5153 704 5206 nia
731 5167 850 5206 sese
876 5147 1150 5213 diffundat,
1182 5156 1237 5201 et
1270 5163 1369 5201 nec
1410 5146 1738 5203 extrinsecus
1764 5149 2059 5213 contineat,
2092 5165 2190 5203 nec

617 5245 955 5298 contineatur
981 5240 1316 5294 intrinsecus.
1347 5237 1470 5294 Hmc
1493 5239 1630 5294 enim
1655 5240 1820 5295 forma
1852 5243 1904 5295 in
1936 5241 2078 5298 cadis
2100 5249 2192 5298 aut

2292 4979 2568 5036 evidenter
2586 4982 2845 5049 agnoscit.
2862 4980 2969 5034 Nos
2983 4988 3185 5046 autem,
3201 4985 3456 5048 quantum
3471 4982 3654 5043 capere
3668 4971 3818 5036 Ρ⁰⁵⁵¹¹’

2293 5087 2431 5136 mus,
2471 5071 2782 5140 quibusdam
2813 5070 3133 5138 conjecturis
3183 5078 3345 5139 atque
3384 5051 3815 5134 conjectationibus

2293 5159 2570 5211 veritatem
2588 5158 2755 5227 ipsam
2779 5158 2966 5213 sedulo
2987 5157 3385 5226 investigantes,
3411 5157 3512 5212 hoc
3538 5147 3816 5204 arbitramur

2292 5261 2412 5300 esse
2431 5245 2572 5314 quod
2595 5247 2867 5317 quaeritur,
2883 5249 2947 5301 de
2962 5264 3069 5318 quo
3092 5264 3189 5303 nos
3210 5248 3490 5304 necdivina
3509 5240 3632 5297 fallit
3649 5228 3811 5290 oratio.

618 5333 672 5388 in
701 5334 874 5388 situlis
913 5332 1138 5401 aliisque
1181 5330 1439 5386 similibus
1469 5332 1608 5388 vasis
1651 5341 1812 5402 atque
1855 5332 2262 5401 corporibusji’
2293 5335 2787 5406 qumadimaginem
2811 5337 2903 5393 Dei
2927 5338 3120 5394 factum
3137 5340 3401 5394 hominem
3424 5333 3614 5397 retulit,
3634 5320 3814 5382 necllu-

617 5439 737 5494 qua:
763 5439 822 5478 se
849 5438 945 5477 sua
973 5423 1272 5492 capacitate
1294 5423 1570 5478 continent
1598 5424 1812 5494 proprie
1847 5423 2151 5491 pervidetur
2175 5441 2187 5476 :

548 5577 550 5579 ,
620 5513 930 5570 communio
953 5529 1079 5568 vero
1105 5513 1300 5568 mentis
1329 5513 1394 5568 ad
1423 5529 1618 5584 corpus
1647 5513 1962 5569 ineffabilem
1999 5527 2190 5582 quam-

622 5605 743 5658 dam
773 5611 828 5658 et
857 5603 1449 5673 incomprehensibilem
1475 5603 1719 5673 copulam
1748 5603 1946 5663 habere
1993 5616 2193 5669 cogno-

627 5695 810 5759 scitur,
853 5710 952 5749 nec
998 5695 1218 5750 interius
1265 5697 1520 5764 existens,
1574 5697 1696 5765 quia
1744 5711 1828 5750 res
1878 5696 2190 5764 incorporea

2293 5440 2465 5481 mante
2483 5433 2685 5482 natura:
2705 5428 2946 5484 deﬂenda
2968 5430 3181 5484 miseria
3204 5438 3304 5495 est,
3322 5431 3444 5500 quia
3459 5428 3618 5482 beatae
3633 5415 3754 5471 illius
3770 5412 3812 5460 et

2262 5519 2268 5522 ’
2294 5515 2634 5586 impassibilis
2663 5520 2779 5574 vita:
2800 5520 3203 5576 similitudinem
3225 5523 3378 5590 gerit.
3401 5519 3616 5576 Necesse
3641 5514 3714 5562 est
3735 5513 3811 5554 all-

2297 5615 2404 5662 tem
2437 5623 2467 5661 e
2507 5607 2714 5663 duobus
2760 5610 2986 5664 alterum
3015 5608 3278 5675 conﬁteri,
3309 5620 3366 5665 ut
3387 5607 3554 5676 siquis
3579 5592 3810 5690 campi?“

2296 5696 2403 5750 Deo
2414 5698 2554 5765 quod
2584 5708 2821 5753 nostrum
2844 5710 2943 5765 est,
2977 5711 3069 5755 aut
3091 5700 3393 5771 passibilcut
3410 5690 3713 5752 divinantaut
3731 5691 3808 5771 un-

627 5788 810 5859 ncqnit
848 5803 1071 5858 corpore
1125 5787 1404 5855 contineri,
1455 5803 1552 5844 nec
1597 5789 1829 5846 exterius
1875 5785 2240 5846 circumfluat:
2294 5787 2596 5868 possibile-iu
2630 5789 2916 5848 humanam
2954 5768 3105 5862 putet
3145 5809 3260 5850 esse
3299 5786 3645 5849 substantiallb
3683 5768 3808 5862 ‘Vclu‘
