4092 6348
272 304 383 360 573

1070 311 1245 366 LIBRI
1285 310 1373 364 DE
1412 306 1797 365 CREATIONE
1834 305 2114 363 HOMINIS
2150 308 2715 366 INTERPRETATIO.

3444 310 3548 373 δτι

274 425 623 494 tenuitatibus
669 428 784 483 istis
832 426 1140 483 substantia:
1194 424 1487 480 similitudo
1534 423 1763 479 rationis
1814 422 1868 477 in
1894 423 1946 483 Α
1964 420 2079 476 hoc
2101 421 2151 477 id
2176 422 2321 490 quod
2343 438 2503 493 supra
2529 424 2770 478 diximus
2792 426 3104 494 Apostolum
3127 426 3397 496 deﬁnisse,
3425 431 3550 499 quia

276 520 528 587 utrisque
555 529 827 575 cernatur.
856 517 912 572 Si
942 533 1073 573 vero
1117 531 1291 585 neque
1337 514 1597 571 Divinlhs
1643 516 1698 570 in
1742 529 1868 585 pas-

276 612 439 666 sione
466 619 569 676 est,
600 626 774 680 neque
800 620 978 664 nostra
1010 609 1345 678 passionibus
1383 608 1679 677 probantur
1715 620 1870 662 exce-

282 711 402 771 pta,
448 712 603 772 putas
645 716 764 771 qua:
805 702 973 757 altera
1020 700 1343 768 relinquitur
1387 698 1527 753 ratio
1575 696 1868 752 secundum

281 804 451 859 quam
496 791 730 846 divinam
772 807 959 847 vocem
1001 805 1244 845 veraceiu
1288 804 1409 844 esse
1445 788 1703 852 dicamus,
1748 800 1913 856 qua):

286 884 576 951 imaginem
607 884 701 940 Dei
731 884 1000 940 hominem
1029 897 1149 937 esse
1178 890 1368 937 testata
1394 881 1509 936 est?
1534 879 1699 949 Igitur
1722 894 1869 935 eam-

287 974 417 1029 dem
453 976 773 1046 scripturam
819 990 1090 1029 sumamus
1134 974 1455 1038 universam,
1505 972 1549 1026 si
1594 969 1869 1041 quomodo

286 1080 389 1134 per
414 1081 530 1119 eam
561 1067 717 1121 nobis
744 1066 919 1135 aliqua
945 1064 1237 1120 declaratio
1261 1063 1326 1118 ad
1355 1064 1408 1119 id
1443 1063 1586 1133 quod
1612 1062 1869 1134 quaeritur

286 1155 578 1213 elueeseat.
615 1157 964 1226 Posteaquam
986 1157 1119 1211 dixit
1156 1173 1169 1210 :
1202 1154 1481 1209 Faciamus
1512 1155 1788 1222 hominem,
1814 1162 1870 1210 et

278 1249 356 1301 ad
388 1262 547 1317 quam
575 1265 688 1305 rem
716 1248 886 1304 factus
910 1259 993 1304 est
1014 1247 1284 1312 indicavit,
1309 1247 1545 1303 inferens
1571 1247 1716 1316 quod
1748 1248 1870 1318 fecit
1896 1254 1923 1265 "

292 1336 437 1394 Deus
480 1341 548 1394 ad
600 1341 912 1412 imaginem,
962 1340 1032 1393 ad
1080 1340 1355 1411 imaginem
1408 1338 1506 1393 Dei
1554 1339 1677 1409 fecit
1721 1354 1866 1403 eum,

284 1432 575 1485 masculum
619 1440 670 1485 et
712 1432 961 1502 feminam
1006 1431 1129 1499 fecit
1164 1446 1271 1485 eos.
1299 1428 1418 1484 Jam
1452 1444 1582 1485 vero
1612 1431 1667 1483 in
1709 1444 1867 1499 supe-

282 1520 520 1576 rioribus
546 1520 745 1576 dictum
776 1529 859 1575 est
883 1522 1028 1591 quod
1049 1520 1117 1575 ad
1138 1520 1558 1576 destructionem
1580 1520 1868 1591 impietatis

1969 512 2025 565 in
2047 511 2252 567 Christo
2278 511 2401 567 Jcsu
2430 531 2592 585 neque
2618 516 2876 571 masculus
2904 534 3063 587 neque
3106 521 3321 589 femina.
3353 520 3553 576 Deinde

1968 607 2154 662 intulit
2179 606 2326 675 quod
2350 608 2598 662 humana:
2638 619 2844 665 natura:
2880 612 3243 681 proprietates
3284 616 3557 684 cxprime~

1972 708 2073 766 ret,
2091 699 2377 753 masculum
2396 709 2450 755 et
2477 701 2725 771 {carinam
2756 704 2876 771 fecit
2902 718 3012 758 eos.
3044 704 3154 760 Nec
3181 719 3268 761 me
3288 706 3565 776 quispiam

1970 791 2155 861 culpet
2183 791 2328 860 quod
2357 792 2649 861 proposita:
2675 791 2902 848 rationis
2937 794 3347 866 intelligentiam
3370 798 3556 853 videar

1970 897 2042 937 ex
2089 882 2201 938 alto
2234 880 2528 948 deducere;
2579 882 2721 937 Deus
2772 883 2917 938 enim
2962 886 3279 942 naturaliter
3317 888 3556 943 existens

1970 972 2231 1043 quidquid
2263 974 2392 1029 boni
2414 974 2741 1041 cogitatione
2767 974 3199 1045 complectimur,
3240 978 3350 1033 imo
3376 980 3563 1049 potius

1972 1064 2121 1141 omni
2148 1065 2291 1120 bono
2321 1065 2465 1135 quod
2495 1073 2591 1120 aut
2617 1066 2843 1134 intelligi
2873 1075 3052 1137 potest
3077 1077 3170 1123 aut
3195 1070 3553 1140 comprehen-

1972 1155 2025 1210 di
2068 1158 2439 1226 prtestantior,
2472 1172 2580 1212 non
2600 1158 2671 1212 ob
2708 1157 2867 1212 aliam
2894 1172 3113 1215 causam
3140 1161 3351 1217 creavit
3383 1163 3559 1218 homi-

1966 1262 2097 1302 nem
2125 1246 2228 1303 nisi
2250 1248 2376 1317 quia
2401 1248 2576 1305 bonus
2598 1259 2703 1304 est.
2735 1248 2880 1305 Talis
2907 1263 3038 1319 ergo
3060 1266 3183 1306 cum
3211 1253 3303 1320 sit,
3325 1261 3386 1308 et
3424 1270 3554 1325 pro—

1972 1348 2159 1411 pterea
2187 1349 2393 1395 natura:
2421 1340 2751 1397 formatioris
2780 1341 3048 1397 exstiterit
3073 1351 3309 1413 creator,
3352 1360 3555 1414 nequa—

1973 1444 2134 1499 quam
2164 1429 2532 1499 imperfectam
2556 1430 2809 1486 virtutem
2854 1446 2964 1487 sua:
3009 1431 3264 1488 bonitatis
3297 1435 3553 1499 ostendit,

1974 1531 2034 1576 ut
2059 1521 2257 1592 aliquid
2276 1537 2344 1576 ex
2365 1522 2447 1577 his
2468 1537 2587 1591 quae
2621 1522 2672 1577 ei
2699 1530 2989 1594 suppetunt
3011 1524 3183 1591 daret,
3207 1525 3406 1595 aliquid
3426 1542 3556 1581 vero

280 1612 553 1667 haeretica:
573 1612 838 1669 sententia
867 1611 967 1668 ista
990 1612 1343 1684 processerit,
1373 1627 1480 1682 qua
1501 1620 1868 1682 competenter
1970 1614 2170 1669 invidia
2200 1622 2428 1682 cogente
2470 1613 2831 1681 subtraheret,
2867 1616 2964 1669 sed
3003 1615 3255 1684 perfecta:
3302 1617 3561 1673 bonitatis

282 1704 619 1768 instruimur,
665 1703 811 1775 quod
849 1704 1040 1761 fecerit
1084 1705 1358 1761 hominem
1384 1704 1689 1773 unigenitus
1726 1704 1867 1759 Deus
1888 1706 1945 1755 εἴ
1970 1706 2178 1776 species
2200 1706 2254 1761 in
2282 1720 2350 1761 eo
2376 1714 2478 1769 est,
2508 1715 2567 1760 ut
2591 1706 2865 1762 hominem
2891 1708 2983 1777 qui
3010 1724 3120 1763 non
3153 1717 3272 1764 erat
3310 1710 3364 1764 in
3392 1724 3555 1779 gene-

278 1795 353 1850 ad
378 1796 664 1863 imaginem
692 1796 809 1859 Dei,
835 1805 895 1851 ut
922 1796 1067 1851 nulla
1095 1797 1303 1851 ratione
1329 1795 1662 1851 divinitatem
1692 1794 1865 1849 Patris
1898 1806 1945 1864 Β
1968 1797 2234 1852 rationem
2264 1795 2605 1866 produceret,
2637 1796 3011 1867 bonorumque
3050 1799 3363 1869 participem
3411 1799 3555 1856 face—

277 1894 341 1941 et
366 1885 488 1941 Filii
524 1887 831 1943 discernere
880 1887 1184 1955 moliamur,
1222 1902 1343 1943 cum
1384 1887 1665 1956 mqualiter
1690 1885 1866 1941 divina

278 1978 565 2047 Scriptura
592 1977 761 2033 Deum
785 1987 1070 2049 utrumque
1097 1980 1344 2045 fateatur,
1375 1987 1429 2035 et
1460 1995 1583 2035 eum
1610 1980 1698 2050 qui
1742 1978 1871 2035 fecit

280 2075 582 2144 hominem,
605 2085 661 2130 et
685 2092 810 2131 eum
838 2075 907 2131 ad
931 2076 1082 2146 cujus
1108 2077 1396 2148 imaginem
1420 2076 1592 2131 factus
1619 2083 1720 2131 est.
1763 2074 1868 2130 Sed

278 2166 352 2222 de
381 2167 463 2221 his
492 2184 631 2223 nunc
655 2169 931 2223 omittatur
957 2170 1203 2224 assertio.
1255 2169 1541 2225 Vertamur
1576 2176 1755 2223 autem
1803 2168 1870 2223 ad
1906 2208 1909 2211 -

278 2259 617 2327 propositam
645 2259 1014 2329 quaestionem,
1042 2260 1314 2330 quomodo
1333 2260 1510 2315 divina
1537 2260 1752 2329 quidem
1776 2274 1873 2314 na—

284 2359 407 2403 tura
452 2349 609 2404 beata
635 2350 725 2413 sit,
765 2357 820 2404 et
852 2361 971 2405 eam
1009 2365 1128 2419 quae
1170 2350 1359 2405 similis
1403 2350 1454 2404 ei
1493 2358 1577 2404 est
1622 2349 1868 2403 miseram

281 2437 561 2509 Scriptura
589 2449 997 2495 commemoret.
1029 2440 1194 2512 Igitur
1224 2440 1385 2495 verba
1425 2441 1537 2512 ipsa
1566 2439 1871 2508 diligentius

282 2532 650 2601 cXploremus,
673 2540 730 2587 et
756 2532 1086 2589 inveniemus
1112 2532 1256 2588 aliud
1291 2533 1541 2602 quiddam
1583 2547 1702 2588 esse
1728 2532 1872 2601 quod

286 2622 358 2676 ad
390 2622 673 2691 imaginem
700 2623 798 2678 Dei
846 2622 1043 2678 factum
1072 2632 1172 2687 est,
1206 2623 1349 2677 aliud
1380 2637 1509 2677 vero
1536 2622 1680 2691 quod
1731 2637 1873 2677 nunc

284 2714 343 2767 in
374 2714 583 2769 miseria
605 2713 935 2785 pervidetur.
968 2713 1138 2778 Fecit,
1180 2713 1369 2783 inquit,
1404 2713 1542 2767 Deus
1586 2714 1871 2777 hominem;

208 2862 217 2868 ,
288 2804 361 2857 ad
382 2804 660 2877 imaginem
682 2803 779 2857 Dei
792 2806 912 2876 fecit
931 2804 1099 2869 illum;
1114 2801 1262 2858 ﬁnita
1282 2813 1366 2858 est
1384 2804 1501 2874 ejus
1512 2803 1876 2875 quifactusest

1965 1896 2071 1943 ret.
2093 1887 2228 1954 Quia
2247 1902 2379 1943 vero
2404 1887 2669 1942 bonorum
2700 1889 2938 1958 ipsorum
2961 1888 3128 1944 multa
3154 1892 3416 1959 probatur
3435 1906 3554 1947 esse

1966 1980 2269 2048 congestio,
2316 1994 2436 2049 qua:
2480 1994 2586 2034 non
2624 1980 2795 2049 possit
2837 1994 3061 2035 numero
3112 1979 3266 2036 facile
3303 1997 3553 2053 compre-

1967 2070 2150 2135 hendi,
2184 2069 2382 2125 idcirco
2406 2069 2643 2141 generali
2670 2069 2900 2139 quadam
2934 2085 3067 2124 voce
3101 2070 3351 2126 universa
3395 2072 3553 2127 simul

1942 2160 2245 2232 Scriptura
2287 2161 2653 2229 complectens
2699 2160 3005 2228 signiﬁcare
3045 2162 3278 2232 curavit,
3323 2176 3445 2218 cum
3486 2164 3552 2217 ad

1968 2254 2258 2323 imaginem
2280 2252 2375 2307 Dei
2406 2250 2603 2308 factum
2632 2253 2899 2308 hominem
2917 2254 3117 2308 retulit.
3150 2252 3380 2325 Equale
3407 2255 3553 2311 enim

1968 2355 2057 2401 est
2081 2347 2211 2415 hoc,
2233 2360 2299 2401 ac
2319 2347 2364 2402 si
2386 2344 2616 2412 diceret,
2650 2345 2937 2400 humanam
2959 2354 3208 2401 naturam
3229 2348 3406 2402 omnis
3424 2348 3551 2403 boni

1970 2436 2169 2493 factam
2198 2452 2318 2493 esse
2344 2437 2696 2507 participem:
2722 2438 2768 2491 si
2796 2438 2941 2492 enim
2970 2438 3225 2494 bonitatis
3271 2448 3354 2496 est
3392 2440 3555 2510 pleni-

1971 2531 2103 2586 tudo
2129 2531 2400 2595 divinitas,
2429 2538 2487 2585 et
2514 2530 2674 2599 hujus
2699 2530 2864 2585 homo
2895 2531 3071 2601 imago
3104 2539 3206 2598 est,
3229 2532 3474 2602 profecto
3500 2542 3557 2587 et

1924 2616 2026 2676 {in
2057 2621 2385 2692 plenitudine
2414 2621 2484 2675 sit
2506 2621 2678 2676 omnis
2706 2622 2835 2677 boni
2882 2623 2997 2678 hate
3026 2623 3237 2694 imago,
3261 2624 3415 2694 juxta
3447 2624 3555 2695 pri-

1972 2728 2201 2767 mmvam
2223 2711 2451 2767 formam
2475 2712 2877 2768 similitudinem
2906 2715 3163 2785 possidet.
3196 2713 3289 2771 Est
3325 2716 3486 2785 igitur
3505 2718 3557 2771 in

1976 2814 2131 2869 nobis
2159 2814 2323 2869 totius
2342 2812 2471 2867 boni
2498 2812 2759 2880 conditio,
2805 2815 3077 2883 totiusque
3112 2814 3325 2870 virtutis
3367 2824 3424 2870 et
3470 2830 3558 2869 sa-

288 2896 360 2950 ad
393 2896 679 2963 imaginem
713 2896 807 2950 Dei
838 2896 1098 2951 conditio.
1148 2894 1351 2950 Deinde
1378 2895 1686 2965 adiungitur
1730 2894 1875 2950 velut
1975 2904 2211 2974 pientite,
2238 2910 2292 2958 et
2319 2900 2580 2973 quidquid
2605 2902 2736 2957 illud
2760 2911 2846 2957 est
2899 2904 3046 2972 quod
3085 2904 3347 2974 optimum
3392 2905 3561 2977 possit

289 2987 361 3043 de
389 2988 576 3042 eadem
606 2987 914 3043 conditione
938 3003 1139 3056 sermo,
1168 3003 1292 3043 cum
1320 2988 1513 3044 dicitur
1539 3006 1551 3041 :
1585 2987 1874 3044 Maeonium
1978 2994 2224 3062 intelligi,
2256 3008 2367 3064 pra:
2396 2995 2647 3050 omnibus
2673 3008 2807 3049 vero
2835 2995 2981 3063 quod
3020 2995 3087 3049 ab
3136 2997 3282 3051 omni
3325 2997 3561 3053 necessi-

287 3086 338 3132 et
361 3080 609 3151 {annnam
638 3082 759 3151 fecit
797 3096 903 3135 eos.
937 3079 1159 3135 Cunctis
1186 3087 1367 3135 autem
1394 3096 1522 3137 reor
1547 3097 1666 3137 esse
1707 3082 1891 3137 notis-’
1978 3095 2089 3142 tate
2119 3084 2273 3140 liberi
2300 3099 2506 3147 sunms,
2540 3084 2927 3155 neesubjugati
2949 3085 3181 3153 quadam
3213 3086 3446 3141 naturali
3472 3102 3544 3157 po

292 3172 507 3235 simum,
537 3170 681 3239 quod
707 3160 934 3240 idipsum
962 3170 1031 3225 ab
1056 3170 1143 3226 illa
1174 3170 1425 3241 primaeva
1469 3171 1643 3226 forma
1684 3170 1869 3226 intelli-
1906 3177 1952 3240 C
1984 3178 2173 3244 tentia,
2199 3175 2296 3231 sed
2325 3174 2548 3230 arbitrio
2587 3175 2808 3244 proprio
2834 3175 2901 3230 ad
2929 3175 3213 3231 consilium
3260 3176 3403 3245 quod
3445 3176 3559 3246 pla-

292 3260 438 3327 gitur
466 3260 715 3315 alienum.
768 3259 835 3315 In
882 3260 1085 3316 Christo
1128 3276 1357 3331 namque
1383 3261 1527 3328 Iesu,
1573 3262 1711 3317 sicut
1748 3263 1878 3317 dicit
1978 3268 2151 3325 cuerit
2197 3265 2552 3332 indicamus;
2595 3266 2762 3321 virtus
2781 3265 2925 3321 enim
2974 3274 3274 3337 spontanea
3320 3266 3562 3337 quaedam

293 3351 603 3421 Apostolus,
650 3368 812 3425 neque
858 3356 1137 3420 masculus,
1174 3371 1334 3426 neque
1380 3358 1593 3426 femina,
1624 3356 1718 3411 sed
1752 3356 1878 3425 quia
1980 3372 2069 3413 res
2110 3365 2212 3424 est,
2252 3365 2309 3412 et
2344 3356 2544 3412 nullius
2585 3357 2825 3427 subjecta
2873 3358 3132 3413 dominio.
3185 3356 3339 3424 Quod
3386 3366 3564 3414 autem

295 3458 395 3511 ιει·
420 3443 534 3497 hzec
557 3444 735 3499 divisit
758 3444 1029 3501 hominem
1060 3463 1241 3503 sermo
1261 3448 1490 3515 divinus,
1521 3450 1719 3519 duplex
1741 3464 1880 3519 qum-
1980 3449 2211 3519 quadam
2240 3448 2565 3503 necessitate
2593 3455 2839 3502 coactum
2862 3455 2966 3512 est,
2998 3449 3167 3503 virtus
3187 3462 3308 3503 esse
3325 3448 3438 3518 jam
3460 3464 3566 3504 non

292 3536 413 3589 dam
444 3538 701 3607 probatur
728 3547 935 3594 naturae
982 3550 1185 3595 nostrae
1227 3540 1496 3605 formatio,
1552 3553 1608 3597 et
1653 3558 1713 3597 ea
1762 3534 2179 3615 quaeti’potest.
2207 3535 2344 3592 Cum
2369 3551 2499 3606 ergo
2526 3553 2668 3608 pene
2696 3539 2749 3592 in
2790 3540 3040 3593 omnibus
3078 3539 3345 3608 primaevae
3385 3538 3567 3595 form:

296 3628 529 3682 divinam
562 3628 725 3684 refert
745 3631 1169 3696 similitudinem,
1203 3643 1259 3687 et
1297 3649 1360 3689 ea
1391 3650 1509 3703 quae
1537 3635 1605 3690 ab
1652 3636 1752 3691 ista
1781 3636 1883 3689 dif-
1980 3629 2434 3701 pulchritudinem
2472 3630 2809 3701 formamque
2859 3630 3035 3699 imago
3066 3630 3425 3697 demonstret,
3470 3632 3568 3687 nisi

298 3722 437 3775 ferre
467 3731 813 3779 monstratur.
847 3724 1057 3793 Aliquid
1088 3727 1229 3780 enim
1261 3728 1364 3782 tale
1392 3729 1713 3782 eontestatio
1744 3729 1884 3782 rela-
1982 3730 2036 3784 in
2084 3730 2265 3800 aliquo
2319 3727 2550 3795 differat,
2599 3729 2711 3797 jam
2772 3746 2877 3783 non
2931 3730 3034 3783 erit
3084 3730 3406 3794 similitudo,
3474 3730 3569 3786 sed

297 3815 459 3868 tionis
504 3815 755 3883 insinuat,
806 3816 1033 3886 primum
1071 3819 1285 3887 quidem
1342 3820 1551 3883 dicens,
1586 3820 1710 3889 quia
1765 3822 1884 3891 fecit
1984 3822 2157 3891 ipsum
2209 3828 2372 3889 atque
2400 3819 2609 3888 aequale
2634 3820 2708 3874 illi
2738 3835 2834 3889 per
2861 3820 3041 3874 omnia
3088 3819 3566 3883 demunstrahitur,

300 3904 436 3959 Deus
465 3906 756 3973 hominem;
781 3910 850 3962 ad
886 3911 1162 3981 imaginem
1198 3912 1295 3966 Dei
1324 3914 1442 3982 {erit
1479 3929 1612 3966 eum.
1644 3913 1885 3983 Itemque
1983 3913 2128 3984 quod
2158 3914 2210 3966 in
2235 3911 2487 3965 omnibus
2534 3910 2869 3965 immutabile
2915 3911 3318 3981 comprobatur.
3365 3908 3422 3963 ιη
3463 3924 3571 3979 quo

293 3996 602 4064 snbjiciens,
624 4002 748 4069 quia
778 4004 1063 4056 masculum
1092 4014 1140 4057 et
1183 4005 1427 4075 feminam
1468 4007 1589 4073 fecit
1630 4023 1735 4060 eos.
1771 4006 1885 4061 Hoc

295 4103 476 4148 autem
508 4096 559 4148 in
589 4095 671 4149 his
699 4111 817 4165 quae
844 4098 911 4152 de
933 4098 1045 4153 Deo
1080 4100 1386 4153 sentiuntur
1411 4101 1670 4168 probatur
1698 4108 1883 4155 extra-

296 4201 480 4251 neum,
512 4190 608 4241 sed
656 4188 885 4243 arbitror
934 4204 1034 4258 ego
1081 4205 1178 4260 per
1224 4191 1334 4246 hanc
1381 4207 1499 4261 qua:
1537 4208 1565 4246 a
1613 4192 1886 4263 Scriptura

294 4287 478 4331 sancta
526 4279 771 4334 dicuntur
811 4297 1060 4352 magnum
1103 4291 1262 4352 atque
1302 4284 1529 4340 sublime
1570 4285 1760 4354 dogma
1787 4286 1885 4341 ‘de-

294 4374 520 4436 clarare,
538 4374 679 4443 quod
704 4376 810 4430 tale
831 4390 948 4430 esse
975 4376 1480 4447 pervideozduabus
1508 4378 1667 4433 rebus
1694 4395 1888 4435 secun-

1985 4016 2115 4071 ergo
2140 4000 2447 4055 Divinitatis
2475 4008 2531 4055 et
2558 4000 2919 4056 similitudinis
2944 4001 3060 4071 ejus
3095 4000 3401 4056 distantiam
3449 4015 3570 4071 per-

1985 4094 2265 4148 videmus?
2300 4092 2357 4146 ln
2387 4091 2489 4147 hoc
2533 4093 2720 4161 procul
2760 4092 2944 4159 dubio,
2988 4094 3130 4163 quod
3182 4094 3443 4150 Divinitas
3486 4096 3570 4150 in-

1987 4194 2168 4241 creata
2198 4198 2298 4252 est,
2332 4187 2446 4241 lucc
2474 4195 2655 4240 autem
2699 4187 2959 4241 creationi
2996 4187 3259 4255 subsistit,
3289 4203 3409 4256 quae
3448 4174 3571 4257 pro-

1986 4276 2231 4349 prietatis
2282 4275 2583 4331 diﬂ’erenlia
2646 4292 2829 4331 rursus
2896 4278 3119 4331 aliarum
3175 4279 3569 4347 proprietatum

1988 4368 2429 4438 consequentiam
2457 4367 2698 4437 protulit.
2729 4365 2974 4423 Occurrit
3010 4368 3153 4422 enim
3183 4369 3388 4423 cunctis
3419 4368 3572 4423 indu-

294 4464 422 4516 dum
449 4464 782 4519 summitates
812 4466 878 4519 ah
911 4467 1138 4522 invicem
1167 4469 1427 4536 separatis
1452 4469 1678 4523 mediam
1702 4470 1889 4524 huma-

1971 4460 2156 4515 fbitata
2180 4460 2460 4531 professio.
2493 4462 2637 4529 quod
2664 4461 2902 4515 increata
2931 4468 3121 4514 natura
3156 4460 3571 4515 incommutabi-

298 4570 420 4608 nam
444 4570 561 4611 esse
577 4558 951 4625 substantiam,
975 4558 1115 4614 inter
1135 4560 1367 4615 divinam
1390 4562 1593 4617 scilicet
1623 4563 1875 4633 incorpo-

1981 4553 2044 4608 lis
2072 4552 2143 4608 sit
2166 4559 2221 4607 et
2270 4566 2483 4622 semper
2510 4551 2700 4606 eodem
2742 4550 2903 4605 modo
2952 4559 3281 4620 permaneat,
3325 4559 3573 4607 creatura

294 4663 549 4716 reamque
571 4658 624 4703 et
655 4650 1074 4705 irrationabilem
1108 4652 1427 4723 brutamqne
1454 4664 1721 4709 naturam.
1747 4654 1878 4710 Nam

1985 4661 2118 4701 vero
2148 4660 2255 4700 non
2287 4645 2458 4715 possit
2484 4645 2599 4699 sine
2627 4645 2925 4700 mutatione
2964 4644 3273 4715 persistere.
3317 4644 3436 4715 Ipse
3482 4645 3575 4699 de-

294 4739 574 4807 utrinsque
601 4740 678 4792 rei
724 4742 861 4794 ratio
900 4740 952 4794 in
997 4740 1229 4797 hominis
1278 4741 1703 4799 conformatione
1752 4761 1881 4800 con-
1986 4739 2147 4810 niqne
2168 4755 2236 4794 ex
2267 4738 2434 4793 nihilo
2466 4738 2531 4792 ad
2559 4740 2900 4795 existentiam
2932 4740 3211 4805 transitus,
3251 4747 3429 4795 motus
3457 4740 3576 4809 qui-

296 4828 522 4897 spicitur
550 4846 562 4880 :
592 4828 770 4883 divina
794 4830 1030 4899 quidem,
1060 4832 1165 4887 hoc
1185 4832 1326 4900 quod
1354 4834 1629 4891 rationalis
1649 4842 1702 4889 et
1724 4835 1883 4890 intel-
1985 4830 2107 4885 dam
2166 4838 2284 4884 erat
2334 4839 2497 4899 atque
2543 4830 2848 4890 conversio.
2901 4846 3021 4885 cum
3070 4847 3178 4885 non
3226 4830 3463 4885 existens
3509 4830 3575 4884 ad

296 4920 538 4973 lectualis
564 4929 663 4985 est,
695 4921 836 4990 quod
866 4922 1025 4976 etiam
1050 4924 1273 4978 masculi
1301 4938 1365 4978 ac
1388 4925 1597 4980 femina:
1625 4924 1877 4981 dilferen-
1894 4934 1961 4983 5‘0
1985 4924 2272 4979 essentiam
2303 4922 2486 4977 divino
2508 4923 2736 4978 consilio
2760 4931 3167 4978 transmutatur.
3201 4922 3269 4978 Et
3312 4924 3448 4978 sicut
3478 4921 3575 4975 im—

294 5013 426 5066 tiam
450 5010 672 5081 refugit;
704 5013 1047 5081 irrationalis,
1075 5016 1179 5071 hoc
1216 5016 1361 5086 quod
1399 5032 1713 5088 corpoream
1745 5033 1879 5073 con-

295 5102 635 5157 stitutionem
668 5103 720 5156 in
747 5106 1042 5160 masculum
1073 5106 1295 5161 divisam
1325 5116 1499 5177 gestat
1548 5116 1602 5163 et
1630 5109 1881 5164 feminam

294 5196 373 5265 (in
424 5194 506 5249 his
552 5195 694 5249 enim
749 5197 988 5266 utrisque
1044 5206 1331 5253 versantur
1382 5199 1631 5255 universa
1689 5201 1883 5269 quibus

293 5286 599 5340 rontinetur
645 5286 878 5341 humana
926 5288 1285 5360 substantia);
1315 5289 1408 5345 sed
1440 5290 1717 5361 pmlatum
1763 5306 1883 5347 esse

290 5377 340 5431 tl
365 5379 510 5445 quod
540 5380 592 5433 in
618 5380 771 5434 nobis
801 5380 1166 5435 intellectuale
1193 5389 1275 5435 est
1304 5382 1352 5435 ei
1383 5382 1457 5436 rei
1481 5397 1602 5450 qua:
1637 5384 1883 5437 humanae

289 5469 664 5537 propagationi
693 5471 897 5526 servire
924 5470 1190 5538 videmus,
1223 5470 1408 5526 ordine
1451 5473 1565 5543 ipso
1613 5473 1883 5528 conditio-

293 5558 376 5611 nis
407 5569 737 5629 exsequente
768 5561 1075 5617 didicimus.
1109 5562 1187 5617 Ad
1218 5562 1463 5618 effectum
1491 5564 1689 5634 quippe
1717 5579 1882 5633 gene-

278 5649 519 5706 rationis
565 5652 810 5720 quazdam
858 5661 941 5706 est
987 5654 1220 5708 hominis
1265 5669 1386 5709 cum
1429 5655 1883 5710 irrationabilibus

294 5738 478 5793 inuata
505 5739 836 5809 conjunctio.
873 5742 1107 5797 Primum
1144 5744 1305 5812 igitur
1343 5746 1417 5797 ait
1442 5744 1563 5815 quia
1598 5745 1715 5811 fecit
1746 5744 1885 5799 Deus

278 5831 575 5901 hominem,
603 5833 669 5883 ad
716 5834 995 5905 imaginem
1043 5833 1131 5887 Dei
1164 5838 1285 5906 fecit
1324 5852 1476 5890 eum:
1526 5833 1758 5893 ostendit
1792 5852 1887 5907 per

1982 5031 2219 5087 pressam
2250 5017 2301 5070 in
2325 5030 2431 5070 :cre
2458 5016 2679 5084 liguram
2708 5026 2951 5071 sanctum
2976 5016 3321 5085 Evangelium
3348 5014 3575 5069 Cicsaris

1985 5107 2221 5177 appellat
2247 5107 2553 5173 imaginem,
2589 5122 2685 5176 per
2712 5106 2855 5178 quod
2885 5107 3207 5162 addiscimus
3248 5106 3391 5176 quod
3417 5105 3572 5174 juxta

1985 5200 2209 5267 figuram
2241 5198 2457 5268 quidem
2482 5201 2777 5257 similitudo
2811 5200 3063 5265 Caesaris,
3091 5201 3142 5254 in
3188 5198 3431 5266 subjecto
3476 5214 3574 5253 au-

1985 5298 2091 5346 tem
2122 5290 2424 5345 differentia
2454 5291 2572 5361 ejus
2600 5302 2876 5362 appareat,
2905 5292 2976 5345 ita
3008 5299 3063 5345 et
3100 5292 3150 5344 in
3174 5289 3445 5359 prmdictis
3491 5306 3575 5343 rn~

1910 5381 2135 5441 i's‘tione
2180 5396 2281 5451 pro
2325 5380 2507 5450 ﬁguris
2552 5389 2679 5437 sunt
2732 5398 2795 5437 ea
2846 5397 2966 5450 quae
3021 5382 3075 5435 in
3121 5380 3574 5450 contemplatione

1989 5472 2181 5527 divina:
2210 5481 2416 5527 natura:
2436 5474 2787 5544 humanaeque
2813 5479 3138 5539 cernuntur;
3164 5487 3352 5529 eorum
3380 5473 3576 5543 quibus

1991 5564 2181 5619 eadem
2211 5564 2504 5619 similitudo
2541 5571 2641 5628 est,
2694 5564 2745 5617 in
2788 5561 3033 5632 subjecto
3071 5577 3291 5636 prorsus
3324 5563 3573 5619 ditl‘eren-

1992 5654 2120 5707 tiam
2148 5655 2465 5722 reperimus,
2489 5668 2649 5722 quam
2676 5654 3089 5715 intuitumentis
3116 5655 3355 5710 increata
3386 5661 3575 5708 natura

1988 5756 2277 5815 creataque
2327 5744 2707 5815 conspicimus.
2769 5744 3033 5811 Quoniam
3096 5745 3255 5815 igitur
3315 5742 3575 5798 Divinitas

1944 5860 1967 5887 ρ
1994 5842 2105 5911 ipsa
2148 5854 2357 5909 semper
2406 5847 2504 5905 est,
2540 5837 2700 5894 homo
2747 5855 2874 5893 vero
2908 5854 3000 5909 per
3030 5841 3355 5894 creationem
3407 5836 3573 5889 lactus
