4092 6348
492 281 596 336 575

1778 274 2135 332 DlONYSlUS
2173 274 2331 332 εχια
2341 276 2494 334 UUS.

3655 277 3759 333 376

492 413 559 450 ex
581 396 879 452 mutatione
904 396 1067 465 ccepit
1089 396 1342 457 existere,
1374 393 1857 461 cognationemque
1881 407 2072 463 quam-
2102 394 2153 451 A
2178 392 2371 461 Opinor
2427 393 2820 450 absolutionem
2875 394 3185 464 quaestionis
3246 408 3364 465 qua:
3425 394 3495 450 ab
3552 396 3764 453 aemulis

492 487 613 541 dam
665 487 876 542 videtur
915 489 1115 543 habere
1154 503 1276 542 cum
1325 495 1513 541 natura
1561 486 1832 541 vertibili:
1872 484 2073 538 idcirco

494 576 585 644 qui
610 578 760 631 novit
794 578 973 633 omnia
1000 586 1287 647 antequam
1315 577 1463 643 fiant,
1494 578 1633 632 sicut
1660 576 1921 646 propheta
1945 590 2074 643 pro-

494 669 731 735 miserat,
776 670 1063 740 providens
1106 679 1268 739 atque
1310 669 1642 740 prospiciens
1691 669 1886 722 virtute
1933 680 2073 738 prae-

494 760 728 816 scientia:
772 777 883 816 suae
930 763 981 817 in
1026 778 1147 833 qua:
1200 763 1497 817 declinaret
1527 762 1681 831 juxta
1726 767 2072 829 spontaneam

497 852 823 908 voluntatem
846 855 1066 909 humani
1094 865 1272 910 motus
1301 856 1529 922 arbitrii,
1575 854 1631 909 id
1656 853 1801 923 quod
1839 852 2073 907 futurum

495 949 613 996 erat
644 944 896 1012 inspexit,
927 946 1169 1001 tribuens
1194 946 1412 1014 imagini
1439 944 1793 1000 differentiam
1828 943 1992 997 maris
2023 949 2078 996 et

497 1028 723 1096 feminae,
757 1049 873 1103 qua:
896 1035 1005 1103 jam
1026 1051 1134 1089 non
1166 1036 1230 1090 ad
1252 1037 1487 1091 divinam
1533 1036 1757 1090 formam
1805 1034 2078 1104 principa-

499 1121 710 1191 lemque
741 1126 1054 1194 respiceret,
1093 1126 1212 1191 sed,
1243 1128 1317 1180 uti
1347 1127 1548 1181 dictum
1586 1134 1688 1187 est,
1726 1123 2077 1179 irrationabili

497 1220 701 1267 natura:
748 1216 1110 1285 propinquare
1156 1215 1445 1271 videretur.
1497 1215 1726 1269 Causam
1773 1230 1903 1269 vero
1943 1212 2078 1266 tanti

498 1300 656 1370 hujus
683 1304 902 1359 artificis
932 1306 1030 1359 soli
1060 1307 1274 1374 quidem
1308 1307 1380 1360 illi
1413 1306 1734 1372 intelligunt,
1763 1304 1854 1373 qui
1881 1304 2079 1357 verita-

500 1397 608 1446 tem
630 1394 861 1463 propriis
888 1396 1056 1451 oculis
1079 1397 1372 1455 intuentur.
1406 1405 1461 1451 et
1488 1396 1638 1450 verbi
1664 1395 1888 1448 ministri
1912 1403 2036 1449 sunt
2062 1412 2076 1459 ;

500 1497 602 1539 nos
628 1494 827 1550 autem,
849 1487 987 1541 sicut
1012 1496 1096 1543 est
1116 1488 1389 1557 possibile,
1415 1487 1737 1556 conjecturis
1762 1486 2077 1555 quibusdam

500 1583 662 1646 atque
692 1578 899 1634 indiciis
939 1581 1181 1635 veritatis
1221 1581 1439 1649 vestigia
1488 1589 1893 1651 prosequentes,
1932 1578 2078 1648 quod

2102 752 2153 799 ’θ’

2175 486 2374 540 nostris
2405 476 2671 557 praertur
2702 486 2990 557 inquirere.
3025 488 3216 541 Dicunt
3242 487 3384 541 enim
3413 497 3537 542 ante
3564 502 3763 557 peccao

2177 584 2288 630 tum
2312 592 2411 632 nec
2437 585 2647 646 partum
2678 576 2861 643 fuisse,
2902 593 3003 632 nec
3024 577 3301 645 gemitum,
3335 592 3434 632 nec
3463 578 3761 647 appetitum

2177 668 2267 737 qui
2296 668 2666 738 propagationi
2710 668 2878 737 prolis
2906 668 3219 736 obsequitur
3251 687 3265 719 :
3294 668 3461 738 pulsis
3488 677 3666 723 autem
3692 668 3764 724 de

2178 760 2426 830 paradiso
2477 768 2599 831 post
2661 759 2942 825 delictum,
2999 768 3052 814 et
3107 761 3330 815 muliere
3393 762 3765 830 parturitionis

2178 851 2428 906 damnata
2474 852 2756 922 supplicio,
2786 860 2911 906 tunc
2938 850 3106 905 Adam
3151 852 3467 906 convenisse
3512 861 3571 906 ut
3609 866 3763 906 suam

2177 942 2461 1011 conjugem
2485 942 2606 1011 jure
2630 952 3000 1011 cognosceret,
3029 950 3084 996 et
3111 942 3187 997 sic
3215 940 3462 997 effectum
3492 957 3609 997 esse
3635 958 3766 1012 pro-

2178 1035 2465 1089 creationis
2493 1034 2799 1090 exordium.
2830 1033 2885 1088 Si
2909 1047 3037 1101 ergo
3059 1034 3257 1103 nuptia:
3283 1033 3335 1086 in
3365 1033 3615 1102 paradiso
3653 1049 3764 1088 non

2179 1132 2353 1191 erant,
2386 1138 2560 1192 neque
2588 1123 2817 1191 gemitus
2844 1121 3058 1184 ibidem,
3092 1137 3267 1191 neque
3298 1130 3502 1191 partus,
3541 1137 3766 1177 necesse

2104 1230 2147 1275 με
2180 1229 2299 1270 esse
2341 1214 2489 1268 aiunt
2528 1230 2595 1268 ex
2638 1213 3086 1280 consequentibus
3131 1213 3429 1278 aestimare,
3479 1212 3625 1281 quod
3668 1227 3766 1267 ne—

2180 1322 2444 1377 quaquam
2470 1305 2944 1375 multiplicarentur
2966 1304 3229 1372 homines,
3251 1304 3349 1358 nisi
3374 1303 3439 1357 ad
3462 1303 3765 1358 mortalita-

2181 1408 2289 1452 tem
2312 1398 2450 1451 hanc
2479 1396 2855 1451 immortalitas
2884 1393 3179 1458 recidisset,
3206 1403 3261 1449 et
3290 1402 3533 1447 naturam
3566 1394 3767 1464 nuptiis

2180 1503 2274 1543 sua
2318 1487 2677 1542 conventione
2723 1493 3021 1550 servarent,
3070 1500 3169 1555 pro
3216 1484 3482 1539 defunctis
3526 1498 3621 1539 eos
3671 1483 3764 1554 qui

2181 1588 2477 1633 nascuntur
2504 1593 2570 1633 ex
2600 1578 2679 1633 eis
2707 1578 2959 1632 continua
2986 1577 3327 1632 successione
3354 1576 3663 1641 restituens,
3688 1576 3762 1629 ita

499 1665 681 1722 incidit
710 1670 909 1735 animo,
937 1688 1044 1725 non
1073 1672 1403 1727 enuntiativo
1431 1673 1590 1726 modo
1618 1670 1958 1741 proferimus,
1985 1657 2161 1735 sedj§
2181 1678 2239 1724 ut
2269 1669 2510 1725 videatur
2536 1674 2812 1738 peccatum
2850 1665 3011 1721 modo
3039 1666 3269 1734 quodam
3302 1664 3577 1720 hominum
3615 1665 3765 1719 utili-

500 1758 744 1812 exercitii
774 1758 893 1815 loco
939 1761 1148 1818 devotis
1193 1763 1524 1818 auditoribus
1565 1764 1890 1817 intimamus.
1940 1762 2077 1829 Quid
2112 1764 2155 1823 Β
2183 1767 2265 1813 ter
2306 1758 2687 1813 introductum.
2738 1756 3019 1812 Mansisset
3066 1764 3247 1812 autem
3296 1756 3351 1811 in
3407 1756 3511 1811 illis
3556 1755 3765 1810 duobus

501 1854 587 1901 est
613 1862 740 1916 ergo
770 1851 913 1917 quod
950 1852 1018 1907 de
1064 1854 1148 1908 his
1190 1854 1500 1922 excogitare
1542 1853 1846 1922 potuimus?
1894 1853 2084 1907 Dicens

502 1934 773 2006 Scriptura
800 1939 999 2008 divina,
1025 1944 1148 2011 quia
1180 1942 1305 1998 fecit
1329 1943 1472 1998 Deus
1492 1943 1785 2007 hominem,
1810 1940 2084 1997 indeﬁnita

502 2029 854 2097 significantia
912 2048 1070 2088 omne
1117 2034 1392 2088 hominum
1436 2048 1605 2102 genus
1662 2032 1915 2088 ostendit.
1965 2031 2085 2087 Non

2184 1866 2352 1921 genus
2378 1851 2665 1905 humanum
2695 1849 2942 1919 primitus
2970 1847 3229 1913 formatis,
3256 1864 3375 1903 cum
3388 1847 3454 1901 ad
3475 1846 3766 1901 successio-

2186 1957 2307 1996 nem
2324 1941 2472 1996 nullo
2487 1940 2675 1995 mortis
2687 1948 2833 1994 metu
2850 1947 3038 1994 natura
3053 1945 3377 1993 moveretur.
3391 1937 3496 1992 Sed
3508 1938 3559 1990 in
3579 1936 3765 1991 hisite-

2185 2048 2301 2088 rum
2312 2048 2437 2087 vera
2451 2030 2664 2100 quidem
2675 2031 2832 2095 ratio,
2845 2044 3175 2099 quabcuuque
3189 2030 3275 2082 illa
3288 2035 3390 2093 est,
3403 2028 3532 2082 solis
3545 2035 3764 2082 estnota

502 2120 647 2174 enim
677 2137 817 2177 nunc
843 2121 1015 2177 Adam
1044 2125 1097 2178 in
1125 2114 1775 2179 conditioncrﬁbminatus
1797 2130 1896 2185 est,
1947 2123 2121 2183 sicut;
2138 2138 2161 2173 tu
2185 2124 2274 2193 qui
2292 2123 2443 2192 juxta
2472 2120 2693 2175 Paulum
2724 2117 2896 2175 felicis
2928 2118 3163 2189 paradisi
3198 2118 3376 2173 verbis
3415 2118 3767 2173 ineﬂ'abilibus

504 2220 560 2267 et
590 2213 641 2267 in
673 2216 1127 2285 consequentibus
1155 2216 1392 2273 declarat
1440 2216 1702 2271 historia:
1755 2214 1849 2269 sed
1888 2229 2084 2269 nomen

505 2303 965 2371 homini-creato,
1018 2323 1127 2363 non
1171 2290 1392 2363 cuilibet
1436 2308 1643 2364 homini
1690 2307 1941 2376 generale
1979 2314 2081 2361 est.

508 2394 647 2454 llinc
668 2414 795 2469 ergo
827 2416 894 2455 ex
925 2401 1025 2456 hac
1053 2401 1293 2469 generali
1318 2408 1523 2457 nasuta:
1552 2400 1933 2471 appellatione,
1980 2398 2086 2453 tale

506 2490 637 2557 quid
688 2495 1000 2562 excogitare
1045 2494 1444 2564 compellimur,
1486 2493 1629 2563 quod
1676 2492 1857 2547 divina
1918 2492 2087 2547 virtus

2186 2216 2481 2286 probantur
2496 2212 2735 2268 instructi
2754 2220 2971 2278 ;nostra
2999 2226 3128 2266 vero
3146 2211 3266 2266 talis
3289 2226 3409 2265 esse
3437 2218 3765 2265 monstratur

2186 2308 2433 2362 assertio.
2450 2302 2839 2359 Resistentibus
2849 2300 3120 2370 quondam
3134 2300 3441 2356 Sadducaeis
3450 2302 3617 2355 verita
3627 2302 3663 2355 ti
3676 2315 3768 2355 re-

2186 2396 2611 2462 surrectionis,et
2622 2395 2765 2449 illam
2777 2393 3129 2448 multinubam
3141 2394 3420 2449 mulierem
3432 2408 3550 2461 qua:
3558 2401 3768 2462 septem

2184 2486 2382 2542 fratres
2418 2486 2622 2552 habuit,
2654 2485 2708 2539 in
2736 2484 2818 2540 sui
2840 2483 2990 2553 pravi
3010 2482 3279 2552 dogmatis
3300 2480 3767 2538 conﬁrmationem

507 2587 671 2650 atque
721 2585 1056 2653 prmscientia
1122 2600 1335 2640 omnem
1400 2585 1686 2639 humanam
1734 2592 1981 2638 naturam
2033 2584 2085 2637 in
2118 2558 2597 2649 «ﬁfproferentibus,
2627 2589 2691 2629 ac
2709 2573 2959 2642 deinceps
2989 2572 3142 2641 cujus
3160 2587 3347 2628 eorum
3378 2581 3499 2642 post
3522 2588 3767 2628 resurre-

507 2671 680 2741 prima
729 2676 1035 2732 conditione
1062 2676 1343 2748 complexa
1392 2692 1509 2731 esse
1554 2676 1816 2731 videatur.
1865 2676 2089 2746 Oportet

508 2761 652 2815 enim
683 2763 793 2819 Deo
825 2767 955 2821 nihil
985 2768 1317 2825 indeﬁnitum
1348 2768 1400 2823 in
1428 2768 1513 2823 his
1548 2783 1666 2837 qua:
1698 2769 1764 2823 ab
1790 2784 1858 2824 eo
1906 2776 2086 2824 creata

507 2860 634 2910 sunt
667 2856 952 2924 :estimare,
986 2860 1080 2915 sed
1132 2860 1357 2927 singulis
1401 2875 1588 2915 eorum
1635 2874 1754 2928 qua:
1797 2866 1924 2916 sunt
1969 2873 2088 2913 esse

509 2944 723 3001 modum
754 2948 1105 3003 certissimum
1138 2950 1411 3005 Creatoris
1438 2950 1698 3021 sapientia
1720 2950 2083 3004 terminatum.

2188 2672 2422 2727 ctionem
2450 2669 2589 2723 foret
2618 2682 2753 2722 uxor
2774 2666 3190 2730 sciscitantibus,
3214 2665 3473 2719 Dominus
3494 2665 3768 2737 reSpondit

2189 2780 2297 2819 non
2312 2762 2487 2817 solum
2509 2758 2831 2814 Sadducaros
2852 2756 3165 2822 informans,
3188 2756 3284 2811 sed
3306 2756 3553 2810 omnibus
3581 2755 3769 2809 futura:

2191 2864 2312 2926 post
2356 2852 2806 2910 resurrectionem
2853 2850 2976 2905 vitae
3016 2858 3351 2905 sacramenta
3398 2848 3727 2919 patefaciens
3754 2854 3815 2902 εί

2192 2947 2258 3002 In
2289 2946 2682 3011 resurrectione,
2711 2943 2899 3011 inquit,
2943 2958 3103 3013 neque
3136 2942 3345 3010 nubent,
3388 2958 3548 3011 neque
3587 2943 3753 2996 duce»

509 3037 660 3095 Sicut
675 3042 817 3096 enim
843 3044 1070 3112 quilibet
1096 3046 1182 3100 hic
1209 3046 1370 3100 homo
1386 3046 1683 3115 quantitate
1706 3046 1947 3116 corporis
1979 3054 2155 3115 ter-3o
2190 3057 2408 3106 uxores;
2434 3054 2594 3109 neque
2613 3036 2748 3090 enim
2776 3035 2910 3088 ultra
2939 3036 3069 3089 πιονὶ
3097 3042 3353 3105 poterunt,
3381 3034 3600 3100 turmales
3638 3035 3770 3087 enim

512 3129 763 3196 minatur,
820 3133 1116 3203 modusque
1166 3137 1476 3191 substantia:
1521 3136 1636 3204 ejus
1705 3144 1788 3191 est
1833 3136 2085 3205 qualitas,
2121 3153 2160 3213 ε
2192 3134 2386 3207 angelis
2440 3138 2580 3192 sunt,
2629 3136 2678 3181 et
2724 3134 2843 3180 sunt
2882 3127 2979 3195 ﬁlii
3005 3125 3124 3189 Dei,
3151 3142 3266 3180 cum
3304 3126 3407 3179 sint
3434 3125 3531 3195 ﬁlii
3556 3124 3654 3179 Dei
3694 3141 3759 3179 re

513 3236 630 3291 quae
665 3223 823 3277 simul
868 3240 990 3280 cum
1030 3228 1311 3296 superficie
1356 3227 1602 3297 corporis
1647 3228 1968 3297 explicatur,
2015 3228 2093 3281 sic

514 3309 744 3365 arbitror
772 3313 919 3368 velut
947 3316 1000 3369 in
1031 3331 1137 3370 uno
1175 3316 1408 3385 quodam
1449 3333 1693 3387 corpore,
1726 3326 1892 3371 totam
1922 3318 2090 3387 pleni-

515 3399 754 3455 tudinem
801 3403 1148 3461 bumanitatis
1177 3407 1243 3461 ab
1278 3408 1637 3462 universitatis
1685 3415 1907 3463 auctore
1952 3423 2091 3477 pra:-

2193 3222 2545 3281 surrectionis.
2597 3216 2780 3273 Gratia
2819 3232 2947 3272 vero
2991 3216 3402 3272 resurrectionis
3446 3216 3575 3270 nihil
3622 3217 3774 3273 nobis

2193 3315 2337 3370 aliud
2386 3312 2669 3382 pollicetur
2706 3323 2866 3377 quam
2918 3313 2977 3361 ut
3024 3307 3302 3376 antiquum
3350 3306 3404 3361 in
3462 3314 3659 3361 statum
3707 3322 3775 3360 ex

2194 3406 2391 3463 nostris
2418 3404 2653 3473 lapsibus
2682 3402 3018 3457 innovemur.
3043 3398 3268 3465 Quidam
3313 3412 3541 3467 namque
3570 3412 3775 3466 regres.

517 3494 754 3549 scientiae
782 3497 978 3553 virtute
998 3500 1372 3569 complexam:
1409 3510 1464 3555 et
1487 3502 1592 3556 hoc
1640 3502 1970 3571 Scripturam
2008 3494 2175 3567 in-3S'
2194 3515 2285 3555 sus
2314 3499 2380 3552 ad
2424 3496 2702 3567 pristinam
2748 3492 2933 3555 vitam,
2964 3491 3133 3559 gratia
3176 3506 3335 3559 quam
3386 3490 3759 3559 praestolamur

518 3585 752 3651 sinuare,
783 3604 903 3643 cum
930 3590 1098 3645 dicit:
1134 3591 1201 3645 Et
1222 3595 1342 3663 fecit
1362 3593 1504 3647 Deus
1534 3594 1823 3657 hominem;
1854 3593 1921 3647 ad
1958 3595 2093 3647 ima-

519 3677 688 3746 ginem
718 3677 813 3732 Dei
839 3682 957 3751 fecit
981 3682 1144 3739 illum.
1177 3684 1292 3739 Non
1323 3686 1467 3739 enim
1506 3685 1680 3753 imago
1709 3682 1901 3740 hmc'in
1941 3696 2094 3755 parte

520 3774 726 3821 natura:
749 3778 849 3834 est,
891 3786 990 3826 nec
1034 3772 1086 3825 in
1114 3789 1222 3827 uno
1271 3775 1450 3844 aliquo
1490 3777 1581 3845 qui
1630 3776 1682 3830 in
1729 3776 2096 3843 singularitate

521 3858 737 3927 propria
764 3861 1000 3915 cernitur
1030 3863 1129 3917 ista
1169 3866 1340 3933 gratia
1364 3868 1699 3932 terminatur,
1728 3866 1821 3921 sed
1850 3867 1903 3921 in
1935 3883 2096 3922 omne

2196 3590 2400 3657 existit,
2429 3602 2545 3656 qua!
2572 3584 2782 3655 pulsum
2814 3582 2883 3638 de
2909 3582 3157 3652 paradiso
3187 3582 3458 3637 hominem
3506 3581 3630 3636 illuc
3674 3581 3751 3636 ite

2196 3696 2314 3736 rum
2346 3678 2572 3734 feliciter
2601 3675 2910 3730 introducit.
2942 3673 2999 3728 Si
3030 3673 3189 3741 igitur
3226 3681 3600 3742 reparatorum
3646 3688 3774 3727 con-

2195 3772 2430 3826 versatio
2479 3766 2840 3823 familiaritate
2870 3780 2936 3820 ac
2967 3779 3191 3819 numero
3230 3764 3526 3819 sociabitur
3562 3763 3775 3831 angelo-

2195 3877 2338 3929 rum,
2376 3861 2577 3916 clarum
2617 3866 2701 3915 est
2745 3855 2887 3926 quod
2934 3855 3095 3909 homo
3143 3863 3268 3909 ante
3315 3854 3523 3907 ruinam
3564 3852 3780 3921 quidam

522 3960 688 4014 genus
725 3952 1001 4019 mqualiter
1029 3953 1141 4010 hzec
1170 3956 1290 4010 talis
1320 3964 1372 4012 et
1403 3966 1551 4011 tanta
1599 3958 1839 4027 potentia
1884 3959 2097 4012 virtutis
2110 3969 2173 4023 Ὶυ
2197 3957 2421 4026 angelus
2469 3955 2784 4010 habebatur.
2834 3949 3040 4007 Idcirco
3068 3957 3124 4003 et
3152 3964 3272 4003 cum
3302 3947 3535 4017 priorem
3581 3954 3782 4003 statum

522 4041 776 4094 excurrit.
827 4040 994 4111 liujus
1033 4055 1211 4099 autem
1248 4048 1324 4101 rei
1373 4048 1580 4115 signum
1622 4057 1723 4115 est,
1769 4048 2096 4119 quodmens

520 4130 799 4198 aequaliter
824 4135 1069 4189 omnibus
1101 4136 1299 4191 inserta
1338 4146 1421 4192 est
1454 4156 1464 4190 :
1498 4141 1762 4195 universis
1794 4148 1973 4195 autem
2003 4155 2095 4194 co-

521 4224 719 4292 gitandi
751 4235 803 4280 et
833 4228 1157 4296 recogitandi
1202 4239 1413 4285 constat
1450 4231 1624 4287 inesse
1672 4234 1957 4297 rationem,
1991 4248 2090 4287 cm-

522 4325 635 4371 tera
665 4306 843 4372 omnia
864 4320 1056 4388 quibus
1083 4321 1273 4377 divina:
1302 4333 1504 4378 natura:
1531 4325 1826 4379 similitudo
1853 4324 2096 4379 declara-

2199 4048 2305 4101 vita
2327 4053 2511 4101 nostra
2540 4042 2823 4112 receperit,
2848 4040 3051 4110 angelis
3075 4038 3437 4093 indubitanter
3462 4038 3781 4106 arquabitur.

2198 4136 2305 4193 Sed
2362 4135 2638 4207 quamvis,
2694 4141 2753 4187 ut
2800 4133 2999 4187 dictum
3045 4138 3162 4195 est,
3226 4130 3368 4185 inter
3421 4129 3541 4184 illos
3584 4129 3783 4198 nuptiae

2198 4228 2356 4283 nulla:
2376 4228 2504 4294 sint,
2537 4235 2715 4280 tamen
2743 4226 2794 4278 in
2824 4222 3040 4276 infinitis
3063 4221 3297 4275 millibus
3325 4222 3593 4275 exercitus
3623 4234 3784 4290 ange-

2199 4319 2371 4373 lorum
2400 4326 2543 4379 sunt,
2584 4317 2656 4370 ita
2688 4312 2905 4368 Daniele
2950 4314 3213 4382 propheta
3254 4312 3306 4365 in
3339 4312 3449 4367 suis
3494 4312 3784 4368 visionibus

520 4418 625 4474 tur,
657 4410 709 4462 in
739 4425 802 4464 eo
832 4413 973 4480 quod
1004 4414 1069 4468 ad
1102 4415 1387 4483 imaginem
1419 4416 1509 4470 Dei
1550 4417 1720 4471 factus
1763 4417 2088 4483 agnoscitur.
2110 4410 2191 4479 1;“
2199 4408 2498 4461 intimante.
2541 4406 2680 4473 Ergo
2722 4404 2875 4472 juxta
2923 4402 3169 4456 eumdem
3217 4401 3433 4456 modum
3485 4403 3528 4455 si
3577 4400 3783 4473 peccati

520 4498 645 4554 Sive
674 4501 816 4556 enim
847 4503 935 4557 ille
962 4505 1051 4572 qui
1074 4506 1243 4575 prima
1286 4508 1467 4561 mundi
1506 4518 1588 4562 est
1625 4508 1933 4563 conditione
1980 4508 2092 4562 for-

520 4598 716 4656 matus,
760 4593 873 4647 sive
926 4594 1014 4652 hic
1059 4597 1148 4666 qui
1188 4605 1312 4664 post
1356 4600 1876 4655 consummationem
1933 4600 2095 4653 totius

521 4683 703 4739 mundi
738 4684 947 4741 futurus
971 4694 1070 4753 est,
1101 4689 1380 4756 aaqualiter
1406 4690 1457 4744 in
1487 4705 1545 4744 se
1582 4690 1813 4745 divinam
1844 4688 2096 4761 pra-ferre

520 4774 779 4843 probatur
820 4777 1121 4846 imaginem.
1156 4779 1361 4836 Idcirco
1382 4798 1517 4837 unus
1564 4784 1726 4837 homo
1774 4784 2096 4840 universitas

2199 4499 2375 4553 nullus
2400 4512 2649 4552 excessus
2671 4496 2736 4548 ab
2764 4495 2852 4547 illa
2883 4509 2980 4547 nos
3019 4493 3263 4559 angelica
3306 4492 3566 4560 dignitate
3595 4493 3785 4546 distra-

2200 4589 2370 4653 heret,
2404 4601 2505 4641 nec
2533 4584 2686 4639 nobis
2713 4585 2893 4652 utique
2924 4582 2990 4636 ad
3035 4583 3531 4651 multiplicationem
3576 4584 3786 4649 generi:

2200 4680 2400 4749 nuptiae
2428 4677 2741 4734 necessariae
2770 4677 3144 4746 probarentur.
3196 4674 3301 4729 Sed
3347 4675 3652 4744 quicunque
3697 4676 3786 4729 ille

2199 4781 2403 4830 naturae
2434 4778 2609 4824 motus
2634 4778 2737 4834 est,
2768 4784 2875 4837 quo
2905 4769 3077 4836 angeli
3118 4768 3561 4838 multiplicantur,
3606 4769 3783 4838 perfe-

521 4864 785 4933 appeilata
810 4874 913 4933 est,
938 4868 1060 4936 quia
1090 4867 1280 4925 divinae
1323 4873 1576 4941 potentire
1621 4888 1721 4928 nec
1765 4875 2086 4942 praeteritum

2199 4864 2469 4917 ctissimus
2497 4860 2734 4929 quidem,
2766 4860 2889 4913 licet
2917 4859 3240 4926 conjecturis
3270 4859 3521 4912 humanis
3565 4858 3789 4927 excogi-

519 4953 719 5023 aliquid
747 4970 846 5010 nec
873 4954 1126 5023 futurum,
1153 4960 1245 5015 sed
1275 4968 1330 5015 et
1357 4962 1501 5030 quod
1536 4973 1897 5034 exspectatur,
1929 4965 2094 5021 veluti

518 5048 561 5100 si
593 5056 788 5116 prtesto
815 5049 903 5112 sit,
944 5050 1140 5105 virtute
1188 5068 1290 5121 qua
1320 5055 1561 5109 continet
1610 5056 1869 5110 intuetur.
1911 5054 2097 5112 Omnis

518 5138 699 5208 itaque
746 5148 934 5198 natura
977 5156 1006 5194 a
1049 5142 1235 5211 primis
1262 5158 1432 5213 usque
1461 5145 1527 5198 ad
1570 5147 1890 5201 novissimos
1932 5154 2099 5202 trans.

517 5244 760 5294 currens,
793 5246 895 5286 una
936 5232 1176 5300 qutcdam
1223 5242 1303 5287 est
1345 5234 1519 5302 imago
1559 5237 1908 5290 substantiae:
1956 5238 2099 5291 diffe-

2200 4957 2299 5015 tari
2344 4960 2595 5027 nequeat.
2629 4953 3009 5007 Verumtamen
3036 4951 3127 5020 qui
3168 4950 3410 5020 profecto
3452 4951 3649 5005 existat
3700 4950 3789 5004 hic

2200 5047 2414 5110 modus,
2442 5054 2497 5100 et
2526 5046 2577 5099 in
2604 5044 2686 5098 his
2711 5044 2799 5112 qui
2830 5043 2989 5113 paulo
3020 5044 3192 5097 minus
3220 5058 3380 5112 quam
3413 5042 3588 5110 angeli
3616 5042 3790 5097 hono-

2202 5143 2303 5197 rati
2334 5148 2475 5202 sunt,
2501 5137 2751 5193 effectum
2783 5152 2892 5190 sua:
2918 5136 3248 5206 Operationis
3276 5134 3593 5197 ostenderit,
3619 5148 3790 5203 usque

2202 5234 2269 5287 ad
2298 5233 2733 5302 prmdestinatum
2764 5246 3040 5285 numerum
3063 5243 3231 5298 genus
3252 5229 3543 5283 humanum
3572 5225 3790 5281 Creato-

519 5323 689 5374 rentia
718 5338 849 5378 vero
880 5323 931 5377 in
963 5323 1200 5381 masculo
1242 5332 1295 5378 et
1325 5324 1517 5379 femina
1544 5326 1802 5396 deinceps
1830 5329 1899 5381 ob
1938 5328 2093 5391 hanc,
2116 5332 2143 5371 ττ
2158 5320 2185 5387 ἴ
2200 5327 2273 5380 ris
2302 5326 2577 5380 voluntate
2604 5323 2981 5393 multiplicans.
3011 5320 3068 5377 Si
3089 5336 3216 5376 vero
3237 5320 3622 5390 quispiamnos
3650 5318 3790 5374 forte

521 5421 576 5465 ut
605 5413 857 5483 arbitror,
888 5430 1102 5469 causam
1137 5416 1186 5469 in
1212 5416 1636 5472 conformatione
1674 5427 1890 5486 peracta
1922 5426 2020 5472 est.

1095 5525 1322 5582 CAPUT
1361 5527 1542 5582 XVIII.

522 5613 658 5681 Quid
687 5624 918 5679 oporteat
947 5618 1253 5685 respondere
1276 5620 1348 5671 eis
1371 5619 1455 5688 qui
1486 5618 1799 5687 ambigentes
1834 5619 2097 5686 inquirunt

789 5702 855 5739 an
885 5698 1147 5754 peccatum
1175 5689 1459 5757 procreatio
1488 5689 1716 5757 ﬁliorum
1744 5690 1827 5741 sit.

2205 5422 2472 5479 coarctet,
2525 5414 2800 5482 inquirens
2853 5412 3066 5466 modum
3116 5412 3288 5480 ipsum
3337 5426 3443 5480 quo
3488 5409 3789 5479 potuissent

2206 5507 2395 5558 animm
2426 5504 2557 5565 fieri,
2584 5504 2628 5558 si
2657 5504 2819 5558 homo
2840 5502 3141 5571 nuptiarum
3169 5516 3333 5570 opera
3359 5515 3467 5554 non
3488 5499 3787 5569 quaasisset,

2203 5598 2594 5665 interrogemus
2622 5604 2678 5649 et
2708 5610 2824 5661 nos,
2868 5594 2959 5661 qui
2988 5593 3177 5647 modus
3204 5594 3273 5647 sit
3308 5591 3653 5648 institutionis
3692 5607 3789 5645 an-

2204 5688 2406 5756 gelicae,
2439 5686 2709 5758 quomodo
2738 5688 2789 5740 in
2824 5684 3043 5739 inﬁnitis
3068 5684 3302 5739 millibus
3340 5692 3395 5739 et
3442 5684 3495 5738 in
3526 5698 3631 5737 una
3661 5683 3793 5737 sub-

590 5776 774 5833 Melius
819 5786 996 5833 autem
1057 5779 1360 5849 priusquam
1414 5779 1709 5851 propositio
1780 5780 2171 5843 ventilcturJT-i
2205 5780 2395 5836 sistere
2435 5778 2727 5848 probentur
2770 5776 3021 5843 essentia,
3073 5776 3123 5830 in
3167 5776 3336 5831 multo
3388 5776 3636 5831 nimirum
3689 5789 3787 5830 nu-
