4092 6348
294 309 405 364 377
1085 313 1261 369 LlBlil
1293 314 1381 370 DE
1420 312 1806 371 CREATIONE
1842 312 2118 369 IIOMINIS
2155 315 2724 372 INTERPRETATIO.
3457 314 3559 369 578

295 442 457 483 mero
483 426 778 484 constituti.
811 425 924 482 Hoc
951 428 1148 498 quippe
1174 433 1562 500 competentius
1586 428 1881 499 responde—
1909 429 1958 488 Α
1985 438 2085 489 est.
2118 430 2183 483 ad
2205 429 2436 487 hominis
2462 432 2714 485 translata
2743 430 3223 498 conservationem,
3255 441 3561 502 passionum

292 533 426 573 mus
451 518 501 572 ei
542 518 632 586 qui
680 518 947 586 pr0ponit,
999 519 1267 586 quomodo
1310 521 1479 588 possit
1526 510 1640 575 sitic
1684 520 1882 589 nuptiis
1985 521 2133 574 initia
2153 520 2291 577 facta
2312 533 2455 577 sunt.
2480 523 2685 579 Furore
2705 526 3558 594 namqueconservanturbestite,

298 610 471 664 homo
498 610 807 679 persistere,
837 609 1095 672 dicentes,
1130 626 1196 665 eo
1225 612 1386 667 modo
1415 629 1521 682 quo
1552 614 1724 682 angeli
1767 614 1883 666 sine
1984 626 2102 679 qua:
2131 628 2292 667 carne
2319 624 2647 680 vescuntur;
2674 630 3003 685 quaecunque
3023 631 3152 671 vero
3182 617 3374 672 lasciva
3415 625 3560 684 sunt,

298 700 507 767 nuptiis
536 714 654 753 esse
700 708 1015 754 noscuntur.
1063 700 1196 755 Nam
1226 702 1369 771 quod
1414 705 1602 771 similis
1634 706 1713 761 eis
1759 712 1885 759 ante
1984 717 2150 772 genus
2170 720 2323 759 suum
2355 706 2743 775 propagatione
2770 707 3299 777 multiplicant:fuga
3331 707 3563 763 custodit

300 795 785 861 transgressionem
818 795 975 849 fuerit
1002 797 1182 862 homo,
1212 812 1397 851 rursus
1426 796 1663 865 ejusdem
1693 794 1882 851 simili-
1912 794 2293 862 i’invalidum,
2326 803 2381 851 et
2404 803 2578 850 metus
2601 812 2722 851 eum
2760 805 2941 853 tuetur
2968 800 3059 867 qui
3086 799 3292 855 facilius
3316 815 3347 853 a
3372 800 3563 857 fortio-

298 885 542 941 tudinem
570 886 882 963 reformatio
908 888 1231 945 manifestat.
1275 889 1367 944 His
1403 890 1564 959 igitur
1591 890 1693 944 hoc
1723 888 1883 943 modo
1984 888 2130 944 ribus
2157 890 2394 959 capitur;
2423 891 2796 960 corpulentum
2820 907 3033 963 quoque
3082 902 3260 948 servat
3285 893 3559 960 edacitas;

297 978 606 1045 patefactis,
622 948 705 1032 3d
733 981 1063 1050 propositam
1094 948 1450 1050 quaestionem
1481 988 1725 1036 recurrat
1762 994 1884 1035 ora-
1985 985 2039 1033 et
2066 979 2110 1034 si
2140 980 2426 1048 contigerit
2464 997 2571 1035 non
2601 983 2813 1050 assequi
2853 948 2995 1051 quod
3033 984 3279 1053 voluptas
3313 985 3561 1055 inquirit,

298 1064 403 1129 tio,
432 1081 551 1120 cum
579 1068 623 1121 si
650 1076 773 1136 post
813 1068 1173 1124 conditionem
1217 1071 1481 1138 imaginis,
1530 1070 1884 1125 differentiam
1987 1068 2046 1122 fit
2068 1070 2447 1125 irrationabilis
2470 1071 2716 1127 mmroris
2745 1073 2981 1127 occasio.
3014 1071 3139 1127 Haec
3154 1084 3330 1127 autem
3362 1075 3560 1139 omnia,

298 1156 470 1211 maris
507 1165 564 1211 et
604 1156 815 1212 feminae
860 1159 1000 1214 Deus
1044 1176 1141 1215 suo
1170 1160 1416 1229 dignatus
1467 1163 1538 1216 sit
1578 1162 1885 1229 excogitare
1986 1167 2042 1213 et
2069 1159 2115 1213 si
2139 1174 2244 1229 qua
2274 1169 2397 1213 sunt
2420 1161 2567 1225 talia,
2599 1177 2663 1216 ex
2689 1162 2906 1216 animali
2940 1162 3205 1231 brutaque
3235 1164 3570 1218 institutione

301 1243 663 1302 firmamento.
695 1248 774 1302 Ad
798 1249 900 1304 hoc
924 1250 1065 1303 enim
1089 1251 1273 1305 utilem
1303 1252 1475 1307 fateor
1493 1268 1612 1308 esse
1639 1253 1886 1321 superio-
1905 1282 1911 1307 .
1930 1267 1962 1301 o
1986 1252 2318 1318 generationi
2348 1253 2624 1307 hominum
2649 1254 2937 1308 accessisse
2964 1269 3073 1308 non
3094 1254 3312 1309 dubium
3337 1264 3435 1311 est.
3462 1254 3569 1309 Sed

304 1351 429 1390 rem
458 1338 596 1393 hanc
625 1339 1014 1410 inspectionem
1043 1356 1161 1410 quae
1189 1358 1217 1396 a
1246 1343 1402 1397 nobis
1431 1351 1749 1413 exprompta
1782 1352 1883 1397 est.
1987 1340 2117 1393 mihi
2141 1340 2471 1395 concedatur
2491 1350 2549 1395 ut
2570 1341 2723 1410 juxta
2748 1342 3334 1412 quamdam'fictionem
3363 1343 3441 1397 rei
3470 1344 3571 1397 mi-

296 1426 438 1480 Nam
469 1429 559 1495 qui
586 1438 779 1484 cuncta
811 1439 868 1483 ut
896 1439 1075 1486 essent
1103 1432 1372 1501 produxit,
1396 1441 1674 1503 totumque
1714 1434 1886 1488 homi-
1988 1431 2170 1484 rabilis
2203 1431 2493 1485 humanam
2527 1432 2753 1486 formam
2795 1448 3045 1488 sermone
3071 1434 3391 1489 describam.
3419 1432 3573 1488 Sicut

293 1535 425 1573 nem
446 1535 539 1575 sua
570 1520 917 1591 dispositione
942 1524 1007 1577 ad
1030 1524 1264 1578 divinam
1304 1525 1554 1580 formavit
1578 1528 1882 1595 imaginem,
1988 1521 2132 1574 enim
2162 1520 2405 1576 videmus
2441 1522 2509 1576 de
2545 1522 2705 1576 rebus
2737 1520 2873 1577 fictis
2900 1523 3169 1592 sculptilia
3213 1522 3326 1578 fieri
3354 1524 3572 1578 simula-

294 1623 641 1679 nequaquam
668 1612 847 1680 parvis
874 1627 937 1668 ac
967 1613 1192 1669 modicis
1236 1614 1628 1684 adjectionibus
1670 1619 1890 1686 pertulit
1991 1628 2083 1667 cra
2122 1627 2241 1681 quae.
2294 1614 2616 1667 intuentium
2644 1613 2852 1668 animos
2893 1613 2961 1667 ad
3011 1621 3286 1684 stuporem
3333 1622 3568 1680 vertunt,

293 1702 604 1758 animarum
636 1719 917 1759 numerum
949 1706 999 1759 in
1030 1722 1122 1760 sua
1152 1707 1480 1775 plenitudine
1519 1709 1693 1763 minus
1718 1708 1888 1764 videri
1932 1692 2045 1763 ἀλιιί
2094 1704 2186 1772 qui
2240 1703 2396 1771 hujus
2445 1717 2564 1757 esse
2608 1704 2907 1771 probantur
2957 1704 3091 1758 artis
3147 1704 3442 1773 exculpunt
3496 1702 3570 1756 ita

293 1791 620 1859 perfectum.
664 1793 773 1848 Sed
811 1795 970 1849 simul
1006 1797 1305 1851 universam
1353 1798 1738 1867 plenitudinem
1787 1800 1887 1854 hu-
1921 1801 1962 1859 Β
1993 1803 2052 1850 ut
2100 1794 2363 1849 interdum
2409 1811 2573 1849 unum
2609 1802 2772 1863 caput
2805 1794 3032 1849 biforme
3084 1794 3451 1860 constituant,
3496 1792 3574 1848 sic

294 1896 477 1935 mante
523 1892 725 1937 naturae
762 1883 956 1940 effectu
1003 1885 1351 1955 praescientia:
1404 1889 1670 1956 contulit,
1724 1904 1886 1957 quam
1991 1888 2225 1943 hominis
2254 1887 2449 1957 duplex
2476 1902 2538 1942 ac
2569 1888 2837 1942 contraria
2877 1886 3168 1941 similitudo
3204 1886 3446 1955 quaedam
3493 1884 3573 1939 vi-

295 1976 469 2025 ctiam
511 1974 894 2030 sublimissimo
934 1985 1096 2043 atque
1141 1979 1451 2045 angelorum
1501 1996 1608 2035 non
1645 1981 1888 2036 dissimili
1990 1978 2149 2033 detur
2184 1978 2435 2042 existere,
2487 1985 2669 2032 mente
2721 1976 2936 2045 quidem
2964 1991 3069 2044 qua
3116 1976 3226 2031 Deo
3258 1976 3449 2045 dignus
3493 1983 3575 2029 est

295 2062 412 2120 fine
436 2065 816 2133 condecorans,
845 2070 969 2137 quia
993 2071 1147 2124 scivit
1165 2074 1533 2141 omnipotente
1556 2074 1888 2143 providentia
1992 2070 2059 2121 ad
2103 2067 2339 2121 divinam
2388 2067 2649 2122 formatus
2686 2066 3136 2136 pulchritudinem
3158 2110 3173 2134 ,
3235 2066 3575 2137 passionibus

294 2154 447 2223 quod
476 2171 581 2209 non
612 2166 759 2211 recte
800 2168 1107 2213 moveretur
1132 2161 1381 2216 humanm
1408 2164 1700 2218 voluntatis
1742 2166 1888 2219 arbi-
1904 2182 1973 2223 .10
1992 2166 2170 2212 autem
2213 2172 2437 2226 quarum
2477 2157 2723 2226 pulsatur
2767 2158 2969 2225 impetu
3011 2156 3079 2210 ad
3126 2156 3282 2210 bruta
3323 2156 3573 2210 animalia

297 2247 488 2309 trium,
518 2255 573 2301 et
600 2258 821 2318 propter
844 2250 948 2305 hoc
977 2252 1046 2306 ab
1074 2253 1159 2306 illa
1202 2254 1441 2322 angelica
1473 2257 1889 2311 conversatione
1991 2252 2222 2321 quadam
2268 2250 2597 2320 proprietate
2642 2248 2997 2317 conjunctus:
3044 2250 3351 2317 frequenter
3397 2255 3574 2303 autem

299 2334 702 2404 recederet,'ne
734 2355 827 2408 per
856 2342 961 2395 hoc
991 2341 1341 2397 humanarum
1372 2344 1652 2400 multitudo
1682 2347 1889 2402 minue-
1992 2352 2172 2397 motus
2196 2357 2335 2411 pene
2364 2343 2553 2397 brutus
2587 2340 2837 2405 efficitur,
2872 2343 3087 2410 quoties
3112 2341 3178 2395 ad
3223 2349 3399 2395 motus
3437 2341 3573 2395 irra-

302 2436 461 2480 retur
487 2429 812 2497 animarum,
836 2430 1032 2485 cadens
1055 2433 1122 2486 ab
1147 2448 1212 2487 eo
1236 2434 1523 2505 modoquo
1550 2436 1889 2506 multiplicati
1994 2430 2278 2485 tionabiles
2305 2431 2519 2499 penitus
2546 2430 2853 2494 inclinatur,
2886 2430 3179 2485 obscurans
3226 2430 3278 2484 id
3307 2430 3449 2500 quod
3493 2438 3576 2485 est

301 2527 433 2570 sunt
470 2520 663 2586 angeli,
715 2529 1002 2591 propterea
1034 2531 1235 2577 naturae
1279 2534 1475 2578 nostra:
1504 2541 1797 2595 congruam
1837 2536 1893 2583 et
1994 2522 2048 2576 in
2077 2538 2137 2577 se
2158 2523 2367 2587 melius,
2398 2522 2682 2576 deterioris
2702 2520 2917 2577 affectu.
2951 2520 3073 2575 Mox
3103 2521 3246 2575 enim
3279 2529 3337 2575 ut
3361 2521 3482 2590 quis
3508 2522 3574 2575 ad

302 2606 522 2675 dignam
556 2609 639 2665 his
686 2608 775 2678 qui
807 2611 859 2664 in
890 2621 1113 2682 peccato
1144 2614 1450 2669 laberentur
1486 2608 2259 2686 multiplicatio-vi{passionis
2285 2614 2460 2667 tabem
2507 2610 2802 2667 efficaciam
2840 2613 3037 2666 mentis
3082 2611 3369 2676 inflexerit,
3419 2613 3577 2681 eique

302 2697 394 2751 uis
421 2699 811 2766 providentiam
854 2703 1068 2769 format,
1112 2720 1210 2773 pro
1257 2706 1493 2774 angelica
1543 2709 1890 2775 sublimitate,
1993 2718 2090 2758 sua
2120 2703 2341 2758 conSiIia
2369 2703 2572 2758 seWil‘e
2599 2703 2939 2771 compulerit,
2974 2711 3099 2756 tunc
3120 2703 3362 2770 qlwcdam
3392 2701 3579 2771 depra-

302 2786 670 2857 jumenlorum
734 2801 896 2864 atque
959 2796 1404 2852 irrationabilium
1470 2799 1686 2854 modum
1708 2842 1722 2867 ,
1785 2817 1893 2871 quo
1995 2795 2138 2849 vatio
2165 2795 2321 2850 bona}
2350 2794 2687 2850 formationis
2715 2794 3037 2857 ostenditur,
3066 2801 3121 2849 et
3151 2794 3225 2848 ita
3249 2802 3438 2847 natura
3468 2809 3578 2847 om-

304 2880 485 2935 exisse
523 2883 624 2937 sibi
660 2884 968 2949 succedunt,
995 2886 1237 2943 inserens
1279 2889 1523 2943 humanae
1559 2891 1891 2946 substantia.
1995 2886 2079 2942 nis
2108 2888 2161 2940 in
2206 2886 2465 2941 malitiam
2492 2894 2872 2949 commutatur,
2901 2901 3023 2941 cum
3048 2885 3159 2953 jam
3202 2887 3341 2938 ratio
3369 2885 3579 2954 penitus

305 2968 449 3025 Hinc
475 2972 605 3027 mihi
636 2974 848 3029 videtur
875 2986 931 3030 et
965 2991 1189 3045 magnus
1232 2979 1324 3033 ille
1353 2979 1517 3034 David
1559 2984 1895 3052 compatiens
1996 2978 2208 3032 excolat
2234 2977 2495 3048 principia
2528 2978 2859 3047 passionum,
2900 2985 2957 3032 et
3000 2976 3053 3029 in
3097 2970 3441 3043 augmentum
3481 2990 3578 3029 ne-

305 3062 558 3119 humana:
583 3067 811 3122 miseriae
835 3070 1026 3124 talibus
1056 3073 1232 3127 verbis
1256 3071 1370 3140 ejus
1399 3073 1596 3129 deflere
1622 3085 1891 3146 naturam,
1922 3088 1961 3113 λι
1996 3074 2177 3142 quitim
2206 3073 2455 3127 vitiorum
2484 3086 2674 3126 causas
2694 3070 2837 3140 ipsas
2864 3068 3219 3137 cogitationes
3242 3066 3578 3137 multiplicel.

304 3156 455 3225 quod
484 3158 633 3212 homo
680 3175 795 3212 cum
842 3162 899 3214 in
938 3162 1131 3217 honore
1159 3174 1307 3230 esset,
1340 3182 1443 3218 non
1487 3166 1759 3231 intellexit,
1793 3170 1893 3223 ho-
1924 3188 1969 3250 ρ
2003 3164 2454 3234 Cooperationem
2484 3176 2719 3230 namque
2744 3177 2896 3216 suam
2932 3175 3085 3215 mens
3113 3159 3449 3229 passionibus
3489 3173 3583 3213 ex-

308 3264 500 3303 norem
532 3248 714 3307 dicens
736 3253 881 3321 quod
906 3256 1105 3310 sanctis
1132 3257 1336 3325 angelis
1380 3258 1672 3313 consimilis
1696 3258 1896 3330 fuerat;
1940 3248 1967 3250 7
2008 3256 2219 3324 bibens,
2247 3254 2562 3309 multifidam
2591 3253 2923 3322 densamque
2948 3252 3214 3305 malorum
3235 3249 3446 3320 cupiam
3467 3263 3587 3318 pro-

308 3351 600 3412 propterea
656 3358 983 3415 comparatus
1030 3359 1106 3401 est
1147 3349 1397 3419 jumenlt's
1445 3352 1803 3422 insipientibus
1851 3365 1903 3408 et
2005 3346 2225 3401 creavit.
2277 3343 2368 3399 Sic
2402 3343 2567 3399 libido
2599 3342 2890 3412 voluptatis
2932 3339 3213 3395 exordium
3260 3336 3473 3406 quidem
3518 3336 3585 3391 de

309 3436 499 3489 similis
534 3438 702 3505 factus
731 3449 807 3492 est
832 3440 958 3494 illis.
994 3441 1134 3496 Vere
1159 3456 1388 3511 namque
1432 3443 1675 3513 jumento
1713 3446 1902 3501 similis
2005 3438 2352 3493 SimiliIUdine
2380 3446 2584 3492 natum
2609 3433 2995 3490 irrationabilis
3020 3432 3226 3497 habﬂii.
3261 3431 3356 3486 θεά
3404 3431 3458 3485 in
3495 3445 3585 3485 ex-

313 3523 490 3579 factus
518 3535 617 3591 est,
646 3529 735 3598 qui
774 3529 915 3584 hanc
937 3531 1223 3587 animalem
1252 3536 1655 3601 generationem
1702 3536 1755 3589 in
1805 3552 1901 3591 sua
1924 3526 2248 3589 ;.5’cessibus
2273 3530 2552 3585 hominum
2585 3528 2936 3582 vehementer
2975 3524 3232 3590 accrevit,
3272 3529 3452 3576 tantas
3496 3518 3592 3575 dif-

314 3625 512 3670 natura
551 3620 801 3688 suscepit,
848 3632 1070 3691 propter
1096 3625 1465 3682 conversionis
1508 3642 1688 3683 casum
1715 3630 1808 3699 qui
1851 3631 1901 3685 ei
2006 3622 2261 3678 ferentias
2287 3628 2692 3691 procreatarum
2712 3632 2833 3687 quae
2852 3616 3073 3671 veniunt
3094 3630 3157 3669 ex
3182 3615 3294 3684 ipsa
3316 3613 3594 3667 voluntate

317 3722 386 3761 ex
417 3706 841 3765 conformatione
868 3714 1104 3768 materiae
1134 3717 1377 3785 contigit.
2007 3728 2392 3784 progenerans,
2415 3718 2645 3779 quantas
2670 3709 2723 3763 in
2745 3706 3199 3762 irrationabilibus
3226 3704 3466 3758 invenire
3485 3718 3593 3757 non

911 3822 1139 3879 CAPUT
1176 3826 1313 3881 Xlx,
2007 3805 2201 3875 possis.
2246 3802 2337 3858 Sic
2378 3802 2672 3857 commotio
2716 3800 2915 3855 furoris
2952 3797 3333 3853 irrationabilis
3377 3794 3595 3865 quidem

324 3911 774 3989 Quod‘pqssiones
807 3916 861 3967 in
911 3916 1056 3989 nobis
1085 3918 1469 3973 irrationabiles
1500 3936 1563 3973 ea:
1604 3924 1906 3989 cognatione
2008 3897 2087 3989 ξ’ῗί
2126 3902 2357 3989 εοεηειδ
2395 3902 2499 3959 es"
2544 3892 2745 3989 Ῡτθδθξξ
2775 3906 2933 3989 ,νθτξξ
2964 3890 3315 3989 θοξίίίξιξξηηδ-
3343 3900 3593 3989 .access'“

477 3980 638 4053 ipsius
666 3994 866 4040 natura:
892 3987 1171 4056 probentur
1198 3989 1383 4043 habere
1425 3980 1740 4046 occasionis.
1960 4002 1983 4031 c
2010 3987 2146 4062 Hinc
2168 3987 2309 4040 enim
2332 3985 2592 4040 memoria
2617 3983 2855 4045 malitiae,
2881 3982 3006 4036 hinc
3035 3980 3269 4045 invidiae,
3301 3980 3427 4033 hinc
3447 3991 3600 4030 meu-

399 4074 641 4129 Arbitror
669 4077 809 4130 enim
831 4093 897 4131 ex
926 4078 1030 4133 hoc
1059 4079 1230 4143 initio,
1278 4080 1441 4134 etiam
1482 4082 1611 4136 vitia
1661 4084 1908 4139 universa
2014 4067 2247 4143 (lacinia,
2304 4076 2508 4130 insidize
2537 4088 2755 4145 quoque
2785 4088 2848 4127 ac
2895 4072 3263 4126 simulationes
3309 4070 3436 4123 hinc
3482 4083 3602 4122 esse

326 4164 486 4219 veluti
516 4181 547 4220 e
574 4166 723 4222 fonte
750 4167 985 4237 quodam
1014 4169 1289 4222 manantia
1330 4178 1537 4223 scatere
1581 4171 1633 4223 in
1676 4171 1911 4226 hominis
2012 4173 2399 4227 monstrantur.
2444 4164 2569 4219 Hmc
2610 4172 2789 4217 autem
2832 4161 3010 4216 omnia
3053 4176 3120 4214 ex
3167 4156 3603 4227 iniquzementis

326 4260 734 4313 conversatione
754 4259 1074 4313 miseranda.
1096 4257 1209 4313 liae
1224 4267 1403 4314 autem
1426 4274 1660 4330 praesens
1682 4263 1909 4317 assertio
2016 4259 2224 4312 cultura
2256 4257 2601 4326 proveniunt.
2632 4254 2763 4309 Nam
2793 4253 2838 4308 si
2874 4250 3138 4321 passionis
3176 4250 3408 4316 impetus
3453 4245 3603 4299 nullo

328 4351 793 4417 argumentatione
840 4347 1100 4413 firmatur,
1133 4350 1276 4420 quod
1320 4351 1627 4420 passionum
1665 4352 1909 4420 quaedam
2015 4349 2353 4417 cogitationis
2382 4347 2673 4401 extollatur
2701 4342 3042 4407 adminiculo,
3079 4341 3186 4396 cito
3217 4337 3478 4401 lassescit,
3530 4334 3605 4389 fu-

328 4441 577 4507 cognatio
604 4441 759 4495 nobis
788 4449 843 4495 et
881 4441 1338 4495 irrationabilibus
1364 4442 1586 4512 mqualis
1627 4452 1906 4513 appareat.
1925 4456 2214 4511 ugrorque
2257 4442 2549 4496 vehemens
2577 4436 2842 4492 invalidus
2888 4434 3239 4505 approbatur,
3277 4442 3513 4498 moxque
3541 4436 3601 4480 ut

329 4529 445 4584 Non
493 4532 635 4585 enim
677 4531 755 4585 fas
783 4540 868 4587 est
914 4532 1158 4588 humanae
1188 4543 1392 4588 natura:
1440 4534 1610 4607 (juxta
1641 4535 1745 4590 hoc
1769 4536 1912 4604 quod
2019 4534 2178 4589 fuerit
2201 4541 2422 4588 exortus
2450 4529 2828 4599 exstinguitur.
2860 4526 2951 4581 Sic
2978 4524 3131 4579 avida
3162 4519 3607 4617 porcorum-eda-

334 4622 402 4674 ad
431 4624 659 4677 divinam
689 4627 923 4695 speciem
954 4628 1179 4683 formata
1210 4628 1315 4699 est)
1347 4628 1499 4681 initia
1538 4629 1806 4697 passibilis
1835 4629 1916 4682 af-
1942 4611 1981 4617 —
2020 4631 2155 4684 citas
2206 4627 2519 4683 occasiones
2571 4622 2811 4677 avaritite
2869 4618 3145 4690 praestitit,
3202 4615 3280 4671 sic
3328 4611 3607 4668 assultatio

334 4713 579 4770 fectionis
614 4719 803 4774 ascribi
839 4738 851 4773 :
887 4721 983 4775 sed
1016 4722 1141 4789 quia
1182 4721 1626 4776 irrationabilium
1674 4722 1915 4775 animan-
2023 4719 2149 4787 equi
2192 4717 2475 4772 exordium
2517 4712 2779 4783 superbiae
2818 4709 2961 4767 facta
3013 4716 3127 4773 est,
3172 4715 3226 4760 et
3270 4703 3449 4759 omnia
3492 4713 3609 4771 quae

337 4806 470 4861 tium
504 4805 557 4857 in
584 4806 724 4861 hunc
760 4810 1011 4864 mundum
1040 4816 1148 4865 vita
1178 4813 1470 4881 praecessit,
1518 4819 1571 4865 et
1613 4811 1682 4866 ob
1724 4812 1916 4880 pracdi-
2022 4819 2145 4866 sunt
2175 4807 2614 4864 irrationabilium
2637 4804 2987 4875 probamenta
3009 4813 3310 4862 causarum,
3341 4812 3438 4867 per
3456 4794 3613 4849 mala:

335 4907 453 4952 ctas
482 4912 669 4952 causas
694 4899 856 4953 homo
885 4917 1096 4971 quoque
1125 4919 1193 4959 ex
1222 4904 1409 4959 eadem
1454 4903 1775 4958 formatione
1815 4904 1917 4958 ali-
1938 4914 1997 4956 (υ
2025 4902 2219 4955 mentis
2248 4914 2399 4953 usum
2426 4896 2823 4952 rationabilium
2854 4894 3004 4948 initia
3032 4898 3157 4946 sunt
3185 4889 3375 4945 effecta
3406 4896 3612 4941 morta-

336 4986 464 5057 quid
506 4986 691 5040 habuit
732 4986 883 5054 juxta
918 4993 1204 5058 generandi
1249 4994 1673 5058 decorationem,
1720 4995 1919 5049 idcirco
2026 4995 2175 5049 lium.
2199 4994 2348 5049 Sicut
2370 4991 2673 5047 econtrario
2701 5005 2820 5043 cum
2849 4990 2950 5043 hos
2984 4987 3212 5055 impetus
3239 4980 3492 5049 cogitatio
3520 4992 3612 5031 re-

338 5082 609 5152 particeps
657 5080 819 5135 etiam
874 5081 1199 5151 reliquorum
1226 5102 1343 5155 qua:
1386 5088 1438 5143 in
1478 5096 1669 5141 natura
1707 5086 1924 5156 conspi-
2026 5085 2200 5139 frenat
2225 5093 2279 5139 et
2301 5084 2534 5147 cohibet,
2563 5083 2615 5136 in
2645 5081 2879 5151 speciem
2910 5078 3121 5133 virtutis
3156 5072 3401 5144 protinus
3438 5076 3615 5121 trans-

339 5174 552 5228 ciuntur
577 5172 801 5227 effectus
829 5180 931 5226 est.
976 5171 1085 5226 Nec
1109 5176 1249 5229 enim
1287 5177 1440 5246 juxta
1489 5178 1723 5235 furorem
1764 5181 1927 5233 homo
2028 5175 2290 5230 feruntur.
2322 5174 2455 5227 Nam
2486 5188 2551 5227 ex
2574 5170 2753 5226 furore
2779 5170 2994 5238 quidem
3025 5163 3283 5221 fortitudo
3312 5156 3610 5221 descendit,

342 5263 452 5316 Deo
502 5263 689 5319 similis
726 5270 829 5327 est,
881 5277 1056 5331 neque
1103 5278 1200 5332 per
1243 5269 1547 5334 passibilem
1596 5272 1927 5339 voluptatem
2030 5284 2095 5321 ex
2127 5280 2326 5337 pavore
2354 5265 2599 5329 cautela;
2631 5271 2804 5317 metus
2829 5268 3007 5314 autem
3036 5252 3423 5321 subjectionem
3447 5260 3615 5339 ἔφθ-

340 5352 746 5422 supereminens
772 5351 1151 5420 illaliguratur
1176 5364 1400 5421 natura;
1430 5367 1603 5413 metus
1631 5336 1845 5431 quoque
1875 5370 1932 5416 et
1953 5336 2137 5425 sint,
2168 5368 2222 5414 et
2250 5359 2431 5413 odium
2459 5358 2792 5412 aversionem
2823 5348 3167 5417 malignitatis
3194 5340 3410 5440 instigat
3434 5356 3449 5404 ;
3475 5336 3618 5440 dile-

343 5442 566 5496 audacia
596 5485 610 5511 ,
677 5444 983 5514 appetentia
1050 5445 1283 5514 plurium
1337 5455 1499 5517 atque
1561 5428 1929 5507 diminutionis
2030 5452 2227 5507 ctionis
2263 5450 2424 5504 etiam
2466 5449 2636 5503 virtus
2665 5442 2988 5501 desiderium
3036 5436 3147 5491 veri
3184 5428 3615 5530 boniconcili-at;

344 5534 545 5598 odium,
577 5536 877 5606 horumque
905 5536 1118 5603 similia,
1144 5539 1212 5593 ab
1241 5553 1303 5593 ea
1332 5539 1498 5608 figura
1527 5556 1631 5609 qua
1666 5541 1930 5597 Diviuitas
2034 5544 2290 5599 exaltatio
2319 5555 2535 5610 quoque
2561 5552 2739 5593 mores
2768 5550 2799 5587 a
2827 5528 3165 5602 passionibus
3193 5524 3352 5589 eruit,
3384 5528 3440 5575 et
3481 5518 3618 5573 libe-

346 5627 663 5695 exprimitur
692 5630 876 5698 procul
898 5630 1153 5685 existunt.
1195 5629 1320 5686 Hmc
1356 5632 1515 5701 igitur
1545 5633 1777 5687 humana
1806 5633 1929 5688 sub-
2035 5651 2149 5689 ram
2176 5631 2516 5702 prudentiam
2556 5644 2587 5681 a
2623 5621 2969 5694 turpitudinis
3016 5617 3275 5674 servitute
3313 5614 3614 5702 conservat.

346 5716 546 5769 stantia
587 5716 654 5771 de
700 5719 999 5774 rationabili
1048 5729 1198 5789 parte
1246 5700 1535 5777 contraxit.
1584 5720 1655 5776 Ea
1702 5738 1933 5791 namque
2036 5700 2321 5779 Collaudat
2348 5729 2528 5775 autem
2558 5717 2717 5784 hujus
2745 5712 3056 5770 subtilitatis
3083 5707 3318 5779 speciem
3349 5709 3405 5757 et
3431 5700 3621 5755 beatus

350 5806 543 5880 quibus
573 5813 845 5865 brutorum
878 5812 982 5865 vita
1008 5812 1072 5866 ad
1107 5816 1573 5873 conservationem
1605 5817 1686 5871 sui
1730 5817 1933 5871 munita
1960 5814 1973 5861 ἐμ
1998 5815 2351 5885 “Apostolus,
2391 5828 2511 5866 cum
2563 5818 2929 5880 saepenumero
2981 5802 3136 5859 nobis
3186 5800 3412 5867 imperat
3454 5797 3512 5845 ut
3557 5802 3619 5843 ea
