4092 6348
614 279 717 332 37]

1897 273 2258 334 DIONYSIUS
2290 270 2601 334 EXIGUUS.

3744 283 3757 291 '
3782 271 3895 324 58o

611 411 730 464 quae
750 412 959 452 sursum
988 405 1113 452 sunt
1140 397 1431 467 sapiamus.
1458 394 1525 449 Et
1550 397 1623 450 ita
1652 395 1889 464 reperies
1913 392 2055 463 quod
2078 407 2196 445 om-
2227 396 2267 450 Α
2298 406 2458 461 neque
2497 392 2609 445 sitis
2658 406 2831 462 aqua,
2857 390 2948 444 sed
2984 392 3226 446 audiendi
3265 392 3466 447 verbum
3494 393 3628 461 Dei;
3672 396 3897 469 planta-

614 489 695 543 nis
724 499 901 543 motus
930 491 1050 546 talis
1078 492 1168 560 qui
1198 500 1436 547 mentem
1464 490 1518 544 in
1547 492 1656 544 alta
1686 488 1959 554 sustollat,
1989 486 2055 540 ad
2080 482 2194 553 pul-

612 582 969 636 chritudinem
1005 583 1197 637 divinas
1226 580 1596 638 conformetur
1631 580 1895 648 imaginis.
1940 577 2044 633 Sed
2073 575 2198 645 Quia

611 674 790 740 gravis
819 674 1064 741 quaedam
1093 683 1176 729 est
1203 682 1259 728 et
1279 673 1532 728 deorsum
1563 686 1790 741 vergens
1829 670 2059 739 qualitas
2100 669 2199 723 de-

612 767 880 833 lictorum,
916 768 1237 837 meliorique
1266 776 1419 837 parte
1449 767 1612 830 valet,
1654 765 1823 831 magis
1857 770 2036 818 autem
2066 777 2201 831 pon-
2218 763 2278 825 ί

612 854 739 910 dere
778 872 980 911 unum
1039 856 1420 911 irrationabilis
1458 856 1653 909 animus
1694 853 1988 924 principale
2029 852 2204 921 depri-

611 947 796 1013 mitur,
819 948 1071 1015 quoniam
1096 963 1261 1016 grave
1276 948 1379 1002 boc
1400 955 1561 1015 atque
1584 954 1851 1000 terrenum
1877 944 2200 998 sublimitate

612 1037 808 1090 mentis
837 1037 1098 1103 elevatur,
1127 1037 1325 1093 idcirco
1355 1037 1673 1109 plerumque
1696 1035 1957 1102 contingit
1991 1042 2048 1087 ut
2080 1049 2197 1087 mu-

612 1145 741 1185 nera
790 1131 970 1185 divina
1027 1132 1240 1200 ignoret
1288 1140 1470 1185 nostra
1525 1129 1773 1195 miseria,
1824 1126 2201 1197 pulcherrima:

614 1219 834 1288 imagini
862 1220 1208 1276 foedissimam
1239 1219 1429 1275 faciem
1453 1219 1716 1290 passionis
1738 1218 2029 1273 obducens.
2050 1215 2201 1270 Ideo-

610 1326 718 1379 que
735 1311 883 1378 digni
912 1320 1035 1365 sunt
1059 1311 1151 1380 qui
1178 1311 1277 1366 ista
1304 1322 1607 1375 cernentes,
1634 1325 1741 1363 non
1770 1307 1927 1363 facile
1964 1306 2201 1361 divinam

612 1402 839 1457 formam
872 1404 1066 1458 talibus
1093 1405 1269 1459 inesse
1308 1404 1673 1470 consentiunt,
1722 1403 1816 1457 sed
1859 1417 1957 1471 per
1983 1416 2080 1457 eos
2108 1401 2200 1470 qui

614 1506 774 1550 rectm
824 1495 943 1551 vita:
994 1496 1404 1551 conversatione
1453 1494 1818 1561 resplendent,
1850 1493 2086 1547 divinam
2146 1492 2199 1547 in

616 1586 926 1641 hominibus
953 1586 1239 1656 imaginem
1266 1586 1530 1641 contueri.
1558 1584 1692 1639 Nam
1722 1586 1766 1639 si
1804 1585 2029 1639 vitiosus
2053 1582 2203 1652 quis-

2305 482 2467 536 tionis
2492 494 2621 548 ergo
2657 480 2800 536 illius
2828 496 2947 550 qua:
2986 483 3037 536 in
3070 480 3237 536 Edoni
3270 497 3300 535 a
3332 482 3442 539 Deo
3470 484 3605 540 facta
3638 495 3742 542 est.
3777 486 3894 542 Vo-

2302 576 2480 644 luptas
2535 583 2712 628 autem
2767 576 2961 644 (quam
3013 575 3394 643 interpretatur
3420 574 3629 647 Edoni)
3664 577 3895 645 dignum

2303 667 2585 735 quemdam
2629 664 2855 760 fruptum
2888 682 2985 719 nos
3014 666 3324 733 excogitare
3351 667 3646 736 compellit,
3677 684 3747 723 ex
3779 685 3895 739 quo

2303 756 2666 810 indubitanter
2712 756 2957 810 alebatur
3004 756 3234 810 humana
3264 756 3584 820 substantia,
3615 774 3717 814 nec
3747 759 3893 814 Italic

2304 846 2547 917 profecto
2572 847 2900 915 voluptatem
2922 861 3041 915 qua:
3062 847 3252 901 transit
3272 863 3339 902 ac
3365 848 3551 902 deﬂuit
3575 850 3628 903 in
3646 851 3894 919 paradisi

2304 940 2716 996 conversatione
2765 938 2966 994 sentire
3018 940 3288 994 convenit.
3317 939 3395 993 Ab
3423 938 3561 995 omni
3611 942 3774 1013 ligno,
3807 943 3896 997 in-

2303 1035 2437 1104 quit,
2467 1032 2602 1105 quod
2623 1041 2699 1087 est
2724 1034 2780 1085 in
2807 1031 3053 1100 paradiso
3075 1032 3327 1086 comedes.
3345 1031 3474 1098 Quis
3493 1033 3642 1088 dabit
3667 1034 3718 1089 ei
3738 1035 3894 1103 quod

2304 1126 2592 1183 salubriter
2620 1125 2789 1180 esurit
2819 1124 3019 1191 lignum
3051 1123 3180 1177 illud
3207 1122 3351 1192 quod
3391 1132 3475 1179 est
3511 1125 3564 1179 in
3610 1126 3892 1195 paradiso,

2303 1216 2451 1288 quod
2479 1232 2640 1272 omne
2668 1218 2867 1272 bonum
2915 1230 3137 1285 prorsus
3166 1216 3535 1284 amplectitur,
3569 1218 3661 1272 cui
3684 1232 3894 1273 nomen

2304 1318 2388 1364 est
2412 1323 2574 1364 omne
2601 1307 2755 1377 cujus
2795 1307 3265 1378 participationem
3296 1307 3381 1361 lex
3410 1307 3614 1362 homini
3659 1308 3894 1362 tribuit?

2303 1400 2557 1456 Generali
2579 1415 2813 1470 namque
2839 1408 2895 1454 et
2913 1398 3334 1467 supereminenti
3355 1401 3523 1455 verbo
3562 1402 3741 1457 omnis
3771 1402 3893 1456 haec
3988 1442 3989 1467 ξ

2302 1494 2568 1549 bonorum
2612 1492 2820 1563 species
2871 1492 2973 1546 sibi
3021 1490 3235 1561 cognita
3282 1498 3399 1555 est,
3457 1500 3741 1562 totumque
3782 1493 3894 1548 hoc

2304 1602 2469 1642 unum
2497 1592 2582 1641 est
2606 1602 2622 1651 ;
2652 1586 2774 1655 quis
2800 1592 2979 1639 autem
3010 1599 3097 1639 me
3125 1585 3193 1640 ab
3219 1584 3361 1639 illius
3402 1584 3530 1652 ligni
3574 1594 3734 1656 gustu
3764 1601 3895 1656 per-

611 1692 717 1747 que
753 1677 841 1732 vel
895 1678 1048 1733 carni
1093 1677 1306 1734 deditus
1354 1694 1460 1732 non
1510 1677 1639 1732 sinit
1682 1676 1750 1731 de
1797 1676 2018 1732 homine
2056 1674 2202 1732 credi
2227 1675 2285 1729 Is’
2304 1678 2478 1743 mixti,
2502 1676 2547 1732 si
2593 1687 2755 1747 atque
2783 1677 2835 1731 in
2867 1685 3150 1746 utramque
3188 1686 3396 1746 partem
3423 1678 3697 1746 vergentis
3725 1693 3889 1733 amo-

608 1768 756 1838 quod
786 1769 856 1823 sit
879 1768 1061 1824 divina
1086 1768 1483 1836 pulchritudine
1511 1768 1827 1833 decoratus,
1865 1768 1960 1823 sed
1985 1767 2076 1823 ille
2104 1766 2196 1835 qui
2227 1772 2275 1832 Β
2298 1770 2533 1825 veatur?
2562 1767 2680 1823 Non
2708 1769 2853 1823 enim
2905 1782 3127 1837 prorsus
3171 1767 3402 1822 habetur
3450 1768 3714 1824 incertum
3744 1771 3893 1839 apud

610 1860 663 1913 in
696 1859 895 1915 virtute
923 1860 1193 1930 perfectus
1220 1869 1321 1925 est,
1365 1868 1421 1915 et
1455 1859 1523 1914 ab
1550 1858 1697 1914 omni
1737 1858 2061 1926 contagione
2096 1873 2192 1927 pu-

609 1951 875 2018 rissimus,
905 1966 1025 2006 eam
1079 1950 1256 2006 ﬁrmet
1301 1950 1631 2021 opinionem,
1678 1964 1797 2019 qua:
1851 1949 1919 2004 de
1968 1949 2201 2004 hominis

610 2050 763 2111 parte
809 2043 1034 2098 meliore
1079 2043 1354 2107 subsistat,
1395 2051 1455 2097 ut
1504 2042 1718 2113 (melius
1744 2042 1890 2098 enim
1938 2042 2200 2112 probatur

613 2135 863 2203 exemplo
888 2135 1031 2203 quod
1060 2134 1273 2204 dicitur)
1301 2136 1534 2204 aliquem
1562 2134 1815 2191 decorem
1846 2141 2051 2188 natura:
2068 2131 2233 2188 con-«7
2253 2152 2275 2181 ο
2300 2154 2448 2193 mors
2467 2137 2717 2204 gignitur.
2743 2134 2844 2200 Qui
2860 2134 3001 2189 enim
3032 2149 3246 2189 omnem
3261 2135 3650 2204 jncunditatem
3664 2136 3894 2206 copiosa
3988 2132 3989 2139 “

2300 2228 2545 2296 largitate
2591 2226 2879 2290 concessit,
2910 2224 3155 2295 profecto
3204 2225 3436 2293 quadam
3484 2228 3696 2281 ratione
3726 2234 3898 2295 atque
3988 2232 3989 2235 “

615 2236 762 2282 tactu
792 2228 1139 2295 malignitatis
1182 2227 1469 2293 imminuit,
1502 2228 1592 2283 ille
1629 2227 1715 2283 vel
1753 2228 1985 2282 maxime
2010 2226 2101 2296 qui
2145 2226 2199 2280 in

610 2317 847 2386 peccatis
874 2318 1135 2387 probatur
1162 2332 1283 2373 esse
1316 2318 1649 2382 notissimus,
1680 2325 1738 2371 ut
1767 2316 1866 2369 fuit
1892 2314 2196 2379 Jechonias,

610 2411 693 2465 vel
721 2412 988 2482 quispiam
1019 2412 1156 2467 alius
1197 2413 1289 2479 qui
1331 2413 1383 2466 in
1430 2411 1670 2480 nequitia
1712 2410 1888 2465 clarus
1927 2423 2047 2463 esse
2087 2422 2200 2462 me-

614 2508 876 2556 moratur.
926 2500 1034 2557 Sed
1077 2502 1131 2555 in
1182 2500 1329 2557 Mose
1374 2502 1599 2570 ejusque
1645 2499 1908 2555 similibus
1951 2498 2199 2567 imaginis

2303 1877 2399 1917 eos
2426 1876 2562 1930 quos
2609 1861 2781 1929 gratia
2836 1860 3306 1929 contemplationis
3351 1860 3605 1926 illustrat,
3634 1861 3764 1931 quid
3822 1863 3897 1915 sit

2302 1968 2463 2008 omne
2493 1952 2691 2019 lignum
2724 1951 2876 2020 cujus
2920 1950 3124 2006 fructus
3172 1952 3282 2006 vita
3310 1958 3422 2020 est,
3452 1960 3507 2005 et
3535 1953 3729 2007 iterum
3758 1952 3902 2022 quid

2300 2046 2372 2101 sit
2400 2045 2506 2100 hoc
2543 2044 2903 2114 promiscuum
2933 2052 3095 2113 atque
3122 2044 3402 2099 confusum
3453 2044 3607 2114 cujus
3635 2052 3897 2100 contactu

2299 2316 2633 2389 providentia
2686 2316 2956 2370 hominem
3019 2331 3050 2370 a
3104 2316 3473 2370 communium
3537 2319 3896 2387 perceptione

2297 2408 2591 2480 prohibuit.
2620 2408 2698 2461 Ac
2717 2408 2848 2462 mihi
2872 2407 3083 2463 videtur
3109 2416 3361 2478 oportere
3391 2424 3498 2464 non
3530 2411 3896 2477 magniﬁcen—

2301 2502 2567 2557 tissimum
2601 2499 2769 2553 David
2808 2508 2865 2554 et
2891 2501 3348 2570 sapientissimum
3378 2498 3723 2556 Salomonem
3756 2503 3897 2573 legis

617 2595 952 2669 pulchritudo
999 2596 1235 2665 perfecta
1279 2595 1628 2664 conspicitur.
1675 2592 1733 2647 In
1780 2592 1974 2660 quibus
2019 2590 2458 2661 itaquess'bujus
2483 2592 2788 2647 desertores
2816 2607 3110 2647 assumere.
3147 2591 3371 2662 Utrique
3396 2594 3542 2648 enim
3588 2595 3749 2663 hujus
3782 2599 3895 2653 cibi

609 2688 774 2743 decor
793 2686 939 2741 nulla
959 2685 1286 2742 obscuritate
1310 2684 1561 2748 findatur,
1587 2685 1641 2738 in
1664 2684 1745 2738 his
1769 2682 1989 2738 evidens
2008 2698 2196 2736 eorum

607 2792 728 2847 quae
750 2776 1000 2832 dicuntur
1032 2774 1164 2831 ﬁdes
1191 2776 1390 2840 elucet,
1418 2791 1485 2829 eo
1510 2773 1655 2844 quod
1688 2774 1852 2829 homo
1881 2772 2073 2827 divina:
2102 2772 2199 2827 bo-

606 2868 792 2923 nitatis
821 2868 1056 2923 imitator
1076 2868 1289 2923 existat.
1316 2866 1422 2921 Sed
1452 2865 1673 2921 forsitan
1702 2866 1896 2933 aliquis
1926 2865 2197 2921 erubescit

604 2959 752 3027 quod
780 2968 1054 3013 sumentes
1082 2960 1261 3014 cibum
1300 2959 1682 3014 irrationabilis
1710 2958 1834 3013 vita).
1867 2972 1968 3013 nos
2005 2958 2195 3012 simili-

607 3048 737 3104 tudo
765 3051 1115 3117 constringat,
1130 3058 1185 3105 et
1213 3049 1411 3106 idcirco
1436 3049 1709 3119 indignum
1726 3056 1880 3119 putat
1898 3049 2192 3113 hominem,
2212 3054 2231 3101 ἓ

2298 2683 2472 2738 vivam
2501 2683 2725 2749 getiam
2756 2682 2978 2751 professi
3008 2692 3152 2738 sunt.
3184 2683 3239 2737 Id
3264 2684 3428 2750 enim,
3460 2686 3601 2755 quod
3630 2703 3755 2741 vere
3781 2698 3898 2752 est,

2297 2775 2518 2838 bonum,
2541 2788 2701 2827 omne
2729 2774 2908 2841 utique
2934 2774 3131 2827 bonum
3159 2784 3261 2829 est.
3298 2774 3459 2829 David
3482 2775 3698 2844 quidem
3719 2777 3851 2832 dicit
3876 2798 3889 2831 ;

2298 2864 2569 2919 Delectare
2597 2878 2693 2917 seu
2747 2864 2993 2916 deliciare
3040 2864 3095 2915 in
3144 2862 3390 2918 Domino.
3419 2865 3673 2921 Salomon
3690 2877 3893 2921 autem
3988 2938 3989 2943 κ

2297 2954 2621 3026 sapientiam
2673 2952 2867 3022 ipsam,
2896 2968 3017 3023 qua:
3064 2963 3147 3009 est
3194 2954 3480 3020 Dominus,
3514 2956 3713 3024 lignum
3765 2959 3889 3013 vita:
3988 2992 3989 3023 ξ

2299 3046 2665 3115 cognominat.
2715 3043 2857 3113 Ergo
2911 3043 3139 3113 idipsum
3196 3052 3279 3099 est
3333 3045 3532 3113 lignum
3561 3048 3684 3101 vita:
3738 3050 3890 3119 quod

603 3138 696 3208 qui
735 3140 801 3194 ad
846 3140 1130 3208 imaginem
1160 3140 1255 3196 Dei
1298 3140 1467 3197 factus
1495 3149 1577 3196 est
1616 3159 1629 3192 :
1669 3140 1765 3196 sed
1794 3140 1955 3209 hujus
1982 3153 2198 3208 quoque
2225 3146 2266 3206 c
2300 3149 2383 3194 est
2433 3138 2633 3207 lignum
2664 3151 2825 3192 omne
2865 3135 3018 3205 cujus
3040 3136 3217 3191 cibum
3248 3152 3463 3193 omnem
3493 3139 3541 3193 ei
3570 3140 3662 3209 qui
3690 3156 3881 3195 secun-

607 3230 895 3305 tunctiouis
923 3237 1170 3299 speretur
1199 3231 1504 3287 immunitas
1533 3240 1739 3287 natura:
1778 3241 1976 3287 nostra:
2006 3232 2059 3284 in
2105 3230 2193 3285 illa

605 3319 714 3370 vita
752 3332 872 3386 quae
902 3319 1078 3374 futura
1106 3329 1207 3384 est,
1241 3323 1565 3390 quandoque
1594 3322 1895 3377 tribuenda.
1948 3321 2066 3375 Non
2113 3330 2198 3376 est

603 3406 767 3462 enim.
822 3406 963 3461 sicut
998 3409 1073 3461 ait
1119 3408 1410 3477 Apostolus
1449 3427 1461 3461 :
1497 3408 1729 3480 Regnum
1751 3409 1847 3464 Dei
1877 3426 1996 3464 esca
2027 3419 2075 3463 et
2102 3428 2196 3479 p0-

611 3508 715 3559 tus,
750 3513 849 3551 nec
879 3499 932 3551 in
961 3500 1071 3553 solo
1099 3517 1234 3566 pane
1254 3501 1509 3554 hominem
1541 3503 1702 3555 virere
1730 3510 1956 3555 testatus
1987 3511 2070 3556 est
2091 3501 2225 3561 Do-s

603 3588 800 3651 minus,
839 3589 929 3642 sed
969 3592 1022 3643 in
1054 3592 1193 3644 omni
1226 3591 1371 3645 verba
1400 3594 1534 3663 quod
1575 3594 1806 3661 procedit
1844 3593 1907 3646 de
1942 3611 2031 3647 ore
2073 3592 2191 3657 Dei,

605 3694 814 3733 necnon
838 3689 891 3731 et
923 3681 1330 3736 resurrectionis
1353 3683 1595 3749 gloriam,
1617 3698 1739 3737 cum
1761 3684 1924 3737 vitam
1952 3693 2192 3740 nostram

604 3770 986 3839 comquandam
1019 3773 1223 3839 angelis
1254 3773 1533 3843 approbet.
1567 3774 1723 3843 Apud
1764 3776 1982 3843 angelos
2013 3784 2192 3830 autem

604 3863 757 3915 ribus
786 3878 891 3915 non
930 3871 1029 3916 est.
1066 3861 1262 3917 Idonea
1294 3878 1515 3933 prorsus
1546 3863 1785 3919 Iidescst
1815 3867 1952 3920 hanc
1988 3866 2193 3919 homini

604 3954 936 4023 iunctionem
966 3953 1081 4009 fore
1113 3955 1357 4022 liberam,
1382 3956 1473 4025 qui
1493 3955 1560 4010 ad
1591 3955 1994 4011 similitudinem
2023 3956 2194 4011 factus

604 4051 689 4097 est
720 4044 1054 4113 angelorum.

1196 4113 1423 4169 CAPUT
1466 4114 1565 4169 XX

603 4184 827 4255 Mystica
857 4186 1209 4254 interpretatio
1238 4188 1348 4256 ejus
1386 4187 1519 4255 quod
1550 4186 1611 4239 de
1642 4188 1780 4239 omni
1810 4187 1950 4256 ligno
1978 4183 2189 4254 quodin

805 4258 1052 4324 paradiso
1088 4266 1197 4310 erat
1232 4259 1382 4311 homo
1423 4257 1570 4310 edere
1604 4257 2010 4327 permittebatur.

672 4348 778 4403 Sed
808 4350 945 4403 forte
976 4366 1081 4403 non
1114 4351 1165 4404 in
1196 4351 1438 4405 eamdem
1466 4352 1656 4405 iterum
1690 4352 1808 4404 vita:
1830 4350 2063 4419 speciem
2096 4364 2187 4403 re-

603 4441 750 4507 gredi
780 4442 900 4509 quis
954 4442 1225 4498 hominem
1276 4444 1492 4511 dixerit,
1539 4459 1662 4499 cum
1705 4444 1951 4513 primitus
1980 4442 2190 4497 edendo
2218 4464 2245 4497 ‘.‘

605 4532 925 4585 viveremus.
956 4531 1155 4586 Verum
1178 4546 1278 4600 ego
1299 4543 1539 4589 sanctam
1578 4534 1910 4602 Scripturam
1942 4534 2186 4596 audiens,

606 4634 712 4672 non
743 4619 919 4673 cibum
946 4635 1264 4690 corporeum
1286 4624 1431 4687 novi,
1466 4637 1565 4677 nec
1586 4622 1758 4677 solum
1790 4637 1909 4691 quia
1931 4636 1995 4676 ex
2028 4638 2191 4677 carne

604 4717 687 4763 est
708 4708 963 4763 lzetitiam.
997 4710 1105 4766 Sed
1135 4720 1189 4767 et
1236 4713 1396 4766 aliam
1443 4728 1621 4767 escam
1668 4729 1888 4783 prorsus
1936 4728 2190 4782 agnosco,

603 4815 722 4871 qua:
751 4801 1148 4858 similitudinem
1169 4804 1453 4873 quamdam
1483 4807 1845 4875 proportionis
1865 4822 2003 4862 escm
2032 4807 2189 4876 hujus

2296 3228 2424 3284 dum
2454 3228 2619 3283 Deum
2648 3235 2862 3282 creatus
2891 3235 2974 3281 est
3015 3227 3102 3281 lex
3141 3227 3320 3283 divina
3371 3231 3655 3286 concessit.
3700 3230 3876 3287 Econ-

2295 3318 2462 3373 trario
2496 3332 2624 3371 vero
2678 3317 2745 3370 ab
2798 3317 2902 3371 hoc
2942 3317 3086 3384 ligno
3123 3317 3330 3387 lignum
3387 3322 3689 3376 secernitur
3716 3323 3879 3387 aliud,

2296 3408 2449 3475 cujus
2476 3423 2600 3463 esca
2640 3407 2877 3461 scientiae
2920 3406 3047 3460 boni
3079 3415 3135 3461 et
3161 3409 3286 3461 mali
3327 3404 3429 3475 es't,
3461 3426 3567 3465 non
3594 3420 3884 3482 utrumque

2266 3486 2537 3555 fseorsum
2563 3499 2717 3567 juxta
2754 3498 3165 3566 signiﬁcantiam
3213 3500 3614 3557 contrarietatis
3640 3503 3691 3556 in
3724 3516 3879 3572 parte

2294 3588 2644 3653 fructiﬁcaus,
2677 3588 2773 3644 sed
2823 3589 3107 3659 quemdam
3137 3590 3418 3645 confusum
3472 3589 3704 3646 fructum
3757 3609 3881 3663 per-

2295 3686 2626 3752 mixtumque
2656 3681 2931 3752 proferens
2963 3681 3185 3736 adversa
3215 3683 3475 3752 qualitate
3519 3684 3619 3738 sibi
3659 3697 3881 3740 concre-

2297 3784 2427 3840 tum,
2461 3791 2489 3829 a
2520 3774 2672 3841 cujus
2732 3774 3080 3845 perceptione
3126 3784 3315 3827 auctor
3367 3774 3583 3843 quidem
3632 3776 3754 3828 vita:
3788 3792 3882 3829 uos

2296 3867 2561 3937 prohibet.
2595 3865 2889 3919 Persuadet
2909 3874 3088 3918 autem
3119 3880 3342 3934 serpens
3379 3874 3437 3919 ut
3466 3864 3676 3934 edatur,
3708 3875 3763 3920 ut
3783 3882 3879 3937 per

2256 3988 2259 4009 ζ
2296 3961 2398 4015 hoc
2424 3960 2611 4013 mortis
2633 3959 2966 4013 machinetur
2987 3959 3318 4026 ingressum;
3348 3973 3470 4012 cum
3494 3960 3743 4014 suasione
3769 3960 3880 4029 ipsa

2295 4052 2592 4125 praevaluit,
2625 4051 2822 4106 lethale
2844 4052 3126 4106 consilium
3158 4051 3420 4117 tribuens,
3448 4062 3504 4107 et
3534 4054 3717 4109 colore
3743 4069 3879 4123 quo-

2294 4145 2416 4200 dam
2439 4142 2613 4198 fallaci
2643 4142 2890 4196 eumdem
2921 4141 3149 4197 fructum
3178 4142 3514 4215 voluptatum
3545 4159 3878 4214 respergens,

2296 4237 2371 4290 ita
2405 4245 2461 4290 ut
2488 4235 2838 4289 suavissimus
2886 4242 3259 4303 appareretet
3304 4238 3599 4306 appetitum
3642 4248 3881 4308 gustatus

2295 4327 2633 4383 accenderet.

2883 4394 3111 4450 CAPUT
3151 4396 3292 4452 XXI.

2264 4460 2427 4545 Qua:
2456 4471 2610 4540 fuerit
2636 4471 2689 4522 in
2718 4432 2971 4545 paradisi;
2996 4432 3133 4545 viiii,
3155 4432 3384 4536 :tnijuale
3435 4471 3502 4524 sit
3530 4471 3660 4526 illud
3688 4473 3879 4545 lignum

2292 4579 2304 4591 .
2456 4538 2465 4540 ’
2720 4538 2725 4539 “
2781 4538 2916 4611 quod
2944 4539 3272 4592 interdictum
3299 4548 3395 4593 est.

2367 4628 2503 4696 Quid
2534 4630 2695 4697 igitur
2722 4629 2850 4683 illud
2878 4636 2961 4683 est
3005 4628 3148 4696 quod
3181 4629 3307 4683 boni
3338 4630 3571 4700 malique
3602 4632 3875 4685 scientiam

2294 4720 2558 4784 continet,
2583 4727 2744 4788 atque
2768 4734 2865 4788 per
2888 4718 3221 4786 voluptatem
3251 4734 3500 4774 sensuum
3533 4720 3740 4776 videtur
3762 4736 3878 4777 esse

2291 4810 2687 4878 gratissimum?
2718 4819 2944 4879 putasne
2973 4808 3301 4875 conjecturis
3328 4811 3505 4866 studio
3535 4827 3644 4866 non
3692 4814 3877 4881 procul

603 4892 844 4961 corporis
871 4901 1038 4960 gerat,
1073 4894 1225 4963 cujus
1252 4896 1413 4950 etiam
1456 4897 1702 4967 voluptas
1752 4907 1913 4967 atque
1954 4900 2190 4955 suavitas
2214 4916 2321 4963 sva
2352 4902 2580 4956 veritate
2624 4900 2890 4964 descisco,
2933 4900 3171 4954 scientiae
3220 4902 3446 4958 abutens
3505 4903 3874 4973 intelligentia,

602 4982 668 5035 ad
698 4983 933 5037 animum
963 4984 1303 5065 solummodo,
1338 4994 1596 5044 transeat.
1632 4987 1784 5044 Unde
1814 4998 1869 5045 et
1915 4990 2191 5061 Sapientia

602 5074 904 5128 esurientes
925 5075 1240 5129 cohortatur
1260 5085 1314 5130 et
1340 5077 1501 5132 dicit:
1522 5078 1678 5134 Edita
1706 5081 1769 5133 de
1792 5082 1915 5135 meis
1937 5080 2189 5150 panibus:

600 5173 655 5216 et
678 5163 868 5217 beatus
894 5165 1086 5219 asserit
1109 5165 1363 5221 Dominus
1391 5182 1485 5222 eos
1513 5170 1625 5238 qui,
1649 5169 2018 5239 hujuscemodi
2042 5171 2192 5226 cibos

599 5258 860 5312 esuriunt.
893 5257 964 5312 Et
994 5260 1040 5313 si
1085 5261 1219 5329 quis,
1251 5261 1343 5326 ait,
1374 5263 1501 5328 sitit,
1535 5266 1701 5318 veniat
1730 5266 1798 5318 ad
1827 5282 1924 5328 me,
1956 5276 2003 5319 et
2030 5266 2188 5318 bibat.

601 5343 824 5413 Magnus
843 5362 1058 5418 quoque
1085 5348 1246 5406 Isaias
1279 5368 1291 5404 :
1329 5350 1513 5419 Bibite,
1537 5354 1727 5423 inquit,
1762 5356 2017 5419 lwtitiam,
2050 5369 2190 5423 prce-
2210 5356 2241 5407 ἑ

602 5435 805 5503 cipiens
835 5438 917 5492 his
943 5439 1035 5508 qui
1066 5440 1179 5510 ejus
1207 5441 1392 5497 audire
1440 5444 1894 5512 magniﬁcentiam
1948 5452 2184 5514 possent.

604 5525 698 5582 Est
726 5539 904 5585 autem
931 5539 1175 5600 quaedam
1217 5537 1380 5590 etiam
1418 5539 1733 5607 prophetica
1762 5537 2110 5592 comminatio
2134 5537 2187 5591 in

602 5631 698 5672 eos
740 5620 830 5689 qui
861 5621 952 5675 tali
988 5624 1194 5680 ultione
1228 5627 1391 5695 'digni
1445 5636 1601 5696 sunt,
1633 5636 1690 5681 ut
1735 5636 1990 5697 tanquam
2047 5628 2186 5683 fame

604 5713 915 5781 puniantur.
944 5716 1134 5774 Fames
1165 5729 1342 5791 autem
1375 5739 1479 5777 non
1512 5724 1563 5777 in
1595 5723 1884 5792 indigentia
1910 5724 2064 5794 panis
2096 5733 2188 5777 aut

601 5818 773 5875 aquis,
793 5806 887 5863 scd
905 5810 1050 5891 verbi
1073 5809 1312 5869 defectus
1331 5821 1430 5870 est.
1456 5812 1579 5870 Non
1604 5815 1783 5885 fames,
1808 5814 1996 5884 inquit,
2015 5816 2188 5887 panis,
2204 5832 2233 5875 ί,

2294 5005 2393 5060 per
2432 4991 2591 5058 hujus
2642 4990 3112 5058 contemplationis
3158 4992 3460 5047 obtentum.
3510 4991 3711 5063 Opinor
3736 4996 3874 5052 enim

2295 5097 2403 5136 non
2431 5081 2767 5150 disciplinam
2816 5081 2867 5135 in
2916 5084 3165 5150 prmsenti
3216 5084 3354 5139 hanc
3399 5085 3674 5140 scientiam
3724 5104 3876 5158 posse

2290 5176 2475 5229 sentiri
2507 5189 2695 5228 eorum
2723 5175 2815 5243 qui
2848 5178 3177 5233 exercitatos
3205 5178 3406 5233 habent
3435 5196 3658 5251 sensus,
3690 5198 3875 5252 quam-

2295 5267 2418 5321 dam
2460 5281 2590 5321 vero
2633 5264 2989 5322 dilferentiam
3015 5262 3414 5340 Scripturarum
3438 5273 3873 5328 consuetudinem

2252 5350 2597 5411 {divinarum
2630 5358 2869 5415 scientiae
2898 5371 3061 5429 atque
3090 5362 3431 5419 discretionis
3463 5364 3695 5421 invenio.
3745 5366 3871 5421 Nam

2290 5449 2442 5518 juxta
2473 5448 2809 5521 disciplinam
2851 5452 3049 5507 bonum
3080 5468 3110 5506 a
3139 5454 3281 5510 malo
3315 5454 3642 5521 discernere,
3699 5460 3875 5528 perfe-

2294 5541 2484 5596 ctioris
2512 5556 2636 5595 esse
2662 5542 2878 5598 habitus
2902 5543 3351 5614 dicitApostolus,
3382 5562 3569 5601 eorum
3601 5548 3690 5617 qui
3722 5563 3873 5603 exer-

2291 5634 2483 5687 citatos
2511 5632 2711 5687 habent
2739 5649 2949 5689 sensus.
2984 5634 3189 5692 Idcirco
3219 5639 3384 5693 etiam
3430 5646 3488 5693 ut
3528 5640 3704 5693 omnia
3751 5655 3872 5709 pro.

2291 5725 2476 5780 bemus
2506 5724 2743 5787 edocuit,
2769 5734 2825 5781 et
2850 5726 3142 5796 spiritualis
3165 5730 3260 5784 viri
3285 5732 3558 5800 proprium
3582 5746 3699 5786 esse
3721 5730 3868 5797 dixit,

2260 5838 2267 5845 ν
2292 5816 2433 5886 quod
2458 5816 2626 5887 possit
2648 5816 2827 5872 omnia
2847 5816 3088 5887 judicare
3113 5828 3273 5891 atque
3299 5823 3621 5881 discernere.
3643 5822 3869 5881 Scienti:
