4092 6348
171 258 284 317 581
1030 252 1208 308 L-XBRI
1225 253 1327 308 ‘DE
1362 253 1749 311 CREATIONE
1790 254 2067 313 HOMINIS
2109 257 2684 319 INTERPRETATIO.
3356 274 3480 331 ωε

170 393 327 433 vero
368 393 484 434 non
514 368 712 445 ubique
747 371 1083 443 disciplinam
1113 379 1277 442 atque
1319 370 1565 426 notitiam
1604 386 1796 425 secun-
1822 375 1873 433 A
1900 373 2026 430 boni
2055 385 2111 432 et
2142 377 2269 432 mali
2297 380 2520 435 scientia
2568 382 2772 450 lignum
2801 382 2933 439 illud
2987 394 3313 457 appeuatum
3360 404 3483 446 esse

168 471 320 526 dum
396 467 806 539 signiﬁcantium
858 480 1011 520 suam
1057 478 1271 533 semper
1320 463 1576 527 insinuat,
1605 462 1700 517 sed
1740 462 1795 516 in
1899 466 2167 525 videatur.
2194 469 2343 527 Sicut
2372 488 2641 529 venenum
2687 476 2850 533 melle
2874 478 3258 544 circumlitum,
3287 496 3482 547 secun-

166 564 411 619 bonam
440 571 642 633 partem
683 559 832 628 juxta
864 558 1109 612 etfectum
1153 555 1338 623 gratim
1384 554 1599 619 dicitur,
1628 562 1686 607 ut
1714 562 1783 607 est

1893 562 2021 642 dum
2049 566 2105 620 id
2133 567 2277 636 quod
2306 582 2494 623 sensus
2522 570 2727 627 mulcet
2752 572 2998 642 insparsa
3023 571 3249 626 dulcedo
3277 572 3479 626 bonum

167 658 331 711 illud
371 675 387 709 :
424 653 581 710 Novit
605 652 858 707 Dominus
885 652 969 717 qui
994 658 1114 702 sunt
1143 649 1275 718 ejus.
1307 646 1374 700 Et
1402 646 1469 700 ad
1506 646 1689 701 Mosen
1720 647 1796 700 ait
1834 639 2017 741 r'esse
2057 659 2312 724 creditur,
2344 661 2639 716 secundum
2683 662 2737 717 id
2776 639 2959 720 all—lem
3017 665 3162 735 quod
3208 673 3481 721 sumentes

168 750 347 805 Deus
388 768 399 803 ε
426 747 564 803 Νουί
592 756 639 800 τε
662 762 770 816 Prw
796 743 1049 805 οηιηίθαδν
1082 751 1137 796 et
1167 742 1249 796 his
1295 757 1412 810 (11³³³
1437 740 1720 809 culpantur
1740 740 1843 793 3'15
1896 751 2167 822 intercipit
2197 760 2359 823 atque
2389 756 2710 827 corrumpit,
2753 756 2983 813 efficitur
3026 759 3170 813 omni
3217 759 3361 814 malo
3388 760 3484 816 de-

165 842 386 905 malis,
420 840 511 910 qui
542 838 692 893 novit
720 836 900 890 omnia
950 841 1177 889 testatur
1219 839 1274 887 et
1301 833 1431 886 dicit
1463 850 1477 884 :
1512 829 1795 902 Nunquam
1895 845 2078 899 terius,
2112 844 2183 899 υι
2209 860 2337 915 ergo
2358 848 2755 916 ριιωπιιυετυηι
2775 849 3029 906 adversus
3054 851 3287 919 homiyis
3316 851 3479 906 vitam

167 936 311 988 novi
353 950 479 998 eos;
530 946 659 1000 ergo
690 929 892 998 lignum
921 925 1051 981 illud
1080 924 1223 996 quod
1253 925 1531 979 scientiam
1562 923 1783 992 permix-

1892 951 2103 993 venena
2129 940 2424 1007 mortifera,
2458 948 2587 995 tunc
2616 941 2801 1008 homo,
2833 956 3025 1011 magna
3056 958 3164 1006 res,
3196 956 3480 1011 magnum-

172 1037 309 1080 ῑδω
352 1025 744 1093 εοηῖυεθηιίίυθ
773 1018 1063 1076 Γτυοίίίῖεδί
1109 1033 1177 1073 εκ
1205 1017 1287 1072 his
1338 1025 1421 1073 εει
1469 1032 1587 1087 (tum
1641 1015 1795 1071 ιιοδίε
1895 1043 2001 1097 qne
2027 1030 2686 1101 vocabulum,divinaeque
2716 1032 2965 1102 ﬁguratio
2985 1041 3208 1101 natura),
3230 1034 3480 1102 vanitati,

169 1123 604 1178 interdicuntur
630 1136 659 1174 a
690 1117 937 1173 Domino.
970 1114 1267 1170 Contrariis
1309 1128 1539 1183 namque
1561 1112 1793 1182 qualita-
1895 1118 2034 1173 sicut
2062 1120 2191 1175 dicit
2219 1123 2500 1193 propheta,
2533 1123 2717 1178 similis
2758 1124 2925 1195 {actus
2974 1132 3069 1178 est.
3112 1123 3277 1190 Igitur
3304 1123 3481 1191 imago

170 1216 353 1270 tibus
381 1213 586 1268 fructus
613 1211 702 1265 ille
731 1208 942 1265 videtur
981 1222 1102 1262 esse
1128 1205 1465 1275 conjunctus,
1497 1204 1586 1274 qui
1629 1203 1855 1265 etiamm
1895 1208 1991 1263 Dei
2022 1209 2075 1263 in
2103 1209 2185 1264 his
2214 1227 2333 1281 quae
2360 1213 2563 1283 optima
2592 1215 2648 1268 in
2677 1214 2835 1269 nobis
2865 1213 3238 1282 intelliguntur
3264 1213 3484 1283 proprie

168 1317 535 1363 assertorem
581 1304 841 1375 probatur
878 1301 1079 1356 habere
1119 1306 1425 1369 serpentem
1452 1316 1466 1353 :
1496 1297 1794 1352 secundum
1895 1303 2152 1369 cernitur,
2184 1320 2521 1376 quacunque
2549 1323 2682 1362 vero
2728 1308 2781 1362 in
2811 1308 2920 1362 vita
2959 1316 3146 1363 nostra
3175 1304 3482 1361 miseranda

132 1394 137 1400 ’
168 1401 346 1456 hanc
375 1401 606 1454 fortasse
635 1396 903 1451 rationem
932 1392 1078 1464 quod
1108 1392 1307 1447 malum
1338 1406 1445 1445 non
1475 1390 1795 1461 proponitur
1894 1393 2146 1449 videntur
2191 1406 2247 1451 et
2280 1398 2472 1465 tristia,
2522 1399 2705 1464 divina
2734 1415 2955 1469 prorsus
2974 1398 3327 1456 similitudine
3352 1412 3483 1468 pro-

170 1491 410 1546 nudum
440 1498 603 1558 atque
628 1488 908 1555 intectum,
938 1493 999 1540 ut
1047 1486 1218 1555 ipsum
1250 1498 1346 1553 per
1372 1498 1492 1538 sese
1515 1484 1669 1551 juxta
1698 1498 1794 1536 na-
1894 1485 2091 1542 bantur
2109 1488 2307 1545 aliena.

170 1592 383 1637 turam
404 1596 554 1637 suam
578 1578 816 1649 conspici
837 1585 1029 1648 queat;
1055 1572 1560 1645 alioquininellicax
1590 1573 1793 1629 malitia
2469 1561 2698 1649 CAPUT
2736 1562 2907 1649 XXII;
2973 1634 2985 1647 .
3032 1642 3043 1649 _
3246 1648 3253 1649 ί

172 1625 263 1637 ἰ·-
280 1625 383 1636 “·’··
404 1625 554 1637 υ“·“·····
581 1625 816 1649 """r"-
840 1625 999 1648 ἰ’-⁷⁷⁷⁷
1017 1625 1029 1641 ν
1056 1625 1293 1645 ““·“““ι“-·“ν
1315 1625 1436 1630 --ην
1469 1625 1560 1629 -----
1590 1625 1792 1629 —---v~-~-~
2331 1632 2343 1645 .
2973 1634 2985 1647 ,
3437 1633 3450 1646 ,

168 1676 307 1744 ipsa
343 1672 632 1727 mansisset
652 1668 796 1724 ηυ¹¹ο
815 1668 943 1723 boni
969 1668 1209 1723 οοιοτδιλ
1236 1665 1511 1734 ﬁgmento,
1530 1680 1626 1735 ρετ
1645 1660 1879 1736 αυοάίὲ
1892 1625 2750 1744 atii-21‘:'Z‘fii..'lf’".l“?.fi‘l"
2762 1634 3276 1744 21.3.?"33'5513‘3.
3286 1631 3486 1744 ’Ἠέὶῖ

170 1701 307 1777 ἷ¹³⁵²¹
343 1701 796 1777 Ῑ¹“¹ἲ¹έ’
817 1701 943 1777 ιτξῖιξ
969 1701 1209 1777 ἳΐξῖέῖῖε·
1232 1701 1623 1777 fi'lli‘iifff“:
1641 1701 1866 1777 1'21“:
1964 1701 2461 1777 εαιίρηε.,ςιιαηιαηι
2507 1720 2572 1758 ex
2601 1706 2716 1775 ερεα
2762 1721 2936 1759 rerum
2973 1701 3276 1758 necessitate
3304 1702 3486 1757 άευεαι

170 1765 225 1820 is
266 1766 378 1834 qui
406 1762 673 1833 decipitur
723 1760 777 1815 in
823 1757 941 1830 ejus
981 1758 1180 1813 attrahi
1225 1757 1546 1813 desiderium
1596 1757 1788 1828 possit.
1824 1759 1867 1818 Β
1964 1757 2208 1826 sumam"..-

1964 1772 2227 1826 sustineri.

169 1855 353 1910 Nunc
380 1864 560 1909 autem
588 1852 856 1923 permixta
884 1850 1282 1921 quodammodo
1308 1849 1433 1903 mali
1465 1857 1653 1903 natura
1684 1857 1783 1915 estl

1961 1861 2066 1916 Sed
2091 1878 2199 1919 non
2228 1870 2313 1920 est
2342 1864 2413 1918 ita
2436 1864 2659 1921 robusta
2684 1865 2910 1932 malitia,
2942 1874 3003 1919 ut
3030 1865 3323 1935 praevaleat
3347 1864 3485 1920 divi-

168 1948 232 2004 in
262 1948 391 2003 alto
419 1946 636 2016 quidem
676 1944 967 2016 perniciem
1003 1942 1306 2006 continens,
1338 1941 1503 1996 veluti
1531 1939 1783 2010 quasdam

1888 1968 1973 2008 nm
1993 1954 2266 2025 potentiae,
2295 1970 2469 2024 neque
2490 1956 2684 2011 melior
2705 1964 2798 2011 aut
2821 1957 3259 2027 perseverantior
3278 1964 3485 2013 natura:

165 2041 386 2097 locans
412 2048 625 2111 apertas
670 2037 907 2093 insidias.
942 2036 998 2090 In
1044 2050 1105 2090 ea
1137 2050 1266 2089 vero
1311 2034 1621 2089 seductione
1668 2047 1783 2102 qua:

1892 2054 2094 2101 nostra:
2133 2046 2497 2103 inconstantia
2529 2064 2691 2119 quam
2742 2050 3010 2120 sapientia
3039 2050 3156 2105 Dei.
3188 2049 3305 2105 Non
3336 2050 3481 2104 enim

166 2148 298 2187 non
335 2139 505 2202 patet.
536 2129 663 2184 boni
688 2127 970 2199 quamdam
1004 2126 1289 2194 imaginem
1313 2140 1424 2195 pm
1453 2140 1511 2178 se
1539 2122 1660 2189 fert.
1691 2124 1855 2187 lio-oio
1888 2138 2147 2209 possibile
2185 2147 2269 2194 est
2313 2147 2373 2194 ut
2414 2141 2673 2196 mutabile
2703 2142 2808 2196 hoc
2836 2149 2893 2197 et
2937 2142 3294 2197 convertibile
3323 2150 3478 2196 tena-

168 2242 323 2283 num
357 2240 590 2294 namque
617 2223 831 2278 videtur
859 2221 1035 2275 avaris
1080 2228 1135 2275 et
1185 2218 1394 2289 cupidis
1424 2219 1663 2272 materia}
1686 2257 1701 2281 ,
1735 2216 1786 2272 id
1889 2228 2004 2282 cius
2052 2230 2253 2284 existat
2286 2239 2341 2284 ei,
2372 2230 2578 2286 ﬁrmius
2604 2246 2766 2301 quam
2797 2233 2865 2287 ad
2913 2234 3084 2303 ipsum
3115 2234 3258 2303 quod
3278 2234 3481 2303 iugiter

167 2328 288 2384 est,
329 2318 449 2373 auri
478 2317 647 2381 color,
679 2314 770 2370 sed
807 2314 963 2367 radix
991 2313 1219 2367 omnium
1257 2310 1513 2365 malorum
1554 2319 1629 2364 est
1657 2326 1790 2363 ava-
1886 2330 2187 2389 permanet,
2219 2329 2273 2375 et
2302 2322 2356 2376 in
2386 2321 2531 2377 bono
2562 2323 2678 2378 sine
2707 2323 2815 2378 ulla
2842 2324 3266 2379 commutatione
3286 2322 3482 2394 perdt].

169 2414 339 2466 ritia.
373 2410 501 2477 Quis
531 2418 711 2464 autem
740 2411 793 2463 in
822 2410 1039 2462 omnum
1075 2406 1365 2460 teterrimae
1385 2421 1450 2459 ac
1478 2403 1783 2461 foedissimae

1886 2421 1991 2467 rat.
2016 2412 2263 2467 Divinum
2296 2414 2458 2482 igitur
2485 2416 2768 2471 consilium
2790 2428 3013 2486 prorsus
3042 2415 3483 2471 incommutabile

170 2506 433 2561 libidinis
479 2510 683 2568 rueret,
736 2501 835 2556 nisi
880 2501 1213 2570 voluptatem
1269 2500 1472 2553 bonum
1526 2498 1782 2568 quiddam
1886 2514 2225 2575 semperest,
2254 2506 2585 2562 mutabilitas
2611 2516 2789 2562 autem
2822 2516 3023 2563 nostrte
3043 2508 3353 2564 substantia:
3382 2522 3483 2563 nec

166 2607 585 2675 acceptumque
638 2602 935 2664 reputaret,
968 2592 1035 2646 ad
1063 2591 1328 2661 passionis
1374 2590 1621 2645 morbum
1651 2605 1803 2659 qua-‘
1888 2594 1941 2648 in
1969 2595 2111 2650 malo
2137 2596 2338 2651 retinet
2366 2596 2697 2653 ﬁrmitatem.
2731 2598 2887 2665 Quod
2924 2599 3069 2653 enim
3122 2614 3339 2669 semper
3364 2614 3481 2654 mo-

166 2689 311 2743 dam
360 2688 624 2759 pellectus
650 2686 944 2741 illecebra?
1001 2683 1092 2739 Sic
1128 2693 1183 2739 et
1211 2693 1407 2738 caetera
1438 2692 1783 2754 peccatorum

168 2781 514 2851 permixtam
553 2796 773 2851 prorsus
820 2779 1018 2833 habent
1059 2776 1443 2837 differentiam.
1477 2793 1599 2848 qum
1628 2792 1786 2835 acce-

166 2873 433 2943 ptissima
464 2873 636 2942 primo
665 2880 920 2940 putantur
945 2879 1185 2939 aspectu,
1214 2877 1269 2924 et
1299 2869 1632 2924 seductionis
1661 2868 1783 2925 fuco

167 2982 280 3035 pro
332 2965 488 3020 bonis
514 2963 582 3017 ab
614 2960 1027 3017 inconsideratis
1068 2968 1124 3014 et
1152 2960 1584 3029 imprudentibus
1613 2976 1781 3030 appe-

169 3064 398 3111 tuntur.
431 3055 568 3122 Q'uia
596 3068 723 3122 ergo
754 3053 996 3124 plerique
1025 3051 1077 3107 id
1100 3067 1220 3107 esse
1246 3051 1449 3106 bonum
1480 3052 1625 3122 quod
1654 3068 1791 3113 sen-g
1822 3070 1839 3083 ἠ

1884 2694 2061 2753 vetur,
2094 2687 2359 2756 siquidem
2391 2690 2459 2745 ad
2487 2689 2687 2745 bonum
2717 2690 2891 2745 tendit
2920 2690 3036 2760 ejus
3075 2706 3325 2747 accessus
3355 2706 3483 2761 pro-

1885 2786 2009 2849 pter
2036 2778 2302 2835 infinitam
2345 2796 2460 2835 rem
2514 2797 2675 2850 quam
2726 2781 3058 2851 proﬁciendo
3104 2785 3475 2853 consequitur,

1885 2886 2158 2940 nunquam
2189 2873 2568 2928 terminabitur
2594 2874 2737 2929 illius
2766 2874 2820 2928 in
2842 2874 3117 2929 anteriora
3146 2876 3475 2945 progressio,

1882 2963 2007 3033 quia
2035 2980 2138 3019 non
2163 2966 2365 3035 poterit
2390 2966 2549 3036 hujus
2576 2982 2738 3037 quem
2767 2967 2962 3036 quierit
2990 2967 3157 3021 ullum
3190 2968 3478 3023 terminum

1881 3058 2143 3127 reperire,
2174 3073 2283 3127 quo
2305 3062 2705 3130 comprehenso
2733 3066 2914 3115 motus
2938 3075 3069 3115 suus
3089 3059 3286 3115 debeat
3306 3075 3478 3129 quau-

166 3166 269 3205 sus
308 3149 542 3204 laetilicat
587 3149 945 3212 arbitrantur,
989 3154 1045 3202 et
1094 3145 1340 3216 quaedam
1394 3155 1478 3202 est
1523 3147 1776 3217 cognatio
1803 3141 1851 3206 C
1881 3152 2062 3221 doque
2091 3152 2411 3209 consistere.
2443 3152 2501 3208 Si
2546 3170 2682 3210 .vero
2737 3153 2805 3209 ad
2854 3155 3183 3210 contrarium
3222 3150 3479 3208 deﬂectat

167 3242 443 3309 nominis,
475 3257 569 3297 seu
599 3241 867 3297 veraciter
891 3239 1170 3296 existentis
1192 3239 1342 3307 boni,
1371 3255 1469 3295 seu
1506 3239 1652 3307 quod
1674 3239 1776 3295 bo-

165 3350 318 3389 num
347 3343 585 3405 putatur,
617 3341 671 3388 et
700 3348 807 3388 non
835 3339 936 3397 cst,
969 3333 1068 3387 hac
1099 3331 1165 3387 de
1195 3346 1355 3387 causa
1385 3334 1774 3403 concupiscen-

171 3429 324 3483 tiam
364 3426 507 3481 illam
532 3441 650 3495 qua:
672 3424 741 3481 ad
773 3426 971 3480 malum
998 3424 1147 3480 velut
1175 3425 1243 3480 ad
1268 3426 1466 3481 bonum
1490 3426 1774 3497 pertrahit,

168 3518 313 3572 mali
354 3524 406 3573 et
435 3518 564 3572 boni
592 3517 871 3572 scientiam
909 3516 1187 3587 Scriptura
1226 3526 1411 3573 sancta
1440 3534 1774 3575 commemo-
1788 3528 1843 3575 λδθ-

169 3620 263 3665 rat
303 3629 315 3665 :
344 3612 469 3665 dum
496 3610 718 3665 scientia
748 3610 844 3663 ista
871 3609 1155 3679 quemdam
1203 3608 1443 3665 declaret
1498 3610 1769 3674 allectum,

173 3720 286 3758 nec
318 3703 560 3758 absolute
591 3701 809 3763 malum,
841 3702 966 3771 quia
1009 3701 1136 3756 boni
1163 3701 1446 3771 superlicie
1473 3703 1774 3756 coloratum

168 3804 285 3862 cst,
319 3811 418 3849 nec
444 3794 802 3850 sincerissime
832 3794 1051 3859 bonum,
1083 3793 1207 3861 quia
1236 3794 1361 3847 mali
1392 3794 1444 3848 in
1476 3809 1542 3848 eo
1575 3793 1769 3850 delitev

170 3892 288 3945 scit
316 3888 559 3954 exitium,
615 3885 711 3941 sed
765 3884 1147 3955 promiscuum,
1202 3885 1255 3940 id
1304 3894 1405 3952 est,
1438 3901 1502 3939 ex
1546 3896 1774 3955 utroque

176 3983 525 4052 perplexum,
582 3980 851 4035 interdicti
910 3978 1036 4046 ligni
1080 3978 1311 4032 fructum
1360 3993 1479 4032 esse
1525 3986 1769 4044 testatur,
1787 3988 1837 4033 ".t’

174 4075 339 4145 cujus
366 4081 581 4144 gustum
611 4071 748 4125 dixit
777 4070 842 4123 ad
892 4077 1120 4123 mortem
1152 4076 1437 4136 tangentes
1475 4068 1769 4123 attrahere.

120 4234 123 4235 ν
179 4166 333 4221 Pene
360 4167 463 4221 hoc
493 4163 726 4220 evidenti
756 4170 810 4216 et
853 4161 1104 4227 dogmate
1155 4169 1210 4214 et
1238 4174 1369 4214 voce
1411 4160 1771 4230 proclamans,

179 4260 312 4329 quia
352 4256 500 4326 quod
549 4269 675 4309 vere
702 4265 785 4308 est
808 4253 1031 4319 bonum,
1062 4250 1291 4320 simplex
1340 4260 1395 4306 et
1425 4253 1651 4314 unicum
1668 4262 1770 4319 est,

182 4367 216 4405 a
250 4358 436 4405 natura
488 4346 726 4401 omnium
763 4344 1025 4408 alienum;
1058 4342 1257 4396 malum
1287 4357 1417 4398 vero
1454 4343 1663 4397 varium
1691 4351 1775 4398 at-

180 4459 293 4510 que
321 4441 557 4496 fucatum
588 4446 690 4501 est,
723 4436 867 4510 quod
917 4434 1060 4490 aliud
1108 4434 1322 4505 quidem
1367 4444 1582 4506 putetur
1629 4451 1809 4502 esse,»

1880 3241 1998 3311 ejus
2026 3242 2275 3309 intentio,
2310 3243 2400 3298 ubi
2430 3245 2683 3314 nequitia:
2708 3246 2982 3316 peregerit
3032 3259 3272 3310 cursum,
3327 3253 3382 3298 et
3408 3243 3478 3297 ad

1877 3347 2146 3388 summum
2191 3333 2462 3403 fastigium
2515 3335 2643 3390 mali
2695 3337 3027 3407 pervenerit,
3059 3344 3188 3389 tunc
3233 3334 3378 3403 jugis
3418 3346 3478 3387 se

1862 3428 2147 3509 lmovcntis
2176 3427 2410 3498 impetus
2437 3428 2644 3483 nullum
2666 3438 2866 3483 statum
2888 3429 2956 3484 de
2976 3445 3072 3483 sua
3105 3436 3297 3483 natura
3318 3442 3477 3497 repe-

1856 3510 2042 3586 Vriens,
2070 3521 2162 3575 ubi
2192 3522 2414 3576 malitiae
2438 3522 2616 3592 spatia
2648 3522 3005 3577 determinata
3036 3520 3354 3583 cucurrerit,
3381 3535 3477 3574 ne-

1878 3614 2116 3669 cessario
2174 3622 2379 3669 motum
2425 3613 2536 3683 jam
2580 3614 2646 3667 ad
2675 3615 2879 3685 optima
2902 3629 3130 3684 quicque
3170 3620 3473 3668 convertet.

1878 3704 2012 3760 Cum
2042 3704 2186 3760 enim
2218 3706 2421 3759 malitia
2452 3706 2759 3760 nullatenus
2800 3705 3217 3760 indeterminate
3253 3717 3476 3773 promo-

1876 3804 2085 3862 veatnr,
2109 3796 2204 3852 sed
2224 3798 2546 3852 necessariis
2568 3794 2763 3852 ﬁnibus
2785 3796 3110 3857 includatur,
3137 3809 3475 3865 consequen-

1876 3894 1961 3942 tcr
1989 3887 2115 3941 mali
2146 3888 2417 3942 terminus
2460 3887 2564 3941 erit
2589 3887 2717 3942 boni
2744 3887 3040 3953 successio,
3095 3892 3151 3939 et
3204 3885 3296 3949 ita,
3331 3883 3473 3938 sicut

1876 3977 2077 4033 dictum
2106 3985 2210 4043 est,
2247 3987 2438 4033 natura
2467 3986 2674 4041 nostra,
2717 3992 2836 4047 quze
2864 3992 3079 4048 semper
3117 3975 3338 4030 immota
3366 3981 3468 4035 est,

1876 4070 2108 4138 quadam
2139 4070 2482 4138 regressione
2509 4070 2636 4124 boni
2665 4068 2919 4138 deinceps
2946 4069 3048 4122 iter
3069 4067 3323 4132 excurrit,
3356 4081 3472 4121 me-

1876 4161 2051 4215 moria
2075 4160 2339 4216 malorum
2362 4160 2557 4230 quibus
2583 4159 2773 4215 allecta
2796 4168 2898 4225 est,
2925 4176 2995 4215 ne
3022 4176 3207 4216 rursus
3225 4160 3289 4213 ad
3317 4159 3470 4221 sim-i-

1876 4251 1949 4305 lia
1974 4251 2195 4305 recedat
2241 4250 2471 4306 erudita.
2506 4251 2707 4305 lterum
2757 4264 2888 4318 ergo
2933 4266 3125 4305 cursus
3153 4258 3340 4304 noster
3366 4249 3471 4303 erit

1873 4342 1932 4399 in
1980 4341 2153 4403 bonis,
2184 4350 2407 4412 propter
2429 4343 2572 4411 quod
2624 4340 2969 4405 necessariis,
3002 4348 3061 4394 ut
3106 4340 3237 4407 dixi,
3272 4338 3469 4395 ﬁnibus

1862 4442 2068 4489 natura
2118 4434 2336 4489 malitiae
2383 4435 2643 4505 probetur
2668 4449 2788 4489 esse
2834 4432 3183 4504 praiscripta;
3217 4440 3272 4487 et
3322 4431 3465 4489 sicut

186 4532 334 4585 aliud
390 4545 518 4584 vero
573 4529 687 4599 ipsa
757 4526 1088 4597 experientia
1147 4526 1530 4596 comprobetur
1553 4568 1568 4593 ,
1622 4527 1775 4597 cujus
1803 4526 1856 4586 D
1879 4526 2031 4582 aiunt
2058 4526 2112 4581 hi
2139 4528 2230 4597 qui
2260 4526 2328 4581 de
2356 4528 2517 4582 rebus
2545 4526 2862 4581 sublimibus
2889 4525 3185 4595 disputant,
3223 4524 3470 4594 superio-

188 4621 438 4686 scientia,
480 4620 532 4673 id
575 4628 658 4674 est
685 4617 1012 4688 operationis
1036 4615 1259 4672 eﬂ‘ectus
1280 4632 1440 4673 causa
1469 4626 1551 4672 est
1584 4618 1772 4673 mortis

189 4720 250 4764 ct
296 4710 652 4777 corruptionis
712 4708 1014 4763 exordium.
1060 4706 1297 4777 Ideoque
1351 4716 1805 4778 praemonstransv

189 4816 416 4872 serpens
443 4797 669 4853 fructum
694 4800 901 4868 peccati
926 4800 1332 4870 nequissimum,
1358 4816 1464 4854 non
1486 4800 1626 4855 sicut
1652 4815 1773 4855 sese

191 4896 358 4950 habet
385 4900 590 4946 naturae
617 4891 816 4944 malum
845 4892 1122 4947 evidenter
1146 4893 1380 4949 ostendit
1409 4893 1767 4962 (nequaquam
1798 4924 1801 4927 -
1830 4924 1831 4927 η

190 4988 392 5058 quippe
406 4984 567 5037 homo
589 4980 934 5036 seduceretur
958 4992 1145 5050 aperta
1166 4984 1413 5054 malitia),
1429 4982 1525 5039 sed
1539 4984 1768 5054 quadam

191 5077 372 5147 specie
400 5070 545 5144 quod
572 5069 865 5140 apparebat
894 5069 1181 5136 illustrans,
1214 5073 1653 5143 voluptatemque
1674 5088 1773 5142 per

191 5183 383 5224 sensus
411 5167 688 5220 insinuans
716 5170 877 5232 atque
904 5161 1137 5219 inferens
1159 5166 1354 5233 gustui,
1388 5166 1770 5233 transgressio-

194 5276 315 5317 nem
354 5258 564 5314 mulieri
608 5257 905 5328 persuasit,
957 5255 1099 5309 sicut
1142 5255 1415 5326 Scriptura
1475 5258 1642 5313 dicit:
1702 5257 1771 5313 Et

191 5355 315 5410 vidit
336 5353 517 5407 mulier
562 5349 698 5423 quod
745 5348 931 5403 bonum
960 5356 1090 5401 esset
1119 5347 1314 5417 lignum
1338 5348 1406 5401 ad
1448 5350 1789 5417 vescendum,

194 5453 488 5516 gratumque
550 5442 711 5497 oculis
751 5440 820 5494 ad
847 5438 1150 5506 videndum,
1182 5448 1231 5493 et
1255 5439 1523 5506 pulchrum
1550 5442 1619 5495 ad
1645 5459 1770 5497 cou-

192 5534 547 5599 trectandum;
574 5542 623 5588 et
649 5535 867 5603 sumpsit
895 5532 957 5586 de
1005 5534 1175 5603 fructu
1212 5532 1323 5602 ejus
1349 5541 1501 5605 atque
1528 5536 1767 5590 comedit.

194 5628 321 5683 Esca
347 5634 528 5682 autem
556 5626 647 5680 illa
680 5636 853 5680 mater
895 5626 1085 5681 mortis
1123 5625 1432 5682 hominibus
1471 5625 1613 5683 facta
1663 5636 1764 5681 est.

197 5722 298 5774 Nec
323 5726 402 5772 est
422 5717 579 5786 igitur
616 5718 877 5786 permixta
906 5716 1269 5773 friictilicatio.
1305 5716 1585 5773 Manifeste
1614 5734 1767 5772 nam-

195 5827 297 5878 que
321 5823 501 5866 sermo
539 5806 793 5877 patefecit
847 5807 1279 5876 intelligentiam,
1311 5807 1764 5877 quemadmodum

1880 4620 2028 4675 ribus
2056 4618 2238 4674 mundi
2265 4619 2508 4689 partibus
2536 4618 2849 4673 universum
2894 4616 3153 4672 mundum
3178 4616 3296 4671 luce
3316 4631 3466 4671 com-

1878 4711 2034 4782 pleri,
2066 4710 2319 4765 tenebras
2366 4719 2546 4764 autem
2585 4724 2655 4763 ex
2699 4709 2886 4763 umbra
2917 4708 3117 4763 terreni
3139 4707 3385 4776 corporis
3414 4714 3469 4761 et

1878 4802 2204 4873 oppilatione
2232 4802 2512 4871 generari;
2560 4800 2769 4872 (ethoc
2796 4799 3014 4869 quidem
3056 4799 3208 4869 juxta
3244 4798 3466 4869 figuram

1877 4894 2125 4963 corporis
2150 4893 2204 4947 in
2255 4892 2475 4947 modum
2505 4892 2727 4961 sphaera:
2757 4891 2994 4954 collecti,
3024 4900 3079 4946 et
3105 4899 3227 4961 post
3256 4898 3467 4957 tergum

1874 4987 2006 5041 solis
2033 4985 2214 5041 radios
2243 4985 2365 5040 coni
2395 4985 2565 5039 instar
2586 4983 2935 5039 excludentes
2952 4983 3267 5051 accedere);
3293 4980 3491 5036 solem

1876 5090 2007 5130 vero
2056 5076 2228 5130 multo
2274 5089 2436 5144 quam
2484 5082 2629 5130 terra
2679 5082 2764 5131 est
2809 5074 3031 5144 majoris
3085 5071 3468 5141 magnitudinis

1877 5166 2218 5231 existentcm,
2249 5166 2484 5235 undique
2523 5181 2642 5220 eam
2673 5167 2783 5221 suis
2812 5167 2865 5220 in
2896 5166 3124 5221 circuitu
3152 5164 3316 5218 radiis
3346 5177 3466 5216 am-

1878 5257 1994 5313 bire
2043 5257 2194 5327 juxta
2224 5257 2347 5313 coni
2376 5258 2665 5312 terminum
2701 5258 3021 5313 emissiones
3067 5255 3285 5310 luminis
3313 5268 3465 5307 amo-

1864 5352 2114 5415 ventem,
2148 5352 2220 5405 ita
2243 5357 2300 5405 ut
2322 5350 2369 5405 si
2412 5351 2740 5407 concedatur
2765 5349 2923 5404 alicui
2959 5347 3188 5419 quadam
3242 5346 3462 5413 virtute,

1872 5458 2178 5499 mensuram
2210 5443 2357 5497 illam
2388 5443 2440 5496 in
2470 5457 2633 5511 quam
2661 5440 2968 5496 extenditur
2990 5438 3177 5493 umbra
3211 5437 3461 5503 transire,

1871 5536 1975 5590 erit
1996 5534 2238 5606 profecto
2267 5548 2484 5602 semper
2509 5534 2561 5587 in
2593 5533 2825 5599 lumine,
2859 5530 3021 5586 nullis
3048 5529 3460 5586 occurrentibus

1870 5629 2143 5693 tenebris;
2175 5628 2254 5683 sic
2282 5628 2518 5683 arbitror
2545 5634 2601 5680 et
2624 5626 2693 5680 de
2720 5625 2879 5681 nobis
2906 5623 3203 5692 excogitari
3232 5622 3457 5684 debere,

1870 5718 2015 5786 quod
2054 5720 2256 5788 egressi
2304 5718 2436 5773 lines
2486 5716 2720 5785 malitia),
2754 5726 2812 5773 ut
2852 5717 2907 5773 in
2948 5715 3174 5772 summis
3202 5713 3461 5770 fuerimus

1871 5820 2215 5867 peccatorum
2263 5808 2499 5866 tenebris
2549 5807 2820 5877 collocati,
2878 5822 3063 5865 rursus
3097 5817 3373 5862 versemur
3402 5805 3457 5856 in
