4060 6364
569 253 672 314 583
1857 244 2214 304 ΜΟΝῗείυὸ
2252 241 2576 300 EXiOUUS.
3808 241 3938 295 581

574 370 778 423 lumine
804 376 927 439 post
949 356 1143 424 simula
1168 348 1327 420 nullis
1344 345 1736 433 comprehensa
1761 362 2023 424 terminis,
2055 361 2167 415 vel-
2201 363 2247 422 Λ
2278 360 2480 413 tionem
2520 366 2727 410 nostra:
2773 344 3136 424 generationis
3185 353 3485 410 instituens.
3533 354 3715 428 (Non
3755 358 3934 411 enim

571 461 648 514 uti
696 473 1001 514 mensuram
1051 458 1254 512 umbrae
1324 455 1589 510 bonorum
1644 452 2161 523 superexcellentem
2273 454 2487 522 quando
2521 452 2587 506 ad
2612 453 2897 520 imaginem
2928 451 3020 507 Dei
3047 450 3197 520 fecit)
3236 462 3362 507 tunc
3384 468 3640 508 crescere
3664 462 3733 507 et
3762 455 3935 508 inul-

484 599 487 602 .
571 549 945 605 substantiam.
997 548 1206 601 Rursus
1258 560 1388 615 ergo
1426 543 1726 615 paradisus,
1771 556 1959 597 rursus
2006 556 2167 608 omne
2272 541 2501 611 tiplicari
2532 541 2780 594 homines
2812 540 3129 610 imperavit,
3163 540 3258 595 sed
3293 542 3513 612 quando
3559 542 3711 597 fecit
3747 559 3929 597 mas-

572 644 701 699 illud
735 644 960 713 lignum,
983 641 1127 711 quod
1150 649 1204 696 et
1229 640 1430 695 bonum
1452 627 1561 693 vita
1584 645 1686 704 est,
1712 652 1894 691 rursus
1920 633 2167 711 imaginis
2272 631 2380 686 culi
2416 640 2469 684 et
2491 628 2696 685 feminae
2718 629 3096 695 diﬂcrentiam,
3127 640 3253 686 tunc
3275 633 3349 686 ait
3376 652 3387 686 :
3413 632 3646 688 Crescite
3674 644 3737 687 et
3762 636 3929 687 mul-

573 733 747 801 gratia
778 741 834 788 et
858 732 1089 802 dignitas
1121 731 1470 802 principatus.
1502 728 1614 783 Nec
1652 727 1783 781 mihi
1822 727 2035 782 videtur
2063 725 2165 779 ho-
2196 716 2245 779 ξ
2273 725 2602 793 tiplicamim‘,
2648 734 2697 779 et
2744 726 2948 795 implete
2980 734 3191 794 terram,
3218 728 3363 797 quod
3406 746 3512 784 non
3550 738 3641 785 est
3682 730 3926 785 divina:

574 840 696 878 rum
728 840 847 894 qua:
875 840 1018 880 nunc
1039 823 1105 878 ad
1134 824 1259 877 vitae
1282 821 1617 877 necessarios
1647 835 1774 876 usus
1794 835 1823 872 a
1846 819 1957 874 Deo
1987 817 2164 873 homi-
2276 826 2514 883 naturae,
2547 817 2641 871 sed
2670 817 3052 872 irrationabilis
3092 819 3369 889 proprium
3392 865 3406 889 ,
3458 823 3597 877 sicut
3631 822 3923 877 historia:

580 914 742 970 nibus
769 917 893 970 data
923 924 1067 981 sunt,
1098 913 1197 969 sed
1219 913 1451 981 quodam
1477 913 1553 966 rei
1581 912 1804 965 alterius
1824 925 1947 979 spes
1976 924 2168 979 repro-
2277 917 2456 963 textus
2485 909 2741 971 ostendit,
2766 924 2885 978 quae
2925 910 3175 979 primitus
3207 911 3293 966 hic
3315 911 3381 966 de
3404 912 3851 968 irrationalibus
3886 930 3920 966 a

583 1008 848 1073 mittatur,
880 1008 1031 1077 cujus
1047 1008 1187 1061 ratio
1209 1003 1495 1060 ineti'abilis
1519 1005 1865 1073 approbetur.
1902 999 2012 1055 Sed
2038 1015 2171 1055 con-
2276 997 2389 1053 Deo
2418 1000 2627 1068 prolata
2658 998 2819 1055 fuisse
2868 999 3150 1068 significat.
3184 999 3339 1068 Quod
3367 1003 3411 1057 si
3442 1005 3592 1073 prius
3616 1003 3919 1059 diﬂ'eren-
3954 1068 3957 1069 ν

583 1099 865 1167 sequentia
895 1113 1083 1153 eorum
1104 1111 1223 1166 quae
1246 1096 1559 1151 discutimus
1590 1109 2000 1165 prosequamur.
2277 1094 2407 1146 tiam
2438 1092 2661 1147 masculi
2693 1090 2907 1147 fecisset
2929 1092 2978 1147 in
3010 1094 3165 1149 nobis
3193 1103 3246 1148 et
3269 1094 3501 1160 feminae,
3524 1105 3579 1150 et
3603 1112 3715 1166 per
3746 1097 3919 1151 hanc

1158 1204 1386 1261 CAPUT
1416 1204 1599 1259 χχιιι,
2194 1194 2235 1235 Ir,
2277 1196 2469 1235 vocem
2498 1196 2603 1251 qua
2626 1182 2825 1236 dictum
2853 1191 2936 1237 est
2966 1199 2977 1233 :
3003 1182 3247 1251 Crescite,
3277 1185 3383 1238 vim
3407 1185 3917 1256 multiplicationis

585 1298 840 1351 Adversus
869 1316 952 1353 eos
972 1316 1056 1369 qui
1080 1300 1366 1353 dicunt:Si
1388 1299 1521 1353 bona
1542 1307 1591 1353 et
1615 1301 1807 1368 optima
1826 1307 2175 1353 estresurrec-
2278 1272 2483 1369 ξ¹⁰ξῖ¹ί¹¹ί
2532 1273 2867 1369 ⁰⁰¹¹ιυιίδ⁵ξ⁵ί’
2900 1288 3239 1369 nequaquam
3294 1277 3673 1369 generationis
3723 1276 3913 1345 huius

657 1371 727 1421 tio
756 1363 1093 1433 mortuorum,
1137 1386 1227 1422 cur
1266 1386 1368 1423 non
1402 1372 1522 1422 olim
1565 1363 1705 1439 facta
1732 1378 1827 1433 est,
1854 1369 1947 1423 sed
1970 1369 2181 1439 quibus-
2281 1363 2642 1432 iudigeremus
2668 1364 2867 1434 specie,
2898 1379 2996 1435 per
3018 1379 3177 1433 quam
3215 1366 3601 1422 irrationabilia
3628 1378 3910 1422 contem-

656 1439 779 1492 dam
803 1449 1086 1508 temporum
1116 1440 1503 1493 circuitionibus
1527 1441 1826 1493 sustinetur.

2305 1454 2517 1507 ilantur.
2552 1454 2684 1520 Quia
2740 1454 2900 1522 igitur
2950 1465 3074 1511 ante
3123 1458 3522 1527 contemplatus
3560 1466 3648 1513 est
3680 1457 3908 1514 virtute

657 1549 923 1603 Fortassis
946 1550 1088 1603 enim
1119 1549 1238 1620 quis
1260 1548 1328 1603 ad
1358 1549 1700 1604 dulcedinem
1742 1558 1904 1604 tantae
1938 1552 2053 1621 spei
2084 1566 2182 1607 co-
2284 1546 2635 1615 praescientia:
2661 1560 2770 1600 sua:
2824 1546 2965 1601 Deus
3014 1547 3401 1617 plenitudinem
3447 1549 3742 1603 hominum
3795 1565 3911 1620 per

590 1640 851 1710 gitatione
879 1656 1189 1706 succensus,
1241 1655 1407 1709 grave
1434 1656 1572 1695 onus
1619 1657 1982 1711 magnumque
2030 1649 2185 1711 putat
2226 1635 2573 1697 oSauimalem
2621 1637 3054 1706 procreationem
3107 1638 3175 1692 ad
3225 1639 3388 1694 vitam
3417 1656 3537 1695 esse
3566 1648 3901 1701 venturam.

589 1749 709 1789 esse
733 1732 1089 1802 dispendium,
1113 1734 1257 1803 quod
1288 1750 1395 1789 non
1427 1735 1577 1790 ocius
1600 1735 1667 1790 ad
1699 1736 1787 1790 illa
1813 1735 1955 1791 bona
1984 1752 2180 1807 perve—
2211 1732 2259 1790 B
2284 1725 2376 1793 qui
2406 1734 2597 1780 cuncta
2630 1726 2818 1780 ordine
2842 1734 2893 1781 et
2925 1726 3135 1782 ratione
3177 1727 3472 1797 dispensat,
3504 1730 3643 1784 hanc
3676 1730 3902 1785 homini

592 1822 723 1889 niat,
755 1837 873 1892 qua:
902 1824 1195 1878 humanum
1222 1839 1440 1879 sensum
1481 1825 1869 1895 scientiamque
1900 1835 2183 1884 transcen-

2297 1817 2653 1884 generationis
2702 1817 2936 1885 speciem
2968 1818 3327 1873 necessariam
3378 1819 3636 1883 condidit,
3664 1834 3794 1888 quae
3826 1820 3900 1872 ad

590 1914 741 1980 dunt,
783 1916 1010 1970 moleste
1060 1914 1235 1971 ferens
1266 1917 1723 1988 intercapedinem
1755 1920 2031 1989 temporis,
2064 1936 2182 1990 quae

2293 1904 2647 1960 humilitatem
2698 1914 2903 1959 natura:
2953 1917 3150 1961 nostra:
3180 1908 3471 1977 proclivior
3517 1908 3681 1975 foret,
3718 1924 3896 1979 quam

594 2006 851 2060 dilatione
881 2007 959 2060 sui
987 2007 1286 2062 desiderata
1324 2008 1600 2063 distendit.
1645 2008 1845 2065 Verum
1877 2026 1983 2064 non
2014 2025 2183 2079 angu-

2294 1997 2417 2052 vidit
2446 2006 2735 2066 antequam
2768 1996 2939 2060 ﬂeret,
2972 2000 3063 2068 qui
3107 1997 3281 2053 futura
3313 2007 3563 2069 tanquam
3594 2004 3897 2072 praesentia

594 2106 764 2152 stetur
792 2098 937 2153 sicut
966 2100 1239 2169 parvulus,
1284 2100 1549 2155 modicam
1580 2102 1874 2171 voluptatis
1917 2104 2182 2157 morulam
2204 2114 2269 2155 λβ
2288 2099 2597 2146 contuetur.
2628 2089 2830 2144 idcirco
2874 2090 2942 2144 ad
2983 2092 3314 2145 creationem
3357 2093 3632 2146 hominum
3664 2110 3897 2151 mensu-

595 2188 937 2258 impatienter
965 2199 1305 2260 exspectans.
1337 2192 1470 2246 Nam
1492 2194 1618 2261 quia
1649 2195 1861 2249 ratione
1890 2202 1945 2249 et
1968 2194 2183 2265 sapien-
2288 2200 2402 2239 ram
2432 2197 2647 2251 quoque
2678 2181 2937 2252 ιθηιρονὶε
2986 2192 3110 2237 ante
3137 2183 3420 2254 disposuit,
3454 2193 3511 2237 ut
3548 2186 3705 2254 juxta
3736 2202 3897 2240 con:-

595 2280 668 2332 tia
720 2278 1095 2349 dispensantur
1139 2282 1389 2337 universa
1411 2323 1426 2347 ,
1456 2299 1680 2339 necesse
1728 2293 1809 2340 est
1853 2300 2187 2355 qumcunque
2290 2273 2647 2329 moratiouem
2677 2273 3183 2343 prindestinatarum
3216 2275 3268 2328 in
3297 2274 3399 2329 hOC
3427 2274 3631 2330 mundo
3676 2277 3887 2329 anima-

599 2370 733 2425 tiunt
777 2388 884 2426 non
915 2373 1032 2427 sine
1073 2374 1284 2427 ratione
1333 2382 1389 2428 et
1435 2377 1698 2445 sapientia
1727 2378 2011 2432 contineri.
2047 2378 2188 2434 Dicis

2290 2384 2408 2424 rum
2436 2368 2591 2422 simul
2621 2376 2675 2421 et
2715 2382 2865 2420 mora
2898 2367 3157 2436 temporis
3195 2366 3523 2433 tenderetur,
3570 2377 3626 2422 et
3648 2376 3781 2423 tunc
3807 2370 3890 2439 ip-

598 2462 778 2529 itaque
807 2463 934 2517 mihi
965 2482 977 2518 :
1002 2462 1131 2529 Qua:
1157 2473 1238 2519 est
1267 2465 1368 2519 ista
1395 2467 1559 2531 ratio,
1584 2484 1680 2537 per
1706 2483 1865 2538 quam
1893 2485 2000 2524 non
2030 2470 2188 2524 datur
2290 2463 2399 2517 sius
2432 2460 2686 2531 temporis
2706 2458 2882 2515 fluens
2903 2468 3084 2515 motus
3111 2460 3327 2515 tandem
3361 2461 3653 2531 aliquando
3676 2464 3891 2517 consis-

598 2554 778 2607 statim
802 2554 852 2609 id
875 2554 941 2608 ad
965 2554 1107 2624 quod
1128 2555 1467 2611 desideratur
1480 2559 1547 2612 ab
1570 2559 1671 2614 hac
1691 2560 1798 2613 vita
1815 2561 2187 2616 molestissima
2206 2544 2450 2619 tio/terei.
2484 2569 2605 2608 Cum
2632 2552 2744 2621 iam
2769 2552 2820 2606 i“
2852 2568 2918 2607 εο
2936 2553 3225 2606 humanum
3256 2567 3426 2622 εθηυδ
3455 2555 3585 2610 oriri
3616 2570 3725 2610 ηοη
3756 2572 3889 2626 1³05-

601 2645 902 2714 pervenire,
926 2646 1021 2701 sed
1046 2649 1205 2702 certis
1232 2648 1492 2718 prtefinita
1517 2651 1847 2721 temporibus
1876 2653 2053 2719 gravis
2073 2651 2190 2706 haec

2291 2652 2393 2699 set.
2426 2643 2806 2697 Consummata
2836 2657 2965 2713 ergo
2998 2644 3352 2711 generatione
3393 2645 3695 2712 hominum,
3721 2648 3887 2701 simul

605 2748 661 2794 et
716 2740 1027 2810 temporalis
1092 2743 1434 2797 conversatio
1496 2744 1661 2800 totius
1711 2746 2191 2800 consummationis

2292 2749 2507 2804 quoque
2536 2741 2747 2803 tempus
2767 2733 3001 2801 deficiet,
3026 2742 3081 2789 et
3100 2736 3177 2790 sic
3201 2737 3470 2792 restitutio
3494 2736 3586 2793 fiet
3617 2740 3886 2805 omnium,

603 2832 889 2887 terminum
929 2833 1177 2898 sustinet,
1213 2842 1270 2887 ut
1300 2842 1427 2889 tunc
1453 2834 1688 2889 humana
1717 2836 1851 2904 vita,
1879 2836 2046 2891 veluti
2073 2837 2191 2907 qui-

2293 2826 2346 2879 in
2377 2838 2483 2894 qua
2528 2823 2816 2878 universali
2847 2822 3321 2881 transformatione
3342 2829 3759 2883 commutabitur
3788 2843 3880 2897 ge-

602 2922 826 2976 busdam
868 2922 1113 2978 absoluta
1143 2924 1430 2993 repagulis,
1481 2925 1664 2993 quieta
1688 2940 1901 2981 rursum
1932 2941 1996 2982 ac
2024 2926 2191 2981 libera
2294 2931 2395 2971 nus
2425 2915 2732 2979 humanum,
2757 2929 2787 2968 a
2818 2915 3155 2987 corruptibili
3179 2926 3234 2971 et
3265 2925 3480 2974 terreno
3509 2928 3650 2975 statu
3676 2920 3740 2975 ad
3776 2922 3882 2975 im-

603 3014 667 3067 ad
691 3014 902 3068 beatum
933 3023 985 3068 et
1016 3014 1397 3084 impassibilem
1419 3022 1618 3070 statum
1639 3014 1832 3071 futurae
1856 3017 2197 3087 contemplae

2294 3007 2601 3078 passibilem
2627 3006 2893 3061 transiens
2913 3015 3261 3074 etaeternum,
3286 3009 3429 3077 quod
3450 3010 3578 3064 mihi
3596 3011 3806 3067 videtur
3820 3022 3874 3067 et

604 3103 767 3159 tionis
805 3106 1097 3159 occurrat?
1126 3104 1231 3161 Sed
1259 3106 1326 3160 ad
1366 3106 1502 3171 hmc,
1531 3115 1710 3161 utrum
1739 3108 1950 3162 veritati
1974 3108 2192 3177 propin-
2218 3106 2264 3170 C
2294 3107 2510 3156 sanctus
2524 3098 2812 3168 Apostolus
2824 3099 2888 3153 ad
2901 3097 3745 3159 Corinthiosstationetusubitam
3757 3113 3884 3159 tem-

605 3203 735 3261 quet
763 3195 930 3263 ratio,
956 3195 1024 3250 de
1068 3196 1151 3252 his
1179 3212 1298 3266 qua:
1344 3199 1730 3267 perquiruntur
1775 3199 1889 3268 ipsa
1916 3198 2193 3254 evidenter
2297 3191 2466 3263 poris,
2503 3197 2559 3247 et
2605 3191 2909 3246 econtrario
2954 3191 3340 3248 resolutionem
3370 3209 3548 3249 rerum
3577 3195 3882 3265 praedixisse

609 3285 805 3340 veritas
835 3287 1073 3353 noverit;
1095 3288 1239 3357 quod
1262 3297 1442 3343 autem
1465 3298 1705 3344 nostram
1727 3290 1871 3344 subit
1892 3290 2194 3359 intelligen-
2298 3281 2651 3347 mobilium,in
2663 3282 2856 3349 quibus
2870 3282 2962 3336 ait:
2974 3281 3104 3337 Ecce
3115 3285 3411 3354 mysterium
3424 3284 3560 3340 vobis
3573 3286 3883 3341 άὶσαοηιιηει

611 3374 739 3429 tiam
788 3376 893 3431 tale
922 3386 1023 3433 est.
1057 3379 1186 3433 Dico
1242 3379 1442 3434 etenim
1471 3395 1777 3435 sermonem
1808 3380 2040 3450 primum
2070 3396 2194 3434 rur-
2296 3374 2852 3445 (ιυίάέηινεδηνθεηιηδν
2873 3374 3078 3428 “duo”
3096 3374 3751 3443 οῖηηεδίηιηιηταθίηιαννίη
3772 3395 3881 3433 ηιοο

610 3482 727 3521 sum
757 3482 1035 3524 assumens
1058 3485 1166 3538 quo
1194 3471 1389 3525 dixerit
1410 3471 1552 3526 Deus
1582 3490 1593 3525 :
1627 3470 1907 3526 Faciamus
1930 3473 2191 3526 hominem
2226 3514 2229 3515 ν
2278 3456 2493 3532 ’mento,
2511 3467 2563 3519 in
2586 3466 2689 3518 ictu
2708 3467 2928 3532 oculi,in
2955 3468 3230 3522 novissima
3254 3470 3393 3521 tuba.
3412 3468 3543 3524 Cum
3560 3471 3696 3524 enim
3713 3472 3878 3542 pleni-

612 3557 683 3611 ad
701 3559 978 3628 imaginem
1005 3568 1055 3613 et
1082 3561 1472 3616 similitudinem
1495 3572 1728 3617 nostram
1753 3580 1771 3618 :
1797 3564 1974 3633 imago
2000 3565 2199 3635 quippe
2304 3559 2452 3625 tudo,
2481 3567 2539 3613 ut
2568 3558 2820 3624 arbitror,
2850 3560 3096 3615 humanae
3123 3570 3328 3615 natura:
3351 3560 3504 3630 juxta
3534 3565 3826 3632 praescitum
3850 3581 3885 3618 a

616 3648 709 3703 Dei
739 3649 977 3720 perfecta
1004 3650 1058 3705 in
1089 3653 1237 3707 omni
1273 3654 1508 3709 humana
1552 3664 1745 3711 natura
1773 3656 1988 3711 modum
2018 3656 2200 3726 perfe-
2305 3652 2417 3707 Deo
2446 3651 2663 3707 modum
2694 3650 2761 3705 ad
2786 3667 2912 3707 suos
2938 3652 3148 3706 venerit
3169 3652 3446 3715 terminos,
3491 3654 3679 3721 quibus
3701 3654 3764 3708 ad
3795 3656 3874 3708 in-

615 3739 811 3794 ctionis
840 3748 921 3795 est
961 3751 1274 3798 consecuta.
1317 3744 1487 3800 Adam
1517 3762 1647 3801 vero
1680 3748 1909 3803 necdum
1939 3746 2203 3806 formatus
2305 3753 2639 3798 crementum
2670 3742 2880 3797 numeri
2905 3743 3205 3797 animarum
3246 3743 3379 3797 nihil
3404 3745 3625 3802 ulterius
3647 3747 3793 3811 desit,
3829 3748 3875 3801 in

614 3836 717 3895 est,
737 3837 949 3884 terrena
966 3846 1095 3886 vero
1117 3832 1356 3889 conditio
1372 3834 1525 3903 juxta
1552 3837 1836 3906 quamdam
1855 3839 1938 3893 sui
1973 3841 2204 3895 nominis
2306 3842 2581 3888 momento
2611 3834 2871 3903 temporis
2895 3848 3082 3888 eorum
3112 3850 3235 3903 qum
3261 3843 3385 3890 sunt
3411 3838 3873 3892 commutationem

615 3924 1018 3992 expressionem
1045 3925 1241 3980 dicitur
1268 3926 1457 3994 Adam,
1490 3936 1549 3983 ut
1568 3938 1818 3983 asserunt
1846 3931 1939 3998 qui
1965 3929 2203 3985 “eum
2224 3946 2291 4013 qi,
2308 3923 2421 3978 fieri
2445 3924 2649 3991 docuit,
2673 3931 3003 3977 momentum
3021 3925 3306 3980 nominans
3328 3934 3381 3980 et
3404 3926 3565 3980 ictum
3591 3927 3725 3981 oculi
3745 3927 3876 3981 illius

617 4012 811 4081 linguae
834 4015 989 4082 periti
1018 4024 1163 4069 sunt.
1196 4016 1403 4073 Idcirco
1447 4026 1503 4073 et
1531 4018 1824 4089 Apostolus
1852 4022 2027 4090 patria
2048 4038 2201 4088 voce,
2310 4017 2569 4086 temporis
2599 4016 2928 4083 individuum
2944 4024 2999 4072 et
3027 4018 3143 4073 sine
3172 4018 3279 4073 ulla
3303 4018 3557 4073 distantia
3586 4020 3873 4087 terminum,

618 4103 671 4158 id
699 4115 800 4171 est,
829 4106 1192 4162 lsraelitarum
1225 4108 1555 4164 sufﬁcienter
1582 4112 1895 4179 instructus,
1931 4113 2206 4169 hominem
2311 4108 2384 4162 ita
2414 4116 2473 4161 ut
2501 4123 2839 4178 nequaquam
2868 4108 3124 4178 possibile
3154 4110 3222 4165 sit
3257 4108 3411 4178 juxta
3462 4110 3793 4165 novissimum
3824 4122 3873 4165 et

615 4195 685 4251 de
711 4204 852 4250 terra
876 4204 1149 4252 terrenum
1182 4198 1446 4265 nominat,
1473 4200 1621 4254 velut
1646 4200 1697 4254 in
1738 4200 1984 4257 Graecum
2013 4218 2206 4258 sonum
2311 4216 2619 4271 supremum
2659 4201 2951 4270 quidquam
2981 4202 3101 4272 plus
3129 4203 3418 4258 celeritatis
3465 4204 3733 4269 accedere,
3762 4220 3875 4274 pro-
3962 4242 3963 4255 χ

622 4285 747 4339 Adae
777 4285 1096 4341 vocabulum
1148 4289 1494 4345 transferens.
1548 4291 1746 4347 Factus
1799 4300 1884 4347 est
1932 4293 2091 4363 igitur
2137 4293 2207 4348 ad
2312 4300 2434 4362 pter
2460 4293 2604 4361 quod
2634 4293 2799 4347 multa
2828 4308 2953 4363 pars
2991 4296 3323 4350 extremitati
3374 4296 3711 4366 relinquetur,
3766 4312 3875 4366 qua:

620 4377 907 4443 imaginem
931 4378 1093 4433 homo
1119 4379 1457 4445 universalis,
1487 4382 1532 4436 si
1556 4391 1749 4438 natura
1772 4385 1883 4440 Deo
1913 4376 2451 4459 siniillinia,qg,’hanc
2498 4382 2877 4438 circumactam
2927 4385 3401 4439 commutationem
3430 4386 3483 4439 in
3512 4394 3679 4440 morte
3714 4386 3875 4455 possi-

620 4476 676 4522 et
721 4467 893 4524 factus
920 4477 1002 4524 est
1050 4470 1117 4524 ab
1148 4472 1506 4542 omnipotenti
1535 4476 1802 4544 sapientia
1834 4492 1941 4531 non
1972 4494 2096 4547 pars
2124 4489 2205 4534 to-

2273 4496 2285 4544 ,
2314 4473 2459 4538 deat,
2492 4473 2584 4527 sed
2605 4490 2730 4528 mox
2760 4482 2819 4528 ut
2846 4477 3258 4530 resurrectionis
3286 4477 3583 4532 insonuerit
3612 4477 3745 4543 tuba,
3768 4490 3876 4545 qum

622 4557 749 4624 tius,
780 4560 875 4613 sed
902 4561 1077 4617 omnis
1108 4570 1310 4616 naturae
1331 4564 1487 4617 simul
1516 4565 1815 4633 plenitudo.
1857 4567 1999 4621 Vidit
2029 4578 2209 4625 autem
2314 4575 2445 4620 tunc
2500 4567 2799 4621 excitatura
2850 4576 2934 4621 est
2981 4576 3251 4633 mortuos,
3285 4577 3341 4623 et
3366 4569 3452 4624 his
3479 4570 3571 4637 qui
3600 4569 3645 4622 in
3676 4569 3770 4623 vita
3798 4584 3877 4623 re-

622 4648 747 4716 quie
770 4665 958 4704 omnes
986 4649 1118 4705 ﬁnes
1142 4652 1403 4720 continet,
1424 4653 1562 4707 sicut
1582 4652 1859 4724 Scriptura
1884 4671 2211 4714 commemo-
2316 4656 2453 4725 perti
2527 4655 2736 4711 fuerint
2776 4656 2928 4725 juxta
3010 4658 3413 4714 similitudinem
3460 4675 3643 4715 eorum
3689 4661 3771 4728 qui
3813 4660 3878 4715 de

623 4752 727 4807 rat,
760 4744 881 4814 quia
927 4745 982 4795 in
1026 4759 1183 4796 manu
1211 4744 1322 4813 ejus
1362 4763 1536 4801 omnes
1563 4747 1693 4817 ﬁnes
1726 4758 1905 4814 terrae;
1938 4752 2071 4805 vidit
2119 4754 2211 4822 qui
2315 4749 2543 4803 mortuis
2564 4750 2963 4803 resurrexerint
2998 4752 3323 4815 immutatis,
3357 4752 3424 4805 ad
3451 4752 3876 4821 incorruptionem

626 4833 772 4889 novit
802 4834 983 4888 omnia
1026 4843 1313 4905 antequam
1363 4836 1508 4903 ﬁant,
1540 4837 1720 4892 divina
1759 4841 1986 4897 scientia
2017 4850 2287 4899 cunctas“:
2316 4840 2518 4909 pariter
2545 4840 2782 4907 venient,
2806 4841 2992 4908 utjam
3026 4858 3363 4912 nequaquam
3385 4842 3631 4898 deorsum
3653 4858 3875 4913 premam
3962 4833 3963 4863 ³

624 4924 1008 4995 complectens,
1042 4934 1240 4994 quanta
1266 4927 1422 4993 juxta
1452 4943 1735 4983 numerqu
1766 4930 1819 4984 in
1849 4931 2088 5000 singulos
2124 4933 2210 4988 fu-
2319 4940 2405 4985 tur
2432 4947 2700 5001 corporeo
2738 4932 2977 5001 pondere
3000 4977 3012 4994 ,
3046 4950 3146 4989 nec
3187 4950 3280 4989 eos
3323 4936 3495 4989 moles
3523 4943 3722 5009 terrena
3749 4935 3875 4989 deti-

626 5024 746 5069 tura
773 5022 918 5069 esset
944 5015 1272 5071 humanitas.
1318 5014 1384 5069 Et
1413 5018 1537 5086 quia
1584 5022 1788 5089 pariter
1835 5038 2051 5095 quoque
2079 5025 2214 5080 vidit
2322 5031 2465 5085 neat,
2498 5023 2593 5077 sed
2641 5023 2941 5078 sublimiter
2971 5024 3023 5078 in
3055 5041 3179 5079 aera
3210 5027 3575 5095 perferantur.
3627 5027 3876 5096 Rapiemur

628 5104 940 5173 ﬁgmentum
963 5105 1030 5160 ad
1056 5106 1252 5162 malum
1276 5108 1424 5162 nisus
1445 5109 1645 5165 habere
1667 5115 1969 5181 proniores,
1995 5125 2049 5170 et
2070 5117 2214 5185 quod
2320 5114 2475 5174 enim,
2533 5112 2705 5183 inquit
2763 5114 3052 5183 Apostolus
3072 5156 3086 5180 ,
3138 5118 3191 5170 in
3220 5116 3436 5170 nubibus
3465 5117 3659 5172 obviam
3683 5117 3878 5173 Damno

625 5195 694 5250 ab
726 5196 967 5265 angelica
1014 5195 1273 5265 dignitate
1299 5207 1491 5268 Sponte
1520 5200 1779 5267 defluens,
1814 5207 2088 5261 communi
2116 5221 2214 5260 na~
2322 5205 2377 5256 in
2423 5221 2566 5257 aera.
2598 5204 2668 5258 Et
2716 5206 2793 5260 ita
2837 5224 3037 5279 semper
3078 5226 3191 5262 cum
3242 5208 3470 5264 Domino
3512 5212 3705 5265 erimus.
3733 5211 3875 5279 igitur

627 5294 759 5340 turre
786 5287 1081 5342 humillime
1123 5297 1446 5354 necteretur,
1474 5291 1675 5347 idcirco
1704 5294 1957 5362 quiddam
1985 5296 2054 5352 de
2082 5297 2233 5352 irra-t
2304 5294 2702 5364 exspectamus
2758 5306 2971 5369 tempus
3027 5302 3176 5363 illud,
3224 5302 3368 5370 quod
3418 5318 3559 5358 nunc
3611 5303 3878 5358 necessario

627 5374 922 5431 tionalibus
948 5377 1167 5445 imagini
1211 5394 1320 5434 sua:
1349 5382 1685 5450 permiscuit.
1719 5383 1838 5437 Non
1885 5387 2028 5440 enim
2058 5396 2141 5442 est
2164 5389 2217 5443 in
2324 5387 2570 5443 humanis
2618 5389 2968 5446 incrementis
2997 5394 3330 5447 extenditur.
3360 5393 3491 5448 Nam
3532 5402 3586 5448 et
3623 5394 3875 5459 Abraham,

631 5463 719 5518 illa
743 5465 921 5521 divina
949 5474 1005 5521 et
1032 5467 1344 5525 beatissima
1375 5481 1564 5527 natura
1614 5472 1915 5530 differentia
1964 5479 2127 5533 maris
2166 5489 2222 5535 et
2326 5487 2381 5533 et
2420 5480 2510 5549 qui
2554 5495 2673 5535 eum
2722 5497 2789 5536 eo
2833 5483 3166 5551 patriarchae
3200 5492 3329 5537 sunt
3376 5484 3668 5538 habuerunt
3690 5483 3875 5552 quidem

630 5554 864 5623 femina},
887 5557 983 5613 sed
1026 5560 1312 5628 quamdam
1350 5561 1739 5632 proprietatem
1769 5566 2114 5638 irrationalis,
2163 5580 2222 5626 ut
2324 5569 2651 5626 desiderium
2700 5572 2886 5627 videre
2917 5574 3057 5627 bona
3085 5574 3335 5639 Domini,
3367 5591 3465 5629 nec
3503 5576 3758 5645 quiverunt
3780 5588 3853 5630 cu:

630 5645 765 5737 dixi,
795 5646 1133 5705 formationis
1152 5651 1219 5705 ad
1248 5651 1522 5707 hominem
1555 5655 1844 5720 transtulit,
1878 5672 2219 5728 nequaquam
2323 5660 2517 5714 lestem
2544 5662 2783 5731 patriam
2840 5664 3176 5733 perquirere,
3208 5666 3348 5721 sicut
3374 5666 3511 5721 idem
3544 5666 3661 5721 dicit
3685 5676 3872 5737 aposto-

632 5734 784 5799 iuxta
836 5738 1166 5794 creationem
1218 5738 1385 5795 illam
1413 5741 1850 5801 sublimissimam
1899 5746 2297 5819 multiplica-1:?
2326 5750 2407 5808 lus
2445 5754 2576 5811 :sed
2612 5764 2720 5811 tum
2752 5754 2925 5812 adhuc
2968 5759 3138 5827 gratia
3168 5760 3281 5829 spei
3330 5766 3450 5813 sunt
3480 5734 3748 5824 constituti,
3782 5757 3872 5814 Dea
